3980 6184
421 299 538 364 779

1928 307 2351 372 APPENDIX.
3632 322 3710 382 ’180

423 459 836 518 pressurarum
867 444 1020 502 sicut
1048 443 1224 501 etiam
1256 443 1316 499 in
1345 441 1562 500 divinis
1619 441 1936 516 Scripturis
1981 443 2069 499 di-
2099 443 2156 511 Α
2186 443 2292 526 eis.
2328 463 2357 493 »
2378 442 2510 501 Jam
2532 443 2750 501 sufficit
2768 443 3076 519 hucusque
3096 444 3158 503 in
3182 443 3287 506 hac
3310 445 3530 506 cacitate
3545 450 3717 516 vixisse.

425 551 590 592 verso
623 537 796 591 modo
828 535 1080 606 legimus
1109 534 1405 590 liberatos.

505 648 526 676 α
561 627 632 680 Et
662 624 941 682 revelabit
983 625 1042 679 in
1091 622 1470 679 tribulatione
1514 637 1714 676 aurem
1764 623 1913 693 ejus.
1949 643 1977 670 ››
2011 622 2070 676 Id

427 720 536 784 est,
569 716 734 771 fortis
763 715 839 770 sit
869 713 1279 786 unusquisque
1309 729 1510 768 eorum
1565 713 1625 766 in
1669 711 2068 781 tribulatione,

430 805 839 860 corroborante
859 803 1187 859 visitatione
1209 802 1422 868 divina,
1444 801 1676 872 quando
1705 817 1738 856 a
1761 806 1872 856 Deo
1896 800 2070 855 homo

426 894 696 950 tribulari
728 894 1103 965 permittitur,
1138 892 1596 948 consolationem
1628 891 1685 945 in
1718 907 1856 946 aure
1879 891 2069 946 cordis

428 983 677 1050 Domini,
713 983 831 1038 illic
863 983 1150 1038 audiendo
1185 980 1483 1053 percipiet.

505 1097 527 1122 ι
565 1073 748 1144 Igitur
777 1072 1020 1128 salvabit
1050 1076 1105 1126 te
1137 1072 1208 1126 de
1241 1087 1337 1125 ore
1368 1073 1618 1142 angusto
1670 1068 1978 1138 latissime,
2012 1072 2069 1123 et

428 1180 546 1218 non
582 1163 831 1218 habente
862 1163 1314 1216 fundamentum
1337 1161 1540 1215 subter
1559 1176 1640 1215 se.
1666 1180 1694 1208 »
1727 1160 1840 1214 lloc
1861 1159 1920 1213 in
1942 1157 2067 1212 loco

423 1252 786 1308 infernorum
863 1250 1199 1306 habitacula
1280 1250 1352 1304 ab
1435 1248 1563 1303 Eliu
1632 1248 2064 1315 describuntur,

426 1359 552 1413 quae
593 1343 884 1397 immensa.
925 1341 1248 1412 capacitate
1295 1338 1408 1406 sui,
1458 1338 1907 1392 fundamentum
1951 1353 2066 1392 non

427 1430 700 1487 habeant.
732 1431 817 1486 Ad
850 1446 1104 1503 quorum
1134 1433 1331 1484 tamen
1382 1427 1766 1482 fundamenta
1821 1426 1881 1480 in
1931 1441 2068 1496 pro-

423 1519 615 1590 phetis
671 1519 945 1592 legimus,
1004 1517 1315 1573 luciferum
1383 1517 1481 1588 qui
1542 1533 1712 1570 mane
1771 1515 2068 1570 oriebatur

425 1609 756 1680 depositum
815 1609 938 1678 (Isa.
997 1625 1113 1664 xxv.
1170 1606 1296 1678 l2):
1367 1604 1776 1661 multitudines
1834 1619 2067 1675 quoque

424 1714 653 1770 regum,
677 1702 733 1752 et
765 1697 1009 1768 populos
1039 1694 1498 1750 innumerabiles
1521 1694 1807 1766 gentium.
1837 1695 1947 1749 Ore
1971 1710 2067 1748 au-

2181 531 2313 587 Jam
2343 534 2416 588 ad
2448 533 2638 590 lucem
2691 535 3012 606 prudentiae
3061 553 3127 592 ac
3170 537 3400 608 justitia
3441 539 3601 596 venire
3625 559 3720 598 con-

2182 622 2354 677 tende
2379 640 2392 677 :
2427 623 2548 678 sive
2578 628 2808 680 noctem
2839 641 3017 695 quam
3047 626 3153 681 tibi
3183 643 3250 681 ex
3294 627 3512 683 diversis
3536 633 3722 702 peccatis

2181 711 2549 778 contexuisti,
2585 718 2650 767 ut
2681 713 2738 766 in
2772 730 2840 769 ea
2865 713 3021 769 velut
3050 715 3109 770 in
3141 716 3422 772 continuis
3465 735 3522 773 ac
3541 721 3723 791 jugibus

2179 804 2235 854 et
2264 802 2560 872 perpetuis
2593 803 2848 858 tenebris
2877 804 3246 860 ambulares:
3286 808 3404 877 jarn
3453 825 3630 880 quaeso,
3652 811 3723 876 ait,

2179 905 2250 945 ne
2282 890 2470 946 adhuc
2504 892 2830 963 protrahas,
2866 897 2923 950 et
2974 898 3257 966 tanquam
3311 900 3503 952 restem
3529 899 3726 955 addendo

2178 983 2415 1050 peccata
2445 981 2723 1051 peccatis,
2754 981 2813 1036 in
2846 982 3088 1054 longum
3140 983 3431 1040 delecteris
3459 989 3724 1044 extendere:

2179 1066 2401 1124 lumine
2432 1086 2568 1141 ergo
2599 1072 2980 1143 correptionis
3010 1072 3190 1143 hujus
3210 1075 3336 1144 jam
3382 1076 3540 1131 finem
3572 1077 3727 1133 talibus

2179 1157 2415 1228 impone
2447 1159 2699 1230 peccatis
2726 1179 2738 1216 :
2773 1178 2908 1216 nam
2937 1163 3324 1232 protractione
3351 1163 3454 1218 hac
3473 1165 3728 1221 inemenda-

2177 1245 2312 1302 bilis
2341 1248 2460 1303 vita
2487 1253 2589 1304 tua
2618 1250 2737 1316 ﬁet,
2771 1255 2834 1304 ut
2855 1267 2958 1322 pro
3006 1252 3282 1308 omnibus
3339 1253 3500 1309 malis
3525 1253 3727 1326 operibus

2176 1335 2316 1402 tuis,
2345 1337 2724 1410 pr0pulorum
2755 1356 2954 1412 preces
2984 1343 3304 1397 ascendant
3323 1343 3391 1398 ad
3421 1347 3578 1398 Deum
3599 1360 3609 1398 :
3629 1360 3726 1414 quos

2177 1425 2380 1497 utique
2445 1427 2814 1499 iniquissime
2879 1430 3249 1502 deprimebas
3322 1431 3726 1504 interpellantinm

2177 1519 2376 1570 contra
2402 1519 2480 1584 te,
2512 1533 2770 1588 suasque
2828 1518 3096 1574 miserias
3157 1520 3269 1575 sibi
3326 1537 3358 1575 a
3411 1525 3462 1576 te
3500 1521 3724 1593 irrogatas,

2177 1609 2310 1659 ante
2341 1606 2538 1660 sedem
2570 1606 2776 1662 divina:
2799 1608 3050 1678 justitize
3079 1609 3508 1681 deponentium.

2255 1713 2277 1741 ι
2310 1693 2457 1750 Cave
2487 1711 2560 1750 ne
2590 1695 2846 1752 declines
2893 1697 2967 1752 ad
3016 1697 3423 1770 iniquitatem:
3474 1698 3604 1754 hanc
3626 1697 3728 1752 enim

421 1791 541 1841 tem
575 1790 822 1859 angusto
853 1785 1024 1841 inferi
1054 1785 1181 1840 ideo
1232 1784 1622 1856 appellantur,
1657 1799 1722 1838 eo
1755 1784 1911 1855 quod
1943 1801 2065 1838 am-
2095 1816 2144 1882 B
2177 1783 2403 1854 coepisti
2435 1785 2602 1856 sequi
2654 1789 2787 1857 post
2830 1785 3152 1851 miseriam.
3180 1810 3211 1838 »
3257 1788 3394 1856 Hoc,
3442 1788 3608 1859 inquit
3629 1787 3729 1854 Eliu,

420 1874 585 1946 plum
601 1875 758 1930 sitad
774 1875 1192 1942 recipiendum,
1208 1877 1524 1948 angustum
1541 1873 1611 1927 ad
1625 1871 2062 1942 dimittendum,

422 1965 696 2034 quoniam
729 1968 991 2019 mortuos
1021 1964 1174 2018 intra
1206 1979 1266 2018 se
1297 1967 1552 2033 teneant,
1587 1966 1643 2016 et
1671 1977 1770 2016 eos
1793 1963 1865 2016 ad
1885 1961 2062 2018 vitam

417 2071 534 2108 non
566 2053 865 2126 patiantur
894 2053 1065 2109 exire.
1100 2053 1279 2108 David
1310 2067 1542 2124 quoque
1586 2055 1825 2107 sanctus
1857 2051 2064 2106 simili-

416 2147 505 2198 ter
533 2143 612 2197 ait
641 2144 714 2198 ad
748 2143 932 2198 Deum
960 2161 971 2197 :
1005 2142 1204 2198 Libera
1231 2159 1320 2197 me
1350 2158 1419 2196 ea:
1447 2140 1756 2197 odienzibus
1786 2157 1892 2210 me,
1925 2141 2065 2196 etde

414 2232 703 2303 pro/undis
755 2248 1044 2302 aquarum.
1102 2235 1228 2287 Non
1289 2248 1379 2286 me
1433 2231 1710 2301 demergat
1776 2235 2062 2301 tempestas

414 2336 594 2393 aquae,
626 2337 800 2393 neque
827 2321 1115 2376 absorbeat
1146 2336 1231 2374 me
1255 2320 1617 2391 profundum,
1667 2334 1842 2388 neque
1865 2327 2061 2387 urgeat

411 2428 579 2482 super
601 2427 686 2466 me
712 2418 904 2482 puteos
932 2426 988 2466 os
1015 2427 1177 2464 suum
1208 2409 1382 2480 (Psal.
1436 2425 1622 2478 valu,
1672 2407 1780 2477 16).
1814 2407 2061 2463 Proinde

413 2499 751 2556 noverimus
791 2499 930 2570 quia
986 2498 1116 2553 loca
1174 2496 1550 2552 infernalium
1606 2495 2057 2567 ergastulorum,

411 2592 735 2646 secundum
795 2590 972 2644 ﬁdem
1030 2587 1486 2658 Scripturarum,
1545 2585 1697 2640 inter
1736 2585 2059 2641 immensas

410 2680 606 2752 abyssi
637 2695 819 2750 aquas
853 2677 973 2733 sint
1003 2677 1353 2732 constituta:
1390 2677 1461 2731 ab
1489 2674 1608 2730 illis
1631 2674 1800 2729 inferi
1819 2673 2058 2730 sedibus

416 2768 615 2824 nullus
645 2769 820 2822 homo
853 2766 1058 2821 merito
1091 2783 1196 2824 suo
1224 2765 1506 2820 liberatus
1555 2767 1666 2830 est,
1725 2761 1839 2817 nisi
1870 2762 2058 2836 gratia

405 2858 638 2914 Domini
666 2857 851 2914 nostri
889 2857 1029 2912 Jesu
1062 2855 1297 2911 Christi.
1351 2854 1416 2908 Et
1447 2871 1561 2908 non
1612 2852 1827 2920 solum,
1860 2851 2058 2924 inquit

407 2948 556 3015 Eliu,
591 2965 625 3002 a
651 2946 924 3002 tartareis
955 2943 1244 3017 angustiis
1267 2942 1630 3010 liberaberis,
1651 2958 1852 2998 verum
1874 2942 2053 2997 etiam

407 3039 468 3092 in
517 3036 808 3091 latissimo
859 3034 1148 3108 refrigerii
1199 3047 1458 3099 nemore,
1508 3030 1666 3087 velut
1713 3031 1774 3085 in
1828 3031 2052 3103 campis

405 3124 680 3197 spatiosis
710 3125 856 3180 liber
885 3123 1139 3179 incedes.

2176 1888 2248 1928 ne
2277 1873 2337 1927 in
2368 1872 2835 1944 desperationem
2870 1875 3128 1932 declines
3162 1881 3313 1948 peto,
3345 1881 3400 1933 et
3439 1875 3729 1948 blasphemia

2174 1960 2545 2033 iniquitatem
2586 1964 2713 2033 jam
2762 1980 2987 2034 caveas,
3041 1966 3144 2021 sed
3195 1966 3401 2022 reverti
3446 1965 3646 2022 festines
3686 1963 3730 2018 ad

2172 2049 2379 2106 Deum.
2403 2051 2584 2107 Video
2611 2052 2768 2108 enim
2791 2056 2848 2107 te
2870 2059 3002 2124 post
3024 2053 3210 2124 hujus
3231 2054 3410 2127 plagae
3438 2059 3539 2110 tuae
3565 2053 3732 2108 horren-

2172 2139 2308 2194 dam
2340 2140 2660 2208 miseriam,
2689 2158 2756 2197 ac
2785 2141 3091 2198 interitum
3122 2147 3313 2208 tuum,
3363 2143 3505 2200 hanc
3532 2141 3728 2213 impieta-

2169 2228 2245 2283 tis
2277 2229 2444 2300 sequi
2473 2228 2620 2285 velle
2651 2230 2991 2300 perniciem,
3024 2235 3082 2287 et
3127 2232 3481 2288 voluntatem
3523 2236 3670 2294 tuam,
3697 2235 3730 2282 et

2171 2318 2605 2389 cogitationem,
2637 2320 2710 2375 ad
2743 2320 3144 2380 adversarium
3177 2321 3404 2378 mittere
3431 2316 3730 2394 pusillanimi-

2169 2409 2286 2462 tate
2316 2408 2409 2479 dej
2420 2413 2634 2464 ectum.

2241 2518 2269 2545 ‹‹
2291 2496 2434 2551 Ecce
2459 2501 2609 2553 Deus
2633 2498 2898 2555 excelsus
2915 2499 2974 2554 in
2998 2499 3342 2557 fortitudine
3370 2518 3489 2568 sua,
3517 2504 3566 2556 et
3590 2497 3730 2554 nullus

2167 2583 2219 2638 ei
2268 2583 2480 2639 similis
2525 2586 2584 2640 in
2632 2586 3089 2658 legislatoribus.
3147 2611 3175 2640 »
3235 2590 3294 2645 Si
3348 2591 3542 2662 poterit
3580 2589 3621 2643 ei
3645 2601 3729 2641 esse

2167 2672 2484 2743 quispiam,
2517 2678 2572 2728 et
2603 2675 2861 2745 potentia
2890 2681 2947 2730 et
2975 2677 3194 2735 virtute
3238 2679 3462 2745 similis,
3492 2676 3663 2750 poterit
3695 2677 3729 2727 et

2158 2761 2396 2830 justitia
2425 2767 2600 2833 atque
2632 2763 2938 2833 sapientia,
2988 2766 3256 2839 legisque
3305 2766 3726 2839 multiplicatione,

2155 2849 2398 2920 judiciis
2432 2867 2666 2922 quoque
2702 2854 2830 2923 ejus
2863 2854 3077 2911 similis
3131 2856 3396 2913 inveniri.
3456 2857 3515 2912 Et
3540 2856 3643 2911 ideo
3667 2868 3728 2906 co-

2163 2954 2396 3011 gnosce,
2429 2940 2532 3007 ait,
2566 2941 2705 3012 quia
2753 2942 2954 3000 nullus
3003 2962 3035 2999 a
3082 2945 3224 3014 Deo,
3275 2946 3373 3018 qui
3418 2945 3563 3002 solus
3608 2943 3729 2998 estet

2161 3027 2329 3083 fortis
2360 3033 2418 3084 et
2447 3030 2704 3100 sapiens,
2737 3031 2956 3104 injuste
2987 3036 3204 3104 poterit
3233 3034 3601 3091 condemnari.

2237 3139 2264 3167 «
2296 3118 2437 3181 Quis
2460 3119 2672 3190 poterit
2696 3122 2945 3176 scrutari
2971 3122 3096 3178 vias
3141 3129 3271 3196 ejus
3292 3125 3319 3180 ‘I
3347 3145 3373 3177 ιι
3407 3121 3537 3189 Quis
3563 3121 3726 3190 utique,

479 3237 507 3264 ι(
538 3213 789 3286 Requies
818 3217 1015 3269 autem
1049 3228 1262 3266 mensae
1292 3215 1405 3265 tua)
1437 3211 1546 3266 erit
1578 3210 1750 3282 plena
1797 3211 2049 3283 pingue-
2081 3187 2124 3256 C
2163 3205 2275 3261 nisi
2302 3207 2541 3278 impius,
2569 3210 2880 3280 superbus,
2912 3211 3032 3266 sive
3063 3213 3404 3285 sacrilegus,
3434 3213 3544 3268 vias
3564 3209 3727 3264 divino-

403 3304 558 3360 dine.
593 3325 621 3352 ››
678 3302 1088 3357 Ammnitatem
1121 3300 1398 3372 paradisi,
1423 3299 1944 3369 etjucunditatem,
1970 3317 2054 3355 re-

406 3393 605 3463 quiem
663 3391 1022 3446 nominando
1089 3388 1462 3460 significavit.
1514 3389 1870 3442 Immensam
1916 3403 2052 3443 vero

400 3480 826 3536 abundantiam
855 3479 986 3533 vitae
1018 3479 1219 3545 beatae,
1246 3493 1372 3547 quae
1393 3479 1548 3531 esset
1569 3475 1740 3547 plena
1761 3475 2048 3532 ubertatis

398 3567 775 3640 pinguedine,
809 3585 873 3622 ac
902 3566 1015 3622 loci
1044 3566 1202 3621 illius
1233 3565 1416 3621 felicis
1449 3565 1662 3620 referta
1680 3563 1932 3632 deliciis,
1954 3582 2046 3621 vo-

396 3657 512 3712 luit
544 3657 946 3711 demonstrare
974 3671 987 3709 :
1024 3657 1192 3726 cujus
1225 3662 1441 3710 terram
1467 3657 1730 3709 sanctam
1751 3656 2043 3711 mansueti

396 3746 725 3802 secundum
792 3744 1306 3816 repromissionem
1375 3742 1603 3798 Domini
1635 3743 2038 3814 possidebunt.

473 3859 494 3885 α
531 3835 721 3890 Causa
751 3837 853 3888 tua
882 3831 1051 3904 quasi
1081 3831 1247 3902 impii
1273 3830 1540 3902 judicata
1555 3835 1662 3898 est,
1686 3835 2038 3904 causamju-

395 3925 731 3996 diciumque
770 3923 1033 3994 recipies.
1070 3943 1098 3970 »
1147 3920 1377 3976 Judicio
1434 3920 1532 3975 Dei
1573 3924 1637 3975 ut
1700 3921 1940 3992 impius,
1983 3929 2040 3980 et

391 4031 698 4088 poenarum
738 4013 966 4069 debitor
996 4028 1130 4067 reus
1161 4011 1432 4066 inventus
1462 4027 1544 4081 es,
1601 4015 1657 4065 et
1697 4010 1912 4065 idcirco
1943 4029 2034 4067 se-

355 4118 358 4122 ‘
387 4105 538 4159 cund
549 4121 648 4159 um
664 4103 937 4158 meritum
951 4118 1139 4157 causae
1151 4105 1285 4167 tuae,
1293 4099 1583 4171 judicium
1599 4099 2034 4158 severissimum

387 4194 678 4265 recepisti.
711 4194 780 4248 Et
809 4193 910 4247 ubi
943 4191 1163 4246 dictum
1192 4194 1302 4261 est,
1338 4206 1577 4245 causam
1623 4188 2034 4262 judiciumque

385 4281 650 4352 recipies,
667 4280 764 4336 alii
791 4281 1085 4348 dixerunt,
1101 4284 1334 4351 propter
1370 4278 1708 4350 impietatem
1735 4295 2031 4334 munerum

383 4386 511 4441 quae
542 4369 936 4442 accipiebant:
985 4369 1084 4424 ubi
1143 4369 1252 4424 sub
1308 4366 1646 4439 pluralitate
1692 4366 2024 4440 locutionis,

378 4463 650 4515 sanctum
683 4459 791 4514 Job
823 4457 949 4514 Elia
977 4458 1206 4513 videtur
1235 4458 1408 4513 ferire
1438 4456 1829 4513 sermonibus.

2161 3313 2293 3351 rum
2324 3313 2568 3368 operum
2599 3298 2847 3354 scrutari
2878 3302 3246 3371 praesumat?
3273 3303 3426 3374 quod
3473 3317 3574 3356 non
3601 3297 3725 3357 licet;

2159 3389 2216 3439 et
2245 3391 2443 3441 tamen
2481 3388 2789 3458 quantavis
2837 3389 3163 3448 intentione
3215 3393 3426 3448 mentis
3477 3386 3726 3462 perquirnt.

2155 3489 2256 3529 eas
2287 3475 2546 3531 invenire
2575 3493 2690 3531 non
2722 3478 2956 3548 poterit.

2226 3586 2254 3613 «
2285 3565 2401 3618 Aut
2430 3565 2563 3636 quis
2588 3567 2762 3622 audet
2791 3567 2842 3622 ei
2889 3567 3118 3624 dicere:
3163 3570 3442 3641 Operatus
3483 3586 3540 3624 es
3573 3561 3726 3634 iniqui-

2153 3655 2331 3708 tatem
2354 3653 2381 3707 ?
2403 3674 2430 3702 »
2463 3654 2571 3718 Qui
2597 3671 2735 3727 ergo
2766 3661 2888 3711 tam
2917 3660 3292 3728 temerarius,
3339 3665 3395 3714 et
3441 3658 3648 3728 iniquus
3669 3657 3724 3705 at-

2152 3757 2263 3812 que
2294 3741 2571 3812 injustus,
2606 3745 2707 3815 qui
2733 3745 2843 3800 hoc
2873 3747 3087 3803 audeat
3109 3746 3318 3820 loqui?
3348 3748 3472 3803 Haec
3500 3742 3662 3801 omnia
3683 3739 3720 3794 in

2147 3830 2426 3901 injuriam
2458 3832 2569 3887 Job
2603 3833 2902 3889 dicuntur.

2219 3942 2247 3969 «
2280 3920 2568 3976 Memento
2599 3924 2755 3994 quod
2786 3925 3018 3996 ignores
3049 3943 3199 3998 opus
3229 3929 3376 3999 ejus,
3425 3927 3491 3981 de
3533 3937 3627 3995 quo
3653 3933 3721 3972 oe-

2147 4007 2419 4064 cinerunt
2475 4010 2580 4064 viri
2613 4032 2665 4065 ».
2696 4010 2797 4066 Vel
2829 4029 3001 4070 omne
3031 4015 3302 4087 generale
3331 4031 3472 4088 opus
3513 4013 3636 4082 ejus,
3659 4000 3719 4058 νεὶ

2144 4102 2297 4152 certe
2326 4097 2576 4167 speciale
2605 4116 2753 4171 opus
2801 4102 2951 4172 ejus.
2998 4104 3188 4174 Super
3234 4105 3428 4160 omnia
3471 4101 3606 4158 enim
3634 4110 3718 4149 ma-

2141 4201 2276 4256 gna,
2327 4191 2384 4240 et
2432 4186 2725 4242 mirabilia
2773 4206 2950 4261 opera
2995 4193 3146 4263 ejus,
3197 4198 3286 4248 est
3327 4181 3716 4264 dispensationis

2139 4273 2352 4332 Christi
2379 4276 2747 4347 mysterium,
2778 4281 2922 4350 quod
2951 4282 3140 4338 oculus
3161 4299 3272 4337 non
3301 4283 3452 4351 vidit,
3482 4295 3569 4335 nec
3605 4271 3716 4329 auris

2135 4363 2367 4432 audivit,
2409 4381 2507 4420 nec
2536 4368 2598 4420 in
2626 4382 2720 4422 cor
2773 4371 3015 4425 hominis
3043 4372 3292 4426 ascendit
3351 4373 3394 4442 (Ι
3425 4371 3535 4426 Cor.
3587 4359 3713 4433 11,9)-

2131 4451 2241 4506 Alii
2275 4453 2549 4509 dixerunt
2581 4473 2594 4510 :
2627 4478 2656 4505 ‹‹
2689 4457 3000 4524 Memento,
3049 4460 3191 4530 quia
3234 4476 3441 4532 magna
3485 4457 3588 4512 sint
3622 4450 3715 4518 ejus

449 4573 472 4602 ι)
509 4550 635 4605 Non
683 4552 741 4604 te
789 4564 924 4619 ergo
974 4551 1211 4618 superet
1255 4546 1361 4614 ira,
1423 4550 1488 4601 ut
1543 4546 1798 4618 aliquem
1836 4547 2025 4618 oppri-
2053 4557 2100 4623 D
2133 4557 2324 4613 Opera,
2360 4561 2484 4614 quas
2519 4544 2906 4603 laudaverunt
2933 4549 3040 4603 viri
3077 4571 3124 4604 ››.
3151 4549 3233 4606 De
3278 4548 3538 4605 omnibus
3575 4533 3713 4612 operi-

371 4655 502 4695 mas
528 4656 541 4694 :
569 4655 674 4695 nec
701 4637 1018 4693 multitudo
1039 4637 1326 4692 donorum
1349 4635 1590 4690 inclinet
1609 4639 1684 4691 te.
1725 4656 1747 4685 ι
1773 4635 2022 4692 Docetur

372 4728 443 4782 ab
492 4728 618 4783 Eliu
649 4727 738 4783 vir
774 4726 1073 4799 patientiae
1103 4730 1160 4781 et
1189 4724 1542 4797 integritatis
1573 4723 1787 4778 virtute
1818 4724 2017 4780 fortis-

367 4817 576 4874 simus.
611 4817 882 4890 Optimus
904 4816 1086 4887 judex
1129 4817 1237 4884 est,
1295 4813 1394 4885 qui
1439 4812 1534 4868 his
1577 4812 1873 4885 pessimis,
1907 4814 2019 4869 ira-

364 4906 580 4961 cundia
608 4911 666 4960 et
698 4905 1040 4978 cupiditate,
1095 4903 1325 4959 duobus
1381 4901 1536 4956 vitiis
1596 4919 1711 4957 non
1740 4906 2009 4960 tenetur:

2131 4631 2242 4687 bus
2277 4631 2374 4687 Dei
2404 4632 2565 4704 dicit,
2601 4651 2726 4706 qua)
2758 4638 2946 4692 sancti
2986 4637 3096 4693 viri
3144 4638 3204 4693 in
3257 4637 3520 4693 honorem
3551 4627 3708 4686 divina

2128 4721 2517 4778 venerationis
2540 4724 2749 4780 merita
2777 4725 3184 4783 laudaverunt.

2198 4833 2225 4859 ‹‹
2257 4810 2471 4866 Omnes
2501 4811 2769 4868 homines
2800 4815 2996 4870 vident
3040 4833 3175 4872 eum
3232 4813 3611 4886 unusquisque
3639 4803 3702 4856 in-

2123 4902 2322 4955 tuetur
2352 4901 2572 4971 procul.
2611 4925 2658 4956 ».
2690 4903 2799 4958 Per
2819 4909 3039 4960 natura:
3071 4907 3311 4972 bonum,
3356 4898 3547 4958 notitia
3571 4898 3701 4948 Crea-

2120 4987 2266 5042 toris
2299 4987 2450 5044 inest
2479 4991 2755 5047 cordibus
2787 4992 3094 5049 hominum
3123 5013 3136 5062 ;
3169 5000 3227 5050 et
3257 4989 3509 5064 quamvis
3535 4975 3700 5050 aliti“is

2117 5081 2237 5132 tam
2266 5094 2477 5148 parvus
2511 5080 2588 5135 sit
2613 5085 2669 5136 et
2697 5082 2966 5154 frigidus,
3000 5088 3065 5138 ut
3095 5083 3318 5139 alienus
3346 5093 3467 5136 esse
3514 5068 3700 5129 studeat

2117 5183 2151 5221 a
2180 5170 2438 5222 creatore
2473 5186 2579 5225 suo
2609 5170 2746 5241 Deo,
2781 5171 2980 5227 nullus
3009 5179 3203 5229 tamen
3250 5175 3336 5227 est
3384 5165 3475 5238 qui
3517 5178 3570 5216 se
3594 5157 3694 5212 abs-

2115 5256 2314 5310 condit
2341 5273 2375 5311 a
2401 5257 2588 5314 calore
2620 5261 2748 5329 ejus
2780 5263 2949 5332 (Psal.
2983 5279 3140 5334 xvm,
3173 5262 3249 5330 7).
3301 5260 3367 5313 Et
3411 5255 3524 5309 ideo
3550 5257 3691 5334 vnit?

2113 5345 2363 5416 quisque
2388 5347 2749 5418 mortalium,
2774 5329 2910 5406 licet
2929 5352 2998 5407 de
3031 5329 3218 5422 longe,
3242 5347 3412 5403 sentit
3439 5345 3489 5398 ct
3515 5329 3691 5393 intelli-

2109 5435 2211 5506 git,
2237 5434 2605 5491 dissimiliter
2629 5439 2864 5508 quidem
2889 5441 3148 5504 omnino,
3176 5437 3311 5510 quia
3333 5450 3437 5489 non
3460 5432 3686 5494 tanqun

2108 5540 2321 5594 corpus
2352 5528 2454 5578 aut
2493 5525 2645 5580 sicut
2685 5544 3097 5600 quemcunque
3140 5527 3402 5599 spiritum
3455 5517 3684 5600 creatum.

2105 5614 2186 5668 ita
2217 5611 2396 5668 sentit
2425 5629 2552 5669 esse
2577 5596 2780 5686 Deum,
2807 5617 2926 5678 sive
2959 5596 3248 5688 intelligit,
3281 5613 3376 5670 sed
3409 5607 3510 5664 alio
3535 5596 3681 5656 multo

360 4992 577 5062 quibus
598 4993 707 5049 hoc
728 4993 854 5049 loco
889 4994 960 5049 ab
991 4993 1116 5048 Eliu
1168 4995 1411 5066 sanctus
1453 4990 1541 5045 vir
1585 4995 1886 5062 correptus
1917 5009 2008 5047 ar-

358 5081 580 5152 guitur.

431 5171 723 5242 «Depone
771 5171 1238 5242 magnitudinem
1287 5174 1452 5226 tuam
1505 5170 1726 5242 absque
1761 5170 2006 5226 tribula-

351 5259 530 5326 tione,
564 5265 621 5316 et
650 5279 855 5318 omnes
886 5261 1158 5317 robustos
1185 5259 1546 5316 fortitudine.
1584 5283 1606 5311 »
1647 5260 1708 5314 Id
1753 5264 1860 5325 est,
1897 5277 2001 5318 nec

349 5366 560 5420 parvos
593 5367 697 5406 nec
729 5368 973 5423 magnos
1006 5357 1106 5406 tua
1137 5350 1356 5419 injusta
1389 5349 1688 5421 opprimas
1729 5349 1999 5405 domina-

345 5438 526 5511 tione,
552 5439 638 5496 vel
673 5457 876 5496 omnes
909 5444 1103 5495 motus
1153 5440 1377 5510 depone
1423 5438 1764 5493 fortitudine
1793 5455 1994 5510 super-

345 5527 454 5582 bia:
490 5531 818 5586 roboratus.

413 5641 439 5667 ‹‹
475 5618 554 5676 Ne
585 5619 898 5694 protrahas
932 5621 1180 5685 noctem,
1211 5622 1275 5668 ut
1300 5617 1619 5671 ascendant
1649 5615 1848 5688 populi
1890 5633 1992 5688 pro
