3980 6184
183 395 303 458 781

1197 394 1715 460 GOMMEN'I‘AR.
1760 395 1840 457 IN
1883 393 2022 458 JOB
2069 397 2242 459 CAP.
2290 395 2592 460 XXXVII.

3477 399 3596 461 78'2

186 535 248 587 et
276 528 565 588 ineffabili
598 531 798 598 modo,
835 545 951 602 quo
999 529 1152 586 Deus
1191 529 1312 586 acie
1366 529 1581 586 mentis
1624 534 1715 585 est
1744 528 1840 584 in-
1869 541 1925 607 Α
1959 530 2242 597 extendit,
2275 535 2340 586 ut
2368 532 2439 586 de
2467 531 2551 586 eis
2579 529 2638 586 in
2673 545 2904 587 omnem
2936 534 3152 587 terram
3183 530 3383 590 exierit
3411 550 3594 592 sonus

192 621 460 677 tuendus
491 637 504 675 :
535 620 638 674 ubi
671 620 730 674 in
773 621 902 691 ipso
962 621 1168 674 obtutu
1228 620 1420 674 cordis
1466 617 1842 691 intelligendo

184 711 351 764 videt
380 709 556 766 homo
588 710 742 780 quod
774 725 954 781 supra
981 708 1177 780 ipsum
1238 713 1328 764 est
1380 707 1524 762 illud
1579 707 1841 762 divinum

189 815 431 867 nomen,
463 799 619 870 quod
652 797 1033 869 contemplari
1067 802 1331 852 conatur.

267 912 295 937 ‹‹
328 893 471 942 Ecce
502 891 655 942 Deus
687 903 938 958 magnus
957 888 1198 942 vincens
1230 886 1534 942 scientiam
1557 889 1839 941 nostram.

190 979 490 1034 Numerus
532 992 822 1031 annorum
868 978 994 1046 ejus
1049 975 1499 1032 inaestimabilis.
1534 997 1563 1024 »
1594 974 1844 1029 Vincens

191 1067 502 1122 scientiam
544 1069 806 1121 nostram
861 1065 1269 1136 magnitudine
1326 1063 1580 1120 scientiae
1627 1079 1748 1118 suae
1789 1067 1847 1117 et

191 1156 505 1212 altitudine
527 1154 889 1226 judiciorum
921 1171 1184 1209 suorum.

269 1269 296 1295 ‹‹
331 1245 439 1310 Qui
470 1245 660 1300 aufert
700 1243 888 1299 stillas
940 1244 1174 1314 pluviis,
1228 1246 1285 1298 et
1329 1242 1576 1299 effundit
1625 1241 1845 1297 imbres

191 1335 270 1390 ad
302 1336 489 1390 instar
514 1333 814 1406 gurgitum
848 1355 899 1388 ».
948 1334 1104 1389 Hane
1142 1350 1280 1406 ergo
1325 1333 1604 1406 pluviam,
1654 1332 1844 1404 legem

191 1425 383 1496 Moysi
412 1422 834 1496 intelligamus,
860 1439 988 1494 qua:
1021 1423 1092 1478 de
1123 1423 1264 1478 coelo
1287 1422 1445 1478 velut
1463 1422 1661 1494 pluvia
1687 1422 1848 1476 venit

191 1512 418 1586 populo
446 1513 801 1568 Judaeorum.
834 1513 903 1566 Et
932 1511 1130 1584 pluvia
1160 1512 1314 1567 dicta
1337 1516 1426 1567 est
1451 1515 1688 1583 propter
1705 1528 1848 1583 prai-

191 1607 505 1675 ceptorum
545 1600 1004 1669 multitudinem,
1037 1601 1189 1656 sicut
1228 1606 1287 1655 et
1333 1601 1460 1672 ipse
1484 1601 1733 1672 Moyses
1776 1599 1848 1654 de

194 1693 409 1747 eadem
439 1695 607 1763 gente
635 1690 972 1744 Judaaorum
997 1689 1098 1756 ait,
1117 1690 1316 1745 dicens
1340 1705 1354 1744 :
1379 1691 1729 1760 Emspecletur
1742 1689 1846 1743 sic-

192 1789 268 1836 ut
305 1781 497 1852 pluvia
525 1779 807 1851 eloquium
854 1794 1040 1833 meum
1095 1781 1285 1850 (Deut.
1343 1789 1521 1844 xxx“,
1551 1777 1630 1847 2.)
1665 1778 1848 1848 Hujus

186 1870 380 1942 igitur
407 1867 613 1940 pluviae
647 1867 835 1922 stillas
868 1867 938 1922 de
969 1867 1071 1922 illa
1100 1872 1269 1939 gente
1299 1865 1543 1922 abstulit
1577 1870 1750 1935 Deus,
1783 1868 1849 1920 ut

189 1963 288 2015 est
316 1957 401 2012 vel
437 1958 508 2012 de
538 1956 938 2012 incarnatione
967 1955 1054 2011 vel
1103 1955 1395 2027 passione,
1429 1955 1516 2010 vel
1546 1955 1618 2010 de
1648 1971 1847 2010 resur-

188 2047 454 2104 rectione
484 2046 854 2117 Cbristi,quae
883 2045 1070 2100 Judaei
1099 2046 1332 2100 credere
1363 2050 1642 2100 exczecato
1675 2043 1847 2098 corde

197 2137 540 2205 noluerunt,
576 2153 703 2207 qum
736 2140 874 2190 sunt
903 2152 1082 2207 parva
1112 2135 1350 2205 quidem
1390 2133 1667 2188 mandata
1691 2131 1847 2204 lega-

197 2227 306 2293 lia,
339 2230 401 2280 ut
443 2242 510 2281 ea
555 2223 850 2296 Evangelii
907 2224 1082 2280 ﬁdem
1141 2223 1500 2290 transferret,
1561 2222 1715 2276 sicut
1771 2221 1853 2274 ait

196 2314 518 2386 Apostolus
553 2331 566 2368 :
607 2315 834 2370 Verbum
865 2315 1013 2368 enim
1058 2320 1471 2368 consummatus
1519 2319 1570 2367 et
1599 2311 1852 2365 brevians

197 2407 268 2459 in
298 2405 591 2475 iniquitate
623 2404 795 2474 (Rom.
850 2419 926 2470 IX,
976 2403 1089 2474 28),
1123 2405 1182 2456 et
1224 2400 1468 2472 reliqua.
1522 2404 1591 2454 Et
1637 2400 1708 2454 de
1758 2398 1851 2453 his

203 2493 408 2564 stillis,
441 2492 752 2564 parvisque
771 2491 978 2563 guttis,
1009 2494 1245 2545 tonante
1295 2487 1621 2562 Evangelio,
1656 2486 1856 2560 praedi-

197 2581 453 2638 cationis
483 2580 695 2635 Christi
731 2580 950 2634 imbres
993 2579 1162 2635 etl‘usi
1217 2583 1356 2634 sunt
1401 2593 1580 2649 super
1610 2583 1851 2632 terram.

197 2674 278 2727 Et
298 2671 366 2724 hi-
390 2671 606 2724 imbres
638 2670 709 2724 ad
740 2668 928 2724 instar
955 2667 1256 2741 gurgitum
1289 2684 1416 2722 esse
1449 2663 1855 2736 dicunturzqui

198 2760 414 2830 utique
443 2774 575 2813 cum
605 2757 666 2812 in
695 2762 909 2812 terram
943 2756 1174 2827 copiose
1204 2755 1581 2819 descendant,
1614 2754 1856 2826 profun-

201 2849 453 2905 ditatem
487 2848 545 2901 in
577 2862 638 2902 se
671 2851 726 2902 et
757 2846 1172 2902 obscuritatem
1213 2845 1517 2900 continent
1546 2842 1858 2915 mysterio-

206 2953 373 3007 rum,
408 2953 532 3008 quze
563 2937 623 2991 in
654 2936 780 3008 lege
813 2940 869 2990 et
928 2935 1227 3007 prophetis
1284 2951 1388 3006 per
1416 2934 1637 3005 figuras
1693 2937 1751 2986 et
1779 2930 1858 2985 si-

203 3026 582 3083 militudines
632 3027 786 3080 dicta
831 3024 921 3080 vel
971 3026 1120 3079 facta
1176 3029 1333 3093 sunt,
1392 3023 1452 3078 in
1513 3020 1861 3076 revelatione

202 3115 503 3171 adventus
539 3114 786 3182 Domini,
832 3113 1189 3168 obscuritate
1238 3112 1329 3166 sui
1378 3117 1434 3166 et
1463 3110 1862 3182 profunditate

203 3203 654 3277 mysteriorum,
697 3201 876 3258 veluti
934 3201 1134 3256 clausa
1192 3201 1360 3272 signa
1415 3201 1651 3254 inventa
1702 3202 1859 3253 sunt.

1876 1914 1926 1978 B

1949 625 2237 684 eorum,et
2267 620 2326 675 in
2360 620 2504 676 lines
2534 619 2690 676 orbis
2720 624 2890 675 terra:
2918 621 3094 675 verba
3125 621 3593 696 illorunizquem-

1951 709 2271 764 admodum
2299 714 2501 781 postea
2542 710 2772 766 locutus
2813 715 2904 766 est
2952 713 3023 766 ad
3077 711 3396 784 discipulos
3430 732 3590 783 suos,

1951 797 2009 852 id
2042 804 2150 865 est,
2184 800 2372 855 nubes
2403 815 2563 863 suas,
2597 801 2796 855 dicens
2829 818 2842 854 :
2877 803 2942 855 Et
2971 802 3132 856 eritis
3160 803 3304 856 mihi
3340 809 3502 858 testes
3532 807 3592 858 in

1950 888 2276 952 Jerusalem,
2307 897 2358 944 et
2384 889 2575 945 Iudaea
2602 898 2656 944 et
2687 889 2943 945 Samaria
2967 895 3018 945 et
3037 907 3210 962 usque
3239 892 3316 947 ad
3336 893 3596 948 ultimum

1954 981 2119 1034 terrae
2149 978 2284 1048 (Act.
2321 996 2362 1045 1,
2394 979 2449 1049 8)
2482 997 2494 1033 :
2531 995 2633 1050 per
2663 995 2810 1050 quas
2843 980 3044 1051 utique
3103 980 3289 1036 nubes
3341 998 3448 1037 sua
3479 983 3593 1037 ful-

1953 1082 2101 1138 gura
2169 1067 2600 1138 praedicationis
2659 1068 3170 1139 resplenduerunt,
3220 1073 3278 1125 et
3336 1072 3594 1128 nominis

1952 1155 2164 1211 Christi
2196 1156 2351 1212 fama
2382 1157 2453 1211 de
2491 1156 2632 1212 caalo
2674 1156 2833 1212 velut
2889 1157 3090 1214 lumen
3137 1159 3374 1216 effulsit.
3418 1161 3596 1218 Maris

1953 1243 2152 1312 etiam,
2187 1244 2394 1300 mundi
2421 1243 2688 1300 videlicet
2718 1245 2897 1316 hujus
2927 1248 3195 1303 cardines
3243 1251 3549 1321 occupavit
3582 1269 3596 1307 :

1954 1333 2073 1389 sive
2102 1334 2369 1389 cardines
2403 1333 2610 1389 mundi
2642 1351 2960 1405 possumus
3015 1336 3340 1408 intelligere
3370 1339 3590 1409 princi-

1954 1438 2078 1494 pes,
2111 1426 2169 1477 et
2188 1423 2380 1494 capita
2409 1423 2672 1495 gentium
2705 1424 3069 1480 diversarum
3103 1444 3117 1494 ;
3150 1443 3402 1498 quorum
3433 1444 3591 1484 erro-

1954 1510 2117 1566 ribus
2149 1526 2215 1565 ac
2243 1511 2437 1582 pravis
2464 1510 2861 1567 doctrinarum
2901 1514 3278 1570 suasionibus
3335 1518 3593 1573 mundus

1959 1599 2019 1653 in
2055 1603 2176 1654 loco
2206 1593 2643 1672 superstitionis
2680 1601 3104 1657 daemoniorum
3137 1603 3293 1660 velut
3315 1604 3374 1659 in
3405 1607 3594 1662 cardi-

1954 1705 2029 1745 ne
2057 1690 2408 1746 vertebatur.

2026 1799 2056 1828 ‹‹
2088 1777 2197 1833 Per
2243 1779 2362 1834 haec
2409 1779 2566 1834 enim
2603 1779 2834 1850 judicat
2882 1779 3153 1852 populos,
3201 1786 3259 1837 et
3303 1783 3405 1838 dat
3435 1799 3602 1841 escas

1957 1866 2159 1922 multis
2192 1867 2558 1924 mortalibus.
2592 1891 2622 1919 »
2654 1869 2789 1924 Istis
2819 1869 2976 1924 enim
2999 1871 3173 1927 rebus
3202 1878 3603 1930 sacramento-

1956 1973 2087 2011 rum
2118 1957 2432 2028 praedictis,
2466 1957 2673 2013 statuit
2722 1962 2875 2013 Deus
2922 1958 3154 2030 pietatis
3203 1977 3323 2015 suae
3365 1963 3593 2031 judicio

1957 2045 2247 2100 universis
2276 2044 2510 2117 populis
2541 2045 2825 2111 misereri,
2855 2051 2913 2101 et
2951 2047 3090 2103 dare
3135 2065 3295 2104 escas
3324 2050 3599 2106 doctrina:

1956 2134 2116 2189 verbi
2148 2133 2260 2200 sui,
2303 2133 2421 2189 sive
2469 2133 2884 2206 mysteriorum
2942 2136 3167 2191 cunctis
3225 2137 3596 2207 mortalibus,

1959 2223 2282 2278 secundum
2315 2224 2469 2294 quod
2501 2223 2626 2294 ipse
2655 2223 2737 2278 ait
2767 2240 2781 2278 :
2815 2226 2926 2294 Ego
2955 2241 3078 2280 sum
3103 2227 3267 2297 panis
3294 2229 3471 2298 vivus,
3502 2231 3602 2300 qui

1959 2312 2027 2366 de
2045 2311 2175 2366 caelo
2203 2310 2456 2366 descendi
2481 2313 2671 2379 (Joan.
2703 2329 2802 2379 v11,
2833 2314 2949 2380 51).

2036 2421 2065 2450 ‹‹
2096 2400 2158 2454 In
2190 2399 2466 2454 manibus
2496 2399 2804 2456 abscondit
2833 2400 3048 2470 lucem,
3075 2407 3132 2457 et
3161 2403 3425 2475 praecipit
3453 2406 3503 2460 ei
3536 2410 3602 2461 ut

1962 2505 2170 2544 rursus
2199 2489 2488 2544 adveniat.
2523 2509 2555 2540 ι
2590 2489 2875 2545 Potestate
2917 2490 3066 2560 justi
3108 2492 3316 2561 judicii
3367 2493 3482 2564 sui,
3516 2495 3606 2549 lu-

1965 2595 2098 2633 men
2130 2578 2347 2633 notitiae
2377 2595 2498 2633 sua:
2529 2578 2836 2633 abscondit
2865 2596 2899 2633 a
2927 2581 3329 2650 peccatoribus
3382 2582 3606 2639 malum

1965 2667 2366 2739 operantibus,
2415 2672 2472 2722 et
2525 2667 2722 2722 venire
2775 2684 2903 2722 eam
2955 2669 3025 2723 ad
3109 2668 3604 2728 illuminationem

1967 2756 2181 2812 mentis
2212 2755 2519 2828 praecipit;
2553 2755 2602 2811 si
2649 2756 2834 2811 Deum
2887 2757 3213 2828 adjutorem
3262 2760 3392 2829 ejus
3441 2761 3608 2830 quis-

1967 2845 2124 2918 piam
2159 2844 2407 2899 fideliter
2432 2848 2735 2916 quaereret.

2044 2958 2072 2985 ‹‹
2103 2933 2433 2988 Annuntiat
2461 2933 2531 2988 de
2578 2949 2646 2988 ea
2693 2932 2881 2987 amico
2913 2950 3040 3000 suo,
3098 2935 3255 3004 quod
3314 2935 3608 3008 possessio

1969 3023 2099 3094 ejus
2131 3023 2229 3087 sit,
2261 3026 2319 3077 et
2351 3039 2416 3077 ae
2446 3038 2574 3076 eam
2619 3021 2806 3093 possit
2862 3023 3195 3078 ascendere.
3243 3046 3263 3072 ι
3303 3028 3452 3079 Deus
3480 3023 3610 3079 luce

1972 3110 2464 3166 manifestationis
2497 3127 2613 3164 suae
2646 3109 2876 3164 ﬁdelem
2916 3110 3029 3165 sibi
3061 3112 3317 3167 amicum
3351 3113 3410 3167 in
3442 3114 3610 3168 corde

1971 3201 2137 3255 docet
2166 3203 2224 3252 et
2279 3199 2538 3265 instruit,
2587 3198 2875 3254 Erudiens
2905 3216 3137 3270 quoque
3193 3202 3506 3256 annuntiat
3535 3203 3608 3269 ei,

204 3293 497 3350 imbrium
527 3308 660 3347 vero
683 3291 939 3357 nomine,
964 3290 1123 3362 large
1143 3290 1388 3344 effusam
1410 3287 1658 3359 gratiam
1685 3285 1863 3357 Spiri-
1892 3279 1934 3346 C
1973 3289 2126 3360 quod
2160 3286 2257 3342 lux
2290 3287 2410 3342 sive
2441 3287 2536 3341 illr
2574 3286 3026 3344 illuminationis
3080 3290 3290 3361 gratia,
3325 3291 3442 3346 sive
3474 3290 3614 3346 civi-

203 3383 373 3438 ritus
403 3381 584 3436 sancti
618 3397 746 3436 esse
787 3379 1142 3449 noverimus,
1202 3377 1353 3432 sicut
1385 3378 1490 3437 ,ait
1520 3375 1858 3449 Apostolus,

201 3489 310 3545 per
343 3472 628 3526 lavacrum
665 3470 1042 3539 generationis
1108 3475 1160 3522 et
1206 3467 1575 3521 renovationis
1622 3466 1860 3536 Spiritus

203 3562 391 3617 sancti
419 3576 576 3630 quem
607 3557 801 3629 effudit
829 3559 996 3612 innos
1016 3555 1232 3611 abunde
1263 3572 1361 3626 per
1375 3556 1558 3610 Jesum
1588 3553 1864 3608 Christum

209 3652 337 3724 (Tit.
373 3667 460 3714 ΠΙ,
489 3650 544 3718 5,
575 3649 651 3718 6).

292 3761 316 3789 ι
341 3737 451 3801 Qui
481 3737 552 3791 de
581 3736 839 3791 nubibus
869 3736 1086 3799 ﬂuunt,
1118 3751 1244 3805 quae
1276 3736 1596 3804 praetexunt
1652 3735 1865 3786 cuncta

210 3830 492 3897 desuper.
523 3847 551 3874 ‹‹
586 3825 782 3879 Nubes
813 3824 1034 3879 scimus
1079 3821 1425 3894 plerumque
1454 3821 1514 3874 in
1546 3819 1866 3891 Scripturis

214 3921 459 3974 sanctos
490 3912 964 3986 appellari,sicut
993 3916 1049 3966 et
1081 3911 1458 3965 manifestum
1493 3917 1579 3964 est
1612 3909 1864 3979 quodam

212 4006 350 4060 loco
394 4003 626 4059 dicente
696 4002 990 4056 Domino:
1035 4004 1102 4055 Et
1151 3999 1390 4053 nubibus
1451 3998 1750 4052 mandabo.
1803 4014 1871 4052 ne

213 4096 421 4167 pluant
451 4109 618 4162 super
645 4107 765 4145 eam
791 4091 1040 4161 pluviam
1070 4090 1198 4159 (Isa.
1235 4087 1350 4156 v,6)
1380 4104 1392 4152 ;
1418 4087 1472 4140 id
1507 4091 1596 4140 est
1616 4086 1872 4153 vineam,

216 4182 383 4254 quod
411 4186 501 4236 est
538 4195 715 4251 super
766 4183 999 4251 gentem
1060 4175 1437 4247 peccatricem
1484 4175 1820 4229 Judaeorum
1857 4191 1870 4227 :

213 4269 419 4326 verbis
450 4269 540 4324 sui
571 4268 778 4323 salutis
811 4267 1062 4338 pluviam
1098 4281 1212 4318 non
1258 4264 1644 4318 eil‘underent.
1680 4268 1756 4317 De
1787 4269 1874 4317 ta-

217 4362 387 4417 libus
415 4359 597 4429 igitur
621 4356 903 4416 nubibus.
927 4353 1208 4425 apostolis
1229 4353 1497 4407 videlicet
1521 4357 1577 4406 et
1606 4351 1878 4422 apostoli-

218 4449 313 4504 cis
342 4447 506 4512 viris,
541 4443 1016 4518 praedicatoribus
1039 4440 1409 4508 veritatis,illi
1433 4441 1650 4495 imbres
1667 4440 1880 4511 pluunt

221 4537 410 4592 atlem
431 4535 849 4606 pluviamque
870 4533 1080 4587 habeat
1105 4531 1161 4584 in
1185 4547 1246 4584 se
1269 4528 1714 4584 similitudinem
1740 4545 1877 4601 gur-

1969 3393 2177 3432 norum
2211 3375 2466 3431 charitas
2488 3377 2914 3448 promissorum
2947 3379 3242 3449 possessio
3274 3379 3403 3450 ejus
3433 3379 3531 3444 sit,
3555 3384 3613 3434 et

1970 3466 2042 3522 ad
2074 3482 2224 3531 eam,
2258 3465 2305 3520 si
2339 3465 2614 3536 disponat
2646 3466 3018 3521 ascensioner
3048 3467 3106 3521 in
3139 3469 3310 3523 corde
3342 3485 3618 3540 suo,quo-

1971 3554 2112 3609 tidie
2143 3553 2493 3626 proﬁciends
2524 3555 2842 3624 perveniat.

2542 3643 2776 3698 CAPUT
2808 3643 3048 3700 XXXVII

2047 3754 2073 3781 ‹‹
2106 3733 2294 3802 Super
2318 3731 2426 3785 hoc
2459 3731 2686 3803 expavit
2714 3749 2813 3787 cor
2859 3750 3076 3788 meum.
3138 3734 3264 3790 Sive
3313 3735 3619 3808 obstupuit

1975 3837 2073 3875 cor
2102 3836 2296 3874 meum
2323 3840 2374 3886 »,
2409 3823 2471 3872 ut
2502 3819 2598 3873 alii
2633 3820 2924 3877 dixerunt.

2049 3935 2075 3958 ι,
2110 3908 2178 3962 Et
2208 3912 2466 3962 emotum
2497 3913 2585 3962 est
2615 3908 2685 3962 de
2717 3909 2840 3964 loco
2871 3927 2977 3964 suo
3001 3934 3050 3964 ».
3089 3911 3378 3966 Przedictis
3410 3911 3621 3966 divinis

1980 3997 2366 4070 mysteriis,et
2397 3996 2524 4051 luce
2553 3997 2902 4069 cognitionis
2933 3999 3484 4071 Deipatei‘acta,quze
3511 4000 3623 4054 nisi

1982 4086 2188 4142 amicis
2217 4085 2316 4140 Dei
2351 4090 2407 4140 et
2441 4085 2709 4140 ﬁdelibus
2732 4087 3170 4141 demonstratur
3205 4105 3217 4141 :
3253 4088 3623 4156 perterritum

1983 4181 2090 4240 est,
2123 4175 2334 4243 inquit,
2367 4190 2463 4227 cor
2495 4191 2692 4228 meum
2725 4175 2873 4242 Eliu,
2908 4181 2964 4229 et
3006 4174 3127 4229 zelo
3181 4176 3522 4246 ignorantiae
3555 4177 3626 4230 ad

1985 4267 2483 4320 sacramentorum
2512 4263 2904 4334 cognitionem
2937 4263 3308 4319 translatum.

2059 4375 2087 4399 ‹‹
2122 4350 2334 4405 Audiet
2381 4350 2742 4404 auditionem
2787 4354 2844 4404 in
2897 4357 3116 4406 terrore
3167 4353 3320 4408 vocis
3368 4356 3518 4424 ejus,
3571 4359 3628 4408 et

1988 4455 2197 4494 sonum
2232 4437 2302 4491 de
2331 4436 2600 4492 oreillius
2623 4439 3092 4508 procedentem.»
3117 4442 3629 4504 Quemadmodum

1989 4527 2115 4582 vult
2145 4531 2295 4580 Deus
2327 4526 2522 4580 audite
2548 4527 2701 4597 quod
2734 4527 2892 4595 dicit,
2928 4529 3006 4584 ita
3053 4531 3252 4585 audite
3300 4549 3312 4584 :
3351 4531 3629 4601 quoniam

223 4627 444 4698 gitum,
478 4628 712 4694 propter
742 4636 1087 4677 arcanorum
1119 4617 1443 4673 ccelestium
1477 4618 1828 4687 opacitatem
1863 4634 1876 4671 :
1915 4637 1961 4701 Ι)
1991 4621 2168 4671 terret
2203 4630 2311 4668 vox
2363 4616 2492 4684 ejus
2547 4615 2725 4669 tantis
2783 4621 3166 4674 sacramentis
3224 4619 3635 4691 mysteriorum

226 4713 372 4769 ubic
389 4727 608 4783 ongrue
627 4711 772 4764 illud
794 4708 1134 4764 Davidicum
1160 4705 1374 4759 dicitur
1396 4721 1408 4758 :
1437 4705 1725 4759 Tenebrosa
1745 4722 1886 4776 aqua

226 4807 288 4859 in
325 4802 564 4855 nubibus
594 4801 743 4854 aeris
776 4798 945 4866 (Psal.
978 4795 1228 4865 xvn,42).
1249 4793 1343 4846 Hae
1375 4793 1554 4863 igitur
1584 4794 1885 4852 nubes.in-

228 4907 439 4962 quam,
475 4905 577 4960 per
607 4905 754 4958 quas
779 4887 1000 4940 imbres
1031 4883 1335 4954 gurgitum
1358 4881 1548 4936 ﬂuunt
1579 4882 1636 4934 in
1670 4887 1886 4935 terram

228 4983 564 5052 praetexunt
591 4982 804 5031 cuncta
835 4975 1104 5043 desuper.
1139 4971 1430 5024 Habentes
1459 4970 1616 5024 enim
1649 4970 1802 5023 intra
1828 4985 1889 5024 se

232 5083 426 5139 aquas
493 5065 814 5136 Evangelii,
878 5068 944 5117 ut
1011 5060 1257 5116 ﬂumina
1323 5059 1394 5112 de
1459 5063 1658 5113 ventre
1688 5076 1889 5114 eorum

234 5158 427 5211 fluant
456 5171 620 5225 aqua:
649 5153 788 5206 viva
817 5153 1005 5218 (Joan.
1059 5166 1159 5211 vn,
1212 5149 1325 5216 38),
1376 5147 1448 5201 de
1491 5146 1893 5216 superioribus

235 5243 560 5315 mysteriis,
595 5241 786 5313 quasi,
819 5240 1075 5310 quodam
1129 5241 1370 5309 przextu,
1429 5240 1485 5289 et
1542 5235 1896 5290 obscuritate

239 5347 558 5402 aquarum,
591 5327 970 5384 obstaculum
1002 5323 1340 5382 carnalibus
1381 5323 1602 5377 faciunt
1630 5328 1687 5378 et
1717 5329 1895 5380 terre-

246 5421 370 5476 nis.

322 5509 436 5562 «Si
470 5509 720 5564 voluerit
768 5505 1073 5562 extendere
1121 5503 1308 5556 nubes
1365 5500 1536 5571 quasi
1582 5500 1898 5555 tentorium

247 5614 453 5664 suum,
485 5603 543 5652 et
572 5596 871 5668 lulgurare
901 5591 1124 5647 lumine
1155 5607 1283 5656 suo,
1330 5589 1584 5659 desuper
1635 5591 1903 5646 cardines

247 5703 491 5758 quoque
525 5687 705 5742 maris
738 5684 980 5756 operiet.
1014 5703 1041 5731 »
1076 5681 1162 5735 Ita
1187 5679 1342 5734 enim
1374 5679 1684 5751 praedictas
1718 5680 1904 5736 nubes

1998 4703 2307 4777 praevalida
2340 4721 2351 4756 :
2385 4720 2717 4774 sonumque
2747 4706 2864 4759 oris
2894 4707 3041 4775 ejus.
3083 4708 3224 4770 sive,
3258 4714 3321 4761 ut
3354 4707 3451 4761 alii
3475 4708 3639 4762 dixe—

1997 4797 2152 4858 runt,
2185 4794 2500 4863 strepitum,
2526 4793 2648 4863 pari
2683 4795 2854 4847 modo
2888 4796 3100 4849 audite.
3137 4797 3237 4850 Hic
3289 4812 3427 4868 ergo
3460 4813 3642 4850 sonus

1998 4886 2086 4938 est
2118 4881 2486 4936 maxillarum
2520 4881 2644 4948 Dei,
2678 4883 2780 4954 qui
2813 4885 2959 4938 forte
2988 4884 3204 4939 idcirco
3236 4901 3420 4939 sonus
3442 4885 3642 4938 dictus
3741 4901 3744 4904 ‘

1999 4977 2228 5037 est,nou
2261 4970 2606 5040 simpliciter
2664 4987 2877 5032 sermo,
2915 4979 2979 5026 ut
3007 4971 3402 5026 inobedientia
3434 4975 3645 5028 surdos

2001 5065 2057 5114 et
2088 5059 2371 5114 obdurato
2403 5058 2572 5112 corde
2605 5059 2937 5114 incredulos
2967 5077 3074 5114 vox
3117 5059 3329 5115 clarior
3378 5067 3643 5132 percute-

2003 5156 2109 5216 ret,
2140 5155 2198 5201 et
2223 5152 2376 5201 totos
2426 5147 2498 5200 ad
2550 5147 2881 5201 timendum
2943 5149 3262 5203 Dominum
3312 5165 3643 5205 commove-

2005 5242 2111 5292 ret.

2078 5347 2106 5373 ‹‹
2139 5323 2352 5378 Subter
2381 5339 2584 5378 omnes
2613 5323 2787 5379 caelos
2820 5324 2943 5396 ipse
2983 5326 3336 5392 considerat,
3367 5331 3424 5381 et
3452 5327 3649 5382 lumen

2008 5412 2171 5466 illius
2203 5428 2380 5482 super
2406 5411 2687 5466 terminos
2719 5417 2907 5467 terrae.
2949 5436 2968 5461 ι
3006 5413 3152 5476 Quid
3185 5415 3264 5469 sit
3292 5414 3402 5470 hoc
3436 5415 3651 5470 mirum

2011 5503 2082 5557 de
2112 5499 2535 5571 omnipotentia
2592 5500 2713 5570 Dei,
2771 5503 2989 5573 ubique
3045 5508 3135 5558 est
3194 5504 3250 5557 in
3312 5503 3474 5570 ccelo,
3508 5505 3653 5558 etin

2012 5597 2186 5653 terra,
2222 5590 2282 5643 in
2313 5588 2483 5657 mari,
2515 5593 2572 5642 et
2601 5590 2660 5643 in
2693 5591 2922 5663 abyssis
2953 5593 3125 5663 (Psnl.
3161 5609 3388 5657 cxxxw,
3441 5592 3516 5662 6).
3549 5593 3658 5646 Sed

2011 5680 2315 5735 videamus
2345 5678 2672 5734 secundum
2704 5678 3092 5754 allegoricum
3121 5679 3656 5748 intellectum,quid
