3980 6184
436 372 554 440 783

1943 373 2085 435 APP

2196 373 2362 438 'DIX.
3651 384 3735 448 πει

446 515 526 572 sit
555 512 708 588 quod
742 513 812 572 de
844 519 956 571 Deo
988 513 1115 570 Eliu
1148 511 1467 569 ait:Subter
1487 524 1688 566 omnes
1710 508 1885 566 cmlos
1903 507 2090 566 consi-
2117 513 2174 578 Α
2205 511 2348 568 mihi
2379 511 2708 585 signiﬁcare
2757 511 2986 570 videtur
3029 509 3168 585 quia
3221 513 3546 588 regeneratio
3590 523 3740 576 vetus-

447 608 628 662 dcrat.
653 607 898 662 Sanctos
927 605 1104 672 viros,
1139 602 1311 658 cmlos
1341 601 1642 672 Scriptura
1671 599 1868 656 divina
1896 597 2091 671 appel-

446 696 568 754 lare
600 695 919 763 consuevit,
954 698 1190 766 propter
1227 691 1515 754 cmlestem
1550 689 1753 762 utique
1783 706 2088 744 conversa-

447 786 913 857 tionem,quibus
944 784 1026 840 ita
1050 782 1624 838 diciturzconversatio
1640 783 1820 835 vestra
1851 780 1908 833 in
1937 779 2088 836 cazlis

445 883 524 935 est
553 878 816 948 (Philipp.
853 893 933 942 III,
968 877 1054 945 20)
1088 873 1371 928 Dominus
1403 887 1538 942 ergo
1557 870 1760 925 subter
1789 869 1896 924 hos
1914 869 2087 924 ccelos

447 967 778 1023 considerat
805 964 893 1019 vel
925 965 1067 1019 dum
1099 979 1167 1017 ea
1207 979 1332 1032 qua:
1391 961 1545 1014 intra
1586 975 1685 1014 eos
1743 964 1899 1022 sunt,
1935 974 2089 1012 arca-

414 1047 660 1112 ‘norum
695 1059 984 1110 scrutator
1004 1047 2085 1123 introspicit,veldumimbecillitatem

447 1164 757 1222 corporum
791 1163 1012 1211 eorum,
1045 1160 1170 1214 quae
1203 1141 1384 1196 animi
1445 1140 1689 1211 imperio
1739 1137 1928 1193 crucis
1977 1136 2086 1192 vir-

445 1246 571 1296 tute
601 1237 988 1294 subdiderunt
1019 1234 1304 1306 gubernat
1333 1247 1398 1286 ac
1458 1229 1727 1298 sustinet,
1779 1233 1836 1283 et
1883 1232 2086 1282 contra

447 1330 774 1388 carnalium
806 1324 1149 1398 passionum
1181 1320 1333 1376 bella
1359 1318 1720 1374 corroborat.
1750 1317 2082 1371 Secundum

443 1423 601 1477 hunc
625 1433 860 1475 sensum
896 1419 1003 1480 est,
1029 1412 1182 1485 quod
1215 1410 1423 1465 timore
1445 1423 1766 1462 concussus
1796 1405 2086 1476 Propheta

443 1512 523 1566 ait
557 1528 568 1565 :
604 1512 666 1563 Et
693 1508 882 1563 subtus
910 1520 996 1558 me
1022 1502 1241 1556 turbata
1269 1503 1346 1564 est
1378 1496 1634 1552 habitudo
1662 1511 1802 1550 mea.
1823 1493 2082 1550 Termini

443 1616 700 1673 quoque,
731 1597 849 1652 sive
884 1595 1027 1648 ﬁnes
1059 1596 1221 1646 terrae
1252 1587 1365 1659 ipsi
1391 1585 1575 1642 sancti
1608 1584 1951 1652 sunt,finem
1973 1588 2084 1638 ter-

443 1692 602 1747 renis
633 1685 1008 1760 passionibus
1038 1685 1095 1736 et
1119 1676 1542 1750 cupiditatibus
1598 1675 1985 1746 imponentes,
2015 1689 2082 1728 eo

443 1781 597 1851 quod
630 1793 743 1831 non
771 1774 892 1830 sint
922 1772 978 1826 in
1013 1769 1202 1825 medio
1232 1764 1562 1838 Babylonis,
1595 1779 1700 1819 nec
1747 1761 1941 1818 saeculi
1971 1761 2082 1816 hu-

2200 601 2562 658 tissimorum
2594 603 2900 660 hominum
2932 603 2992 658 in
3025 602 3250 660 Christo
3283 603 3621 663 obumbrante
3649 609 3741 682 Spi-

2200 693 2314 748 ritu
2348 697 2568 761 sancto,
2602 697 2756 748 esset
2785 692 3108 748 efﬁcienda.
3144 693 3274 748 Haec
3302 693 3472 766 igitur
3497 696 3660 768 gratia,
3680 700 3742 753 ni-

2197 782 2282 839 vis
2335 782 2569 838 nomine
2627 782 2974 855 signiﬁcata,
3034 799 3102 837 ex
3175 788 3449 854 praecepto
3501 784 3744 843 divinitatis

2197 872 2495 927 descendit
2526 873 2583 927 in
2616 873 3021 944 terram,quod
3052 876 3159 939 est,
3177 888 3280 944 per
3300 872 3489 928 Jesum
3515 873 3741 932 Christum

2197 962 2353 1016 venit
2385 962 2455 1017 ad
2487 961 2884 1034 homines,per
2916 977 3091 1032 quam
3109 965 3364 1017 vetustas
3393 967 3568 1017 nostra
3587 962 3746 1020 instau-

2195 1055 2424 1106 raretur
2455 1051 2513 1106 in
2547 1051 2777 1106 melius.
2811 1051 3021 1106 Contra
3078 1051 3228 1106 hanc
3288 1052 3518 1123 gratiam
3568 1052 3740 1124 Christi,

2195 1139 2604 1196 tribulationes
2635 1140 3104 1212 persecutionum
3136 1141 3362 1196 futuras
3393 1141 3443 1194 in
3475 1140 3648 1212 pluviis
3665 1143 3741 1198 hie

2193 1230 2448 1285 malibus
2479 1229 2659 1286 voluit
2678 1230 3018 1301 indicare,et
3049 1234 3486 1302 proptergraves
3512 1247 3741 1302 pressum

2194 1319 2476 1376 hiemales
2508 1319 2731 1392 pluvias
2762 1319 2906 1374 dixit
2932 1337 2944 1374 :
2977 1336 3124 1391 quas
3154 1325 3351 1375 tamen
3380 1319 3553 1375 imber
3577 1319 3738 1375 fortitu-

2194 1407 2350 1464 dinis
2383 1409 2636 1481 Spiritus
2688 1407 2874 1464 sancti
2931 1412 3087 1464 esset
3145 1413 3533 1480 superaturos,
3563 1409 3739 1480 quiaeis

2193 1497 2414 1554 dictum
2447 1502 2536 1554 est
2567 1515 2580 1553 :
2617 1499 2731 1554 Non
2765 1499 2914 1553 enim
2955 1513 3045 1552 vos
3091 1498 3222 1553 estis
3267 1499 3366 1569 qui
3403 1497 3745 1567 loqutmz’ni,sed

2190 1590 2422 1660 spiritus
2477 1589 2662 1643 Patris
2693 1591 2857 1643 vestri
2886 1588 2985 1658 qui
3015 1587 3262 1658 loquitur
3306 1588 3365 1642 in
3418 1587 3551 1642 vobis
3593 1585 3741 1657 (Μαίη.

2190 1695 2245 1745 x,
2279 1678 2394 1750 ω).

2265 1818 2292 1847 ‹‹
2323 1795 2430 1864 Qui
2462 1796 2520 1852 in
2552 1812 2731 1851 manu
2762 1793 3030 1851 omnium
3060 1794 3367 1851 hominum
3396 1794 3586 1867 signat,
3621 1796 3745 1850 utno-

433 1871 537 1942 jus
583 1872 738 1957 vntris
799 1861 1252 1957 circumdantur,
1286 1854 1626 1957 secundum
1673 1853 1826 1924 quod
1879 1852 2081 1908 Petrus
2109 1885 2160 1951 B
2193 1886 2378 1942 verint
2409 1885 2626 1957 singuli
2659 1900 2836 1956 Opera
2867 1901 2993 1940 sua.
3027 1906 3055 1935 »
3081 1885 3145 1940 In
3196 1901 3400 1952 manu,
3427 1852 3481 1938 ia
3511 1852 3606 1948 est"
3631 1882 3675 1936 in
3703 1880 3747 1934 li.

441 1956 741 2030 apostolus
771 1954 852 2008 ait
884 1969 896 2006 :
931 1951 1176 2006 Christus
1208 1947 1390 2019 igitur
1419 1946 1480 1998 in
1535 1959 1702 1998 carne
1743 1958 1960 2014 passus,
1992 1958 2078 1996 re-

444 2049 607 2118 liquit
636 2044 792 2100 nobis
848 2040 1158 2110 exemplum
1215 2037 1348 2107 quia
1411 2049 1604 2104 passus
1658 2036 1736 2087 est
1791 2033 1850 2086 in
1893 2048 2080 2096 carne,

439 2138 599 2192 desiit
630 2137 761 2189 esset
788 2149 822 2186 α
848 2130 1080 2202 peccatis
1110 2130 1171 2180 ut
1200 2127 1311 2195 iam
1342 2139 1451 2177 non
1473 2123 1756 2178 hominum
1775 2121 2081 2192 desideriis,

438 2226 532 2283 sed
557 2223 832 2280 voluntati
859 2221 976 2286 Dei,
1009 2217 1148 2289 quod
1191 2217 1465 2285 reliquum
1496 2219 1573 2266 est
1622 2213 1678 2266 in
1711 2227 1900 2276 carne,
1933 2212 2080 2265 vivat

453 2316 712 2387 temporis
743 2313 790 2382 (l
806 2313 956 2374 Pefr,
1004 2325 1078 2377 1v,
1113 2308 1162 2372 1,
1192 2307 1246 2376 2)
1281 2304 1376 2368 ;id
1408 2307 1515 2372 est,
1571 2301 1772 2356 vivens
1803 2317 1905 2372 pro
1937 2305 2084 2355 tem-

444 2421 603 2478 pore,
639 2397 1042 2456 desinentibus
1075 2396 1131 2449 in
1163 2410 1335 2449 carne
1383 2391 1634 2463 peccatis
1661 2389 1817 2444 velut
1845 2389 1906 2443 in
1955 2388 2084 2442 ﬁni-

452 2475 564 2549 bus
594 2491 816 2546 habitet
847 2486 1058 2541 carnis.
1105 2485 1165 2537 In
1225 2481 1317 2537 his
1380 2480 1597 2535 ﬁnibus
1654 2477 1844 2549 posita
1891 2475 2092 2547 regina

439 2584 608 2647 Saba,
633 2596 758 2651 quae
791 2580 994 2648 typum
1025 2571 1263 2644 gerebat
1320 2568 1606 2633 Ecclesiae,
1665 2565 1781 2620 veri
1816 2564 2084 2620 Salomo-

442 2672 536 2728 nis
567 2666 779 2724 meruit
801 2662 1001 2719 audire
1031 2657 1380 2731 sapientiam
1441 2657 1536 2727 (III
1565 2657 1691 2724 Reg.
1724 2671 1780 2723 x,
1812 2655 1884 2724 1).
1911 2653 2086 2708 Tales

443 2760 623 2833 igitur
655 2755 934 2812 terminos
953 2757 1104 2806 Deus
1128 2747 1350 2803 lumine
1366 2745 1563 2818 gratia:
1588 2761 1704 2799 sua:
1728 2747 1902 2814 atque
1924 2743 2089 2814 agni-

446 2849 628 2908 tionis
657 2846 935 2904 illustrat.

525 2995 552 3022 ‹‹
584 2971 722 3025 Post
751 2981 886 3021 eum
918 2960 1107 3032 rugiet
1137 2955 1386 3012 sonitus.
1425 2976 1451 3002 »
1493 2951 1622 3008 Sive
1653 2956 1722 3018 ut,
1746 2984 1754 2996 ο
1775 2948 1874 3004 alii
1934 2950 2090 3004 dixe-

453 3068 593 3122 runt
625 3079 638 3117 :
673 3061 880 3114 Fremet
908 3068 1031 3106 vox.

529 3164 835 3225 «Tonabit
861 3176 1000 3216 voce
1031 3153 1456 3229 magnitudinis
1515 3169 1654 3218 suae,
1715 3154 1772 3206 et
1827 3165 1943 3204 non
2000 3148 2097 3202 in-

2188 1976 2310 2032 beri
2340 1975 2563 2030 arbitrii
2594 1978 2883 2046 potestate
2913 1974 3245 2030 secundum
3301 1973 3592 2046 imaginem
3632 1974 3673 2024 et
3695 1969 3744 2023 si-

2190 2063 2586 2120 militudinem
2619 2064 2713 2119 Dei
2745 2080 2861 2134 qua
2889 2062 3064 2118 homo
3095 2066 3185 2117 est
3215 2079 3250 2119 a
3305 2067 3416 2117 Deo
3470 2058 3689 2116 conditus
3710 2061 3746 2111 et

2191 2157 2420 2210 creatus
2451 2152 2600 2224 (Gen.
2636 2171 2675 2218 ι,
2707 2153 2798 2223 27)
2833 2169 2845 2206 :
2879 2151 3052 2206 habet
3082 2151 3235 2206 hanc
3271 2149 3590 2222 sapientiam
3622 2144 3745 2200 veluti

2192 2243 2446 2315 quodam
2479 2242 2645 2312 signo
2695 2240 2903 2296 divinae
2959 2240 3316 2311 operationis
3368 2239 3743 2311 impressam,ut

2185 2334 2354 2404 juxta
2386 2330 2553 2386 liberi
2585 2329 2808 2386 arbitrii
2831 2328 3122 2400 judicium
3177 2329 3399 2384 noverit
3428 2324 3746 2396 unusquisque

2193 2420 2502 2477 hominum
2535 2436 2711 2491 opera
2740 2436 2867 2485 sua,
2901 2418 3019 2474 sive
3053 2423 3116 2473 ut
3147 2417 3247 2474 alii
3276 2417 3547 2480 dixerunt,
3575 2413 3744 2483 inﬁrmi-

2193 2515 2355 2565 tatem
2383 2526 2544 2564 suam
2573 2509 2808 2573 noverit,
2841 2507 2899 2561 id
2932 2511 3041 2572 est,
3074 2511 3142 2561 ut
3170 2523 3312 2561 vasa
3367 2503 3576 2577 fragilia
3617 2517 3664 2556 se
3685 2514 3746 2553 su-

2195 2599 2318 2654 bita
2347 2601 2535 2653 morte
2565 2596 2874 2668 confringi.

2277 2735 2299 2763 α
2359 2712 2724 2785 Ingredietur
2797 2711 2985 2768 bestia
3032 2711 3346 2768 latibulum
3420 2725 3592 2775 suum,
3639 2708 3679 2760 et
3713 2702 3746 2754 in

2200 2807 2367 2860 antro
2399 2819 2504 2858 suo
2533 2800 2877 2857 morabitur.
2911 2820 2937 2850 ι)
2975 2801 3231 2856 Bestiam
3266 2802 3454 2867 istam,
3475 2799 3745 2852 inventorem

2201 2891 2489 2948 malorum
2521 2889 2818 2945 diabolum
2853 2907 2968 2945 non
3002 2891 3258 2946 absurde
3287 2887 3572 2952 sentimus,
3595 2882 3670 2953 qui
3695 2878 3747 2931 id-

2202 2984 2376 3052 circo,
2408 2984 2465 3036 et
2506 2978 2823 3051 singularis
2854 2979 3010 3034 ferus
3066 2979 3303 3047 dicitur,
3361 2977 3490 3049 quia
3536 2967 3746 3046 praecedit:

2205 3073 2323 3129 sive
2354 3073 2593 3142 superat
2614 3067 2838 3123 malitia
2870 3068 2998 3135 ejus
3057 3068 3345 3123 malitiam
3393 3063 3625 3121 omnium
3661 3070 3747 3126 ope-

2204 3158 2868 3229 rantiuminiquitatem.
2892 3157 3019 3211 Haec
3057 3154 3429 3228 igiturhestia
3473 3142 3747 3207 rationabilis

450 3255 979 3332 vestigabiturcum
997 3247 1196 3304 andita
1214 3243 1386 3298 fuerit
1411 3259 1517 3296 VOX
1538 3242 1722 3332 eju_3-”
1746 3240 1889 3294 cum
1921 3237 2095 3332 Ρίξείῖί
2125 3253 2168 3320 C
2206 3249 2534 3323 ingreditur
2561 3245 2872 3302 latibulum
2906 3261 3105 3310 suum,
3156 3249 3357 3317 pectus
3405 3240 3599 3297 scilicet
3629 3235 3751 3289 humu

449 3353 516 3410 in
545 3328 798 3408 extremo
831 3348 995 3397 terrae
1026 3335 1387 3401 hominibus,
1438 3335 1588 3385 Deus
1637 3329 1694 3383 in
1750 3328 2092 3383 memoriam

450 3439 697 3503 venerit,
745 3433 899 3488 illico
932 3442 1107 3498 super
1132 3422 1474 3478 inﬁrmitate
1504 3417 1880 3473 mortalitatis
1951 3433 2090 3486 suae,

455 3530 757 3603 gementes
791 3521 861 3574 ad
893 3532 1024 3573 eum
1060 3511 1310 3596 rugient,
1345 3509 1499 3563 sicut
1529 3505 1815 3577 Propheta
1843 3503 1962 3558 ait:
1990 3506 2094 3567 Ras

456 3594 675 3686 giebam
703 3629 738 3665 a
784 3608 991 3677 gemitu
1045 3594 1237 3657 cordis
1282 3600 1396 3653 mei
1443 3595 1612 3665 (Psal.
1646 3611 1858 3661 xxxvu,
1907 3594 1963 3665 9)
1999 3600 2092 3660 ;et

450 3682 596 3762 tunc
622 3701 718 3755 hic
748 3697 980 3768 rugitus
1007 3691 1178 3747 faciet
1210 3688 1470 3744 sonitum
1494 3685 1551 3738 in
1585 3684 1793 3738 affectu
1812 3682 2093 3738 orationis

453 3789 840 3850 clamantium
874 3785 944 3839 ad
977 3787 1180 3846 Deum,
1216 3777 1312 3848 qui
1346 3773 1641 3847 perveniat
1671 3788 1858 3843 usque
1888 3771 1948 3825 in
1979 3788 2090 3826 coc-

449 3879 770 3938 lum.Unde
785 3870 1080 3932 ettonabit
1096 3867 1179 3923 eis
1200 3864 1485 3921 Dominus
1512 3877 1648 3917 voce
1671 3865 2092 3932 praeceptorum

447 3986 695 4028 suorum
728 3972 793 4022 ut
823 3964 1070 4020 timeant
1099 3975 1133 4014 a
1158 3955 1302 4011 facie
1358 3953 1504 4023 ejus.
1537 3953 1660 4017 Quo
1691 3950 1915 4020 fragore
1945 3949 2094 4004 toni-

444 4060 564 4117 trui
595 4057 772 4116 simul
806 4066 1076 4126 agnosce,
1110 4045 1250 4118 quia
1273 4049 1422 4098 Deus
1450 4046 1584 4096 ante
1613 4038 1969 4094 desiderium
2001 4054 2089 4092 eo-

446 4166 579 4207 rum
606 4139 1028 4215 investigabilis
1062 4137 1137 4194 sit
1165 4139 1224 4192 et
1248 4134 1574 4188 immensus

522 4287 544 4313 «
578 4261 830 4318 Tonabit
855 4259 1009 4314 Deus
1029 4255 1088 4310 in
1118 4267 1256 4308 voce
1287 4265 1394 4306 sua
1425 4243 1790 4307 mirabiliter,
1825 4241 1924 4313 qui
1956 4242 2092 4296 fecit

447 4367 665 4423 magna
694 4354 750 4406 et
777 4341 1203 4403 inscrutabilia.
1255 4362 1282 4389 »
1345 4336 1453 4393 Alii
1512 4331 2086 4389 dixeruntz'l‘onabit

447 4419 610 4498 Deus.
661 4444 814 4494 Deus
870 4430 1216 4489 mirabiliter
1271 4429 1566 4499 operatur,
1639 4421 1872 4493 quando
1930 4419 2088 4475 istud

447 4531 775 4588 tonitruum
809 4523 1066 4581 nominis
1108 4519 1221 4587 sui,
1256 4533 1370 4589 quo
1428 4515 1487 4569 in
1518 4517 1638 4568 toto
1671 4510 1890 4566 mundo
1921 4510 2086 4564 fama:

2203 3357 2345 3395 num
2381 3355 2394 3392 :
2429 3337 2662 3408 quando
2696 3352 2764 3390 ex
2794 3335 3084 3406 permissu
3109 3333 3318 3405 judicii
3351 3331 3466 3396 Dei,
3489 3328 3748 3408 potestatem

2203 3428 2414 3500 accipit
2445 3407 2784 3482 hominibus
2816 3423 3184 3494 dominandi,
3217 3428 3272 3478 et
3301 3423 3356 3476 in
3397 3425 3601 3476 antrum
3643 3407 3744 3482 quod

2203 3535 2378 3574 suum
2419 3515 2552 3571 fecit
2577 3513 2690 3570 sibi
2722 3512 3027 3568 constituit
3056 3511 3486 3567 habitationem.
3543 3505 3647 3559 Sive
3685 3513 3748 3551 an-

2201 3612 2359 3662 trum
2392 3605 2480 3659 vel
2505 3604 2683 3659 etiam
2706 3600 3016 3657 latibulum
3043 3601 3482 3671 diaboli,omnes
3503 3593 3749 3671 peccatoru‘

2200 3692 2565 3766 intelligendi
2623 3690 2966 3748 suntzduri
3021 3669 3292 3746 videlicet
3346 3684 3647 3742 infidelitate
3689 3669 3743 3724 vel

2203 3785 2380 3855 saxei,
2413 3799 2563 3856 quos
2589 3781 2747 3837 vitiis
2779 3781 2902 3836 suis
2934 3797 3085 3852 oque
3142 3778 3424 3836 illecebris
3468 3769 3692 3847 possidet,
3708 3765 3748 3856 let

2201 3873 2261 3929 in
2321 3889 2571 3945 quorum
2619 3871 2898 3927 cordibus
2968 3851 3431 3940 criminibusque
3496 3851 3746 3931 requiescit.

2274 4023 2301 4050 ‹‹
2339 3999 2424 4054 Ab
2475 3995 2866 4052 interioribus.
2905 3994 3237 4067 egredietur
3290 3991 3581 4063 tenpestas,
3628 3984 3668 4035 et
3690 3974 3746 4067 ab

2201 4092 2431 4145 arcturo
2463 4087 2670 4158 frigus.
2707 4108 2734 4136 »
2767 4085 2893 4140 Non
2927 4064 3074 4138 mihi
3129 4083 3353 4138 videtur
3381 4075 3520 4151 quod
3549 4073 3606 4128 de
3631 4064 3744 4158 istius

2201 4177 2407 4232 mundi
2439 4156 2648 4248 plagis,
2682 4174 2803 4229 sive
2835 4173 3242 4244 qualitatibus,
3274 4170 3358 4226 vel
3388 4167 3545 4224 etiam
3573 4156 3744 4248 secretis

2199 4267 2328 4337 ejus
2360 4244 2616 4319 motibus
2637 4262 2846 4318 dixerit
2878 4280 2890 4318 :
2926 4257 3540 4333 sed,quemadmodum
3560 4244 3745 4304 diximus

2200 4359 2435 4410 antrum
2467 4353 2587 4409 sive
2618 4351 2929 4406 latibulum
2960 4350 3397 4413 daemoniorum,
3426 4357 3540 4400 esse
3559 4339 3745 4392 humana

2199 4443 2514 4516 praecordia
2547 4460 2558 4497 :
2595 4442 2674 4496 ita
2705 4440 2826 4495 haec
2857 4439 3141 4495 interiora
3171 4455 3300 4494 cum
3332 4452 3397 4491 ea
3431 4422 3638 4502 ingressi
3661 4419 3744 4510 filo?-

2199 4533 2336 4599 rint,
2367 4534 2589 4587 secreta
2631 4545 2833 4584 eorum
2867 4533 2924 4583 et
2978 4527 3175 4583 abdita
3222 4523 3585 4594 intelligamus
3611 4518 3742 4565 σουδι-

441 4621 570 4694 ejus
600 4617 811 4676 notitia
839 4610 1172 4676 crebrescit,
1196 4608 1255 4662 in
1288 4605 1532 4661 auribus
1564 4601 1701 4658 facit
1717 4600 1925 4655 animae
1957 4615 2082 4671 per-
2112 4625 2160 4690 D
2190 4620 2307 4678 lia:
2340 4621 2495 4676 unde
2525 4620 2584 4674 in
2615 4619 2771 4674 hunc
2804 4618 3091 4673 mundum
3126 4612 3564 4688 persecutionum
3592 4604 3743 4663 tempe-

437 4743 670 4785 sonare.

515 4839 542 4871 α
573 4817 678 4884 Qui
709 4810 972 4887 praecipit
1002 4807 1118 4863 nivi
1151 4810 1215 4860 ut
1254 4801 1572 4858 descendat
1623 4813 1800 4868 super
1841 4800 2079 4864 terram,

437 4913 496 4964 et
525 4885 737 4967 hiemis
767 4899 978 4976 pluviis
1024 4902 1081 4954 et
1137 4893 1310 4951 imbri
1353 4887 1720 4946 fortitudinis
1750 4903 1890 4941 suae.
1930 4909 1950 4935 ι
1986 4885 2082 4940 Ni-

435 5011 566 5049 vem
592 4974 905 5050 candorem
936 4987 1158 5062 gratias,
1193 4999 1319 5055 quae
1353 4997 1454 5054 per
1503 4976 1868 5049 baptismum
1900 4974 2083 5030 ﬁdeli-

435 5085 548 5139 bus
575 5081 830 5155 Spiritus
856 5077 1042 5135 sancti
1077 5076 1232 5131 dona
1263 5069 1560 5135 tribuitur,
1590 5154 1596 5155 γ
1631 5065 1903 5155 superius
1951 5063 2088 5118 dixi-

435 5188 569 5228 mus
602 5153 774 5243 posse
806 5166 1124 5239 signiﬁcari
1157 5168 1209 5219 et
1242 5157 1510 5231 exempla
1563 5154 1684 5211 illic
1716 5153 2082 5210 testimonio-

435 5277 568 5317 rum
601 5261 670 5316 de
698 5257 1014 5330 Scripturis
1047 5253 1232 5310 multa
1263 5247 1635 5324 protulimus,
1680 5245 1750 5300 de
1780 5243 1994 5330 quibus
2025 5247 2083 5298 et

438 5350 584 5406 illud
616 5329 980 5413 DavidiCum,
1015 5343 1112 5399 ubi
1147 5342 1227 5397 ait
1274 5341 1332 5394 in
1393 5335 1621 5410 psalmo
1656 5350 1668 5390 :
1702 5334 1834 5389 Nive
1861 5329 2082 5386 dealba-

437 5442 642 5496 b‘unlur
671 5439 730 5493 in
763 5437 979 5492 Selmon
1009 5433 1180 5502 (Psal.
1216 5446 1384 5492 vau,
1419 5428 1527 5493 15),
1563 5424 1717 5496 quod
1750 5426 1838 5478 est
1868 5423 1928 5475 in
1957 5438 2080 5475 um-

431 5530 546 5584 bra.
586 5529 699 5583 lloc
745 5523 925 5597 igitur
955 5523 1057 5590 ait,
1091 5519 1245 5592 quod
1277 5516 1554 5582 caelestis,
1586 5514 1643 5568 id
1693 5517 1799 5578 est,
1835 5510 1987 5565 Deus
2011 5509 2080 5563 de

431 5619 575 5676 cmlo
597 5616 861 5681 veniens,
893 5628 1059 5683 rcges
1091 5623 1323 5680 quoque
1354 5605 1714 5660 discreturus
1765 5599 1860 5667 sit,
1894 5602 1950 5654 et
1992 5614 2080 5653 se-

429 5713 747 5786 paraturus
781 5719 794 5762 :
831 5701 950 5762 sive
984 5701 1042 5756 in
1074 5697 1284 5756 umbra
1313 5692 1432 5749 sint
1461 5689 1768 5748 dealbandi
1805 5706 1818 5745 :
1852 5687 1951 5744 ubi
1973 5686 2080 5743 hoc

2201 4715 2350 4767 state
2374 4708 2568 4764 venire
2607 4707 2929 4763 creduntur
2957 4711 3024 4761 ut
3053 4686 3472 4778 et—peccatores
3500 4686 3739 4778 conterent.

2195 4799 2349 4855 sicut
2378 4796 2693 4869 Egyptios,
2726 4795 2941 4867 quibus
2969 4794 3128 4850 venit
3148 4767 3425 4848 immissio
3454 4799 3542 4869 per
3565 4767 3738 4869 ερεεωξ

2197 4885 2404 4942 malos.
2434 4863 2716 4940 sancti
2745 4863 2950 4938 eadem
3003 4884 3340 4954 tempestate
3379 4863 3736 4954 tribulationth

2195 4975 2381 5030 nimia
2430 4973 2876 5042 conturbantur,
2929 4971 3081 5026 sicut
3157 4969 3388 5043 quidam
3435 4967 3606 5015 eorum
3631 4946 3736 5043 ’δη-ξ

2199 5064 2422 5120 Gravati
2449 5079 2638 5117 sumus
2691 5036 3192 5132 supra'virtutem;
3228 5060 3303 5112 ita
3356 5060 3411 5107 ut
3451 5039 3640 5132 avdet?!
3677 5036 3738 5132 (Ψ

2195 5156 2358 5208 etiam
2391 5154 2570 5208 vivere
2600 5151 2669 5222 (II
2699 5127 2818 5206 eo}.
2862 5167 2900 5220 ι,
2933 5151 2987 5219 8)
3016 5167 3028 5218 ;
3067 5149 3270 5220 Frigus
3321 5149 3528 5214 quoque
3563 5127 3736 5222 ei"???

2195 5241 2495 5297 ﬁdelitatis
2526 5205 2900 5308 immittitur;
2923 5205 2985 5293 ut
3017 5205 3070 5293 Ia
3101 5205 3372 5293 charitate
3403 5205 3504 5288 Dei,
3533 5223 3578 5272 et
3602 5205 3735 5308 calore

2194 5331 2330 5386 ﬁdei
2361 5329 2727 5385 discedentes
2757 5327 2813 5381 in
2840 5326 3096 5398 algorem
3131 5317 3436 5396 negationis
3465 5296 3731 5398 incurrenti

2195 5436 2321 5491 quos
2363 5417 2562 5472 omnia
2601 5417 2932 5472 immittunt
2965 5417 3252 5471 daemones
3283 5425 3376 5482 per
3404 5391 3729 5491 niiniste‘rl‘ltlll:

2193 5474 2249 5562 et
2279 5509 2598 5562 sententias
2633 5505 3025 5576 principuum,
3047 5509 3104 5558 et
3134 5474 3435 5557 infidelium
3461 5474 3727 5576 ροῐθείεξξξλίῃ

2189 5600 2473 5652 Arcturus
2505 5611 2659 5662 vero,
2691 5595 2829 5666 quia
2860 5594 2916 5648 in
2950 5593 3185 5649 sinistra
3206 5581 3394 5644 mundi
3415 5581 3492 5633 est
3517 5563 3722 5666 οίξυδίξξῗς

2190 5639 2473 5652 ’³⁵ν“¹“¹⁵⁵“⁴ν
2516 5639 2659 5662 'V-v’
2693 5639 2829 5666 ειν-ιν.
2861 5639 2916 5648 ,κ
2950 5639 3296 5649 *ιη-ν------ᾑ
3559 5655 3568 5666 .
3691 5639 3699 5645 '

2190 5690 2306 5756 tus,
2341 5683 2729 5742 adversariam
2781 5688 3003 5755 partem
3053 5679 3334 5754 significat
3364 5689 3375 5740 ;
3407 5668 3467 5722 de
3493 5665 3628 5725 CUJIJS
3651 5639 3718 5696 cll-
