3980 6184
255 435 378 497 ’185

1305 439 1819 502 COMMENTAR.
1865 440 1944 499 IN
1986 437 2125 500 JOB
2169 439 2344 499 BAP.
2392 440 2694 502 XXXVII.

3555 440 3671 500 786

259 572 421 625 mate
466 570 680 624 ventus
731 567 926 640 aquilo
974 568 1202 641 gelidus
1251 570 1438 642 spirat
1487 574 1688 627 contra
1735 570 1908 626 meri-
1937 573 1993 640 Α
2022 569 2402 642 gubernantis
2431 570 2682 639 duxerit,
2715 571 2787 626 ad
2834 585 3007 626 omne
3053 573 3206 642 quod
3240 573 3664 645 praecepitillis

259 658 439 714 diem.

331 771 358 798 «
394 747 596 804 Flante
625 745 742 803 Deo
774 748 1093 804 concrescit
1138 748 1294 822 gelu,
1336 753 1394 805 et
1449 767 1685 806 rursum
1742 749 1905 805 latis-

2019 675 2196 731 super
2250 659 2460 716 faciem
2517 659 2674 715 orbis
2732 663 3041 715 terrarum.
3091 680 3119 709 »
3179 661 3401 716 Lumen
3461 663 3663 736 utique

2015 747 2309 820 Evangelii
2340 748 2816 820 prredicationum
2862 747 3262 804 coruscatione
3315 749 3612 808 mittentes
3645 769 3658 807 :

255 837 406 894 sime
438 839 767 893 funduntur
795 855 979 909 aquaz.
1022 860 1044 886 »
1086 839 1247 904 Quod
1279 839 1373 895 hic
1403 840 1549 894 dixit
1581 839 1756 894 ﬂante
1789 839 1904 894 Deo
2013 835 2212 892 lumen
2235 837 2528 910 Evangelii
2561 841 2848 909 spargunt
2877 853 3056 908 supra
3076 837 3250 892 corda
3271 839 3656 894 credentium.

254 944 661 983 conscrescere
708 944 911 998 aquas,
947 927 1006 982 id
1061 932 1172 996 est,
1207 928 1466 1000 glaciari,
1500 933 1556 984 et
1605 933 1903 984 concretas
2011 927 2122 980 Alii
2148 943 2278 982 vero
2302 927 2644 998 interpretes
2666 927 2970 982 dixerunt:
3001 947 3026 977 α
3049 927 3115 980 Et
3144 927 3269 998 ipsa
3290 943 3391 997 per
3413 928 3660 982 circum-

248 1017 402 1084 fieri,
436 1017 495 1072 in
528 1016 755 1089 psalmo
804 1034 834 1072 e
886 1017 1176 1072 contrario
1209 1017 1350 1073 dicit
1383 1037 1396 1074 :
1447 1019 1650 1082 Flabit,
1685 1017 1898 1089 inquit,

248 1109 480 1178 spiritus
536 1108 672 1177 ejus,
724 1111 775 1160 et
830 1109 1001 1176 ﬂuent
1059 1124 1214 1177 aquae
1273 1109 1449 1179 (Psal.
1502 1125 1708 1178 cxnvu,
1760 1108 1894 1176 18):

248 1197 307 1252 id
363 1201 450 1252 est
499 1196 860 1253 resolventur
896 1214 961 1252 ac
993 1197 1268 1253 deﬂuent.
1302 1198 1412 1253 Sed
1445 1199 1567 1254 sive
1597 1197 1690 1252 hic
1724 1193 1896 1252 ﬂante

247 1286 386 1356 Deo,
417 1286 538 1342 sive
586 1286 645 1341 in
700 1286 946 1357 psalmo,
986 1287 1149 1355 ﬂabit
1194 1289 1424 1358 spiritus
1469 1289 1608 1358 ejus,
1650 1287 1896 1357 jubente

250 1380 384 1447 Deo,
419 1376 537 1432 sive
578 1375 812 1446 jubebit
859 1375 1123 1448 spiritus,
1179 1377 1500 1450 intelligere
1552 1393 1888 1448 possumus.

244 1466 317 1520 Et
347 1467 502 1537 quod
533 1465 625 1520 hic
655 1464 820 1532 dixit,
867 1467 1188 1522 concrescit
1218 1467 1374 1538 gelu,
1407 1466 1515 1522 hoc
1570 1467 1627 1521 in
1679 1465 1890 1538 psalmi

245 1555 549 1626 superiore
584 1555 866 1610 versiculo
919 1555 1042 1610 ait:
1097 1557 1315 1611 Emittit
1359 1556 1681 1628 crystallum
1727 1559 1889 1610 suum

241 1646 387 1699 sicut
441 1646 616 1714 frusta
663 1645 824 1715 panis
877 1644 1037 1715 (Ibid.
1107 1645 1214 1712 17).
1259 1645 1342 1700 Ita
1395 1649 1590 1700 autem
1649 1644 1886 1699 hiemali

241 1737 506 1806 tempore
552 1733 676 1789 fieri
725 1733 1014 1800 novimus,
1049 1737 1114 1788 ut
1160 1734 1354 1802 ﬂante,
1398 1734 1453 1789 id
1506 1738 1614 1803 est,
1641 1729 1886 1806 jubente

237 1827 376 1887 Deo,
410 1823 590 1878 nimio
643 1822 855 1895 frigore
907 1823 1247 1888 densentur,
1279 1822 1368 1879 vel
1417 1824 1593 1879 etiam
1643 1841 1883 1880 concre-

234 1916 403 1968 scant
435 1929 621 1984 aquae,
655 1917 710 1968 et
735 1913 955 1968 iterum
987 1917 1246 1984 tempore
1293 1913 1444 1968 aeris
1493 1912 1876 1969 resolvantur.
1908 1951 1956 2016 B

231 2002 566 2058 Secundum
615 2003 895 2074 mysticos
945 2019 1078 2057 vero
1125 2001 1450 2059 intellectus
1481 2002 1540 2057 in
1574 2004 1879 2075 praeteritis

228 2091 727 2164 generationibus,
786 2092 858 2147 ob
927 2092 1201 2147 meritum
1269 2109 1445 2147 suum
1513 2092 1878 2164 relinquente

229 2181 386 2236 Deus
439 2197 625 2252 genus
674 2180 1021 2248 humanum,
1060 2179 1201 2236 ﬂatu
1248 2181 1365 2236 oris
1397 2181 1517 2247 Dei,
1550 2185 1606 2236 et
1629 2182 1877 2252 justitize

221 2268 356 2338 ejus
410 2272 688 2323 manante
736 2267 1044 2334 sententia,
1079 2285 1213 2323 cum
1243 2272 1576 2324 removetur
1623 2269 1695 2324 ab
1745 2269 1880 2340 igne

226 2357 446 2424 divino,
516 2356 708 2413 omnis
775 2360 1041 2412 creatura
1105 2361 1374 2413 concreta
1436 2362 1526 2414 est
1593 2362 1877 2430 tanquam

219 2444 382 2515 gelu,
415 2449 471 2500 et
519 2463 552 2500 a
595 2463 732 2501 vera
778 2446 879 2501 Dei
935 2445 1306 2517 cogitatione,
1339 2446 1572 2518 frigoris
1625 2447 1714 2502 sui
1765 2447 1876 2502 im-

221 2534 540 2590 mensitate
590 2535 926 2591 constricta.
960 2537 1126 2591 Nunc
1175 2552 1308 2592 vero
1355 2552 1457 2608 per
1485 2536 1734 2608 gratiam
1766 2537 1876 2592 Do-

221 2623 374 2678 mini
425 2628 480 2680 et
529 2623 844 2680 Salvatoris
872 2625 1078 2692 nostri,
1113 2625 1265 2681 sicut
1297 2625 1379 2680 ait
1409 2626 1613 2680 Petrus
1647 2631 1876 2697 aposto-

220 2711 325 2767 lus
379 2730 392 2768 :
465 2715 720 2785 Tempora
782 2716 1111 2785 ignorantiae
1142 2715 1454 2786 dsepiciens
1514 2719 1658 2770 Deus
1724 2715 1873 2786 (Act.

216 2818 382 2873 xvm,
415 2803 528 2875 30),
563 2821 800 2859 rursum
841 2805 913 2860 ab
955 2803 1055 2860 illo
1103 2803 1296 2876 algore
1343 2803 1650 2859 oblivionis
1700 2808 1875 2876 atque

219 2891 460 2958 duritia,
485 2909 612 2964 quae
645 2893 797 2949 sicut
827 2892 987 2966 longi
1017 2893 1297 2965 temporis
1326 2893 1461 2966 gelu
1493 2893 1874 2961 obduruerat,

221 2979 530 3037 charitatis
574 2982 675 3038 Dei
717 2982 849 3054 igne
878 2981 1186 3038 solvuntur
1214 2999 1378 3054 aqua:
1411 2981 1782 3054 populorum,
1819 2989 1876 3039 et

225 3070 418 3125 ﬂuant
445 3073 503 3126 et
531 3074 837 3128 recurrant
861 3072 933 3126 ad
966 3075 1169 3128 Deum.

294 3183 323 3208 ‹‹
361 3160 746 3217 Frumentum
769 3160 1064 3217 desiderat
1084 3161 1291 3216 nubes.
1315 3179 1342 3212 η
1372 3160 1489 3216 Hoc
1510 3164 1599 3216 est
1621 3161 1874 3217 frumen-

213 3253 373 3315 tum,
407 3249 476 3305 de
524 3267 639 3321 quo
689 3251 975 3306 Dominus
1016 3251 1076 3306 in
1117 3249 1428 3321 Evangelio
1459 3251 1543 3306 ait
1572 3265 1676 3322 per
1705 3268 1871 3322 para-

2009 1015 2158 1070 itum
2191 1017 2438 1071 vertitur
2469 1017 2526 1070 in
2561 1015 2994 1088 gubernaculis,
3042 1016 3113 1071 ad
3169 1016 3463 1087 operanda
3525 1033 3654 1072 om-

2008 1103 2105 1158 nia
2135 1122 2260 1176 qum
2295 1106 2672 1160 mandaverat
2710 1105 2812 1160 eis.
2854 1128 2880 1153 »
2931 1105 3058 1159 llam
3109 1110 3248 1160 sunt
3295 1106 3476 1177 igitur
3523 1122 3650 1178 quae

2007 1194 2323 1264 mandavit,
2348 1199 2405 1249 et
2434 1194 2704 1266 prmcepit
2725 1194 2946 1249 caateris
2967 1194 3225 1250 nubibus
3256 1195 3378 1250 suis
3406 1195 3643 1251 dicens:

2002 1284 2080 1338 Ite
2127 1284 2184 1339 in
2236 1286 2556 1338 universum
2602 1284 2888 1350 mundum,
2936 1284 3233 1355 praedicam
3286 1286 3647 1354 Evangelium

2001 1375 2275 1430 universae
2321 1381 2592 1429 creaturae
2638 1377 2833 1442 (Marc.
2867 1390 2980 1440 xvx,
3016 1375 3123 1442 15).
3171 1372 3418 1429 Proinde
3472 1376 3643 1446 quasi

1997 1466 2167 1518 vento
2199 1461 2406 1534 spiritu
2440 1462 2562 1528 Dei,
2596 1478 2710 1533 quo
2744 1466 2807 1517 ut
2837 1462 3022 1518 nubes
3061 1463 3404 1534 agebantur,
3438 1465 3642 1536 prohi-

1998 1551 2100 1606 biti
2133 1555 2274 1607 sunt
2303 1550 2383 1607 ire
2415 1551 2770 1622 Bithyniam,
2801 1555 2857 1606 et
2887 1553 2958 1606 de
2986 1553 3187 1607 Judzea
3230 1553 3474 1608 Romam
3523 1554 3639 1613 illis

1995 1641 2246 1696 transire
2293 1644 2669 1712 praeceptum,
2703 1643 2759 1694 et
2806 1639 2886 1695 ita
2939 1640 3094 1696 sicut
3141 1641 3314 1696 editio
3354 1643 3634 1715 continet,
3737 1693 3748 1704 .

1994 1731 2193 1786 orbem
2226 1729 2564 1784 universum
2598 1727 2916 1784 lustrantes
2953 1728 3390 1786 circumierunt.

2064 1842 2092 1868 «
2124 1817 2252 1874 Sive
2302 1819 2361 1872 in
2413 1834 2529 1872 una
2578 1817 2758 1886 tribu,
2791 1817 2910 1872 sive
2957 1817 3016 1871 in
3060 1821 3216 1874 terra
3263 1836 3392 1890 sua,
3424 1821 3543 1878 sive
3575 1823 3634 1879 in

1993 1925 2345 1980 quocunque
2392 1907 2516 1962 loco
2560 1906 2969 1962 misericordias
3001 1925 3118 1962 suae
3150 1925 3248 1965 eas
3273 1910 3517 1979 jusserit
3546 1913 3634 1968 in-

1990 1997 2194 2055 veniri.
2228 2019 2255 2048 »
2312 1997 2429 2052 Hoc
2472 2001 2560 2051 est
2592 1998 2745 2068 quod
2776 1996 2899 2068 ipse
2930 1995 3214 2052 Dominus
3244 1999 3323 2052 ait
3354 2000 3413 2053 in
3445 2001 3636 2056 Evan-

1989 2087 2139 2160 gelio
2175 2103 2186 2140 :
2240 2088 2408 2141 Erilis
2452 2086 2593 2140 mihi
2636 2089 2792 2140 testes
2832 2086 2889 2138 in
2919 2086 3239 2153 Jerusalem,
3271 2097 3322 2142 et
3350 2091 3631 2156 Samaria,

1988 2184 2038 2230 et
2084 2192 2253 2246 usque
2301 2175 2370 2230 ad
2420 2177 2680 2229 ultimum
2721 2179 2886 2230 terrm
2933 2176 3072 2245 (Act.
3106 2190 3145 2242 ι,
3180 2176 3282 2246 8):
3342 2177 3439 2231 ubi
3490 2177 3632 2234 illud

1989 2264 2246 2337 pae'cipue
2294 2265 2641 2319 intuendum
2680 2268 2786 2335 est,
2821 2264 2976 2334 quod
3008 2265 3090 2320 ait
3120 2283 3132 2320 :
3185 2266 3249 2320 In
3281 2283 3633 2340 quocunque

1987 2352 2112 2408 loco
2145 2352 2560 2408 misericordia:
2591 2369 2709 2408 suae
2740 2352 2989 2423 jusserit
3034 2353 3278 2408 inveniri
3312 2372 3325 2409 :
3383 2356 3481 2410 ubi
3531 2373 3635 2429 per

1987 2443 2236 2516 gratiam
2281 2442 2491 2498 Christi
2542 2446 2714 2513 atque
2752 2441 2986 2513 pietatis
3018 2460 3134 2497 suae
3168 2443 3631 2502 misericordiam

1988 2531 2338 2605 significaxit
2368 2532 2440 2587 ad
2470 2530 2644 2587 ﬁdem
2686 2532 3058 2587 revocandos.

2057 2644 2084 2670 «
2118 2620 2398 2676 Ausculta
2428 2620 2573 2691 hmo,
2605 2621 2736 2688 Job,
2769 2625 2882 2689 sta,
2914 2626 2970 2676 et
2999 2623 3307 2678 considera
3338 2624 3634 2681 mirabilia

1986 2710 2106 2766 Dei.
2142 2734 2168 2760 »
2232 2711 2518 2767 Admonet
2552 2710 2701 2779 Eliu,
2735 2715 2798 2765 ut
2830 2715 3198 2767 sacramenta
3228 2714 3287 2767 in
3319 2714 3546 2771 Christo
3576 2721 3633 2771 et

1987 2799 2239 2855 Ecclesia
2290 2798 2686 2871 adimplenda,
2725 2799 2837 2854 Job
2891 2817 3030 2855 aure
3079 2801 3272 2856 cordis
3325 2803 3634 2876 diligenter

1985 2889 2267 2959 intendat,
2290 2894 2347 2943 et
2381 2888 2439 2943 in
2471 2888 2683 2944 mentis
2715 2905 2832 2943 suae
2859 2889 3094 2961 specula
3125 2891 3506 2958 constitutus,
3529 2891 3630 2947 ubi

1983 2977 2158 3033 etiam
2189 2977 2489 3049 vigilantia
2519 2978 2831 3033 contuendi
2864 2979 3104 3034 docetur
3133 2985 3288 3034 stare
3320 2997 3333 3034 :
3367 2981 3633 3036 conside-

1984 3070 2070 3120 ret
2120 3065 2539 3121 miraculorum
2587 3067 2689 3122 Dei
2745 3067 2943 3122 futura
2977 3069 3295 3141 mysteria,
3345 3086 3472 3140 quae
3528 3085 3632 3143 per

1985 3156 2170 3210 nubes
2202 3155 2516 3212 rationales
2547 3161 2894 3227 operaturus
2925 3157 3019 3213 sit.

2059 3266 2080 3296 ι
2116 3245 2414 3316 Numquid
2463 3246 2600 3311 scis,
2632 3246 2865 3317 quando
2906 3248 3179 3319 praecepit
3211 3247 3363 3305 Deus
3395 3248 3628 3322 pluviis,

210 3337 440 3407 bolam,
492 3340 738 3395 dicens:
789 3340 1038 3412 Colligite
1086 3341 1312 3396 ani-mnia
1360 3340 1418 3394 in
1467 3341 1755 3408 fasciculos
1803 3340 1873 3395 ad
1903 3324 1946 3392 C
1985 3338 2050 3389 ut
2079 3335 2450 3390 ostenderent
2496 3335 2686 3390 lucem
2736 3335 2982 3390 nubium
3023 3336 3198 3408 ejus?
3227 3360 3256 3387 »
3307 3338 3464 3394 More
3494 3357 3626 3411 pro-

205 3428 666 3497 comburendum,
713 3431 961 3485 triticum
1007 3437 1192 3485 autem
1249 3431 1571 3500 congregate
1627 3431 1686 3484 in
1745 3431 1869 3485 hor-

207 3533 372 3572 reum
430 3533 614 3574 meum
661 3519 870 3590 (Matth.
905 3536 1030 3586 xm,
1064 3519 1175 3590 30).
1219 3518 1466 3574 Proinde
1514 3518 1623 3574 hoc
1670 3519 1864 3574 vivum

209 3607 605 3675 frumentum,
639 3607 904 3664 doctores
952 3623 1217 3681 quosque
1266 3607 1550 3677 Ecclesiae,
1583 3608 1680 3680 qui
1711 3608 1870 3664 velut

206 3696 402 3752 nubes
452 3700 685 3769 portant
734 3715 918 3770 aquas
967 3696 1284 3770 Evangelii,
1318 3698 1520 3753 audire
1550 3698 1864 3767 desiderat,

208 3785 372 3841 sicut
402 3789 459 3841 et
491 3785 573 3842 illi
607 3786 708 3858 qui
741 3791 908 3842 erant
941 3787 1010 3842 de
1049 3787 1158 3842 hoc
1205 3787 1497 3842 frumento
1547 3787 1860 3858 dominico,

204 3873 552 3932 habitantes
599 3875 914 3931 Antiochiae
972 3876 1224 3940 Pisidiae,
1276 3876 1561 3947 rogabant
1617 3875 1861 3932 Paulum

209 3967 272 4017 et
335 3963 680 4032 Barnabam,
742 3969 806 4019 ut
862 3963 1243 4036 loquerentur
1299 3963 1382 4020 eis
1439 3965 1679 4020 verbum
1743 3965 1858 4031 Dei,

204 4052 370 4123 quod
398 4053 657 4109 fecerunt
681 4053 927 4125 apostoli
954 4055 1268 4109 suadentes
1290 4068 1630 4125 permanere
1652 4053 1709 4108 in
1733 4071 1860 4126 gra-

205 4139 291 4194 tia
324 4140 425 4195 Dei
459 4142 597 4211 (Act.
629 4159 752 4210 xm,
787 4143 895 4213 15).
920 4141 1222 4199 Cornelius
1256 4158 1488 4214 quoque
1520 4142 1590 4197 ad
1623 4143 1855 4200 Petrum

200 4231 286 4285 ait
313 4248 328 4285 :
363 4231 517 4286 Nunc
545 4248 672 4303 ergo
702 4247 886 4287 omnes
930 4248 1026 4288 nos
1057 4235 1113 4287 in
1144 4235 1427 4304 conspectu
1456 4240 1543 4288 tuo
1574 4233 1855 4306 adsumus,

199 4319 410 4374 audire
438 4323 622 4376 omnia
655 4336 994 4393 quaecunque
1035 4322 1136 4376 tibi
1179 4330 1451 4393 praecepta
1488 4328 1619 4377 sunt
1668 4342 1700 4377 a
1747 4325 1854 4380 Do-

195 4411 362 4464 mino
412 4410 544 4480 (Act.
577 4427 633 4478 x,
668 4410 777 4481 33).
818 4410 890 4465 Et
938 4410 1166 4482 Moyses
1215 4412 1343 4466 ait:
1395 4412 1653 4482 Excipiat
1702 4414 1853 4468 velut

193 4499 397 4570 pluvia
427 4499 699 4569 eloquium
740 4514 940 4569 meum,
971 4503 1022 4554 et
1052 4499 1377 4554 descendant
1405 4502 1545 4555 sicut
1575 4517 1662 4556 ros
1693 4503 1853 4557 verba

196 4603 330 4643 mea
378 4587 554 4657 (Deut.
586 4603 762 4656 xxxn,
793 4589 870 4660 2).
905 4587 1068 4644 Unde
1117 4595 1173 4643 et
1201 4587 1513 4659 Apostolus
1566 4589 1645 4644 ait
1680 4608 1691 4644 :
1744 4594 1850 4662 Ego

1979 3423 2288 3495 phetarum
2324 3441 2426 3495 pro
2457 3424 2625 3480 factis
2657 3425 2856 3480 futura
2886 3433 3328 3483 commemorat.
3364 3428 3630 3501 Praecipit

1979 3513 2160 3585 igitur
2189 3513 2342 3570 Deus
2373 3513 2586 3586 pluviis
2619 3513 2986 3586 evangelicis,
3014 3519 3077 3570 ut
3109 3515 3353 3570 nubium
3383 3535 3626 3573 suarum

1976 3600 2188 3673 lucem,
2222 3602 2279 3657 id
2314 3607 2419 3671 est,
2454 3607 2658 3658 sancta
2698 3620 2876 3675 opera
2905 3621 3012 3660 sua
3043 3604 3306 3660 doctores
3337 3622 3442 3677 per
3470 3605 3625 3662 infu-

1976 3691 2197 3748 siouem
2247 3691 2381 3747 fidei
2430 3693 2944 3749 demonstrarent:
2997 3698 3053 3749 et
3104 3694 3223 3748 haec
3273 3695 3344 3750 ad
3396 3695 3622 3751 illumi-

1976 3782 2197 3836 nandos
2229 3781 2496 3838 homines
2528 3782 2932 3839 misericordia
2959 3771 3209 3838 caelestis
3249 3790 3543 3856 Operatur.

2044 3894 2071 3920 ‹‹
2100 3870 2399 3942 Numquid
2424 3871 2576 3927 nosti
2599 3873 2839 3928 semitas
2862 3873 3110 3928 nubium
3133 3890 3397 3946 magnas,
3414 3880 3467 3930 et
3492 3891 3618 3945 per-

1971 3959 2152 4015 lectas
2176 3959 2449 4017 scientias
2465 3962 2530 4016 εἴη
2560 3962 2663 4016 Hic
2685 3963 2825 4017 dum
2848 3963 2988 4017 dicit
3008 3963 3294 4034 perfectas
3314 3964 3612 4033 scientias,

1969 4049 2038 4103 de
2056 4050 2439 4106 rationalibus
2458 4067 2520 4107 se
2540 4051 2798 4107 nubibus
2815 4051 3109 4106 evidenter
3125 4053 3380 4107 ostendit
3399 4052 3608 4120 dicere,

1966 4142 2022 4193 et
2075 4139 2520 4210 prmdicatorum
2571 4141 2700 4207 viis,
2736 4147 2794 4196 et
2840 4140 3147 4196 subtilium
3192 4158 3475 4196 sensuum
3525 4159 3610 4197 sc-

1966 4228 2144 4284 mitis.
2205 4229 2306 4284 Dic
2363 4231 2530 4300 mihi,
2590 4247 2808 4302 quaeso,
2856 4231 2905 4286 si
2961 4247 3309 4302 cognoscere
3364 4235 3608 4305 potuisti

1963 4336 2089 4391 quae
2138 4321 2363 4374 semitae
2412 4319 2470 4372 in
2520 4319 2778 4374 nubibus
2829 4325 2966 4374 sunt
3004 4337 3226 4393 magna
3257 4326 3314 4377 et
3343 4325 3605 4395 perfectae

1963 4408 2215 4463 scientia:-
2236 4407 2263 4460 ‘?
2293 4407 2626 4479 Figurabat,
2660 4408 2781 4463 hmo
2813 4408 3079 4476 dicendo,
3114 4412 3462 4481 apostolicus
3495 4433 3602 4470 nu-

1960 4497 2084 4562 bes,
2100 4513 2348 4567 quarum
2375 4514 2488 4550 una
2511 4496 2795 4553 citissima
2817 4497 3001 4553 nubes
3023 4499 3103 4553 ait
3124 4501 3194 4554 ad
3215 4501 3602 4559 Salvatorem:

1963 4587 2032 4640 Tu
2063 4603 2118 4641 es
2151 4587 2404 4641 Christus
2433 4587 2608 4640 Filius
2640 4589 2748 4641 Dei
2792 4589 2906 4642 vivi
2944 4589 3149 4658 (Matth.
3183 4607 3295 4654 xv1,
3331 4592 3442 4661 16),
3473 4609 3600 4662 quae

190 4678 484 4747 plantam“,
515 4678 704 4749 Apollo
736 4679 958 4746 rigavit,
989 4677 1084 4732 sed
1130 4678 1269 4732 Deus
1317 4679 1716 4734 incrementum
1759 4682 1850 4737 de-
1885 4696 1927 4760 ι)
1960 4676 2239 4747 quoniam
2279 4691 2569 4746 suspensa
2617 4693 2650 4730 a
2698 4680 2872 4743 terra,
2905 4680 2962 4731 et
2990 4678 3255 4748 proxima
3282 4685 3406 4733 erat
3436 4680 3599 4750 coelo,

193 4764 278 4819 dit
312 4765 365 4835 (1
396 4768 517 4821 Cor.
555 4783 636 4833 In,
667 4767 744 4833 6).
777 4770 908 4821 Hzec
939 4766 1124 4821 nubes
1157 4770 1366 4836 potest,
1400 4771 1455 4821 et
1495 4766 1619 4838 ipse
1649 4769 1848 4826 Domi-

195 4870 339 4919 nus,
371 4853 429 4908 id
485 4859 594 4919 est,
629 4859 972 4927 assumptus
1020 4855 1194 4910 homo
1242 4854 1302 4910 in
1352 4860 1527 4910 Deum
1578 4857 1846 4930 intelligi,

195 4941 355 4997 sicut
387 4943 671 5014 propheta
700 4944 1130 5016 pramuntiavit,
1165 4943 1364 4999 dicens
1399 4962 1412 5000 :
1462 4946 1593 5000 Ecce
1623 4941 1879 5002 (lescen-‘

190 5031 275 5086 dit
308 5031 574 5087 Dominus
622 5034 678 5087 in
728 5034 871 5089 nube
901 5034 1008 5088 levi
1037 5035 1097 5088 in
1127 5033 1420 5105 zEgyptum
1466 5035 1594 5101 (Isa.
1629 5052 1747 5102 x1x,
1784 5039 1843 5105 ι).

192 5121 306 5176 Per
366 5137 541 5192 quem
601 5121 798 5178 divina
852 5123 1060 5194 gratia,
1121 5127 1178 5177 et
1242 5122 1507 5177 doctrina
1575 5123 1845 5193 caelestis,

192 5209 424 5264 mundo
480 5209 832 5265 effundenda
894 5210 1416 5282 praenuntiabatur.
1479 5212 1546 5264 Et
1605 5211 1847 5282 pulchre

190 5299 386 5354 nubes
418 5297 556 5354 levis
587 5300 800 5355 dicitur
833 5316 845 5355 :
882 5302 999 5356 sive
1031 5300 1168 5372 quia
1199 5301 1322 5371 ipse
1354 5298 1615 5355 Salvator
1646 5319 1848 5374 pecca-

193 5391 331 5442 tum
366 5404 479 5442 non
513 5388 647 5443 fecit
678 5391 874 5460 Agnus
905 5389 1002 5443 Dei
1049 5390 1096 5459 (I
1125 5393 1271 5443 Petr.
1309 5405 1367 5458 ιι,
1401 5390 1512 5459 ‘22),
1547 5389 1665 5444 sive
1713 5391 1852 5462 quia

197 5476 366 5546 virgo
416 5475 613 5544 Maria,
648 5483 834 5555 mater
880 5477 1135 5543 Domini,
1167 5495 1281 5533 non
1328 5494 1396 5532 ex
1445 5477 1595 5532 virili
1628 5479 1851 5534 semine

204 5570 521 5637 aggravata
550 5567 696 5634 (Luc.
735 5567 772 5633 1,
805 5567 919 5637 35),
949 5565 1090 5622 levis
1132 5568 1316 5622 nubes
1347 5571 1436 5622 est
1465 5567 1636 5621 dicta.

285 5676 311 5704 ‹‹
343 5653 412 5709 Et
442 5656 626 5711 nubes
671 5660 956 5728 spargunt
985 5653 1182 5710 lumen
1214 5672 1405 5712 suum.
1439 5655 1571 5718 Quae
1602 5655 1857 5712 lustrant

209 5747 428 5805 cuncta
483 5760 586 5821 per
641 5745 951 5805 circuitum
1009 5760 1358 5823 quocunque
1424 5761 1522 5804 eas
1585 5744 1854 5806 voluntas

1960 4766 2272 4837 respondet
2302 4768 2352 4820 ei
2383 4765 2665 4820 Dominus
2700 4782 2712 4820 :
2757 4767 2864 4821 Hoc
2892 4767 2994 4820 tibi
3021 4783 3130 4822 non
3160 4768 3422 4823 reuelauit
3449 4785 3598 4836 caro,

1959 4859 2007 4909 et
2054 4856 2310 4923 sanguis,
2356 4855 2448 4909 sed
2495 4856 2659 4910 Pater
2708 4871 2858 4909 meus
2907 4855 3069 4925 (Ibid.
3106 4857 3215 4925 17).
3250 4855 3418 4912 Alius
3465 4875 3599 4914 vero

1961 4944 2260 5017 apostolus
2317 4947 2599 5014 tanquam
2651 4944 2837 4999 nubes
2886 4945 3057 5016 plena
3108 4945 3278 5016 aquis
3334 4948 3598 5018 perfectae

1959 5034 2230 5101 scientiae,
2264 5051 2298 5087 a
2347 5034 2604 5088 tonitruo
2648 5033 2944 5106 Evangelii
2993 5035 3297 5105 copiosum
3350 5037 3598 5094 imbrem

1957 5123 2204 5178 effundit
2247 5122 2326 5177 ita
2365 5123 2583 5176 dicens.
2619 5123 2676 5176 In
2703 5123 2982 5193 principio
3011 5127 3130 5177 erat
3167 5125 3392 5180 Verbum
3421 5127 3597 5198 (Joan.

1960 5212 2108 5282 1,1),
2155 5215 2262 5266 etc.
2295 5214 2416 5276 Quo
2464 5210 2824 5265 validissimo
2872 5211 3128 5267 tonitruo
3180 5213 3395 5286 ubique
3446 5233 3604 5272 reso-

1960 5305 2156 5365 nante,
2191 5306 2253 5353 ut
2305 5315 2537 5354 omnem
2585 5305 2796 5354 terram
2843 5300 2912 5354 ad
2956 5300 3129 5355 ﬁdem
3161 5301 3457 5374 religionis
3489 5309 3605 5360 trc-

1962 5406 2122 5444 more
2153 5393 2486 5443 concuteret
2520 5407 2532 5443 :
2567 5389 2716 5443 alius
2747 5390 2804 5442 in
2834 5389 3038 5444 Judaaa
3068 5407 3170 5462 per
3200 5393 3466 5448 iteratam
3501 5412 3604 5448 na-

1961 5480 2245 5534 tivitatem
2279 5483 2532 5544 exortus,
2566 5477 2723 5533 velut
2769 5496 2945 5550 parva
2976 5481 3266 5536 nubecula
3297 5483 3376 5537 ita
3408 5485 3601 5551 crevit,

1964 5573 2019 5622 et
2050 5567 2222 5621 ﬂante
2253 5567 2462 5638 spiritu
2494 5565 2773 5622 dilatatus
2806 5572 2914 5635 est,
2949 5575 3013 5623 ut
3044 5569 3265 5641 pluvias
3298 5573 3602 5644 mysterio-

1966 5673 2094 5711 rum
2129 5673 2162 5710 a
2194 5655 2423 5711 saeculis
2445 5662 2799 5712 secretorum
2829 5659 3089 5729 perfectae
3118 5660 3391 5730 scientiae,
3420 5679 3604 5732 usque

1967 5746 2039 5805 ad
2087 5744 2384 5822 Illyricum
2433 5751 2732 5822 spargeret
2761 5748 2935 5820 (Rom.
2969 5765 3059 5819 xv,
3095 5749 3200 5824 19),
3221 5748 3482 5824 aliasque
3513 5754 3604 5808 to-
