3980 6184
413 395 528 454 787

1919 384 2315 454 APPENDIX
2328 437 2341 450 .

3664 392 3756 455 ’1δὸ

414 527 532 581 tius
580 525 789 580 mundi
837 524 1104 598 regiones
1147 523 1326 598 largis
1358 525 1743 582 effusionibus
1775 524 2056 596 irrigaret.
2088 527 2144 593 Α
2171 523 2401 580 Christo
2431 523 2740 580 revelanda
2777 535 3150 595 cognoscere,
3186 522 3247 575 et
3275 517 3410 576 aliis
3440 521 3630 588 modis,
3657 525 3756 594 qui-

417 615 486 668 Et
514 612 652 676 hinc
684 619 773 669 est
802 619 867 669 ut
896 615 1077 683 aliqui
1109 631 1310 670 eorum
1344 614 1779 687 appellarentur
1826 614 1930 669 ﬁlii
1978 618 2064 670 to-

417 702 622 769 nitrui,
675 701 826 757 alius
882 719 1016 757 vero
1075 702 1364 758 diceretur
1401 703 1587 771 ‘filius
1653 703 2069 774 suspendentis

417 808 603 863 aquas
636 791 827 862 (Marc.
864 808 949 860 III,
987 791 1094 860 17).

491 903 518 930 ‹‹
554 880 755 935 Nonne
807 880 1157 935 vestimenta
1206 883 1308 936 tua
1354 879 1545 936 calida
1587 884 1744 947 sunt,
1779 896 1911 936 cum
1944 897 2070 951 per-

421 971 554 1024 flata
587 969 760 1024 fuerit
787 974 944 1024 terra
973 973 1189 1023 Austro
1213 969 1240 1022 ?
1269 991 1297 1019 »
1342 967 1454 1022 Alii
1486 968 1776 1036 dixerunt,
1807 971 1904 1024 tua
1933 970 2072 1023 stola

420 1058 599 1113 calida
629 1067 726 1112 est.
765 1059 879 1112 Hoc
917 1057 1155 1128 quidem
1203 1073 1406 1112 verum
1455 1061 1563 1128 est,
1598 1059 1750 1129 quod
1802 1057 2071 1112 meridia-

425 1163 536 1202 nus
567 1150 777 1201 ventus
809 1145 886 1201 sit
907 1145 1155 1215 calidus,
1181 1162 1294 1216 quo
1318 1146 1492 1201 flante
1515 1145 1690 1201 etiam
1721 1146 2073 1202 vestimenta

424 1235 754 1302 hominum,
809 1234 898 1289 vel
949 1251 1279 1305 corporum,
1336 1250 1462 1304 qua
1511 1235 1839 1290 animarum
1895 1235 2068 1291 vesti-

430 1327 628 1379 menta
657 1327 817 1389 sunt,
850 1321 1282 1377 concalescunt.
1315 1321 1424 1376 Sed
1459 1322 1600 1394 quia
1644 1323 1849 1391 nubes,
1883 1323 2072 1379 homi-

431 1429 534 1467 nes
602 1416 856 1479 sanctos,
916 1411 1127 1466 veritas
1196 1410 1511 1482 prophetia
1579 1428 1686 1467 nos
1753 1412 2075 1485 intelligere

432 1499 717 1573 compulit
762 1506 1000 1555 ventum
1049 1499 1305 1554 calidum
1360 1516 1393 1554 a
1443 1499 1684 1556 meridie
1732 1501 2073 1572 spirantem,

433 1591 747 1645 ferventem
773 1587 970 1660 ﬁdem,
1000 1588 1087 1642 vel
1113 1587 1362 1660 gratiam
1389 1588 1643 1659 Spiritus
1669 1590 1854 1644 sancti
1877 1591 2078 1646 arden-

436 1685 576 1747 tem,
609 1683 666 1732 et
694 1675 908 1731 clarius
939 1676 1370 1731 illuminantem
1401 1676 1820 1749 intelligamus,
1852 1678 1940 1733 vel
1989 1681 2078 1751 ip-

438 1783 570 1821 sum
602 1765 916 1820 Dominum
950 1770 1238 1832 nostrum,
1275 1767 1346 1819 de
1378 1783 1492 1837 quo
1524 1765 1811 1838 legimus:
1843 1769 1984 1823 Deus
2014 1770 2080 1823 ab

437 1856 631 1908 Austro
679 1856 853 1908 veniet
901 1854 1120 1924 (llatae.
1153 1871 1238 1920 Ill,
1279 1854 1356 1924 3),
1409 1871 1525 1925 quo
1574 1855 1920 1912 rationalem
1968 1862 2081 1912 ter-

437 1960 562 1998 ram
595 1942 895 2014 perﬂante,
917 1943 1158 1998 virtutes
1182 1943 1386 2012 animi,
1410 1960 1536 2014 qua
1567 1950 1709 1999 sunt
1735 1945 2085 2002 vestimenta

435 2031 730 2087 interioris
759 2030 1037 2100 hominis,
1070 2031 1468 2098 inardescunt,
1494 2037 1550 2087 et
1580 2033 1707 2088 ideo
1739 2036 2085 2092 vestimenta

437 2119 828 2192 appellantur,
851 2120 1129 2191 quoniam
1158 2120 1293 2192 ipsi,
1320 2121 1417 2192 qui
1443 2121 1527 2176 eis
1550 2121 1752 2194 utitur,
1777 2123 2082 2195 pulchram

436 2209 697 2265 animam
725 2209 971 2280 faciunt,
1005 2214 1058 2264 et
1091 2209 1386 2264 decoram.
1422 2210 1490 2264 Et
1539 2211 1610 2265 ob
1661 2210 1770 2267 hoc
1819 2212 2087 2269 hortatur

435 2296 752 2369 Apostolus
783 2297 982 2352 dicens
1017 2313 1030 2350 :
1079 2302 1322 2363 Fratres,
1356 2297 1569 2352 induite
1608 2315 1698 2354 vos
1741 2304 1885 2356 sicut
1934 2303 2088 2357 electi

435 2386 551 2451 Dei,
606 2389 657 2439 et
702 2385 907 2453 dilecti,
957 2387 1166 2439 viscera
1210 2387 1628 2453 misericordiae,
1669 2387 2083 2459 benignitatem,

435 2471 824 2537 humilitatem,
856 2471 1200 2538 modestiam,
1229 2475 1568 2542 patientiam
1597 2475 1821 2546 (Coloss.
1856 2494 1939 2544 III,
1973 2477 2084 2549 12),

432 2565 542 2614 etc.
578 2560 649 2613 Et
696 2558 817 2613 hac
865 2559 1047 2630 igitur
1093 2560 1166 2614 ab
1216 2560 1366 2628 Eliu,
1399 2562 1552 2616 sicut
1601 2568 1660 2619 et
1708 2563 1841 2634 alia,
1875 2566 2085 2637 spiritu

432 2647 748 2719 prophetia
785 2646 1083 2702 dicuntur.

505 2758 532 2785 ‹‹
567 2735 653 2790 Tu
684 2735 926 2791 forsitan
959 2752 1092 2792 cum
1133 2753 1199 2792 eo
1243 2737 1560 2796 fabricatus
1606 2757 1669 2796 es
1717 2739 1910 2808 caios,
1973 2743 2076 2815 qui

431 2822 796 2890 solidissimi,
831 2824 998 2896 quasi
1050 2842 1160 2880 are
1211 2827 1324 2881 fusi
1379 2833 1539 2884 sunt.
1575 2851 1602 2878 »
1654 2830 1782 2884 Hac
1832 2831 1904 2885 ab
1956 2832 2084 2886 Eliu

426 2917 598 2985 juxta
626 2913 883 2968 litteram
917 2912 975 2967 in
1007 2914 1287 2986 injuriam
1317 2916 1426 2971 Job
1459 2934 1561 2989 per
1592 2917 1840 2973 ironiam
1874 2919 2084 2974 dicun-

435 3009 552 3058 tur.
579 3003 708 3057 Hac
740 3003 921 3075 igitur
948 3003 1138 3074 prima
1162 3005 1351 3059 fronte
1376 3005 1706 3062 intellectus
1734 3007 1910 3078 hujus
1932 3008 2088 3064 dicta

438 3093 574 3148 sint.
625 3092 790 3147 Nunc
840 3108 971 3147 vero
1029 3094 1357 3149 secundum
1411 3097 1730 3168 prophetia
1789 3096 2083 3168 spiritum,

439 3197 678 3236 sensum
738 3181 1052 3252 mysticum
1109 3199 1552 3253 persequamur,
1606 3190 1670 3239 ut
1719 3185 1895 3241 caelos
1941 3186 2088 3241 Scri-

2112 1897 2159 1962 B

2151 2016 2160 2021 ’
2189 2032 2319 2096 Job,
2353 2036 2417 2086 ut
2462 2032 2797 2087 ostenderes
2846 2031 2994 2086 mihi
3041 2031 3189 2102 quid
3221 2029 3388 2102 loqui
3420 2043 3666 2102 possem:
3700 2023 3764 2078 sed

2176 613 2288 668 bus
2337 613 2564 668 videtur
2591 611 2873 668 coelorum
2904 609 3418 682 nuncupationem
3450 610 3687 678 sensisse,
3712 613 3762 667 li-

2177 706 2266 757 cet
2313 701 2419 757 hoc
2449 701 2646 774 ipsum
2678 701 2738 757 in
2767 700 3096 756 irrisioncm
3147 698 3344 755 sancti
3393 699 3496 754 Job
3540 699 3636 754 dici
3678 718 3762 756 non

2177 791 2468 846 debuerit.

2248 903 2277 929 «
2311 879 2563 936 Ostende
2609 880 2800 947 nobis,
2835 878 2976 951 quid
3020 878 3299 934 dicamus
3331 877 3437 932 illi.
3470 877 3574 932 Nos
3599 879 3762 949 quippe

2177 968 2528 1024 involvimur
2557 969 2833 1024 tenebris.
2870 990 2892 1018 ι
2945 966 3307 1023 Insultantis
3349 967 3582 1021 verbum
3621 973 3706 1032 est,
3729 975 3765 1020 et

2178 1057 2607 1129 exprobrantis,
2661 1057 2902 1112 ostendo
2958 1056 3151 1123 nobis,
3205 1071 3346 1110 cum
3398 1053 3535 1109 illud
3583 1056 3764 1110 verbum

2180 1146 2356 1211 dicat,
2379 1145 2481 1200 sed
2513 1147 2584 1201 ad
2616 1144 3110 1216 comparationem
3143 1141 3412 1199 scientia
3437 1143 3542 1198 sub
3562 1141 3766 1214 ignoran-

2181 1234 2273 1289 tia
2303 1233 2562 1290 tenebris
2593 1238 2984 1289 commanent.
3021 1233 3174 1287 Nam
3207 1231 3503 1303 quomodo
3555 1247 3586 1285 a
3622 1236 3764 1286 sancto

2180 1324 2290 1379 Job
2321 1323 2542 1378 discere
2579 1322 2846 1394 inquirit,
2881 1337 3057 1393 quem
3104 1321 3170 1375 in
3222 1320 3422 1377 verbis
3468 1319 3584 1375 suis
3630 1335 3765 1390 τευτευ

2183 1412 2387 1467 hendit
2407 1417 2463 1466 et
2483 1413 2771 1483 reprobat.
2796 1411 3069 1479 Ostende,
3092 1410 3318 1481 inquit,
3344 1425 3377 1465 ο
3395 1409 3524 1476 Job,
3544 1409 3589 1464 si
3609 1408 3762 1479 aliquid

2186 1499 2458 1572 amplius,
2482 1505 2538 1554 et
2559 1499 2771 1555 melius
2792 1516 2965 1554 nosse
2985 1504 3041 1554 te
3068 1497 3410 1565 arbitraris,
3432 1497 3678 1568 quoniam
3697 1512 3763 1549 nos

2186 1589 2426 1660 grandis
2459 1588 2800 1661 ignorantia
2831 1593 3005 1659 atque
3048 1587 3382 1643 inscientia
3412 1586 3646 1642 tenebris
3670 1585 3762 1639 deti-

2187 1694 2412 1732 nemur.
2449 1681 2678 1732 Certum
2726 1682 2815 1732 est
2862 1693 2997 1749 ergo
3047 1676 3210 1748 quod
3246 1671 3372 1730 Eliu
3421 1674 3664 1730 deridens
3696 1672 3764 1726 Job

2189 1772 2363 1837 atque
2393 1766 2768 1821 subsannans
2799 1765 2922 1820 hac
2951 1766 3131 1821 dicat.

2262 1877 2290 1904 (ί
2325 1853 2464 1918 Quis
2494 1854 2757 1909 narrabit
2785 1854 2836 1910 ei
2869 1871 2996 1925 qua
3027 1853 3292 1924 loquor?
3313 1889 3324 1900 -
3345 1850 3577 1908 Etiamsi
3602 1849 3765 1904 locutus

2191 1943 2367 1998 fuerit
2415 1942 2610 2010 homo,
2662 1943 3058 1999 devorabitur.
3096 1964 3118 1991 ι»
3181 1941 3317 1998 Dixi
3370 1941 3475 1996 tibi
3521 1939 3766 2012 quidem,0

2191 2120 2313 2175 hac
2341 2120 2472 2192 ipsa
2500 2137 2625 2191 qua
2657 2121 2727 2175 de
2765 2121 2880 2175 Deo
2929 2121 3078 2186 dico,
3111 2120 3250 2190 quis
3305 2119 3359 2174 ei
3409 2134 3577 2172 ausus
3619 2119 3686 2169 est
3719 2113 3768 2165 lo-

2194 2209 2341 2281 qui?
2393 2212 2555 2264 Certe
2610 2209 2659 2264 si
2708 2208 2938 2264 locutus
2992 2210 3173 2265 fuerit
3223 2207 3538 2280 quispiam,
3577 2201 3699 2275 quod
3733 2199 3762 2253 ei

2193 2297 2432 2354 omnino
2465 2315 2580 2354 non
2611 2299 2866 2370 expedit,
2897 2314 3000 2369 pro
3030 2297 3145 2352 hoc
3186 2298 3320 2369 ipso
3353 2299 3572 2367 peccato
3601 2288 3765 2346 temeri-

2193 2387 2331 2442 tatis
2380 2391 2436 2441 et
2482 2386 2866 2442 irreverentia
2915 2385 3319 2453 devorabitur,
3355 2389 3413 2438 ut
3457 2383 3545 2437 hic
3577 2380 3678 2434 Elin
3700 2376 3762 2429 aii-

2195 2477 2277 2530 lta
2307 2475 2367 2531 in
2398 2474 2644 2548 psalmis
2672 2475 2923 2547 legimus
2956 2491 2968 2528 :
3001 2476 3265 2530 Devorati
3294 2481 3424 2528 sunt
3456 2473 3597 2535 iuxta
3619 2474 3764 2538 petram

2181 2565 2399 2637 judices
2425 2581 2612 2620 eorum
2641 2565 2809 2635 (Psal.
2842 2581 2966 2631 οη,
2998 2564 3053 2634 6)
3089 2582 3101 2619 :
3160 2564 3265 2618 ubi
3313 2558 3648 2631 intelligitur,
3676 2566 3760 2624 pec-

2194 2658 2322 2708 cato
2354 2653 2689 2708 difﬁdentia
2735 2653 3041 2709 devoratos
3072 2656 3257 2724 atque
3288 2650 3582 2719 absorptos
3599 2641 3764 2714 judices

2192 2741 2391 2814 populi
2417 2741 2652 2797 Israelis
2684 2741 2742 2796 in
2773 2759 2987 2808 eremo,
3013 2742 3110 2814 qui
3143 2759 3261 2797 non
3289 2737 3638 2796 crediderunt
3657 2725 3760 2800 quod

2195 2836 2434 2902 possent
2463 2831 2534 2884 de
2563 2835 2728 2901 petra
2758 2847 3045 2902 aquarum
3079 2829 3336 2885 ﬂumina
3378 2827 3574 2881 virtute
3616 2817 3762 2874 divine

2195 2918 2607 2991 promissionis
2650 2919 2840 2974 educi.

2275 3029 2295 3056 α
2331 3013 2407 3061 At
2439 3023 2594 3062 nunc
2625 3024 2738 3061 non
2769 3007 2968 3062 vident
2996 3005 3213 3062 lucem.
3250 3004 3451 3062 Subito
3481 3017 3568 3056 aer
3591 2996 3762 3066 cogetur

2196 3097 2254 3152 in
2300 3097 2506 3164 nubes,
2541 3102 2596 3150 et
2642 3100 2850 3151 ventus
2904 3095 3206 3151 transiens
3261 3092 3481 3166 fugabit
3523 3103 3624 3144 eas.
3653 3106 3674 3131 ν
3710 3080 3760 3132 ηδ

2197 3185 2533 3241 infeliritate
2554 3184 2897 3255 hujusmodi
2919 3185 3191 3240 excacati
3223 3189 3381 3248 sunt,
3398 3184 3460 3236 ut
3482 3179 3608 3232 ﬂant
3623 3182 3762 3242 quem-

436 3275 642 3342 pturas
691 3277 924 3326 sanctas
978 3271 1399 3343 intelligamus,
1448 3289 1574 3344 qua
1623 3275 1696 3330 de
1748 3273 1890 3330 calo
1938 3275 2084 3330 data
2114 3261 2157 3328 C
2199 3275 2515 3330 admodum
2567 3274 2942 3356 aeriquando
2990 3274 3308 3329 crassescit
3344 3271 3402 3325 in
3441 3256 3762 3356 nubem-alita

436 3366 576 3415 sunt
601 3360 959 3427 hominibus,
987 3377 1238 3431 quarum
1271 3362 1717 3432 perpetuitatem
1750 3379 1819 3416 ex
1839 3363 1968 3418 aris
1999 3379 2087 3418 so-

435 3449 660 3504 liditate
707 3449 889 3504 voluit
940 3450 1363 3504 demonstrare.
1394 3451 1500 3504 Sed
1553 3450 1696 3504 dicit
1741 3449 2085 3522 quispiam:

438 3537 731 3606 quomodo
763 3544 991 3591 aterna
1023 3541 1197 3592 erunt
1227 3537 1538 3608 Scriptura
1570 3538 1801 3610 divina,
1831 3539 1881 3594 si
1914 3556 2085 3595 mun-

438 3628 549 3679 dus
581 3630 736 3678 certo
767 3627 901 3691 ﬁne,
934 3625 1049 3680 Deo
1081 3627 1482 3692 denuntiante,
1516 3631 1604 3682 est
1634 3627 2088 3684 terminandus?

439 3713 523 3768 sic
551 3712 710 3766 enim
743 3713 823 3766 ait
854 3714 912 3766 in
945 3714 1256 3786 Evangelio
1291 3731 1303 3768 :
1359 3715 1569 3769 Cazlum
1612 3723 1664 3772 et
1708 3725 1855 3772 terra
1906 3725 2088 3773 trans-

439 3804 600 3857 ibunt
648 3803 868 3872 (Matth.
902 3819 1062 3872 xxnv,
1088 3804 1199 3873 35).
1241 3803 1456 3858 Verum
1505 3810 1594 3860 est
1641 3805 1901 3877 quidem,
1933 3808 2086 3878 quod

442 3890 730 3946 librorum
787 3889 1071 3962 pellicula
1131 3908 1262 3945 cum
1324 3892 1469 3963 ipsis
1525 3892 1732 3949 litteris
1795 3895 2089 3951 abolenda

441 3987 620 4050 sunt;
655 3981 755 4036 sed
789 3980 927 4052 quia
957 3981 1267 4052 subjungit
1288 3981 1591 4050 Dominus,
1624 3984 1793 4038 Verba
1820 4001 1944 4040 vero
1972 4001 2092 4041 mea

440 4089 556 4128 non
598 4071 968 4143 praeteribunt
998 4069 1230 4141 (lbid.):
1284 4070 1487 4142 procul
1537 4072 1714 4127 dubio
1769 4075 1924 4144 quod
1976 4074 2088 4129 eis-

443 4162 577 4216 dem
621 4159 884 4232 apicibus
931 4159 1257 4232 pollicetur,
1293 4159 1403 4215 erit
1432 4165 1733 4215 aeternum.
1766 4161 1884 4216 Hos
1915 4161 2093 4235 igitur

448 4248 644 4314 coelos,
678 4247 759 4302 ait
791 4265 804 4303 :
857 4247 1003 4319 Elin,
1038 4248 1098 4302 in
1151 4248 1366 4319 quibus
1399 4254 1488 4303 est
1516 4248 1841 4305 divinitatis
1871 4254 2093 4306 secreta

447 4337 776 4407 dispositio,
811 4342 874 4391 tu
923 4337 1164 4392 forsitan
1211 4353 1344 4392 cum
1381 4339 1513 4405 Deo,
1543 4337 1702 4393 velut
1749 4338 1929 4394 simili
1976 4338 2094 4411 pol-

447 4425 575 4481 lens
604 4425 914 4496 sapientia,
945 4425 1263 4480 fabricatus
1313 4442 1374 4481 es
1407 4444 1420 4483 :
1480 4443 1626 4498 quos
1660 4432 1808 4483 Deus
1839 4433 2092 4484 aeternus

449 4520 584 4571 ante
630 4514 832 4569 mundi
856 4514 1332 4570 constitutionem
1374 4515 1682 4587 prafinivit
1743 4518 2094 4589 quandoque

2197 3363 2256 3418 in
2279 3365 2443 3434 justo
2465 3349 2690 3433 judicio
2724 3362 2820 3417 Dei
2850 3362 3006 3418 velut
3033 3362 3192 3417 venti
3227 3362 3284 3416 in
3328 3359 3535 3430 impetu
3564 3349 3764 3405 auferen-

2195 3455 2313 3519 ων,
2346 3452 2497 3506 Sicut
2528 3450 2715 3522 impii,
2749 3466 2896 3521 quos
2925 3449 3121 3521 dejicit
3155 3454 3364 3505 ventus
3405 3463 3437 3499 a
3482 3439 3607 3497 facie
3631 3439 3758 3522 terra,

2197 3517 2307 3598 Alii
2336 3517 2655 3597 dixerunt—z
2709 3517 2969 3593 omnibus
2992 3517 3188 3604 autem
3235 3554 3345 3593 non
3391 3541 3463 3589 est
3507 3517 3758 3617 uisibile-lu:

2196 3647 2344 3700 men,
2375 3627 2516 3699 quod
2561 3629 2732 3699 fulget
2778 3630 2840 3683 in
2886 3628 3146 3692 nubibus,
3181 3637 3233 3684 et
3277 3625 3496 3698 spiritus
3541 3610 3701 3671 transit
3729 3606 3759 3700 et

2196 3695 2415 3790 [agabit
2441 3695 2688 3772 eosillch
2719 3717 3033 3789 mysticum
3067 3717 3267 3773 nescio
3299 3695 3436 3785 quid
3466 3707 3664 3790 locutus
3685 3695 3756 3790 et),

2199 3786 2354 3878 ῥυοά
2404 3807 2530 3878 jam
2571 3797 2706 3861 non
2763 3786 3040 3861 omnibus
3098 3802 3434 3878 resplendet
3486 3786 3758 3850 illuminatio

2200 3894 2513 3967 Evangelii.
2580 3894 2679 3949 llis
2735 3893 2935 3965 utique
3002 3911 3116 3950 non
3187 3887 3527 3964 resplendet,
3575 3881 3755 3967 quorum

2200 3965 2408 4040 sensus
2464 3983 2769 4039 excacavit
2825 3987 2996 4048 Deus,
3058 3987 3122 4037 ut
3179 3998 3295 4037 non
3350 3965 3754 4060 videant

2198 4074 2493 4146 Evangelii
2524 4073 2718 4146 gloria
2748 4043 2991 4143 Christi,
3014 4073 3114 4143 qui
3158 4076 3250 4128 est
3291 4069 3478 4137 imago
3519 4043 3755 4150 invisibilis

2199 4137 2390 4219 Patris
2447 4137 2688 4234 (IIvCor.
2740 4179 2814 4231 1v,
2865 4137 3097 4233 4).'H-ic
3151 4161 3334 4234 igitur
3382 4150 3600 4226 spiritus
3633 4137 3756 4234 justas

2201 4232 2499 4306 sententia
2522 4250 2619 4305 Dei
2653 4250 2878 4323 fugabit
2905 4232 3005 4306 eos
3035 4268 3069 4305 a
3097 4232 3243 4305 catu
3277 4247 3576 4302 beatorum,
3605 4232 3655 4284 ut
3677 4233 3752 4276 0°“

2199 4341 2432 4395 videant
2459 4339 2658 4394 lumen
2689 4338 2984 4410 Evangelii
3022 4338 3220 4411 gloria
3251 4331 3474 4391 Christi.

2273 4453 2299 4479 ‹‹
2333 4429 2417 4483 Ab
2447 4428 2738 4500 Aquilone
2770 4444 2978 4483 aurum
3008 4428 3218 4496 veniet,
3249 4430 3305 4481 et
3347 4439 3380 4477 a
3418 4424 3520 4472 Deo
3549 4411 3621 4500 {of

2201 4517 2329 4574 losa
2365 4495 2642 4573 laudatio.
2679 4541 2700 4569 ιι
2756 4517 2966 4572 Audivi
3016 4495 3332 4588 quemdam
3386 4510 3462 4564 ita
3515 4495 3752 4588 dicentes).

3624 4397 3751 4458 mido‘

449 4621 755 4676 erumpere
783 4603 844 4658 in
877 4620 1120 4676 corpora
1150 4602 1502 4675 litterarum,
1537 4605 1637 4676 qui
1679 4605 1735 4660 in
1783 4605 1882 4662 illo
1929 4610 2089 4662 ater-
2125 4627 2171 4691 D
2204 4607 2354 4678 quod
2391 4606 2610 4661 aestatis
2639 4610 2923 4678 tempore,
2958 4605 3076 4661 sole
3125 4605 3184 4660 in
3233 4598 3487 4673 aquilone
3508 4578 3749 4691 nescii:

450 4694 661 4750 naliter
713 4697 899 4763 erant,
934 4710 1048 4747 non
1092 4693 1219 4764 jam
1271 4693 1638 4764 exsistentes,
1670 4695 1774 4749 sed
1821 4695 1935 4766 ipsi
1987 4695 2095 4750 soli

447 4783 824 4856 praecientia
870 4799 988 4838 sua
1020 4781 1149 4838 luce
1180 4782 1501 4854 conspicui.
1535 4783 1604 4837 Et
1631 4782 1826 4852 coelos,
1860 4788 2094 4840 sanctos

449 4875 688 4945 angelos
721 4889 836 4928 non
885 4872 1136 4928 absurde
1183 4872 1494 4941 sentimus,
1526 4871 1623 4942 qui
1658 4877 1893 4943 propter
1923 4873 2092 4930 coelo-

449 4978 580 5016 rum
634 4961 1078 5030 habitationem,
1133 4959 1460 5015 rectissime
1516 4958 1642 5016 cali
1697 4959 1992 5034 dicuntur,
2039 4967 2096 5019 et

451 5053 592 5105 sunt
635 5049 795 5104 velut
831 5067 908 5104 as
937 5049 1258 5105 atcrnitate
1289 5047 1545 5104 solidati.
1578 5049 1658 5104 De
1688 5048 1904 5120 quibus
1935 5050 2092 5106 Psal-

452 5138 630 5193 mista
661 5137 941 5210 singulari
975 5139 1210 5193 nomine
1259 5139 1384 5193 ait:
1438 5138 1640 5193 Caelum
1689 5141 1814 5194 caeli
1866 5140 2094 5197 Domino

450 5227 624 5300 (Psal.
656 5228 953 5298 cx111,16).
1007 5227 1340 5282 Secundum
1396 5227 1682 5300 tropicum
1732 5227 2091 5286 intellectum

455 5316 603 5383 cali,
638 5316 823 5372 sancti
858 5332 1061 5371 omnes
1109 5321 1347 5388 propter
1377 5316 1666 5373 caelestem
1700 5321 2092 5375 conversatio-

454 5423 589 5462 nem
622 5410 678 5461 et
708 5411 944 5478 propter
976 5406 1444 5476 pradicationem
1478 5407 1888 5462 mandatorum
1933 5407 2092 5464 cale-

451 5497 632 5554 stium
665 5501 1101 5568 nuncupantur.
1133 5493 1266 5556 Eliu
1301 5501 1495 5551 autem
1528 5496 1574 5552 si
1609 5496 1926 5568 prophetia
1979 5497 2093 5567 spi-

449 5589 628 5644 ritum
681 5585 905 5653 babuit,
939 5585 1264 5640 secundum
1319 5584 1476 5640 hunc
1523 5585 1878 5641 intellectum
1916 5601 2090 5658 quem

447 5678 724 5752 diximus,
753 5675 943 5752 potuit
963 5671 1451 5752 contemplatione
1481 5674 1695 5733 mentis
1726 5692 1844 5734 sua
1876 5675 1994 5734 hac
2028 5675 2086 5736 in

2205 4668 2415 4754 aurora
2445 4693 2741 4750 ardentior
2764 4668 3008 4761 -rutilat,
3039 4693 3122 4749 ita
3173 4697 3237 4750 ut
3282 4668 3400 4761 ipse
3447 4679 3522 4770 $91
3563 4668 3750 4770 ορὲοτῗῗῗ

2203 4800 2448 4840 aureum
2504 4784 2769 4854 praferat
2813 4799 2827 4840 :
2879 4787 2936 4839 et
2992 4755 3129 4839 inde
3183 4755 3320 4838 Eliu-
3361 4769 3504 4842 10ίίιιὶ
3555 4755 3749 4854 "idem?

2201 4891 2412 4930 aurum
2444 4873 2660 4943 venire,
2692 4873 2750 4928 id
2781 4877 2890 4942 est,
2925 4873 3146 4930 mundo
3178 4847 3747 4970 ﬂammeamjoiagii‘l:

2202 4964 2275 5018 lis
2324 4961 2560 5031 oboriri,
2593 4966 2649 5017 et
2702 4978 2879 5033 super
2930 4961 3038 5017 hoc
3087 4958 3416 5034 praclarum
3454 4942 3596 5034 εξςίυθ

2201 5055 2384 5106 Deum
2418 5017 2756 5106 hominibus
2777 5017 3163 5106 l'ormidolo‘sa
3188 5039 3449 5103 laudatio.
3480 5030 3578 5087 N08
3602 5017 3741 5107 animi]

2203 5157 2411 5195 aurum
2444 5143 2675 5195 sanctos
2717 5139 3119 5212 intelligimus,
3153 5136 3248 5210 qui
3293 5109 3742 5217 secunduq‘fl’r‘:

2206 5191 2411 5195 πνηη-
2444 5191 2671 5195 τηατ-τ
2717 5191 3119 5212 τ--η-ν-ο-ψ-η,
3160 5191 3187 5210 ι
3569 5199 3580 5210 .

2202 5227 2418 5284 tualem
2455 5244 2694 5284 sensum
2733 5229 2802 5284 ab
2836 5228 3108 5300 aquilone
3139 5220 3375 5284 diabolo,
3405 5191 3720 5300 339811.103?

2202 5316 2344 5372 mini
2380 5317 2766 5372 redimuntur.
2801 5317 2917 5372 Hoc
2949 5317 3129 5390 igitur
3159 5311 3324 5371 modo
3359 5301 3496 5360 venit
3523 5288 3580 5345 ad
3598 5281 3736 5390 if":

2201 5413 2384 5462 coetus
2406 5412 2742 5462 sanctorum
2773 5423 2907 5462 cum
2933 5373 3179 5462 tremore
3200 5390 3530 5478 laudantium
3552 5373 3732 5478 θιυεῗξῗῗ

2202 5496 2311 5552 sibi
2345 5513 2475 5550 cum
2511 5497 2763 5567 quadam
2797 5495 3128 5563 formidine,
3164 5476 3476 5575 incredibile
3516 5460 3712 5584 sigilli;

2200 5547 3518 5656 iis;1,305‘p‘gsgrig‘t'ag‘igaaegmina
3540 5547 3724 5656 1insz

2200 5631 2466 5746 Quotidie
2522 5631 2754 5754 (pioque
2809 5631 3346 5755 examinationi—bus,
3388 5648 3526 5713 νθίυί
3570 5631 3726 5694 “tam
