3980 6184
257 679 266 682 _
351 623 529 680 istius
561 623 985 680 eruuntur.Alii
1016 624 1289 680 dixerunt
1341 643 1352 680 :

354 397 478 462 789

1348 403 1866 470 COMMENTAR.
1912 405 1989 465 IN
2031 402 2170 466 1οΒ
2216 405 2386 466 CAP.
2430 404 2762 467 XXXVIII.

3645 404 3764 464 790

352 531 620 590 ﬂammis
657 533 1052 590 tentationum
1083 536 1407 604 excoctum,
1439 536 1510 591 de
1537 536 1772 592 fornace
1802 535 2011 592 mundi
2040 537 2095 605 Α
2125 535 2349 591 nalium
2381 535 2826 609 cogitationum,
2875 549 3145 606 gressum
3193 539 3407 591 sanctae
3454 552 3766 593 conversa-

350 715 554 770 coloris
583 715 762 785 aurei,
796 714 855 768 in
886 714 971 768 his
1001 722 1076 769 est
1107 731 1309 785 magna
1359 716 1542 784 gloria
1589 724 1639 771 et
1689 717 1864 771 honor
1893 733 2008 796 om-

348 805 658 876 nipotentis
701 824 720 858 :
769 820 879 860 non
930 805 1244 860 invenimus
1299 805 1726 861 similitudinem
1779 807 2007 861 virtutis

348 895 489 963 ejus.
524 894 608 948 Ita
655 893 813 948 enim
863 897 1098 949 sanctos
1148 893 1438 962 homines,
1491 895 1592 966 qui
1642 897 1781 950 sunt
1820 895 2006 950 nubes

351 983 474 1050 Dei,
504 986 688 1038 tentat
727 982 910 1056 frigor
958 982 1272 1054 aquilonis,
1325 987 1391 1038 ut
1441 1001 1539 1040 eos
1590 984 1896 1056 pretiosos,
1948 988 2006 1038 et

347 1071 486 1144 igne
544 1071 846 1128 charitatis
904 1072 1114 1128 rutilos
1174 1074 1396 1129 reddat.
1430 1074 1500 1128 Et
1545 1074 1759 1129 idcirco
1791 1089 2006 1146 magna

349 1161 538 1233 gloria
567 1161 795 1217 Domini
826 1165 883 1218 et
911 1161 1099 1218 honor
1128 1162 1546 1235 omnipotentis
1594 1168 1699 1219 est.
1741 1163 1865 1218 Non
1913 1162 2001 1218 in-

344 1250 580 1306 venitur
609 1249 762 1306 alius
792 1248 1004 1306 similis
1046 1250 1285 1306 virtutis
1331 1252 1480 1322 ejus,
1526 1251 1626 1323 qui
1657 1255 1821 1307 tanta
1850 1251 2002 1307 bona

343 1356 416 1395 ex
447 1340 623 1395 rebus
655 1340 966 1396 contrariis
999 1343 1215 1413 speret.

425 1450 454 1478 ‹‹
491 1427 670 1501 Digne
708 1434 858 1484 eam
901 1429 1158 1486 invenire
1205 1446 1320 1485 non
1368 1445 1704 1502 possumus.
1753 1433 1999 1501 Magnus

345 1517 690 1572 fortitudine
718 1522 774 1573 et
794 1511 1019 1589 judicio
1073 1522 1129 1574 et
1167 1518 1421 1590 justitia.
1471 1523 1529 1574 et
1583 1519 1840 1574 enarrari
1879 1535 1995 1572 non

346 1611 563 1678 potest.
602 1608 728 1662 Ideo
760 1608 1054 1663 timebunt
1101 1625 1235 1664 eum
1283 1608 1414 1680 viri,
1446 1614 1501 1664 et
1539 1625 1656 1662 non
1697 1607 1997 1663 audebunt

345 1695 725 1768 contemplari
757 1713 960 1754 omnes
1002 1698 1101 1769 qui
1134 1698 1245 1754 sibi
1295 1698 1568 1753 videntur
1604 1712 1732 1753 esse
1763 1696 1993 1768 sapien-

342 1789 454 1841 tes.
491 1807 517 1834 ι)
551 1785 856 1858 Quoniam,
903 1787 1120 1858 inquit,
1166 1787 1318 1843 sicut
1359 1787 1699 1843 fortitudine
1741 1802 1992 1858 magnus

338 1877 401 1930 et
430 1879 641 1946 potens
672 1881 762 1932 est
793 1880 982 1932 Deus:
1010 1877 1090 1931 ita
1108 1876 1334 1948 judicio
1365 1879 1420 1931 et
1441 1875 1670 1946 justitia
1688 1889 1861 1931 verus
1882 1879 1990 1945 est,
2022 1909 2070 1976 Β

338 1967 400 2018 et
429 1964 685 2020 enarrari
737 1981 853 2022 non
903 1969 1116 2036 potest.
1167 1966 1386 2020 Idcirco
1437 1965 1606 2020 sicuti
1637 1967 1745 2030 est,
1775 1980 1808 2018 a
1832 1980 1991 2018 crea-

337 2057 480 2109 tura
517 2071 626 2109 sua
651 2071 780 2125 quas
811 2055 953 2110 adeo
984 2053 1292 2110 imbecillis
1325 2057 1414 2110 est
1463 2057 1519 2108 et
1565 2052 1824 2119 infirma,
1875 2069 1991 2108 non

338 2145 533 2213 potest
589 2142 882 2198 inveniri:
917 2147 1154 2216 propter
1201 2143 1352 2215 quod
1404 2142 1604 2214 magni
1650 2140 1756 2196 viri
1816 2145 1992 2213 atque

338 2230 564 2287 cordati
595 2248 710 2287 non
750 2237 1108 2304 praesument
1138 2232 1385 2288 scrutari
1424 2230 1990 2301 incomprehensibi-

334 2317 480 2389 lem,
526 2337 714 2394 neque
761 2321 1142 2393 contemplari
1189 2320 1543 2377 invisibilem
1593 2320 1987 2375 conabuntur.

335 2411 460 2464 Hoc
490 2415 685 2466 autem
731 2415 919 2466 totum
972 2411 1033 2465 in
1083 2410 1270 2466 sancti
1317 2411 1426 2466 Job
1481 2409 1984 2482 exprobrationem

339 2497 558 2554 dicitur
587 2517 598 2554 :
632 2500 733 2570 qui
782 2500 996 2556 dixerit
1043 2501 1159 2571 (Job
1206 2517 1328 2569 xm,
1383 2502 1448 2554 18
1499 2498 1664 2570 seqq.)
1713 2513 1774 2554 se
1805 2515 1838 2553 a
1867 2499 1984 2553 Deo

331 2586 465 2643 sine
494 2587 613 2644 ullo
642 2589 972 2661 iniquitatis
1022 2590 1228 2646 merito
1269 2587 1646 2662 ﬂagellatum.
1680 2587 1794 2642 Alii
1823 2588 1981 2643 dixe-

334 2682 480 2732 runt
527 2693 540 2731 :
597 2679 712 2750 Qui
748 2680 898 2751 justo
931 2679 1169 2751 judicat,
1220 2695 1332 2734 non
1376 2687 1538 2751 putas
1585 2678 1781 2734 audire
1817 2681 1986 2732 eum?

327 2770 629 2838 propterea
658 2769 928 2823 timebunt
953 2784 1080 2824 eum
1110 2769 1360 2825 homines
1389 2768 1660 2823 timebunt
1691 2782 1900 2837 quoque
1935 2774 1986 2822 et

333 2857 654 2927 sapientes:
683 2856 794 2914 hoc
823 2857 1122 2930 inquiunt,
1153 2857 1293 2930 quia
1335 2863 1486 2913 Deus
1528 2858 1691 2928 juste
1732 2855 1981 2927 judicat,

335 2946 494 3017 apud
528 2963 702 3017 quem
734 2965 851 3002 non
883 2952 970 3003 est
995 2964 1378 3019 personarum
1411 2947 1668 3018 acceptio
1703 2947 1876 3016 (Rom.
1920 2962 1981 3012 II,

337 3035 450 3105 11).
481 3034 697 3091 Omnes
727 3035 1020 3108 sapientes
1052 3040 1109 3091 et
1139 3036 1351 3107 idiotas,
1403 3035 1838 3091 considerantes
1889 3049 1983 3088 se-

331 3123 638 3197 metipsos,
669 3124 961 3181 timebunt
989 3141 1122 3181 eum
1157 3141 1170 3180 :
1209 3126 1458 3181 scientes
1488 3124 1628 3195 quia
1658 3121 1981 3179 secundum

333 3213 578 3268 modum
603 3214 848 3284 justitiaa
883 3231 1000 3270 suae
1035 3213 1191 3270 ultor
1220 3213 1599 3286 iniquitatum
1631 3217 1720 3268 est
1751 3227 1764 3266 :
1807 3227 1980 3267 exau-

332 3300 457 3357 diet
485 3303 638 3358 enim
670 3303 874 3375 iniqua
904 3305 1211 3376 patientes.

877 3393 1114 3448 CAPUT
1152 3393 1448 3448 XXXVIII.

406 3504 438 3531 «
469 3481 846 3554 Respondeas
895 3487 1091 3538 autem
1141 3481 1427 3538 Dominus
1473 3482 1584 3538 Job
1631 3485 1702 3541 de
1749 3485 1982 3542 turbine

329 3569 478 3625 dixit
511 3586 562 3625 ε»
595 3571 874 3628 Sermone
903 3571 1147 3628 terribili
1181 3575 1236 3627 et
1267 3572 1618 3644 increpative
1650 3576 1980 3645 arguendus

327 3658 461 3730 Job,
493 3677 842 3732 responsum
876 3679 909 3716 a
937 3661 1180 3716 Domino
1214 3661 1577 3732 accepit,hoc
1607 3663 1759 3718 enim
1785 3665 1980 3737 ipsum

329 3749 488 3820 quod
523 3750 592 3804 de
622 3749 855 3806 turbine
885 3748 1117 3818 dicitur,
1151 3750 1222 3804 ad
1255 3754 1534 3805 terrorem
1578 3752 1832 3822 pertinet
1877 3755 1978 3807 ob-

319 3837 702 3909 jurgationis,
737 3839 890 3910 quod
924 3844 1096 3907 esset,
1129 3843 1196 3894 ut
1227 3839 1344 3893 dixi
1379 3840 1525 3910 (Job.
1572 3858 1694 3905 xm,
1731 3843 1842 3913 18),
1892 3842 1980 3896 in-

329 3927 661 3997 crepandus
692 3945 726 3983 a
757 3929 1019 3984 Domino.
1053 3926 1286 3983 Dixerat
1316 3928 1472 3984 enim
1501 3929 1612 3984 Job
1661 3947 1722 3985 se
1744 3931 1979 4001 justum

327 4014 549 4086 injuste
581 4016 887 4072 aDomino
919 4017 1272 4090 castigatum
1325 4017 1483 4086 (Ibid.
1533 4019 1601 4073 24
1654 4020 1793 4093 seq.)
1846 4037 1858 4076 :
1910 4021 1981 4077 de

320 4104 561 4161 turbine
591 4119 727 4178 ergo
759 4105 1044 4162 Dominus
1080 4107 1179 4162 ait.

400 4216 430 4242 «
464 4194 604 4258 Quis
634 4199 722 4251 est
753 4195 860 4251 iste
890 4196 1188 4251 involvens
1239 4196 1558 4252 sententias
1607 4198 1978 4254 sermonibus

322 4283 716 4355 imperitis?»
750 4284 853 4340 His
899 4285 1091 4340 verbis
1139 4291 1438 4341 amovetur
1490 4286 1614 4341 Eiiu
1665 4304 1800 4343 cum
1855 4287 1978 4343 suis

326 4371 590 4428 contusis
649 4377 823 4444 atque
879 4373 1178 4445 permistis
1230 4375 1727 4446 disputationibus
1777 4380 1979 4432 contra

322 4461 438 4517 Job
474 4479 487 4517 :
522 4461 621 4516 ubi
653 4461 753 4517 Dei
783 4463 960 4518 verba
1010 4463 1282 4519 videntur
1329 4463 1597 4536 intelligi.
1630 4465 1698 4519 Et
1727 4465 1776 4519 si
1807 4469 1893 4533 tu,
1945 4483 1976 4521 ο

323 4549 459 4620 Job,
495 4549 783 4622 loquendo
814 4550 958 4606 talia
988 4550 1047 4607 in
1079 4568 1195 4618 me,
1228 4551 1438 4606 delicta
1488 4551 1685 4624 aliqua
1734 4553 1975 4608 commi-

1407 627 1496 681 .4b
1553 627 1814 698 aquilone
1841 629 2010 682 nubes
2115 625 2294 680 tionis
2320 625 2663 698 impediant,
2695 624 2783 679 vel
2817 635 2994 696 Super
3021 623 3254 680 lumbos
3283 629 3516 682 nostros
3563 643 3766 700 corpo-

2120 731 2248 770 reos
2276 714 2624 770 vestimenta
2654 714 3086 785 precingimus.
3121 713 3372 769 Dicendo
3401 731 3536 786 ergo
3569 733 3581 771 :

2196 827 2216 853 α
2252 803 2360 859 Ubi
2390 820 2520 860 eras
2549 804 2784 876 quando
2817 805 3106 875 ponebam
3138 803 3521 858 fundamenta
3551 806 3763 860 terrae?

2119 893 2317 948 Indica
2348 893 2514 964 mihi,
2547 893 2597 947 si
2627 893 2808 948 habes
2838 891 3352 965 intelligentiam.»
3383 892 3498 947 Deo
3521 907 3759 964 respon-

2116 983 2250 1038 dere
2284 1000 2398 1039 non
2426 983 2616 1055 potuit
2649 999 2660 1035 :
2696 982 2866 1053 quasi
2897 981 3007 1038 hoc
3035 983 3206 1038 modo
3233 981 3495 1053 loquitur
3510 981 3560 1036 ei
3582 981 3756 1038 Deus.

2112 1072 2197 1126 Tu
2229 1072 2426 1144 igitur,
2467 1073 2596 1137 Job,
2633 1071 2732 1143 qui
2783 1071 2936 1126 circa
2978 1088 3162 1126 unum
3212 1069 3637 1126 homunculum
3669 1070 3757 1126 in-

2105 1162 2265 1232 juste
2300 1179 2391 1218 me
2421 1161 2620 1233 arguis
2650 1161 2876 1233 operari
2911 1176 2923 1214 :
2961 1161 3057 1215 ubi
3088 1177 3215 1216 eras
3260 1177 3393 1215 cum
3437 1175 3542 1231 ego
3581 1177 3752 1216 mun-

2111 1251 2273 1322 dum,
2316 1267 2490 1322 quem
2538 1265 2606 1305 ex
2656 1249 2840 1304 nihilo
2899 1249 3169 1318 feceram,
3216 1250 3648 1322 gubernarem?
3697 1253 3755 1304 et

2110 1357 2243 1395 cum
2277 1355 2510 1396 omnem
2561 1341 2885 1395 creaturam
2935 1340 3331 1395 moderatione
3368 1338 3614 1410 justitiaa
3663 1355 3756 1394 re-

2107 1445 2243 1501 gam
2298 1428 2356 1484 in
2388 1433 2446 1484 te
2485 1443 2643 1484 eram
2693 1427 2991 1498 injustitiaa
3040 1427 3262 1500 aliquid
3320 1428 3595 1482 acturus?
3646 1428 3751 1483 Hic

2106 1518 2260 1574 Deus
2291 1517 2399 1573 hoc
2429 1532 2697 1572 sermone
2727 1517 2836 1572 sub
2869 1515 3236 1586 animalium,
3278 1516 3592 1586 aviumque
3639 1533 3750 1572 no-

2106 1607 2386 1679 minibus,
2419 1623 2633 1679 magna
2661 1610 2718 1662 et
2746 1605 2912 1661 valde
2941 1607 3210 1674 obscura,
3259 1610 3316 1660 et
3364 1605 3632 1661 Ecclesiae
3664 1623 3752 1662 sa-

2103 1701 2402 1753 cramenta
2431 1697 2704 1752 contexit.
2738 1695 2893 1751 Deus
2923 1711 3058 1767 ergo
3099 1695 3421 1750 secundum
3469 1695 3746 1767 mysticos

2099 1785 2432 1842 intellectus
2459 1787 2516 1840 in
2548 1785 3058 1858 praedestinatione
3085 1784 3378 1856 apostolos
3420 1784 3746 1856 praacipuos

2101 1879 2334 1932 sanctos
2363 1875 2628 1931 Ecclesiae
2662 1874 3042 1929 fundamenta
3085 1874 3409 1944 constituit,
3459 1873 3614 1929 sicut
3664 1875 3746 1929 ait

2100 1964 2416 2037 Apostolus
2471 1981 2482 2019 :
2537 1963 2987 2034 Superzediﬁcati,
3038 1963 3248 2033 inquit,
3320 1977 3482 2032 super
3533 1962 3742 2036 funda-

2099 2063 2285 2111 menta
2337 2054 2701 2125 apostolorum
2753 2058 2805 2107 et
2850 2053 3240 2123 prophetarum
3284 2051 3495 2122 (Ephes.
3532 2067 3595 2119 ιι,
3626 2053 3740 2125 20).

2099 2145 2248 2213 Sive,
2281 2147 2346 2198 ut
2375 2142 2473 2198 alii
2504 2143 2776 2198 dixerunt
2809 2159 2820 2197 :
2859 2141 2956 2198 Ubi
2979 2157 3101 2196 eras
3129 2156 3255 2196 cum
3295 2140 3590 2212 laudarem
3637 2150 3741 2196 ter-

2100 2251 2239 2302 ram,
2273 2234 2332 2288 id
2363 2236 2472 2299 est,
2505 2248 2639 2286 cum
2671 2231 2984 2287 Ecclesiam
3016 2231 3086 2286 de
3114 2235 3270 2285 terra
3295 2230 3539 2286 humani
3572 2247 3740 2302 gene-

2097 2325 2178 2380 ris
2209 2325 2642 2395 congregatam,
2664 2321 2878 2376 virtute
2908 2320 3039 2375 fidei
3071 2319 3414 2376 stabilirem.

2173 2436 2193 2462 «ι
2229 2412 2368 2478 Quis
2416 2411 2613 2483 posuit
2663 2427 2974 2467 mensuras
3017 2411 3166 2481 eius,
3200 2410 3250 2465 si
3282 2410 3455 2477 nosti,
3487 2409 3575 2465 vel
3609 2410 3743 2482 quis

2096 2503 2344 2559 tetendit
2373 2517 2548 2573 super
2576 2517 2704 2557 eam
2736 2501 3022 2557 lineam?»
3042 2499 3334 2555 Virtutem
3362 2515 3532 2556 suam
3563 2500 3738 2568 Deus,

2094 2596 2150 2649 et
2177 2591 2496 2664 potentiam
2528 2606 2974 2663 mensurasque,
3007 2593 3064 2645 et
3104 2590 3307 2645 mundi
3348 2589 3742 2646 conditionem

2094 2682 2389 2747 describit,
2422 2697 2601 2753 super
2628 2697 2802 2753 quem
2834 2680 3050 2736 lineam
3082 2680 3218 2735 boni
3249 2680 3510 2751 rectique
3548 2678 3740 2749 operis

2094 2772 2184 2828 sui
2217 2771 2544 2827 tetenderit.
2576 2770 2759 2825 Aliter
2809 2786 2822 2824 :
2872 2785 3164 2825 mensurae
3219 2768 3486 2823 Ecclesia:
3536 2771 3674 2823 sunt
3704 2783 3738 2821 a

2081 2861 2234 2916 'solis
2266 2864 2396 2916 ortu
2426 2860 2712 2930 usquead
2746 2875 3019 2914 occasum
3054 2875 3066 2913 :
3103 2857 3159 2912 in
3194 2874 3310 2929 qua
3348 2855 3538 2911 adhuc
3570 2871 3734 2910 men-

2094 2967 2242 3005 sura:
2275 2949 2526 3021 intelligi
2558 2952 2818 3020 psssunt,
2853 2947 3156 3018 aequalitas
3187 2951 3245 3001 et
3271 2944 3571 3017 plenitudo
3611 2944 3737 2998 Tri-

2093 3039 2316 3105 nitatis,
2366 3037 2460 3092 cui
2513 3037 2777 3093 Ecclesia:
2821 3037 3037 3092 dicitur
3084 3053 3188 3107 per
3234 3034 3624 3107 prophetam:
3676 3035 3740 3088 In

2092 3136 2283 3184 exortu
2329 3128 2448 3198 ejus
2495 3126 2668 3181 dilata
2715 3127 2892 3182 locum
2935 3125 3280 3181 tabernaculi
3327 3125 3430 3191 tui,
3479 3131 3532 3179 et
3568 3123 3743 3195 pelles

2095 3218 2572 3273 tabernaculorum
2620 3225 2838 3272 tuorum
2885 3216 3131 3284 extende,
3181 3231 3251 3270 ne
3292 3229 3512 3286 parcas,
3557 3214 3742 3282 longos

2014 3282 2056 3350 (ἶ
2093 3310 2183 3380 fac
2210 3309 2485 3379 [uniculos
2514 3315 2653 3376 tuos,
2685 3311 2738 3362 et
2764 3307 2941 3362 clavos
2994 3282 3124 3361 tuost
3157 3282 3456 3374 consolida,
3487 3303 3557 3358 ad
3598 3303 3739 3357 dea:-

2093 3406 2240 3453 tram
2288 3406 2338 3453 et
2394 3399 2686 3453 sinistram
2733 3396 3044 3468 penetrabis
3089 3415 3106 3449 :
3156 3411 3339 3450 semen
3387 3395 3536 3448 enim
3580 3397 3739 3447 tuum

2090 3496 2278 3557 gentes
2325 3486 2687 3554 hwreditabit,
2734 3495 2785 3541 et
2823 3487 3077 3541 civitates
3121 3485 3354 3540 desertas
3405 3482 3740 3538 inhabitabit

2092 3576 2225 3648 (Isa.
2262 3593 2373 3644 LIV,
2425 3578 2480 3642 2,
2528 3577 2605 3646 3).
2658 3576 2845 3646 Super
2877 3580 2983 3629 has
3034 3573 3217 3646 igitur
3246 3588 3554 3628 mensuras
3584 3569 3737 3625 Ioco-

2091 3682 2221 3721 rum
2256 3665 2522 3720 omnium
2555 3665 2893 3720 universum
2929 3663 3217 3719 mundum
3267 3666 3434 3717 rectae
3488 3659 3622 3715 lidei
3655 3663 3740 3714 te-

2089 3755 2296 3822 tendit,
2331 3759 2396 3809 ut
2425 3759 2580 3810 esset
2634 3751 2909 3809 omnibus
2940 3754 3001 3808 in
3033 3753 3330 3808 Christum
3362 3749 3737 3806 credentibus

2090 3843 2312 3898 labium
2345 3859 2531 3898 unum
2559 3859 2571 3896 :
2595 3842 2714 3898 haec
2745 3859 2880 3914 ergo
2913 3841 3192 3913 mysteria
3222 3847 3354 3896 ante
3376 3839 3588 3895 saecula
3608 3855 3741 3893 con-

2091 3935 2315 4000 stituta,
2349 3933 2454 3988 Job
2487 3932 2704 4004 quippe
2735 3932 2834 4004 qui
2868 3933 3010 3987 dum
3056 3948 3170 3986 non
3201 3934 3375 3999 esset,
3419 3929 3571 3984 scire
3619 3943 3735 3981 non

2089 4021 2436 4094 potuit.Sive
2467 4038 2776 4077 mensuras
2807 4019 3500 4091 Ecolesiae,diversitatem
3523 4016 3738 4088 gratia-

2088 4128 2220 4166 rum
2251 4114 2404 4165 recte
2437 4109 2842 4182 intelligimus,
2879 4125 3024 4180 quas
3057 4106 3371 4178 Apostolus
3417 4104 3735 4159 divisiones

2088 4200 2333 4272 spiritus
2363 4197 2676 4271 appellavit
2707 4198 2750 4269 (Ι
2783 4198 2902 4252 Cor.
2933 4214 3031 4266 xn,
3067 4195 3178 4266 45),
3212 4193 3312 4265 qui
3356 4193 3438 4248 ita
3484 4209 3621 4248 cum
3667 4193 3738 4248 de

2087 4289 2331 4344 diversis
2362 4287 2564 4359 gratiis
2593 4286 2806 4340 diceret
2835 4285 2917 4340 ait
2951 4304 2964 4340 :
3000 4285 3126 4358 [ζετο
3153 4291 3338 4338 autem
3375 4284 3563 4338 omnia
3609 4297 3733 4353 ope-

2087 4381 2246 4432 ratur
2277 4391 2419 4430 unus
2446 4379 2612 4447 atque
2648 4374 2794 4428 idem
2838 4375 3090 4444 spiritus,
3139 4372 3388 4428 dividens
3437 4373 3738 4442 unicuique

2081 4473 2247 4538 prout
2294 4465 2411 4518 vult
2457 4463 2614 4534 (Ibid.
2659 4463 2766 4533 11).
2813 4463 2953 4517 Item
3006 4463 3086 4517 ait
3137 4485 3150 4514 :
3207 4463 3508 4532 Unicuique
3553 4469 3737 4515 autem

2084 4559 2328 4610 nostrum
2359 4553 2486 4608 data
2531 4555 2607 4607 est
2633 4553 2814 4622 gratia
2860 4551 3158 4610 secundum
3205 4567 3524 4606 mensuram
3571 4551 3737 4603 dona-

325 4638 458 4694 sisti
494 4656 507 4694 :
540 4639 649 4695 iste
681 4640 811 4712 quis
844 4645 932 4696 est
959 4640 1060 4712 qui
1089 4644 1145 4695 te
1176 4641 1390 4696 audeat
1420 4641 1784 4713 redarguere,
1837 4659 1974 4713 prm-
2004 4655 2050 4720 D
2085 4647 2252 4701 tionis
2284 4643 2486 4698 Christi
2513 4641 2723 4714 (Ephes.
2755 4659 2832 4710 Iv,
2862 4641 2938 4711 7).
2973 4645 3080 4696 Per
3123 4641 3230 4696 has
3283 4639 3466 4712 igitur
3510 4637 3730 4710 gratias

325 4727 532 4783 sertim
564 4745 698 4784 cum
731 4729 801 4784 ad
835 4729 1260 4801 increpandum
1295 4746 1410 4784 non
1456 4729 1534 4785 sit
1575 4730 1840 4797 idoneus,
1874 4732 1973 4801 qui

324 4817 486 4871 velut
537 4818 744 4873 melior
788 4818 1100 4890 objurgare
1147 4822 1203 4873 te
1247 4819 1494 4874 debeat?
1531 4823 1740 4874 Amoto
1794 4819 1976 4891 igitur

321 4904 454 4960 Eliu
488 4905 558 4961 de
587 4906 778 4962 medio
810 4923 943 4962 cum
976 4907 1263 4978 imperitis
1289 4909 1416 4977 ejus
1456 4907 1784 4978 sententiis,
1833 4925 1968 4962 con-

320 4994 496 5049 vertit
525 5011 587 5050 sc
615 4995 900 5050 Dominus
930 4996 998 5050 ad
1032 4996 1163 5068 Job,
1197 5001 1253 5052 et
1285 4996 1367 5052 ait
1396 4996 1467 5067 ei,
1502 5001 1566 5052 ut
1594 4997 1664 5051 ad
1705 4997 1972 5070 increpa-

320 5083 544 5138 tionem
574 5085 701 5155 ejus
733 5084 1093 5140 audiendum
1145 5101 1206 5141 se
1236 5090 1609 5158 praepararet,
1634 5086 1834 5142 dicens
1863 5085 1970 5142 hoc

322 5173 499 5227 modo
535 5190 547 5227 :

397 5285 424 5309 ε(
454 5261 706 5333 Accinge
754 5261 906 5317 sicut
950 5263 1039 5316 vir
1087 5261 1318 5318 lumbos
1362 5267 1496 5319 tuos
1544 5279 1556 5317 :
1601 5263 1969 5337 interrogabo

321 5353 400 5416 te,
434 5353 490 5404 et
520 5351 808 5422 responde
838 5351 1004 5406 mihi.
1043 5373 1070 5402 ‹‹
1101 5351 1305 5408 Omnis
1335 5351 1515 5424 igitur
1545 5353 1642 5423 qui
1683 5369 1816 5408 cum
1855 5353 1969 5409 Deo

321 5442 413 5493 est
440 5437 765 5505 locuturus,
797 5437 1033 5494 lumbos
1086 5439 1250 5511 prius
1298 5441 1564 5496 castitate
1604 5442 1847 5512 jubetur
1875 5459 1969 5497 ac-

321 5527 841 5600 cingere.Populus
873 5528 1046 5583 etiam
1078 5527 1266 5600 legem
1298 5530 1626 5595 auditurus,
1662 5535 1718 5585 et
1752 5531 1971 5601 pascha

321 5615 725 5674 celebraturus
754 5617 815 5672 in
847 5615 1302 5683 eremo,lumbos
1333 5619 1548 5674 mentis
1583 5619 1826 5690 jubetur
1874 5636 1967 5675 ac-

322 5705 558 5782 cingere
586 5705 779 5782 (Exod.
811 5724 914 5784 xu,
952 5706 1064 5784 11),
1107 5721 1179 5768 ne
1226 5705 1575 5767 ﬂuctuantes
1627 5707 1792 5768 sinus
1843 5725 1966 5769 car-

2085 4733 2328 4789 intentio
2360 4737 2448 4787 est
2477 4730 3006 4803 contemplationis,
3038 4729 3196 4785 velut
3225 4728 3379 4785 linea
3410 4733 3562 4783 recte
3605 4740 3727 4782 cre-

2086 4823 2349 4878 dentium
2379 4823 2437 4875 in
2466 4821 2602 4885 Deo,
2638 4821 2789 4876 sicut
2817 4820 3032 4875 dicitur
3061 4820 3120 4874 in
3157 4819 3398 4874 Actibus
3439 4817 3732 4888 apostolo-

2085 4929 2217 4968 rum
2272 4927 2284 4966 :
2345 4912 2477 4965 Erat
2523 4911 2638 4964 illis
2665 4925 2762 4964 cor
2789 4925 2962 4964 unum
2991 4917 3042 4963 et
3071 4910 3261 4963 anima
3289 4923 3404 4962 una
3453 4908 3516 4962 in
3555 4905 3729 4960 Deum

2080 5007 2218 5075 (Act.
2250 5018 2325 5071 1v,
2358 5002 2469 5068 32).

2151 5114 2177 5138 ‹‹
2213 5089 2400 5160 Super
2430 5105 2544 5160 quo
2574 5089 2745 5144 bases
2778 5087 2935 5144 illius
2966 5089 3225 5146 solidata
3259 5089 3439 5144 sunt?
3479 5109 3508 5139 »
3558 5087 3723 5142 Unde

2079 5179 2269 5250 potuit
2298 5183 2563 5233 creatura
2587 5177 2892 5233 rationalis
2925 5182 2980 5234 et
3018 5179 3250 5252 sapiens
3303 5195 3450 5250 opus
3493 5177 3724 5232 Creato-

2079 5268 2181 5336 ris,
2209 5271 2524 5338 antequam
2576 5271 2729 5322 esset
2775 5266 2923 5338 ipsa,
2979 5283 3346 5341 cognoscere,
3381 5283 3514 5322 cum
3546 5265 3722 5321 etiam

2079 5371 2235 5410 nunc
2265 5355 2360 5409 vix
2390 5358 2586 5425 posset
2615 5355 2813 5426 aliqua
2841 5373 2908 5410 ex
2940 5358 3211 5428 operibus
3242 5358 3369 5429 ejus
3400 5372 3610 5412 sensus
3636 5357 3720 5409 at-

2076 5445 2322 5517 tingere.
2354 5443 2552 5510 Aliter,
2589 5461 2764 5516 super
2794 5461 2908 5516 quo
2940 5446 3109 5502 bases
3140 5451 3304 5502 terrae
3335 5446 3601 5503 Ecclesiae
3633 5463 3721 5500 so-

2077 5533 2194 5589 lide
2225 5532 2621 5598 stabiliuntur,
2653 5534 2764 5588 nisi
2796 5551 2972 5606 super
2999 5534 3297 5592 Christum
3341 5542 3585 5609 petram,
3620 5537 3720 5607 qui

2078 5627 2166 5678 est
2196 5622 2547 5694 principium
2580 5623 3097 5680 fundamentorum
3127 5627 3276 5696 ejus.
3308 5630 3485 5681 Bases
3517 5630 3713 5680 autem

2075 5711 2342 5773 Ecclesia:
2390 5715 2532 5770 sunt
2573 5713 2758 5771 sancti
2803 5713 3022 5790 quique
3050 5719 3314 5791 potentes
3357 5719 3415 5772 et
3451 5714 3647 5784 fortes,
3682 5729 3719 5772 α
