3980 6184
414 418 540 482 ’791

1921 408 2342 477 APPENDIX.

3633 413 3718 484 ‘19!

432 550 646 622 quibus
677 548 878 602 eadem
910 547 1236 604 sustinetur
1263 552 1320 603 et
1348 549 1587 621 regitur.
1618 549 1729 604 Alii
1761 548 2068 604 dixerunt:
2101 547 2156 615 Α
2185 551 2296 620 est,
2328 548 2712 606 laudaverunt
2758 565 2851 606 me
2899 565 3104 606 omnes
3149 548 3332 622 angeli
3359 549 3480 605 mei.
3504 553 3721 616 Quemad-

434 640 608 710 Super
649 653 754 708 quo
801 639 999 692 circuli
1041 639 1159 708 ejus
1205 638 1307 698 ﬁxi
1350 643 1517 694 sunt?
1565 642 1630 693 ut
1674 637 2073 709 intelligamus

433 729 665 801 pondus
697 727 923 782 roboris
957 727 1161 781 mundi
1193 728 1515 782 secundum
1540 727 1706 782 illum
1726 744 1966 782 sensum
1992 743 2078 782 es-

433 835 513 885 se,
551 834 665 888 quo
699 815 1006 872 Psalmista
1035 816 1106 870 de
1136 815 1243 870 hoc
1278 815 1773 886 loquitur,dicens
1809 835 1820 871 :
1854 817 2077 870 Etenim

431 909 673 976 ﬁrmavit
722 906 905 960 orbem
957 908 1142 974 terrae,
1175 905 1273 974 qui
1299 920 1409 960 non
1453 905 1872 960 commovebitur
1900 905 2073 976 (Psal.

435 993 877 1066 xc1i,l).Circuli
903 993 1058 1049 enim
1091 995 1319 1049 rotondi
1351 993 1538 1066 ﬁgura
1566 993 1885 1066 est,ﬁguris
1913 999 2077 1049 cmte-

439 1087 518 1141 ris
551 1084 866 1156 pulchrior.
902 1083 1046 1137 Nam
1093 1081 1346 1138 circulus
1374 1099 1441 1138 ex
1464 1082 1621 1138 omni
1656 1088 1816 1154 parte
1849 1082 1960 1137 sibi
1991 1086 2081 1136 est

439 1189 732 1246 congruus
762 1177 818 1227 et
847 1171 1122 1242 aequalis;
1156 1174 1428 1242 totusque
1452 1187 1552 1242 per
1577 1170 1958 1242 semetipsum
1983 1187 2078 1226 so-

441 1265 596 1319 lidus
625 1262 806 1328 vadit,
838 1265 895 1315 et
925 1261 1075 1314 inter
1105 1259 1408 1314 oculorum
1441 1259 1645 1326 aciem,
1679 1277 1780 1331 per
1801 1277 1976 1315 suum
1999 1259 2082 1314 in-

442 1354 674 1407 ﬁnitum
698 1349 986 1419 habitum,
1019 1349 1158 1420 quia
1187 1348 1312 1402 sine
1341 1347 1459 1402 ullo
1492 1349 1608 1402 ﬁne
1629 1364 1861 1419 semper
1890 1349 1948 1403 in
1999 1365 2081 1404 se-

441 1442 756 1511 metipsum
785 1439 1116 1504 recurrit,et
1155 1435 1643 1508 inexplicabiliter
1689 1437 1942 1492 ducitur.
1977 1437 2081 1491 Hic

438 1531 618 1601 igitur
646 1528 975 1600 signiﬁcare
1008 1525 1152 1580 mihi
1183 1526 1412 1579 videtur
1457 1525 1754 1580 hominem
1806 1525 1866 1580 in
1919 1525 2081 1581 nullo

438 1619 550 1675 sibi
583 1619 986 1674 adversantem
1034 1630 1223 1684 neque
1253 1630 1314 1668 se
1343 1630 1412 1668 ex
1441 1619 1603 1684 parte
1651 1613 1848 1684 aliqua
1896 1631 2080 1686 oppu-

405 1711 739 1791 tgnantem,
773 1703 974 1775 quales
1005 1707 1177 1758 erunt
1228 1704 1286 1757 in
1339 1703 1533 1758 futuro
1586 1703 1752 1758 beato
1807 1703 2016 1759 smculo
2065 1720 2077 1758 :

438 1801 579 1850 tunc
609 1794 764 1849 enim
796 1809 928 1847 caro
954 1809 1065 1846 non
1085 1790 1456 1862 concupiscet
1480 1793 1760 1847 adversus
1781 1793 2079 1864 spiritum,

439 1890 495 1938 et
525 1881 766 1954 spiritus
799 1883 1074 1936 adversus
1105 1896 1360 1934 carnem.
1396 1879 1673 1945 Quamvis
1712 1880 1892 1951 hujus
1923 1881 2082 1952 pacis

439 1971 861 2027 beatitudinem
895 1970 1070 2024 etiam
1098 1969 1157 2022 in
1190 1969 1298 2023 hoc
1330 1968 1540 2023 saeculo
1572 1968 1842 2024 nonnulli
1893 1971 2081 2025 sancti

439 2078 508 2116 ex
558 2065 722 2132 parte
761 2058 1177 2130 praesenserint
1209 2075 1220 2112 :
1257 2074 1372 2112 non
1407 2056 1641 2128 quidem
1677 2057 1901 2112 nullam
1933 2059 2082 2113 inte-

437 2150 607 2205 rioris
637 2148 1055 2218 exteriorisque
1105 2163 1166 2201 se
1217 2147 1274 2199 in
1325 2146 1468 2217 ipsis
1517 2148 1820 2203 sentiendo
1869 2147 2085 2203 discor-

436 2241 620 2305 diam,
652 2239 751 2294 sed
785 2236 1055 2292 hostilem
1086 2235 1359 2290 vitiorum
1392 2236 1708 2290 exercitum
1750 2237 2084 2292 resistenti—

437 2330 550 2384 bus
606 2326 872 2382 fortiores
921 2325 1253 2395 superando
1295 2324 1634 2388 virtutibus,
1685 2330 1752 2379 ut
1811 2325 2082 2392 Helcana,

437 2421 603 2488 pater
631 2415 818 2470 sancti
851 2413 1161 2478 Samuelis,
1194 2413 1281 2466 vir
1306 2429 1461 2468 unus
1491 2413 1681 2467 dictus
1711 2418 1819 2468 est.
1857 2415 1951 2468 Sic
1980 2415 2086 2469 ita-

439 2519 552 2573 que
581 2506 738 2558 totus
768 2501 825 2555 in
857 2518 918 2556 se
947 2501 1075 2567 erit,
1109 2500 1335 2571 sibique
1366 2501 1734 2568 conveniens,
1777 2507 1834 2556 et
1875 2503 2084 2557 immo-

437 2591 636 2645 biliter
657 2590 714 2644 in
745 2589 842 2644 illa
857 2589 1040 2661 gloria
1061 2589 1263 2643 acsine
1291 2589 1403 2644 ﬁne
1431 2589 1852 2644 consistens.Hi
1887 2590 2084 2662 igitur,

442 2679 643 2734 circuli
676 2678 905 2750 ﬁgurati
941 2694 1044 2749 per
1073 2676 1402 2732 dilectionis
1450 2677 1549 2732 Dei
1601 2677 1893 2749 copulam,
1927 2679 2084 2752 ligno

441 2769 634 2824 crucis
682 2767 840 2822 afﬁxi
890 2771 1046 2837 sunt,
1096 2772 1154 2821 et
1202 2766 1610 2837 unusquisque
1643 2781 1842 2821 eorum
1877 2768 2019 2822 dicit
2067 2784 2080 2822 :

443 2857 668 2929 Conﬁdo
700 2859 871 2924 enim,
903 2857 1032 2927 quia
1077 2871 1249 2926 neque
1292 2872 1458 2924 mors,
1504 2871 1679 2926 neque
1724 2858 1854 2911 vita.
1907 2857 2082 2928 (Rom.

438 2964 560 3014 VIII,
592 2948 706 3016 38),
737 2951 846 3002 etc.

512 3061 539 3088 «
571 3040 688 3093 Aut
716 3036 846 3108 quis
875 3035 1112 3091 demisit
1158 3034 1410 3106 lapidem
1462 3033 1801 3106 angularem
1851 3035 2023 3104 ejus?
2051 3053 2077 3086 υ

441 3128 544 3184 Hic
578 3127 728 3198 lapis
774 3124 1074 3196 angularis
1105 3124 1390 3189 Christus,
1423 3123 1522 3193 qui
1553 3139 1586 3176 a
1622 3124 1732 3177 Deo
1777 3123 1943 3178 Patre
1991 3140 2087 3194 po-

441 3220 591 3273 situs
623 3220 712 3270 est
738 3215 796 3268 in
841 3215 1223 3268 fundamento
1254 3218 1418 3266 terra:
1450 3211 1532 3266 Do
1603 3212 1769 3267 inice:
1802 3230 1814 3267 :
1850 3212 1976 3283 ipse
1997 3218 2086 3268 est

2184 639 2425 694 modum
2475 640 2534 694 in
2587 639 2746 696 illius
2787 639 3049 705 aviculae,
3079 638 3316 694 humani
3347 639 3546 710 generis
3571 641 3722 706 salute,

2182 724 2490 784 laudantes
2519 729 2703 784 Deum
2737 728 2920 800 gavisi
2966 732 3106 783 sunt
3151 727 3342 799 (Judic.
3387 745 3474 797 vn,
3501 729 3555 781 37
3586 734 3721 800 seqq).

2184 815 2327 870 Item
2359 822 2519 873 astra
2550 821 2839 880 matutina
2867 833 3070 874 omnes
3100 816 3250 872 ﬁlios
3281 815 3518 871 Ecclesiae
3543 833 3631 871 non
3656 820 3725 872 ab-

2185 905 2362 960 surde
2395 907 2703 971 sentimus,
2752 906 2852 978 qui
2900 923 3001 978 per
3047 905 3400 977 baptismum
3429 912 3727 961 renascuntur

2185 991 2599 1060 Cbristo,sieut
2629 995 2711 1050 ait
2738 993 3054 1066 Apostolus
3083 998 3154 1049 ad
3188 993 3487 1049 Ecclesiam
3509 995 3727 1049 scribens:

2191 1080 2388 1138 Omnes
2415 1099 2505 1138 vos
2534 1086 2661 1139 estis
2686 1085 2796 1154 ﬁlii
2839 1100 2940 1156 per
2985 1084 3143 1154 ﬁdem
3195 1086 3254 1138 in
3301 1083 3496 1138 Christo
3527 1084 3728 1153 Jesu(Ga-

2187 1170 2280 1224 lat.
2317 1187 2398 1238 ιιι,
2431 1173 2543 1243 26).
2575 1172 2642 1226 Hi
2671 1189 2806 1244 ergo
2839 1176 3076 1244 propter
3091 1171 3349 1244 vigiliam
3380 1171 3729 1240 matutinam,in

2189 1274 2306 1329 qua
2335 1260 2617 1315 Dominus
2650 1261 2984 1328 resurrexit,
3017 1264 3176 1316 astra
3206 1260 3480 1315 matutina
3517 1259 3728 1328 dicuntur,

2186 1347 2274 1402 vel
2305 1365 2409 1420 pro
2440 1348 2755 1420 incipiente
2784 1350 2870 1405 eis
2899 1350 3096 1421 gratias
3130 1366 3274 1405 novo
3303 1348 3526 1417 lumine,
3555 1349 3671 1404 unde
3697 1354 3731 1402 et

2189 1437 2466 1509 neopbyti
2496 1444 2932 1512 nuncupantur.

2265 1547 2292 1574 «
2323 1525 2468 1590 Quis
2496 1527 2785 1583 conclusit
2813 1528 2980 1583 ostiis
3011 1543 3193 1595 mare,
3227 1527 3454 1598 quando
3480 1526 3732 1596 erumpebat

2190 1615 2358 1685 quasi
2402 1617 2473 1671 de
2521 1616 2692 1672 vulva
2739 1617 3080 1688 procedens.
3116 1638 3146 1666 »
3189 1617 3334 1672 Cum
3382 1617 3437 1670 in
3490 1613 3732 1670 conditione

2190 1703 2398 1758 mundi
2428 1721 2591 1776 aquae
2621 1721 2854 1761 omnem
2889 1709 3102 1760 terram
3134 1705 3438 1776 operirent,
3469 1709 3517 1759 et
3557 1703 3735 1758 tenebis

2190 1797 2388 1848 essent
2413 1810 2590 1864 super
2620 1795 2826 1850 faciem
2857 1795 3077 1866 abyssi,
3122 1798 3264 1848 tunc
3302 1793 3594 1848 secundum
3621 1790 3735 1844 fidem

2192 1881 2322 1936 libri
2354 1881 2662 1949 Geneseos,
2699 1884 2969 1954 praecepit
2999 1884 3156 1938 Deus
3187 1882 3281 1938 die
3310 1882 3490 1946 tertio,
3519 1886 3574 1934 ut
3602 1893 3740 1934 omnes

2192 1987 2355 2041 aquas
2398 1971 2453 2025 in
2505 1970 2698 2026 locum
2751 1989 2932 2027 unum
2982 1976 3469 2044 congregarentur
3490 1969 3618 2040 (Gen.
3643 1967 3740 2031 1,93.

2191 2058 2412 2121 Quibus
2443 2060 2618 2115 etiam
2648 2061 2968 2116 terminum
3002 2059 3301 2132 ﬁnemque
3332 2057 3602 2130 imposuit,
3625 2071 3677 2110 ne
3704 2069 3739 2107 se

2193 2149 2348 2202 foras
2378 2148 2595 2205 limites
2627 2167 2788 2216 suos,
2820 2150 2889 2205 ad
2926 2149 3302 2222 operiendam
3336 2153 3534 2203 terram
3577 2157 3740 2200 rursum

2194 2237 2576 2292 effunderent.
2609 2237 2850 2293 Vulvam
2882 2239 2953 2294 de
2983 2255 3101 2310 qua
3131 2255 3293 2292 mare
3325 2236 3743 2308 procedebatur:-

2193 2328 2522 2397 χρσυτικῶς,
2565 2327 2755 2397 ipsam
2804 2331 3022 2382 terram
3073 2327 3465 2397 subjaeentem
3510 2333 3740 2394 possumus

2194 2413 2538 2486 intelligere,
2571 2419 2636 2469 ut
2663 2416 2735 2470 de
2763 2431 2850 2480 ea,
2903 2419 2960 2470 et
3003 2415 3063 2470 in
3105 2431 3324 2486 aquam
3372 2418 3598 2468 creatam
3623 2427 3648 2463 a
3671 2414 3741 2461 Deo

2193 2519 2319 2558 esse
2349 2504 2680 2559 credamus.
2715 2508 2868 2560 Duas
2899 2504 3055 2559 enim
3091 2509 3288 2575 partes
3319 2501 3508 2558 mundi
3555 2513 3744 2569 magnas,
3844 2538 3845 2548 χ

2193 2591 2404 2646 caelum
2437 2597 2493 2647 et
2521 2597 2760 2657 terram,
2795 2593 2948 2648 Deus
2979 2609 3046 2648 ex
3077 2592 3264 2649 nihilo
3305 2591 3452 2658 facit,
3483 2595 3534 2645 et
3559 2589 3653 2642 ima
3685 2601 3746 2640 ea-

2195 2696 2322 2754 rum
2353 2681 2424 2736 de
2456 2682 2700 2736 materia
2729 2681 2985 2746 informi,
3020 2687 3260 2737 caeteras
3307 2685 3492 2736 autem
3533 2679 3745 2733 creaturas

2192 2768 2501 2824 distinctas
2556 2771 2676 2825 sive
2741 2771 3020 2826 formatas
3067 2770 3344 2837 instituit,
3397 2769 3533 2824 inter
3568 2777 3744 2836 quarum

2193 2857 2548 2912 creationem
2580 2863 2636 2912 et
2667 2874 2852 2929 aquas
2883 2857 3182 2914 credimus
3216 2859 3642 2927 factas,quarum
3665 2849 3746 2921 qui-

2193 2946 2324 3001 dem
2358 2946 2778 3016 conditionem,
2823 2947 2882 3002 in
2933 2947 3222 3019 principio
3271 2945 3499 3003 Genesis
3542 2942 3745 3012 scriptam

2193 3051 2309 3090 non
2338 3033 2625 3106 legimus;
2656 3034 2905 3091 aliarum
2934 3052 3066 3091 vero
3121 3052 3271 3106 pene
3318 3033 3562 3090 omnium
3589 3031 3746 3084 factura

2194 3123 2252 3177 in
2309 3123 2473 3178 libris
2525 3124 2844 3179 Dominicis
2891 3131 3234 3180 recensetur
3267 3142 3278 3179 :
3315 3123 3444 3179 licet
3481 3126 3531 3177 et
3567 3119 3624 3174 de
3663 3115 3746 3186 ipsa

2194 3213 2338 3267 mari
2372 3217 2611 3268 sanctus
2643 3211 2821 3266 David
2857 3212 3085 3278 dixerit,
3119 3228 3257 3267 cum
3291 3213 3360 3268 de
3388 3212 3541 3266 beato
3567 3208 3662 3260 viro
3697 3203 3747 3256 lo-

437 3307 592 3365 enim
617 3321 732 3360 non
765 3303 956 3359 solum
990 3300 1467 3366 fundamentalis,
1499 3301 1596 3355 sed
1648 3305 1703 3356 et
1759 3301 2078 3373 angularis,
2113 3286 2156 3352 (ἶ
2199 3305 2477 3371 queretur
2508 3318 2520 3356 :
2556 3301 2685 3372 Spes
2715 3302 2829 3372 ejus
2853 3303 2913 3354 in
2941 3302 3177 3356 Domino
3200 3302 3300 3357 Deo
3347 3301 3528 3372 ipsius,
3557 3296 3635 3368 qui
3665 3290 3748 3362 fecit

435 3398 492 3453 in
527 3412 642 3468 quo
673 3395 788 3450 duo
813 3391 1033 3464 populi,
1064 3390 1400 3446 Judmorum
1430 3388 1696 3444 videlicet
1714 3393 1770 3444 et
1785 3389 2073 3461 gentium,

435 3486 828 3542 continentur.
867 3483 941 3536 De
973 3495 1086 3550 quo
1117 3483 1175 3534 et
1208 3477 1512 3533 Psalmista
1555 3478 1638 3532 ait
1678 3493 1690 3531 :
1722 3479 1888 3549 Lapis
1918 3494 2076 3548 quem

435 3573 861 3644 reprobaverunt
885 3567 1236 3637 aediﬁcantes,
1263 3568 1354 3621 hic
1380 3569 1560 3637 factus
1588 3573 1664 3621 est
1688 3568 1747 3620 in
1771 3571 1932 3638 caput
1974 3585 2075 3622 an-

437 3662 560 3731 guli
589 3659 758 3731 (Psal.
790 3674 960 3722 cxvu,
991 3657 1104 3727 22).
1139 3658 1206 3710 Et
1235 3655 1545 3727 Apostolus
1572 3654 1656 3708 ait
1689 3671 1701 3709 :
1729 3656 1847 3726 Ipso
1865 3672 2076 3711 summo

437 3749 707 3817 angulari
735 3747 915 3817 lapide
945 3747 1164 3801 Christo
1191 3746 1334 3812 Jesu,
1369 3746 1428 3798 in
1456 3759 1558 3815 quo
1592 3746 1772 3799 omnis
1801 3749 2078 3800 structura

439 3838 820 3908 compaginata
864 3836 1057 3890 crescit
1080 3836 1141 3887 in
1187 3833 1446 3904 templum
1484 3836 1730 3888 sanctum
1764 3835 1980 3904 (Ephes.
2013 3853 2075 3904 ιι,

437 3931 528 3996 20,
554 3929 667 3998 21).
702 3926 866 3980 Hunc
892 3923 1071 3996 igitur
1101 3922 1271 3977 Pater
1298 3921 1526 3976 dimisit
1567 3920 1625 3976 in
1659 3927 1895 3995 terram,
1929 3930 1994 3979 ut
2019 3926 2075 3980 in

436 4018 890 4075 fundamentum
921 4016 1252 4086 poneretur.

512 4130 540 4158 ‹‹
571 4111 714 4162 Cum
765 4121 858 4160 me
909 4103 1218 4158 laudarent
1264 4099 1439 4156 simul
1487 4105 1645 4155 astra
1683 4103 1991 4172 matutina,
2024 4109 2082 4159 et

433 4197 756 4270 jubilarent
809 4209 1013 4249 omnes
1064 4190 1166 4246 ﬁlii
1214 4189 1355 4245 Dei?
1395 4211 1423 4239 »
1474 4189 1738 4245 Demisso
1785 4191 1982 4262 itaque
2021 4194 2078 4247 in

442 4283 839 4340 fundamentis
867 4283 1005 4336 Sion
1041 4279 1230 4350 lapide
1257 4277 1640 4350 pretioso,qui
1671 4282 1759 4334 est
1788 4281 2081 4336 secundus

439 4374 615 4429 homo
665 4373 734 4426 de
766 4370 907 4425 caelo
956 4369 1228 4438 ccelestis,
1274 4367 1677 4436 laudaverunt,
1726 4367 1938 4439 inquit,
1989 4386 2084 4425 me

443 4461 620 4519 simul
652 4465 810 4515 astra
841 4457 1150 4523 matutina,
1194 4460 1251 4512 et
1291 4455 1680 4526 injubilarunt
1727 4472 1932 4513 omnes
1978 4459 2080 4513 ﬁlii

440 4551 562 4608 Dei.
593 4552 764 4605 Astra
793 4552 849 4603 et
879 4546 982 4600 filii
1012 4551 1068 4600 et
1087 4545 1186 4600 Dei
1218 4544 1406 4616 angeli
1440 4544 1866 4615 intelliguntur,
1901 4547 2001 4617 qui
2023 4547 2081 4601 in

440 4641 739 4698 nativitate
797 4634 1113 4692 Salvatoris
1169 4631 1602 4688 exsultaverunt
1655 4634 1804 4700 (Luc.
1859 4651 1921 4700 ιι,
1972 4637 2080 4706 13).

439 4732 603 4787 Sicut
631 4729 711 4784 ait
741 4725 986 4798 angelus
1015 4724 1086 4778 ad
1122 4726 1383 4794 pastores
1418 4738 1430 4774 :
1464 4723 1602 4775 Ecce
1631 4721 1951 4788 evangelizo
1988 4739 2080 4778 vo-

443 4824 523 4876 bis
552 4818 824 4891 gaudium
853 4829 1136 4884 magnum,
1169 4811 1300 4881 quia
1326 4813 1493 4863 natus
1545 4817 1622 4863 est
1671 4810 1937 4881 Salvator,
1988 4815 2086 4884 qui

438 4919 516 4966 est
545 4909 789 4964 Christus
829 4904 1116 4967 Dominus,
1167 4903 1228 4954 in
1269 4901 1487 4953 civitate
1531 4899 1707 4953 David
1753 4899 1914 4965 (Ibid.
1969 4902 2078 4971 10).

440 5001 582 5054 Item
614 4994 981 5066 Evangelista
1021 5009 1034 5046 :
1069 4993 1132 5045 Et
1181 4989 1358 5044 subito
1405 4990 1554 5058 facta
1596 4991 1671 5042 est
1711 5002 1838 5043 cum
1884 4991 2079 5057 angelo

437 5085 732 5142 multitudo
761 5082 918 5153 (Ibid.
982 5081 1090 5148 13),
1124 5083 1182 5133 et
1211 5082 1434 5132 caetera.
1471 5075 1603 5130 Ideo
1647 5080 1841 5131 autem
1885 5078 2076 5150 angeli

432 5181 590 5233 astra
617 5171 904 5228 matutina
936 5170 1228 5231 dicuntur,
1261 5165 1400 5237 quia
1441 5164 1594 5220 inter
1640 5170 1936 5222 creaturas
1989 5185 2077 5224 ra-

385 5307 396 5314 .
427 5261 675 5320 tionales
707 5259 878 5332 primi
911 5257 1046 5313 facti
1077 5260 1218 5312 sunt
1243 5255 1300 5308 in
1334 5255 1428 5308 die
1458 5252 1558 5324 qui
1582 5257 1670 5308 est
1698 5253 1987 5324 Christus,
2015 5261 2073 5312 et

426 5353 528 5408 ﬁlii
567 5350 663 5406 Dei
696 5353 835 5405 sunt
870 5365 881 5402 :
917 5364 1032 5401 non
1061 5349 1201 5400 sunt
1248 5343 1350 5397 ﬁlii
1394 5343 1767 5398 tenebrarum
1812 5345 1858 5413 (l
1896 5345 2065 5400 Thess.

419 5459 476 5512 ν,
509 5442 586 5512 5),
625 5439 776 5494 sicut
804 5436 887 5490 illi
921 5437 1019 5507 qui
1043 5435 1113 5488 de
1144 5448 1344 5488 eorum
1371 5447 1614 5486 numero
1645 5431 1883 5504 collapsi
1905 5439 2065 5501 sunt,

417 5530 552 5588 facti
588 5545 704 5586 non
737 5525 926 5582 solum
957 5523 1060 5579 ﬁlii
1094 5521 1487 5588 tenebrarum,
1522 5521 1623 5577 sed
1655 5519 1830 5576 etiam
1877 5527 2063 5578 recto-

415 5637 510 5678 res
541 5619 915 5676 tenebrarum
968 5613 1181 5685 (Ephes.
1230 5627 1286 5678 ν,
1338 5611 1447 5679 12),
1502 5609 1560 5664 id
1611 5614 1718 5680 est,
1753 5609 2060 5669 hominum

411 5714 804 5802 peccatorum.
836 5705 998 5764 Tunc
1025 5715 1163 5760 voce
1193 5713 1426 5773 magna,
1460 5697 1615 5757 sicut
1652 5699 2060 5773 supradictum

2184 3391 2380 3444 artum
2420 3394 2472 3444 et
2520 3398 2728 3445 terram
2777 3405 2929 3444 mare
2975 3396 3026 3444 et
3075 3392 3267 3445 omnia
3313 3404 3428 3460 qum
3470 3391 3524 3442 in
3565 3386 3629 3439 eis
3661 3385 3749 3436 sunt

2185 3479 2355 3545 (Psal.
2379 3495 2540 3544 cxcv,
2571 3480 2626 3542 5,
2657 3479 2735 3541 6).
2770 3477 2934 3532 Hune
2965 3493 3100 3549 ergo
3132 3477 3317 3534 moris
3347 3487 3662 3549 processum,
3693 3467 3746 3521 el-

2186 3567 2476 3621 fusionem
2508 3582 2793 3637 aquarum
2825 3566 3016 3620 dicere
3047 3565 3195 3620 mihi
3227 3566 3465 3630 videtur,
3495 3563 3580 3634 qui
3608 3560 3663 3613 de
3685 3570 3746 3609 Oc-

2186 3655 2357 3710 cultis
2390 3670 2670 3709 venarum
2701 3658 2866 3708 terrm
2900 3654 3116 3709 ﬁnibus
3147 3653 3473 3720 emanabat,
3501 3655 3551 3706 et
3587 3644 3746 3719 ορθτὶθ·

2189 3745 2287 3799 bat
2319 3759 2552 3798 omnem
2587 3743 2790 3797 faciem
2824 3746 3009 3797 terrm.
3043 3744 3207 3807 Quod
3240 3743 3298 3797 in
3329 3741 3531 3797 diluvio
3570 3730 3747 3791 manife-

2187 3832 2338 3887 stius
2369 3833 2585 3886 factum
2617 3830 2888 3904 legimus,
2926 3831 3023 3886 ubi
3054 3830 3271 3886 dicitur
3303 3847 3314 3886 :
3342 3831 3403 3884 Et
3430 3841 3592 3884 omnes
3625 3825 3746 3893 fontes

2187 3922 2377 3992 abyssi
2422 3935 2638 3991 magna?
2694 3921 2876 3990 erupti
2903 3929 3033 3974 sunt
3089 3920 3246 3987 (Gen.
3299 3937 3397 3989 v11,
3432 3918 3527 3984 11).
3567 3907 3746 3968 Proinde

2188 4010 2417 4065 vulvam
2451 4010 2652 4074 maris,
2683 4014 2848 4064 terrae
2899 4009 3097 4064 sinum
3149 4009 3372 4064 dictum
3420 4003 3667 4068 existimo,
3705 3996 3747 4046 ιιι

2191 4116 2350 4154 mare
2380 4101 2450 4154 de
2481 4100 2679 4154 eadem
2713 4097 3085 4169 progenitum
3137 4098 3482 4154 noverimus.
3530 4090 3624 4147 Sed
3651 4082 3748 4141 dicit

2191 4187 2448 4258 aliquis:
2483 4188 2599 4259 Ego
2647 4202 2935 4257 aquarum
2985 4185 3167 4241 moles
3219 4185 3356 4241 ccelo
3403 4188 3455 4240 et
3497 4187 3636 4236 terra:
3659 4171 3746 4264 dico

2192 4293 2320 4331 esse
2346 4275 2707 4347 congenitas,
2741 4279 2799 4329 et
2824 4273 3000 4330 simul
3025 4274 3520 4343 creatas.Denique
3546 4269 3604 4322 de
3628 4271 3748 4331 aqUIS

2192 4365 2690 4436 quemadmodum
2722 4367 2779 4418 et
2809 4364 2880 4418 de
2926 4368 3081 4418 terra
3125 4363 3260 4418 fecit
3307 4363 3472 4430 Deus,
3520 4357 3622 4412 sive
3657 4361 3748 4421 pr0°

2192 4453 2358 4507 duxit
2387 4458 2624 4509 caeteras
2675 4455 2991 4508 creaturas.
3042 4451 3102 4506 Si
3152 4467 3288 4523 ergo
3337 4450 3439 4505 hoc
3484 4441 3747 4516 opinionem

2193 4542 2366 4596 istam
2399 4541 2726 4606 conﬁrmat,
2760 4545 2827 4594 ut
2856 4539 2983 4596 ideo
3015 4544 3072 4594 et
3101 4556 3264 4611 aqum
3296 4555 3362 4594 ex
3391 4534 3555 4592 nihilo
3598 4529 3747 4611 creat?

2117 4653 2161 4717 D
2192 4631 2479 4696 dicantur,
2525 4629 2662 4701 (ἰυίᾶ
2713 4634 2770 4684 et
2818 4629 2889 4684 de
2937 4627 3080 4700 ipsis
3127 4609 3264 4699 alia,
3312 4632 3366 4683 et
3414 4624 3517 4680 alia
3559 4620 3606 4675 in
3644 4609 3747 4717 ipsis

2182 4719 2428 4789 jubente
2459 4719 2573 4774 Deo
2591 4734 2766 4790 quam
2786 4717 3040 4788 plurima
3055 4716 3374 4772 animantia
3393 4702 3744 4786 processerunt:

2192 4810 2262 4862 de
2289 4808 2429 4863 c0310
2459 4808 2599 4879 quid
2633 4807 2916 4873 dicemus,
2949 4806 3102 4876 quod
3136 4811 3223 4862 est
3252 4822 3384 4877 pars
3427 4796 3606 4862 mundi

2191 4898 2454 4957 stantior,
2487 4898 2556 4952 de
2585 4912 2700 4967 quo
2732 4911 2845 4950 non
2878 4893 3318 4965 legimus,quod
3347 4908 3411 4946 ex
3439 4905 3498 4944 eo
3524 4879 3663 4956 quasi
3689 4879 3746 4928 in-

2190 4985 2358 5041 formi
2395 4985 2636 5040 materia
2665 4982 2885 5054 aliquid
2911 4988 3276 5053 procreatum
3299 4980 3455 5037 sit.In
3477 4990 3577 5047 quo
3595 4967 3742 5058 etimit,

2187 5076 2338 5145 quod
2375 5075 2442 5128 ad
2481 5051 3008 5144 majorem'deco-ris
3031 5073 3158 5142 ejus
3178 5069 3420 5143 pertinet
3438 5051 3746 5145 pulchritudi-

2185 5181 2338 5228 nem,
2374 5162 2569 5218 stellas
2600 5179 2664 5217 ac
2695 5161 2954 5216 diversos
2983 5165 3271 5216 astrorum
3328 5156 3516 5230 globos
3541 5149 3667 5204 Deus
3691 5139 3742 5193 fe-

2182 5251 2279 5322 cit,
2313 5251 2619 5321 ordinavit,
2651 5255 2708 5306 et
2738 5249 3086 5320 composuit.
3136 5249 3203 5304 Et
3240 5248 3403 5318 juxta
3438 5243 3570 5297 hanc
3599 5243 3739 5289 asser-

2181 5356 2335 5405 nem,
2369 5339 2610 5395 meliora
2641 5344 2811 5394 erunt
2841 5337 3019 5392 maris
3050 5341 3106 5393 et
3133 5341 3296 5392 terra:
3324 5328 3735 5391 elementadlnam

2177 5429 2409 5494 coelum,
2443 5431 2612 5499 cujus
2642 5431 2913 5484 ornatum
2952 5425 3406 5498 pulcherrimum
3443 5411 3732 5499 admirantes

2175 5497 2532 5589 suspicimus
2579 5534 2591 5572 :
2627 5515 2903 5588 quoniam
2935 5497 3206 5588 praecellit
3235 5512 3318 5568 vel
3351 5505 3575 5566 maxime
3613 5497 3732 5552 σεῖο·

2173 5624 2266 5663 ras
2299 5613 2612 5663 creaturas.

2246 5720 2267 5750 α
2297 5701 2439 5755 Cum
2470 5711 2743 5776 ponerem
2774 5695 2991 5758 nubem
3018 5691 3419 5758 vestimentum
3447 5679 3632 5763 eius,“
3653 5686 3724 5750 θεῖ
