3980 6184
271 469 274 474 .
293 388 419 472 ’ῖ93

1303 398 1819 466 COMMENTAR.
1865 404 1947 466 IN
1988 405 2129 468 ,1οΒ
2172 405 2343 468 CAP.
2389 393 2722 471 XXXVIII.

3589 409 3710 468 79⁸4

293 529 482 602 Iigine
516 529 663 586 illud
713 531 883 603 quasi
933 533 1144 604 pannis
1192 534 1452 592 infantiae
1507 537 1889 595 obvolverem.
1919 557 1946 590 ι)
1981 539 2038 607 Α
2065 539 2252 596 nubes
2281 545 2423 596 sunt
2452 539 2862 612 unusquisque
2889 537 3149 594 veritatis
3180 538 3574 596 annuntiator.
3597 543 3710 596 Ηο-

297 621 449 676 Cum
479 635 637 691 ergo,
672 621 772 688 ait,
798 638 1079 693 magnum
1101 623 1178 680 sit
1207 641 1365 682 mare
1397 625 1726 696 latitudine,
1758 632 1815 684 et
1831 629 1954 684 lon-

296 709 568 781 gitudine
600 713 656 763 et
687 710 976 782 profundo
1013 729 1026 766 :
1059 729 1163 784 per
1193 713 1593 770 fortitudinem
1624 712 1820 771 tamen
1859 735 1952 789 po-

295 799 492 852 tentia
535 814 673 852 mea:
703 797 848 853 illud
895 798 1051 855 velut
1085 817 1331 872 parvum
1386 803 1762 872 elementum,
1797 806 1952 861 nube

296 891 585 958 tanquam
615 887 963 944 vestimento
1019 893 1242 945 contexi
1277 895 1334 946 et
1386 892 1672 965 caligine;
1707 895 1951 950 modicis

293 975 590 1041 videlicet,
620 981 677 1030 et
706 975 922 1032 vilibus
972 979 1148 1034 rebus
1179 981 1402 1051 operui,
1437 999 1567 1052 quae
1612 983 1951 1039 assimilan-

297 1069 401 1119 tur
424 1065 638 1136 pannis
661 1065 939 1120 infantiae.
964 1068 1033 1122 Et
1055 1068 1196 1138 quia
1218 1087 1376 1125 mare
1399 1071 1671 1142 superius
1693 1073 1950 1128 diximus

299 1154 473 1226 quasi
522 1155 594 1210 de
640 1154 810 1210 vulva
857 1158 1186 1228 procedere,
1219 1175 1459 1215 servans
1506 1161 1950 1218 translationem

302 1243 584 1315 nominis,
603 1244 798 1314 ipsum
831 1262 992 1301 mare
1021 1247 1175 1302 velut
1202 1249 1509 1320 parvulum
1541 1257 1904 1321 procreatum
1933 1269 1946 1308 :

299 1337 589 1402 tanquam
617 1335 830 1404 pannis
877 1335 1136 1391 infantiae
1165 1338 1247 1392 ait
1293 1338 1541 1410 caligine
1587 1340 1949 1407 obvolutum,

297 1421 448 1488 sive,
477 1427 542 1475 ut
574 1422 672 1476 alii
703 1423 998 1492 dixerunt,
1025 1431 1077 1480 et
1105 1425 1312 1482 nebula
1341 1428 1551 1483 obvolvi
1582 1429 1744 1484 illud.

379 1532 406 1557 «
440 1510 803 1567 Circumdedi
834 1511 980 1569 illud
1013 1515 1282 1570 terminis
1331 1518 1496 1582 meis,
1529 1522 1585 1573 et
1613 1520 1781 1590 posui
1813 1536 1950 1575 vec-

301 1604 426 1655 tem
473 1605 530 1655 et
576 1602 738 1667 ostia,
773 1606 830 1656 et
876 1603 1038 1659 dixi:
1075 1603 1269 1675 Usque
1320 1606 1433 1661 huc
1485 1607 1680 1663 venies
1729 1614 1785 1663 et
1832 1625 1948 1663 non

304 1690 585 1760 procedes
616 1689 891 1761 amplius,
927 1696 984 1746 et
1013 1692 1107 1748 hic
1151 1695 1482 1766 confringes
1514 1701 1806 1753 tumentes
1837 1699 1946 1752 flu-

305 1783 440 1833 ctus
461 1782 607 1833 tuos.
626 1798 651 1829 n
696 1780 957 1834 Termini
979 1779 1100 1846 isti,
1125 1781 1304 1836 divini
1328 1800 1625 1840 sermones
1653 1791 1812 1852 sunt,
1847 1788 1946 1858 qui

2062 645 2194 683 rum
2220 628 2401 700 igitur
2426 629 2619 686 verbis
2657 626 3064 684 consolatoriis
3095 631 3267 699 atque
3297 627 3581 697 doctrina,
3615 645 3710 684 ro-

2063 719 2244 772 rando
2297 718 2568 790 desuper,
2608 718 2688 773 ait
2737 717 3022 773 Dominus
3067 716 3199 787 (Isa.
3247 733 3376 782 XLV,
3424 718 3500 787 8),
3535 735 3707 773 mun-

2064 807 2206 860 dum
2239 805 2498 862 ﬁdelium
2533 808 2604 862 ab
2635 811 2780 862 aestu
2821 805 3210 861 tentationum
3263 805 3508 877 protexi,
3539 806 3710 878 eique

2065 896 2334 950 umbram
2385 913 2566 968 supra
2621 896 3009 967 promissione
3057 899 3281 950 aeternae
3331 895 3710 950 beatitudinis

2063 984 2304 1055 praebui,
2347 984 2457 1040 hoc
2504 989 2617 1053 est,
2646 985 3063 1041 vestimentum
3113 1001 3215 1055 per
3266 989 3501 1039 sanctos
3549 1000 3710 1040 meos

2062 1073 2362 1129 ministros
2392 1073 2686 1146 Evangelii
2731 1075 2780 1129 ei
2814 1090 2991 1145 super
3020 1090 3177 1128 mare
3228 1072 3576 1145 populorum
3609 1089 3712 1128 ex-

2062 1162 2238 1233 pandi
2284 1179 2296 1216 :
2348 1179 2420 1217 ne
2468 1161 2736 1217 videlicet
2784 1161 3004 1217 infideli
3055 1167 3323 1216 caumate
3371 1166 3710 1217 torreretur.

2061 1250 2221 1313 Quod
2253 1250 2427 1305 etiam
2473 1255 2633 1306 mare
2672 1250 3021 1323 populorum
3052 1249 3204 1305 intra
3233 1250 3707 1322 praedicationem

2062 1339 2378 1409 perfectam
2418 1339 2708 1410 Evangelii
2761 1339 3038 1410 positum,
3074 1343 3309 1410 propter
3353 1355 3584 1394 morum
3614 1339 3706 1394 in-

2062 1428 2305 1483 fantiam
2339 1428 2397 1482 in
2431 1429 2784 1499 quibusdam
2817 1427 3002 1485 lactea
3030 1428 3318 1494 doctrina,
3351 1427 3510 1484 velut
3540 1428 3706 1484 vilio-

2061 1516 2227 1571 ribus
2255 1517 2621 1573 vestimentis
2654 1518 2935 1589 operitur,
2968 1534 3033 1573 eo
3066 1518 3218 1588 quod
3251 1517 3570 1573 sacratiora
3590 1534 3710 1588 my-

2061 1605 2237 1659 steria
2267 1622 2381 1661 non
2412 1605 2642 1661 valeant
2693 1605 2928 1673 intueri,
2961 1621 3086 1676 quae
3119 1610 3258 1660 sunt
3305 1605 3706 1678 intelligentiae

2059 1693 2320 1749 involuta
2350 1694 2618 1766 caligine.
2659 1693 3025 1749 Circumdedi
3054 1692 3199 1749 illud
3237 1693 3506 1749 terminis
3537 1695 3710 1763 meis,

2059 1786 2117 1836 et
2146 1784 2313 1853 posui
2344 1788 2562 1839 vectem
2595 1787 2654 1839 et
2690 1783 2859 1838 ostia.
2892 1787 3212 1853 Hucusque
3256 1782 3472 1849 venies,
3506 1787 3563 1838 et
3593 1800 3708 1839 non

299 1868 594 1923 sententia
622 1867 933 1936 immobili,
956 1869 1112 1924 velut
1141 1873 1375 1926 termini
1408 1874 1579 1929 defixi
1609 1874 1946 1948 intelligun-
1980 1873 2335 1974 B.procedes
2365 1871 2643 1942 amplius,
2675 1877 2734 1927 et
2762 1872 2857 1926 hic
2906 1871 3238 1945 confringes
3269 1876 3564 1928 tumentes
3598 1873 3707 1927 ﬂu-

299 1962 420 2023 tur,
453 1957 560 2012 hoc
592 1958 788 2029 ipsum
821 1964 909 2014 est
937 1964 994 2014 et
1024 1959 1168 2015 illud
1217 1963 1372 2032 quod
1405 1965 1691 2034 sequitur,
1725 1965 1841 2019 Deo
1869 1965 1949 2020 di-

293 2052 483 2113 cente,
511 2047 680 2118 posui
713 2053 930 2102 vectem
973 2054 1031 2103 et
1067 2049 1234 2104 ostia.
1261 2050 1456 2118 Aliter,
1481 2051 1613 2123 quis
1657 2053 1948 2110 conclusit

293 2134 463 2190 ostiis
507 2136 711 2190 mare?
741 2137 1029 2192 Saeculum
1078 2137 1186 2193 hoc
1234 2139 1544 2210 Scriptura:
1593 2141 1799 2196 divinas
1835 2144 1945 2198 fre-

292 2229 546 2294 quenter
594 2242 755 2280 mare
803 2226 1118 2296 appellant,
1153 2233 1217 2282 ut
1245 2229 1420 2284 etiam
1477 2235 1718 2286 sanctus
1765 2232 1945 2288 David

289 2312 377 2365 ait
410 2327 422 2367 :
456 2314 562 2368 Hoc
580 2329 737 2368 mare
767 2331 1050 2385 magnum,
1075 2324 1125 2371 et
1152 2320 1453 2388 spatiosum
1483 2319 1739 2374 manibus
1769 2321 1938 2389 (Psat.

287 2418 415 2470 cm,
466 2403 577 2472 25).
633 2403 775 2458 Item
829 2419 842 2459 :
897 2405 1002 2472 Qui
1029 2406 1360 2461 descendunt
1406 2425 1559 2462 mare
1609 2410 1666 2463 in
1711 2411 1942 2465 navibus

285 2490 467 2560 (Psal.
500 2508 612 2556 CVI,
643 2494 756 2560 23).
790 2497 858 2547 Et
905 2493 1175 2550 Habacuc
1210 2513 1222 2550 :
1257 2497 1454 2551 Misisti
1501 2499 1561 2552 in
1590 2515 1752 2554 mare
1779 2516 1941 2571 equos

283 2583 410 2632 tuos
439 2579 658 2648 (Ilabac.
703 2597 786 2648 ιιι,
823 2583 928 2651 15).
978 2584 1046 2636 Et
1093 2583 1273 2639 Isaias
1309 2601 1321 2639 :
1355 2585 1594 2641 Occcidit
1639 2593 1814 2642 cetum
1845 2591 1942 2660 qui

285 2669 351 2721 in
383 2670 528 2722 mari
553 2678 630 2724 est
677 2669 802 2740 (lsa.
835 2687 1008 2742 xxvu,
1046 2673 1118 2742 1).
1169 2673 1416 2730 Proinde
1449 2674 1556 2731 hoc
1607 2694 1767 2733 mare
1798 2695 1937 2749 prec-

281 2755 472 2826 ceptis
501 2755 732 2826 divinis,
765 2756 921 2813 velut
943 2758 1297 2829 quibusdam
1325 2760 1612 2819 limitibus
1634 2781 1935 2820 sacrorum

281 2843 653 2915 eloquiorum
707 2845 1098 2914 concluditur,
1132 2854 1197 2903 ut
1243 2850 1315 2905 de
1365 2855 1527 2906 utero
1578 2853 1772 2908 cordis
1821 2854 1932 2922 sui,

283 2933 390 2987 ubi
422 2934 870 3004 cogitationibus
904 2936 1058 2992 velut
1088 2954 1155 2992 ex
1187 2941 1430 3006 semine,
1465 2958 1633 2996 curas
1663 2946 1836 3013 atque
1865 2943 1934 2996 il-

281 3021 546 3077 lecebras
579 3023 906 3080 inundiales
927 3025 1312 3098 voluptatum,
1339 3028 1718 3085 delectatione
1747 3031 1937 3086 conci-

278 3109 504 3180 piebat,
523 3111 649 3179 jam
675 3129 788 3166 non
813 3113 870 3167 in
905 3130 1052 3185 opus
1076 3115 1243 3186 quasi
1267 3117 1644 3186 parturiendo
1672 3135 1936 3191 erumpe-

281 3203 395 3268 ret,
442 3214 618 3270 seque
668 3201 990 3258 ell‘underet
1037 3203 1096 3257 in
1145 3204 1372 3260 diversa
1421 3206 1680 3262 facinora
1730 3224 1932 3278 perpe-

2058 1965 2188 2015 ctus
2246 1965 2398 2016 tuos.
2455 1960 2764 2030 'l‘erminis,
2827 1960 3018 2032 inquit
3065 1961 3240 2027 Deus,
3290 1962 3709 2018 mandatorum

2057 2066 2344 2115 meorum,
2379 2049 2721 2121 praedictum
2754 2065 2915 2104 mare
2944 2049 3099 2104 intra
3128 2049 3305 2104 unius
3322 2050 3456 2105 fidei
3488 2051 3714 2106 confes-

2055 2137 2280 2194 sionem
2311 2139 2659 2210 congregavi
2700 2142 2876 2209 atque
2929 2137 3210 2204 conclusi,
3241 2142 3299 2193 et
3346 2139 3418 2193 ad
3450 2139 3710 2195 conden-

2053 2228 2306 2282 sandum
2337 2244 2420 2294 se,
2453 2226 2839 2283 fortissimum
2871 2225 2956 2282 illi
2997 2230 3218 2281 vectem
3267 2226 3572 2284 charitatis
3601 2245 3709 2300 op-

2054 2317 2244 2388 posui,
2277 2317 2426 2372 ostia
2455 2332 2688 2388 quoque
2721 2315 3086 2371 infidelitatis
3117 2316 3400 2387 obstruxi,
3428 2321 3494 2371 ut
3523 2333 3711 2388 quan-

2049 2403 2254 2460 talibet
2298 2409 2718 2476 tempestatum
2768 2422 2832 2460 ac
2879 2404 3353 2477 persecutionum
3406 2404 3706 2470 violentia,

2050 2493 2270 2549 deﬁxos
2300 2493 2639 2550 obedientia
2691 2493 2907 2550 limites
2945 2494 3359 2550 transcendere
3389 2493 3704 2566 compella-

2049 2586 2164 2637 tur.
2199 2583 2511 2655 Nunquam
2543 2582 2847 2639 charitatis
2879 2599 3018 2640 meae
3063 2583 3460 2654 circumsepta
3487 2584 3703 2639 transi-

2047 2670 2170 2743 liat,
2203 2671 2295 2728 cui
2329 2671 2446 2726 dixi
2483 2690 2495 2727 :
2530 2676 2848 2743 Hucusque
2900 2672 3120 2738 venies,
3151 2676 3209 2728 et
3254 2689 3372 2727 non
3421 2672 3706 2743 procedes

2048 2761 2326 2832 amplius,
2360 2765 2415 2816 et
2443 2760 2539 2816 hic
2593 2761 2926 2832 confringes
2965 2764 3261 2816 tumentes
3293 2761 3510 2814 ﬂuctus
3546 2764 3702 2815 tuos.

2047 2851 2106 2906 Id
2141 2854 2248 2916 est,
2284 2849 2332 2904 si
2367 2849 2468 2920 qui
2514 2850 2659 2904 forte
2689 2849 3110 2921 cogitationum
3161 2847 3452 2903 malarum
3484 2847 3698 2902 fluctus

2046 2943 2102 2994 te
2148 2939 2302 2993 intra
2349 2937 2592 3010 pelagus
2640 2937 2723 2992 tui
2784 2937 2976 2993 cordis
3024 2936 3342 3007 exagitant,
3377 2939 3702 3007 ventusque

2043 3027 2272 3082 validus
2317 3043 2727 3098 pressurarum
2777 3031 2834 3082 te
2865 3025 3130 3082 funditus
3179 3041 3545 3080 commovere
3573 3041 3698 3096 per-

2043 3119 2248 3180 tentat,
2282 3116 2353 3170 de
2383 3118 2538 3170 statu
2570 3131 2804 3187 quoque
2844 3119 2945 3169 tuo
2978 3114 3036 3168 in
3087 3113 3313 3169 aridam
3346 3113 3691 3180 siccitatem,

2043 3204 2197 3259 velut
2224 3203 2281 3258 in
2332 3220 2510 3258 arena
2554 3202 2782 3260 steriles
2833 3202 3116 3275 impellat.
3149 3202 3280 3258 Haec
3329 3202 3698 3259 munimenta

277 3288 530 3356 tranda;
562 3294 619 3344 et
667 3290 796 3345 ideo
849 3307 983 3346 cum
1012 3292 1258 3348 vidisset
1306 3294 1590 3366 propheta
1642 3297 1929 3351 mundum
1962 3279 2004 3347 C
2044 3293 2178 3348 fidei
2211 3296 2267 3348 et
2296 3291 2596 3348 charitatis
2619 3309 2759 3348 mete
2789 3308 2924 3347 cave
2956 3308 3028 3347 ne
3059 3295 3357 3347 transeas:
3384 3297 3441 3346 et
3471 3293 3552 3346 ita
3574 3292 3693 3360 fiet,

277 3377 614 3433 credentem
648 3377 786 3447 Deo,
819 3379 926 3436 hoc
958 3381 1176 3436 bonum
1219 3382 1278 3436 in
1309 3400 1370 3438 se
1401 3384 1769 3440 continentia:
1805 3403 1930 3457 pos-

273 3465 496 3535 sidere,
528 3467 829 3538 gratulans
881 3469 961 3524 ait
1011 3471 1084 3525 ad
1115 3471 1300 3526 Deum
1336 3490 1348 3528 :
1386 3475 1457 3527 Tu
1502 3474 1841 3543 conﬁrmasti
1871 3478 1931 3530 in

273 3558 486 3610 virtute
532 3562 626 3612 tua
655 3574 807 3613 mare
853 3560 1023 3629 (Psat.
1076 3577 1266 3631 Lxxm,
1303 3562 1414 3632 13).
1462 3563 1748 3618 Mundum
1799 3565 1928 3620 dico

277 3644 516 3701 ﬁdelem
547 3652 759 3702 sanctae
794 3649 1057 3704 Ecclesiae
1108 3649 1391 3721 populum
1427 3667 1439 3704 :
1474 3652 1573 3722 qui
1606 3669 1765 3708 mare
1796 3670 1926 3725 spe-

277 3735 510 3792 cialiter
537 3738 768 3810 dicitur,
800 3743 855 3793 et
898 3737 1123 3793 habitat
1174 3740 1231 3793 in
1265 3739 1373 3795 hoc
1422 3742 1662 3797 mundo.
1695 3743 1766 3798 Et
1817 3743 1928 3798 iste

277 3830 371 3881 est
400 3824 496 3880 ille
526 3828 782 3882 mundus
813 3826 1095 3894 fidelium,
1128 3828 1198 3882 de
1228 3844 1342 3899 quo
1377 3829 1656 3885 Dominus
1686 3831 1803 3886 ait:
1835 3834 1928 3888 Sic

277 3917 431 3970 enim
478 3915 672 3970 dilexit
715 3917 850 3970 Deus
899 3917 1043 3971 hunc
1085 3917 1378 3983 mundum,
1411 3923 1470 3973 ut
1519 3921 1724 3974 Filium
1764 3937 1926 3976 suum

276 4006 629 4075 unigenitum
656 4006 812 4061 daret
839 4022 938 4076 pro
967 4022 1026 4061 eo
1074 4007 1252 4076 (Joan.
1289 4024 1374 4074 lu,
1409 4008 1517 4076 16).
1545 4008 1646 4063 Est
1667 4014 1723 4064 et
1754 4027 1924 4066 mun-

275 4095 394 4148 dus
418 4093 873 4161 incredulorum,
899 4095 969 4150 de
996 4111 1109 4166 quo
1136 4095 1406 4151 similiter
1434 4096 1718 4154 Dominus
1739 4099 1821 4154 ait
1851 4103 1922 4157 ad

274 4182 602 4252 discipulos
642 4201 780 4239 suos
813 4201 826 4238 :
861 4183 921 4238 Si
965 4184 1203 4240 mundus
1253 4201 1342 4240 vos
1371 4186 1486 4241 odit
1517 4206 1535 4241 :
1565 4189 1751 4244 scitote
1795 4193 1926 4261 quia

270 4275 522 4344 priorem
567 4290 655 4327 me
700 4274 825 4328 odio
877 4275 1070 4328 habuit
1117 4276 1293 4344 (Joan.
1349 4293 1440 4343 xv,
1511 4278 1620 4347 18),
1671 4286 1779 4333 etc.
1832 4279 1926 4336 Sic

272 4363 480 4432 itaque
511 4361 658 4417 duos
700 4364 953 4418 mundos
993 4364 1340 4436 populorum
1374 4365 1432 4418 in
1480 4365 1588 4422 hoc
1616 4369 1924 4440 corporali,

275 4455 335 4505 et
368 4450 428 4504 in
459 4451 695 4506 animali
745 4453 965 4507 mundo
995 4452 1246 4509 dicimus
1277 4453 1556 4521 habitare,
1594 4457 1694 4526 qui
1725 4461 1782 4512 et
1811 4459 1926 4514 duo

277 4539 491 4604 maria,
515 4541 836 4594 secundum
857 4540 1186 4612 exemplum
1209 4542 1479 4612 superius
1506 4544 1787 4614 positum,
1813 4547 1925 4601 dici

276 4633 553 4698 possunt,
586 4629 657 4683 ab
688 4629 797 4684 hoc
827 4628 1050 4686 scilicet
1079 4631 1226 4685 mari
1256 4647 1542 4702 aquarum
1576 4634 1930 4706 metaphori-
1957 4655 2006 4720 D

275 4734 380 4771 cos
414 4733 622 4773 nomen
673 4719 1044 4790 accipientes,
1079 4719 1219 4790 quia
1247 4724 1304 4774 et
1353 4720 1562 4776 domus
1603 4722 1774 4790 bona,
1809 4725 1928 4779 sive

276 4803 462 4873 mala,
495 4809 551 4860 et
590 4789 804 4861 civitas
840 4808 1084 4878 optima,
1117 4808 1236 4862 sive
1284 4809 1556 4879 pessima.
1591 4789 1750 4866 Mare
1794 4829 1928 4869 vero

273 4892 534 4963 tropicos
561 4894 836 4950 dicuntur
856 4895 1054 4968 populi
1079 4897 1450 4964 fluctuantes,
1474 4898 1574 4970 qui
1599 4899 1655 4954 in
1682 4900 1789 4956 hac
1809 4902 1931 4957 vita

275 4983 544 5054 inquieto
577 4989 735 5039 motu
767 4985 1105 5057 incertoque
1128 4987 1448 5057 jactentur.
1481 4987 1626 5043 Cum
1650 5006 1927 5061 ponerem

272 5073 499 5126 nubem
542 5073 955 5129 vestimentum
1005 5077 1152 5146 ejus,
1187 5079 1243 5130 et
1291 5075 1536 5148 caligine
1587 5077 1733 5134 illud
1771 5079 1930 5136 velut

274 5160 491 5232 pannis
539 5160 797 5216 infantiae
847 5163 1230 5220 obvolverem.
1266 5164 1494 5220 Nubem
1544 5168 1745 5223 omnia
1789 5185 1925 5241 ope-

272 5250 522 5304 rientem
557 5251 836 5322 Spiritum
867 5257 1158 5320 sanctum,
1190 5253 1478 5309 creaturis
1527 5257 1803 5314 omnibus
1833 5259 1922 5314 in-

271 5339 476 5393 fusum
503 5355 566 5394 ac
587 5342 964 5412 superfusum
986 5342 1364 5412 accipiamus,
1389 5343 1459 5398 de
1491 5360 1604 5414 quo
1635 5345 1717 5399 ait
1746 5364 1758 5401 :
1793 5348 1924 5418 Spi-

270 5429 419 5481 ritus
462 5431 688 5484 Domini
727 5431 1168 5501 superferebatur
1196 5447 1361 5503 super
1389 5449 1558 5503 aquas
1584 5432 1738 5504 (Gen.
1773 5452 1811 5505 1,
1843 5437 1920 5506 2).

270 5514 473 5588 Caligo
503 5523 700 5573 autem
733 5517 1019 5590 quidquid
1069 5525 1156 5574 est
1185 5519 1356 5577 inane
1387 5525 1550 5577 trans
1583 5523 1870 5578 mundum
1907 5541 1919 5578 :

270 5605 375 5661 ubi
408 5603 610 5662 levitas
658 5613 766 5674 est,
799 5606 858 5661 id
887 5611 997 5674 est,
1031 5610 1182 5663 retro
1234 5609 1495 5666 defectus
1544 5609 1796 5683 intelligi
1829 5628 1924 5682 po-

265 5698 408 5786 test.
424 5695 716 5778 Mox-aliter
739 5700 935 5762 autem
957 5697 1130 5778 juxta
1161 5700 1563 5779 auctoritatem
1585 5700 1920 5780 Scriptum,

2042 3387 2106 3437 ut
2135 3383 2392 3438 minaces
2423 3382 2578 3437 venti
2612 3383 2984 3454 insurgentes
3006 3381 3157 3437 allisi
3183 3383 3240 3436 in
3264 3388 3431 3454 petra
3460 3381 3697 3437 validis-

2040 3469 2191 3525 sima
2222 3470 2638 3526 dissolvantur.

2111 3583 2139 3611 «
2171 3560 2468 3631 Numquid
2491 3565 2626 3632 post
2645 3563 2840 3616 ortum
2863 3564 3030 3616 tuum
3053 3560 3377 3632 pracepisti
3407 3558 3687 3630 diluculo,

2038 3653 2094 3703 et
2123 3649 2432 3704 ostendisti
2463 3665 2683 3704 aurorae
2728 3649 2921 3704 locum
2953 3665 3150 3704 suum.
3185 3672 3214 3698 ››
3246 3654 3366 3704 Hoc
3405 3647 3690 3704 Dominus

2038 3737 2119 3792 ait
2147 3739 2220 3793 ad
2248 3739 2382 3804 Job,
2411 3739 2563 3810 quod
2595 3737 2965 3794 conditarum
2997 3755 3064 3794 ac
3096 3743 3457 3794 secretarum
3488 3755 3687 3794 rerum

2037 3843 2278 3882 suarum
2304 3843 2406 3899 per
2434 3843 2606 3899 gyros
2637 3843 2775 3882 suos
2807 3832 3170 3883 recurrentes
3201 3828 3273 3882 ad
3304 3827 3576 3884 ordinata
3606 3827 3694 3883 lo-

2036 3933 2122 3984 ca,
2147 3916 2333 3972 redire
2366 3916 2626 3987 quotidie
2645 3916 2771 3987 ipse
2796 3916 3071 3988 disponat
3097 3934 3109 3972 :
3135 3922 3193 3972 et
3222 3916 3438 3972 idcirco
3465 3916 3574 3972 Job
3596 3933 3662 3970 ar

2033 4007 2253 4080 guitur,
2275 4005 2376 4077 qui
2404 4010 2580 4061 Deum
2606 4005 2882 4060 factorem
2907 4009 2962 4060 et
2991 4006 3440 4078 gubernatorem
3472 4020 3670 4060 rerum

2035 4095 2299 4151 omnium
2329 4094 2546 4150 diceret
2566 4093 2725 4149 nullo
2748 4094 3136 4150 moderamine
3156 4093 3446 4164 aequitatis
3467 4109 3672 4164 opera-

2035 4189 2161 4240 tum
2192 4202 2204 4239 :
2240 4189 2296 4240 et
2316 4183 2484 4254 quasi
2504 4183 2585 4237 ita
2598 4182 2796 4237 dicens
2819 4183 2902 4237 ait
2923 4182 2973 4236 ei
3001 4199 3013 4236 :
3039 4181 3124 4236 Tu
3146 4181 3246 4251 qui
3268 4180 3436 4236 valde
3457 4183 3684 4254 sapien-

2033 4277 2150 4329 tem
2185 4277 2240 4328 te
2269 4272 2594 4337 arbitraris,
2626 4276 2683 4326 et
2713 4271 2883 4342 quasi
2921 4269 3235 4341 coaequalis
3264 4269 3456 4327 lucem
3490 4288 3683 4328 meam

2035 4361 2216 4416 fueris
2273 4361 2610 4426 fabricatus,
2673 4364 2729 4414 et
2779 4360 2849 4414 de
2901 4359 3048 4414 meis
3090 4359 3338 4430 judiciis
3389 4360 3693 4433 disputare

2035 4467 2206 4522 posse
2254 4449 2441 4504 credis
2489 4466 2502 4503 :
2555 4447 2605 4504 si
2653 4447 2941 4504 elementa
2988 4451 3281 4505 astrorum
3332 4455 3690 4523 prmeeptum

2037 4538 2319 4610 impleant
2349 4538 2660 4609 Creatoris,
2693 4542 2748 4594 te
2778 4538 3020 4594 forsitan
3077 4539 3423 4610 disponente
3470 4545 3690 4611 myste-

2036 4628 2108 4685 rii
2139 4629 2230 4683 sui
2263 4633 2510 4700 pergunt
2541 4644 2803 4696 cursum,
2835 4644 2970 4683 cum
3016 4627 3130 4683 ista
3157 4628 3502 4700 priusquam
3531 4633 3593 4684 tu
3625 4628 3687 4684 in

2033 4719 2216 4774 Adam
2250 4733 2353 4790 per
2396 4733 2487 4773 me
2537 4717 2868 4785 exsisteres,
2900 4717 3018 4772 sint
3063 4720 3274 4772 creata.
3305 4717 3489 4773 Aliter
3521 4733 3533 4772 :
3564 4721 3686 4773 Hoc

2041 4807 2365 4863 diluculum
2395 4804 2656 4861 Salvator
2706 4809 2902 4861 noster
2947 4809 3055 4874 cst,
3086 4805 3188 4877 qui
3217 4810 3274 4861 et
3325 4805 3410 4861 sol
3435 4806 3684 4876 justitiaa

2039 4895 2371 4968 appellatur
2424 4895 2673 4962 (Matach.
2745 4913 2822 4962 1v,
2870 4897 2946 4968 2).
2999 4894 3128 4968 Ipse
3183 4894 3371 4952 calore
3424 4895 3559 4951 fidei
3629 4899 3687 4951 et

2037 4985 2347 5057 splendore
2376 4985 2572 5057 gratiae
2604 5001 2742 5052 suae,
2776 4983 3117 5052 Ecclesiam,
3142 4985 3428 5040 mundum
3457 4983 3683 5042 scilicet

2036 5074 2379 5130 rationalem
2411 5073 2724 5129 illuminat.
2753 5073 2936 5144 Igitur
2964 5075 3250 5146 numquid
3277 5078 3362 5143 tu,
3388 5074 3518 5144 Job,
3542 5092 3684 5148 prae-

2035 5163 2239 5235 cepisti
2258 5162 2393 5218 huic
2411 5161 2692 5228 diluculo,
2711 5166 2776 5217 ut
2792 5162 3043 5218 oriretur
3055 5163 3124 5218 de
3137 5161 3279 5219 ccelo
3300 5163 3680 5236 resplendens

2034 5252 2126 5308 his
2161 5251 2261 5324 qui
2292 5252 2575 5308 sedebant
2602 5252 2661 5306 in
2685 5251 2941 5308 tenebris
2971 5257 3028 5308 et
3057 5253 3268 5308 umbra
3289 5253 3495 5310 mortis
3524 5255 3679 5326 (Luc.

2033 5359 2074 5413 ι,
2103 5342 2194 5412 79)
2228 5358 2240 5395 :
2275 5341 2772 5412 quemadmodum
2803 5357 2953 5413 ergo
2984 5346 3067 5412 ut,
3099 5343 3230 5410 Job,
3261 5347 3396 5414 post
3446 5343 3681 5400 initium

2033 5436 2204 5486 tuum
2227 5429 2536 5502 praecipere
2567 5447 2682 5486 non
2706 5429 2948 5502 potuisti
2980 5431 3233 5501 aeternis,
3270 5437 3335 5487 ut
3367 5433 3586 5489 mundo
3617 5432 3678 5488 in

2031 5536 2294 5575 errorum
2345 5520 2602 5576 tenebris
2650 5520 2965 5577 constituto
3009 5525 3163 5578 esset
3210 5521 3518 5578 diliculum
3553 5540 3565 5577 :
3598 5523 3680 5578 ita

2032 5625 2137 5666 nec
2183 5613 2318 5681 post
2362 5609 2569 5665 mortis
2618 5626 2892 5667 occasum
2947 5611 3097 5683 ejus,
3132 5611 3576 5668 resurrectionis
3622 5615 3679 5666 et

2029 5697 2225 5760 locum
2255 5696 2451 5777 gloriae
2501 5698 2630 5778 ejus
2676 5697 2737 5758 in
2767 5699 2969 5764 dextra
3013 5699 3201 5759 Patris
3231 5701 3326 5769 sui
3371 5699 3676 5766 ostendere
