3980 6184
398 431 402 434 '
430 413 550 474 795
1929 401 2348 469 APPENDIX.
3677 413 3771 471 “lilii

433 545 700 619 potuisti,
722 559 897 626 quem
919 548 1053 615 post
1085 546 1333 600 mortem
1356 559 1534 616 quam
1566 547 1773 616 sponte
1803 555 2081 613 suscepe-
2109 539 2166 606 Α
2193 541 2398 599 iterata
2426 540 2814 615 impressione
2843 542 3211 599 restituetur.
3246 540 3410 604 Quod
3449 539 3772 613 signaculum,

432 641 540 703 rat,
573 637 646 691 ad
696 651 791 690 me
839 634 1052 689 iterum
1101 634 1382 689 revocavi.
1415 634 1576 690 Sicut
1627 633 1750 704 ipse
1796 631 2081 688 Dominus
2193 648 2348 687 nunc
2377 631 2613 704 quidem
2663 649 2766 705 per
2813 633 3010 698 fidem,
3042 635 3098 686 et
3146 628 3433 701 baptismi
3476 629 3685 701 gratiam
3711 647 3770 686 re-

427 727 458 782 J
467 742 606 782 esus
633 725 716 780 ait
742 725 802 779 in
836 722 1144 795 Evangelio
1177 739 1198 776 τ’
1227 724 1286 778 Si
1314 740 1438 795 ergo
1485 723 1736 778 videritis
1765 723 1946 793 ﬁlium
1977 721 2084 774 ho-
2193 726 2456 792 novatur,
2489 725 2544 795 et
2571 721 2689 776 vita
2719 720 2975 791 meliore,
3000 717 3190 774 menti
3221 717 3590 788 insculpetur.
3616 719 3707 773 Sed
3731 720 3767 773 in

427 817 596 871 minis
625 813 1009 869 ascendentem
1039 814 1137 868 ubi
1167 817 1292 869 erat
1316 816 1476 885 prius
1507 813 1683 883 (Joan.
1716 828 1795 881 v1,
1825 812 1936 880 63).
2190 811 2613 866 resurrectione
2633 814 2819 866 totum
2834 809 3176 865 omnimodo
3200 806 3770 877 restaurahitur,quan-

506 927 533 953 ‹‹
566 905 635 958 Et
667 901 908 958 tenuisti
941 903 1280 958 concutiens
1310 907 1568 958 extrema
1598 905 1856 967 terrm,et
1886 916 2082 956 excus—
2189 901 2261 955 do
2293 901 2448 956 sicut
2487 900 2731 955 humani
2783 899 3041 972 corporis
3072 897 3274 952 lutum
3306 896 3367 951 in
3414 896 3768 967 incorruptione

434 992 563 1048 sisti
597 991 810 1063 impios
843 1008 911 1046 ex
939 1007 1006 1046 ea
1028 991 1055 1044 ‘l
1089 1013 1116 1039 ››
1149 995 1346 1047 Potest
1373 991 1493 1046 haec
1520 996 1675 1046 terra
1706 988 1960 1045 Ecclesia
1992 989 2080 1042 in-
2190 991 2571 1062 reparabitur,
2602 990 2684 1045 ita
2713 994 2768 1045 et
2793 989 2990 1045 anima
3019 1005 3157 1042 cum
3188 1003 3258 1043 eo
3292 986 3503 1060 pariter
3529 986 3769 1040 vestimen-

431 1081 614 1154 telligi
648 1097 662 1137 :
695 1081 766 1135 de
817 1081 984 1151 cujus
1029 1080 1426 1135 fundamentis
1475 1079 1760 1135 Dominus
1809 1079 2080 1150 superius
2188 1083 2246 1135 to
2277 1079 2758 1150 immortalitatis,
2790 1077 2949 1134 velut
2999 1075 3154 1132 stola
3195 1075 3400 1148 gloriae
3445 1074 3698 1130 vestietur.
3721 1074 3766 1128 Et

435 1171 600 1237 dixit,
633 1170 705 1225 de
734 1186 849 1240 qua
877 1167 937 1222 in
966 1169 1242 1224 extremis
1295 1171 1477 1233 terrze,
1511 1168 1568 1222 id
1600 1171 1708 1234 est,
1742 1167 1798 1222 in
1833 1166 2078 1222 novissi-
2189 1170 2685 1240 quemadmodum
2720 1169 2847 1241 ipsa
2877 1167 3080 1240 gloria,
3115 1169 3176 1222 et
3206 1164 3564 1235 incorruptio
3589 1164 3765 1218 immor-

435 1275 530 1314 mo
563 1257 772 1314 saeculo
806 1258 1132 1313 excutiendi
1152 1261 1291 1312 sunt
1318 1262 1685 1328 peccatores;
1720 1258 1802 1312 ita
1830 1256 1954 1327 ipse
1977 1255 2080 1310 Do-
2187 1259 2452 1327 talitatis,
2488 1259 2545 1314 id
2576 1263 2685 1325 est,
2708 1257 2976 1313 Christus
3009 1259 3214 1311 manet
3235 1255 3300 1310 in
3331 1257 3598 1310 aeternum
3626 1270 3637 1308 :
3661 1252 3764 1307 itaet

433 1348 628 1403 minus
660 1348 740 1402 ait
773 1362 786 1402 :
818 1349 952 1402 Ecce
980 1346 1269 1413 mandabo,
1303 1351 1353 1402 et
1399 1348 1709 1403 concutiam
1737 1347 1796 1400 in
1827 1345 2081 1400 omnibus
2187 1349 2238 1404 is
2270 1349 2368 1420 qui
2401 1365 2468 1404 ea
2499 1349 2742 1404 indutus
2773 1347 2962 1414 fuerit,
2989 1344 3289 1418 gloriosus
3321 1344 3446 1399 sine
3475 1343 3581 1397 ﬁne
3605 1356 3764 1413 perma-

429 1439 682 1507 ge-ntibus
719 1437 941 1491 domum
970 1437 1157 1503 Israel,
1189 1431 1329 1491 sicut
1375 1438 1682 1491 concutitur
1728 1436 1973 1489 triticum
2016 1435 2079 1488 in
2189 1443 2340 1493 neat.
2365 1443 2442 1493 De
2474 1454 2590 1508 quo
2618 1436 2962 1493 vestimento
2986 1434 3312 1506 respiciens
3335 1433 3407 1488 ad
3435 1431 3612 1487 lutum
3629 1430 3758 1486 carnis

428 1526 604 1582 cribro
637 1527 829 1598 (Amos
858 1544 933 1591 1x,
966 1527 1044 1593 9).
1078 1529 1230 1580 Deus
1277 1541 1412 1596 ergo
1444 1524 1543 1596 qui
1591 1525 1915 1580 secundum
1947 1538 2078 1595 pro-
2189 1545 2328 1598 suae,
2350 1527 2664 1599 Apostolus
2696 1527 2811 1582 ait:
2848 1526 3069 1598 Oportet
3098 1522 3463 1595 corruptibile
3490 1521 3581 1575 hoc
3607 1519 3759 1573 induere

430 1616 668 1688 phetam
700 1631 942 1670 mensus
970 1618 1059 1670 est
1079 1631 1262 1685 aquas
1294 1614 1535 1686 pugillo,
1561 1619 1617 1669 et
1648 1613 1820 1669 oculos
1852 1612 2079 1684 psalmo
2188 1618 2679 1687 incorruptionem,
2714 1621 2763 1670 et
2789 1615 3021 1670 mortale
3052 1613 3152 1669 hoc
3185 1613 3422 1667 induere
3451 1608 3756 1665 immortalita-

430 1703 792 1775 ponderavit,
826 1709 882 1757 et
930 1703 1119 1758 tribus
1149 1703 1350 1774 digitis
1397 1709 1610 1758 terram
1642 1703 1922 1774 appendit
1951 1703 2076 1773 (Isa.
2186 1705 2358 1776 tcm(I
2374 1705 2493 1760 Cor.
2523 1723 2616 1770 xv,
2644 1705 2756 1776 53).
2785 1706 2897 1760 Hoc
2915 1707 3114 1759 tamen
3135 1700 3483 1773 diligentius
3503 1703 3583 1754 est
3602 1698 3759 1751 intuen~

429 1810 520 1859 XL,
555 1793 666 1861 12),
696 1791 822 1862 ipse
843 1808 944 1862 pro
972 1791 1378 1863 magnitudine
1400 1796 1649 1862 utraque
1675 1808 1850 1846 manu
1873 1795 2080 1846 tenens
2188 1795 2584 1866 dum,quodin
2601 1793 2916 1866 Scripturis
2930 1793 3162 1848 diverso
3205 1789 3503 1846 intellectu
3523 1787 3759 1842 vestimen-

432 1881 729 1952 margines
776 1885 961 1948 terrae,
1023 1881 1191 1952 quasi
1241 1880 1494 1936 cribrum
1545 1881 1661 1937 huc
1710 1885 1884 1952 atque
1939 1880 2158 1982 illucB
2187 1888 2246 1939 ta
2271 1883 3004 1939 dicuntur.Vestimentum
3023 1897 3163 1954 ergo
3183 1879 3501 1950 aliquando
3521 1874 3758 1970 diciturip-

432 1969 711 2034 concutit,
764 1969 882 2024 sive
939 1970 1155 2024 excutit
1202 1973 1485 2041 tanquam
1532 1971 1963 2036 vestimentum,
2013 1975 2079 2036 ut
2109 1961 2158 1982 ³⁷
2187 1990 2319 2029 sum
2352 1990 2564 2044 corpus
2591 1977 2882 2039 nostrum,
2910 1988 3026 2043 quo
3057 1971 3266 2025 anima
3293 1967 3452 2024 velut
3481 1965 3665 2021 amictu
3686 1961 3758 2015 cir-

428 2058 645 2130 impios
677 2057 834 2113 velut
864 2057 1080 2130 paleas,
1113 2063 1167 2114 et
1197 2059 1402 2115 lolium
1429 2059 1683 2116 excutiat
1721 2076 1754 2114 a
1786 2059 2076 2115 frumento
2188 2064 2503 2119 cumdatur
2534 2079 2547 2116 :
2582 2063 2735 2117 sicut
2755 2060 3036 2134 propheta
3057 2059 3142 2115 ait
3164 2060 3240 2114 ad
3273 2058 3525 2113 animam
3553 2049 3757 2127 peccatri-

419 2148 740 2217 justorum.
774 2147 1016 2203 Proinde
1047 2147 1168 2202 haec
1190 2148 1391 2204 omnia
1419 2148 1717 2220 operantis
1749 2165 1865 2203 non
1886 2149 2077 2204 solum
2191 2169 2316 2207 cem
2378 2167 2390 2205 :
2459 2151 2674 2223 Operiet
2746 2151 3015 2220 iniquitas
3069 2157 3168 2204 tua
3239 2148 3601 2202 vestimentum
3655 2143 3756 2194 tuum

429 2237 733 2305 fortitudo,
765 2254 966 2293 verum
999 2242 1055 2292 et
1074 2237 1308 2307 justitia
1325 2239 1783 2304 demonstrat,et
1813 2238 1948 2293 inde
1967 2242 2076 2305 est,
2190 2241 2448 2312 (Malach.
2490 2258 2550 2307 II,
2585 2241 2694 2311 16).
2725 2237 3246 2300 Itemvestimenta
3267 2240 3408 2292 sunt
3435 2229 3755 2289 auimavirtu-

433 2327 588 2399 quod
619 2331 819 2381 sancto
849 2327 958 2381 Job
991 2328 1271 2381 Dominus
1305 2343 1437 2381 cum
1471 2327 1864 2398 increpatione
1894 2327 2080 2398 loqui—
2189 2337 2296 2396 tes,
2330 2331 2545 2402 quibus
2583 2329 2787 2385 eadem
2819 2328 3018 2383 anima
3069 2325 3449 2399 componitur
3475 2327 3527 2378 et
3570 2320 3756 2375 ornatur.

433 2419 530 2470 tur
563 2432 576 2470 :
611 2431 791 2487 quare
821 2415 1031 2470 dixerit
1059 2416 1356 2471 innocenti
1387 2416 1497 2471 sibi
1531 2431 1762 2486 poenam
1783 2417 2076 2472 acerrima:
2189 2425 2268 2474 De
2313 2420 2526 2490 quibus
2576 2418 2857 2491 propheta
2893 2417 2975 2473 ait
3013 2417 3084 2472 ad
3126 2418 3365 2487 justum
3415 2405 3755 2468 misericordias

434 2504 774 2559 tentationis
815 2503 1059 2559 illatam.
1094 2504 1428 2559 Secundum
1475 2503 1756 2558 moralem
1789 2519 1924 2558 vero
1954 2520 2080 2558 sen-
2191 2513 2526 2581 operantem
2563 2525 2575 2564 :
2613 2510 2756 2562 Tunc
2786 2514 3032 2578 erumpet
3082 2505 3425 2561 matutinum
3453 2503 3614 2556 lumen
3637 2501 3754 2552 tuum.

435 2609 568 2648 sum
601 2592 995 2665 intelligentiae
1026 2593 1136 2648 loci
1167 2592 1366 2664 hujus,
1389 2597 1454 2647 ut
1475 2594 1700 2648 aestimo
1731 2592 1953 2648 facilior
1972 2592 2082 2647 exi-
2189 2604 2244 2652 et
2290 2599 2610 2653 vestimenta
2656 2605 2751 2652 tua.
2796 2599 2902 2651 cito
2953 2597 3212 2651 orientur
3257 2595 3391 2665 (Isa.
3442 2606 3582 2654 Lvm,
3620 2587 3679 2651 8).
3713 2581 3755 2634 Et

436 2688 553 2750 tus,
587 2686 652 2737 ut
684 2689 894 2738 terram
927 2683 1381 2754 interpretemur
1427 2686 1702 2738 naturam
1734 2681 2079 2752 humanam,
2191 2686 2466 2757 quoniam
2499 2685 2620 2742 haec
2639 2688 2988 2741 vestimenta
3014 2685 3147 2741 viva
3173 2687 3338 2752 sunt,
3365 2686 3422 2737 et
3451 2670 3753 2734 rationabilis,

437 2771 577 2843 quia
611 2772 682 2827 ab
713 2771 894 2826 humo
943 2771 1119 2827 homo
1169 2771 1361 2826 dictus
1391 2775 1499 2836 est,
1531 2775 1586 2826 et
1633 2775 1889 2826 extrema
1942 2770 2080 2837 sint,
2190 2756 2306 2830 non
2338 2776 2479 2830 ﬁent
2525 2775 2652 2843 tibi,
2687 2775 2787 2830 sed
2832 2775 3097 2830 orientur
3137 2775 3198 2828 in
3246 2778 3324 2828 te.
3356 2771 3424 2826 Et
3455 2768 3655 2840 peccata
3687 2756 3754 2812 ali-

438 2863 773 2916 sanctorum
803 2861 945 2927 vita,
969 2861 1107 2932 quia
1135 2861 1195 2916 in
1226 2877 1399 2916 carne
1442 2860 1636 2932 positi,
1685 2861 1810 2915 sine
1841 2858 2084 2914 carnali-
2192 2864 2426 2936 quando
2492 2864 2842 2919 vestimenta
2907 2865 3350 2934 nuncupantur,
3408 2862 3470 2913 ut
3526 2847 3754 2909 Zacharias

436 2951 548 3005 bus
586 2949 877 3005 illecebris
897 2950 1117 3005 vivunt.
1151 2949 1220 3004 Et
1247 2949 1378 3004 ideo
1403 2948 1463 3003 in
1495 2948 1769 3004 extremis
1796 2952 1962 3003 terrae
1995 2947 2082 3002 di-
2192 2954 2476 3027 propheta
2533 2953 2614 3008 ait
2664 2971 2676 3008 ε
2737 2955 2804 3008 Et
2858 2955 3011 3008 Jesus
3069 2956 3195 3007 erat
3241 2950 3462 3005 indutus
3503 2935 3753 3027 aestimauit

435 3044 649 3095 cuntur
681 3079 694 3105 ,
726 3041 797 3096 de
826 3040 1073 3095 terrenis
1117 3040 1343 3095 actibus
1389 3043 1619 3106 euntes,
1651 3055 1767 3094 non
1799 3037 1858 3092 in
1893 3037 2082 3093 medio
2190 3026 2423 3099 sordidis
2452 3043 2630 3114 (Zach.
2666 3059 2747 3096 III.
2783 3041 2858 3113 3).
2890 3041 3046 3097 Dixit
3076 3038 3326 3114 angelus
3363 3037 3430 3092 ad
3461 3049 3548 3090 eos
3577 3026 3752 3114 qui

434 3132 716 3199 tanquam
748 3134 806 3184 in
855 3132 976 3184 tota
1004 3145 1178 3185 carne
1223 3128 1502 3184 viventes.
1534 3132 1666 3184 Haec
1692 3127 1870 3199 igitur
1898 3131 2081 3183 extre-
2192 3133 2336 3188 bant
2365 3109 2559 3188 coram
2609 3148 2692 3198 se,
2726 3109 2926 3186 dicens
2959 3146 2971 3184 :
3004 3109 3233 3198 Auferte
3278 3126 3576 3183 vestimenta
3599 3109 3751 3172 sordida

436 3231 554 3284 ma,
587 3216 707 3272 sive
748 3217 894 3273 fines
925 3222 1092 3272 terrae
1141 3218 1198 3273 in
1234 3233 1410 3272 manu
1463 3217 1693 3272 Domini
1742 3220 1899 3284 sunt,
1933 3216 2085 3271 sicut
2126 3283 2153 3286 _
2193 3223 2264 3277 ab
2293 3237 2352 3278 eo
2386 3240 2402 3274 :
2431 3222 2575 3276 dixit
2603 3221 2690 3276 ad
2716 3237 2881 3276 eum:
2910 3220 3046 3276 Ecce
3072 3218 3283 3274 abstuli
3302 3209 3750 3286 iniquitatcmtua-m,

439 3303 520 3360 ait
542 3283 836 3377 Propheta
873 3323 885 3362 :
920 3309 1065 3375 Quia
1096 3308 1153 3362 in
1203 3322 1375 3361 manu
1419 3305 1534 3376 ejus
1562 3312 1690 3360 sunt
1735 3283 1918 3360 omnes
1949 3305 2083 3373 ﬁnes
2111 3283 2156 3350 Ο
2193 3311 2354 3380 (Ibid,
2390 3311 2463 3383 4),
2497 3315 2684 3383 supra
2714 3310 2970 3365 diximus
2989 3283 3406 3364 vestimentum
3435 3315 3551 3357 esse
3575 3290 3749 3383 gloriare

436 3399 604 3451 terrae
633 3376 803 3463 (Psal.
830 3411 979 3465 xcrv,
1005 3396 1081 3462 4);
1109 3411 1256 3465 quos
1279 3393 1371 3448 hic
1394 3394 1476 3448 ait
1501 3393 1781 3448 Dominus
1804 3410 1865 3448 se
1887 3397 2082 3448 tenere
2192 3376 2671 3468 immortalitatis,
2705 3399 2874 3469 cujus
2919 3397 3048 3454 luce
3079 3413 3210 3470 qua;
3260 3405 3547 3464 nunquam
3573 3376 3749 3470 deﬁciet,

439 3488 614 3554 atque
643 3487 971 3551 concutere,
1003 3487 1069 3538 ut
1098 3486 1356 3538 tremant
1385 3499 1418 3538 a
1446 3483 1591 3537 facie
1649 3483 1799 3553 ejus,
1831 3482 1985 3537 sicut
2012 3482 2081 3536 de
2192 3489 2368 3545 homo
2419 3492 2509 3544 est
2547 3468 2899 3544 aeternaliter
2941 3468 3302 3542 vestiendus.
3342 3479 3447 3538 Alii
3487 3468 3750 3555 interprete?

439 3552 830 3642 (eo—Propheta
858 3572 939 3626 ait
972 3589 985 3626 :
1021 3571 1124 3638 Qui
1168 3573 1391 3643 respicit
1437 3552 1755 3638 terram,et
1799 3571 1934 3640 facit
1963 3586 2083 3625 eam
2192 3578 2276 3632 ita
2324 3577 2597 3632 dixerunt
2628 3594 2641 3632 ε
2678 3580 2743 3632 Et
2773 3580 2834 3631 tu
2874 3591 3099 3631 sumens
3140 3580 3309 3630 terra;
3354 3571 3534 3634 lutum,
3563 3552 3749 3633 ﬁgura-ili

440 3663 674 3712 tremere
698 3659 879 3727 (Psal.
903 3674 1022 3722 cui,
1048 3661 1158 3727 32).
1205 3661 1272 3714 Et
1293 3661 1374 3715 ita
1403 3660 1473 3715 de
1502 3663 1656 3714 terra
1681 3675 1882 3714 eorum
1913 3675 2086 3715 excu-
2194 3667 2486 3736 hominem,
2515 3670 2567 3722 et
2613 3667 2885 3736 famosum
2915 3680 3044 3720 eum
3090 3663 3323 3736 posuisti
3366 3670 3518 3728 super
3562 3655 3719 3736 terra!"
3745 3651 3756 3687 -‘

436 3746 511 3801 tit
539 3745 772 3818 impios,
797 3763 944 3818 quos
965 3748 1565 3820 utiqueexsecrandos
1587 3748 2084 3822 moresintelligi-
2197 3756 2254 3810 id
2305 3761 2412 3822 est,
2476 3731 2758 3811 creaturis
2828 3731 3104 3809 omnibus
3154 3746 3612 3825 praeminentem.
3653 3731 3750 3822 Dm?

440 3851 576 3890 mus
605 3834 905 3892 vitiorum.
928 3835 1160 3892 Excutit
1189 3853 1325 3908 ergo
1357 3837 1633 3893 Dominus
1663 3837 1930 3894 asanctis
1960 3837 2083 3892 suis
2194 3845 2318 3900 haec
2350 3844 2635 3900 Dominus
2666 3845 2738 3900 ad
2791 3843 2900 3899 Job
2944 3842 3228 3914 loquitur,
3258 3833 3598 3894 vehementer
3619 3829 3750 3914 argi!“

439 3924 621 3996 hujus
653 3925 856 3980 mundi
890 3925 1122 3997 impios,
1156 3927 1390 3998 quando
1423 3942 1520 3982 eos
1561 3927 1632 3982 ab
1665 3926 1780 3982 illis
1811 3927 2083 3999 puriﬁca-
2195 3939 2312 3990 tur,
2343 3934 2677 3990 secundum
2720 3936 2914 3988 autem
2946 3911 3228 4004 ωέειίεοε
3258 3924 3582 3984 intellectus,
3607 3911 3749 4004 otium:

439 4019 531 4070 tos
561 4015 868 4071 constituit
897 4015 1255 4072 innocentes.
1289 4015 1368 4072 De
1396 4016 1612 4072 talibus
1642 4017 1843 4089 impiis
1874 4021 1930 4072 et
1961 4034 2088 4088 pec-
2196 4025 2404 4080 brante
2451 4023 2675 4095 Spiritu
2727 4025 2950 4089 sancto,
3001 3999 3288 4092 figuratus
3333 4017 3416 4070 est
3459 4011 3609 4065 homo
3626 3999 3746 4095 lesus

441 4106 737 4161 catoribus
785 4105 1071 4178 propheta
1119 4106 1349 4162 dicebat
1382 4124 1394 4162 :
1441 4108 1503 4161 In
1544 4086 1833 4172 matutino,
1866 4107 1924 4162 id
1961 4086 2083 4177 est,
2197 4112 2464 4167 Christus
2497 4086 2567 4168 de
2606 4115 2762 4167 terra
2791 4086 2982 4166 Mariae
3028 4086 3293 4182 virginis.
3325 4103 3422 4159 Hic
3449 4095 3603 4170 igitur
3626 4086 3743 4182 ho‘m‘i

441 4194 502 4249 in
533 4194 861 4266 cognitione
892 4195 1148 4251 scientiae
1180 4195 1303 4265 Dei,
1336 4195 1469 4251 ﬁdei
1500 4195 1559 4250 in
1591 4213 1684 4251 me
1717 4194 1955 4252 lucerna
1985 4213 2086 4251 na-
2197 4201 2267 4255 de
2297 4200 2421 4256 luto
2453 4200 2647 4256 carnis
2678 4200 2948 4254 humana:
2976 4170 3316 4268 assumptus
3348 4194 3450 4247 est.
3479 4185 3651 4240 Lutum
3675 4170 3745 4223 δυσ

443 4289 660 4353 scente,
692 4274 1089 4356 interficiebam
1117 4302 1302 4342 omnes
1330 4290 1640 4358 peccatores
1668 4290 1852 4359 terrm,
1879 4291 1939 4342 ut
1968 4287 2087 4344 dis-
2195 4289 2321 4345 loco
2353 4306 2469 4344 non
2510 4293 2745 4361 propter
2773 4288 3053 4344 vilitatem
3107 4282 3360 4342 nominis
3403 4276 3596 4333 dictum
3621 4270 3744 4361 ῐιοῖξε·

439 4372 722 4444 perderem
746 4375 811 4429 de
838 4377 1055 4431 civitate
1078 4377 1304 4431 Domini
1323 4378 1552 4446 (Psal.c,
1575 4376 1630 4444 8)
1655 4393 1667 4431 :
1696 4377 1954 4448 qualibet
1974 4378 2087 4432 uti-
2197 4379 2404 4450 rimus,
2439 4359 2538 4434 sed
2573 4359 2808 4450 propter
2838 4367 3388 4450 ipsam’materiam,
3420 4367 3482 4420 de
3509 4373 3606 4452 (Illa.
3629 4359 3742 4452 “in”:

445 4478 559 4534 que
581 4445 2089 4538 animasancta,omnesoperantesiniquitatem.Sive
2195 4473 2334 4541 ptus
2363 4445 2453 4524 est
2499 4445 2766 4524 Christ—us
2801 4483 2812 4521 :
2845 4445 3023 4523 veluti
3064 4467 3249 4522 Adam
3297 4461 3352 4515 in
3397 4445 3652 4528 Primipio’

440 4551 502 4608 in
536 4553 854 4610 novissimo
870 4554 1091 4610 tenebit
1112 4555 1264 4610 Deus
1296 4555 1793 4627 mundum,quasi
1825 4573 1988 4612 reum
2015 4557 2087 4611 ad
2196 4532 2267 4613 de
2295 4557 2434 4613 limo
2459 4561 2622 4614 terra:
2653 4556 2980 4629 plasmatus
3020 4559 3126 4612 est.
3152 4555 3220 4609 Et
3261 4550 3404 4606 sicut
3426 4540 3510 4597 ille
3528 4532 3738 4629 Per"???

435 4643 730 4713 judicium
762 4660 958 4713 suum,
993 4660 1109 4715 quo
1138 4647 1397 4716 tempore
1426 4648 1683 4700 extrema
1708 4645 1881 4701 etiam
1912 4650 2091 4701 terra—
2119 4655 2167 4720 D
2199 4647 2425 4703 exsistit
2442 4646 2512 4702 de
2533 4615 2673 4702 sinu
2691 4650 2860 4701 terrm
2884 4663 2898 4701 :
2922 4645 3002 4700 ita
3021 4648 3077 4700 et
3102 4644 3196 4699 hic
3217 4656 3316 4714 per
3335 4644 3500 4720 unum
3521 4615 3738 4720 creari-itif:

445 4693 730 4713 ,ηηη-
762 4693 958 4713 -__-_,
997 4693 1105 4715 γ-
1144 4693 1394 4716 απτ---
1430 4693 1683 4700 ---------_
1917 4693 2065 4701 ---η
2200 4693 2425 4703 -..-..,..-
2445 4693 2511 4702 η
2533 4693 2664 4702 -.-...
2697 4693 2858 4701 --.-..
2884 4693 2896 4701 .
2923 4693 3002 4700 --ν
3025 4693 3076 4700 --
3102 4693 3192 4699 _--
3218 4693 3277 4714 τ-

445 4749 578 4788 rum
610 4732 976 4788 conscientiae
1005 4736 1257 4790 tremore
1287 4733 1646 4804 quatientur,
1680 4733 1781 4788 ubi
1813 4733 2090 4790 minimos
2119 4693 2167 4720 υ
2201 4752 2282 4804 se,
2316 4737 2603 4792 formatus
2625 4739 2714 4791 est
2741 4735 2801 4789 in
2835 4738 2998 4790 utero
3021 4732 3247 4789 matris.
3275 4727 3336 4782 Et
3355 4723 3430 4777 ita
3455 4693 3738 4804 Γθωοευεξξξ

422 4838 711 4893 quosque
741 4821 802 4876 in
849 4823 1124 4878 extremis
1167 4812 1331 4877 terrae
1385 4822 1708 4895 intelligere
1754 4839 2093 4895 possumus,
2206 4843 2384 4899 super
2403 4841 2636 4881 omnem
2669 4827 2884 4879 terram
2910 4838 2924 4878 :
2953 4823 3108 4878 unde
3122 4823 3244 4894 jam
3266 4833 3297 4871 a
3322 4809 3448 4869 solis
3473 4805 3580 4899 ortu

449 4867 711 4893 νυν-ιη
851 4867 1124 4878 mum..-
1172 4867 1331 4877 πηνα
1386 4867 1708 4895 ..ην-..ενα
1757 4867 2093 4895 Fumus”,
2206 4867 2271 4882 νυ
2321 4867 2372 4882 υ.
2403 4867 2636 4881 omne...
2673 4867 2922 4879 mu...“
2957 4867 3296 4894 -..παν---
3330 4867 3340 4869 ἡ

449 4910 548 4980 qui
576 4915 633 4966 et
660 4911 774 4984 ipsi
797 4911 961 4982 justo
984 4911 1208 4983 judicio
1246 4911 1361 4980 Dei,
1385 4915 1449 4966 ut
1479 4911 1716 4983 superbi
1747 4916 1803 4967 et
1831 4912 1999 4984 impii
2021 4914 2092 4969 de
2202 4867 2575 4973 adyoccasum
2607 4912 2878 4969 laudetur
2907 4927 3120 4968 nomen
3142 4902 3359 4966 Domini
3389 4890 3536 4984 (Psal.
3562 4867 3752 4984 CILI-3.33:.

468 4965 484 4980 .
592 4965 595 4966 ν
664 4965 743 4984 τί
797 4965 847 4982 ..κ
984 4965 1198 4983 ..ην-η
1247 4965 1269 4967 -
1298 4965 1310 4967 ~
1349 4965 1361 4980 ι
1674 4965 1682 4967 ε
1756 4965 1801 4967 η
2203 4965 2273 4973 κ-
2308 4965 2575 4972 "ww—-
2608 4965 2867 4969 --πν--κν
2908 4965 3155 4968 ----ηνη
3396 4965 3402 4970 -
3656 4965 3664 4972 -

450 5002 605 5053 terra
652 5005 1093 5057 mansuetorum
1149 5000 1477 5057 excutiendi
1531 5004 1686 5056 sunt.
1717 5002 1888 5071 :Beati
1934 5003 2090 5058 enim
2277 5028 2300 5055 α
2334 5005 2646 5059 Auferetur
2701 5003 2771 5058 ab
2828 5001 3027 5073 impiis
3088 5000 3187 5056 lux
3241 5008 3357 5061 sua,
3411 4988 3460 5040 et
3507 4965 3732 5073 13“chng

449 5088 628 5180 mites,
649 5091 918 5159 quoniam
964 5092 1074 5162 ipsi
1099 5090 1443 5162 possidebunt
1463 5097 1668 5145 terram
1697 5054 1903 5162 (litatth.
1936 5109 1990 5157 v,
2014 5093 2088 5164 4).
2203 5093 2499 5151 excelsum
2530 5054 2950 5164 confringetur.
2987 5112 3016 5142 »
3048 5091 3171 5146 Lux
3200 5054 3733 5180 impiofumfffjﬂl:

523 5199 551 5226 ‹‹
585 5175 946 5235 Restituetur
966 5184 1032 5236 ut
1052 5179 1240 5236 lutum
1261 5180 1724 5253 signaculum,et
1745 5181 1926 5236 stabit
1943 5181 2095 5237 sicut
2202 5183 2409 5238 mundi
2439 5181 2642 5255 gloria,
2676 5185 2734 5236 et
2760 5179 3026 5248 felicitas,
3056 5195 3179 5252 quas
3211 5167 3412 5230 mundo
3437 5149 3727 5272 ρτδῗξξὲἶξξ

450 5267 888 5324 vestimentum.
923 5295 945 5322 ι
982 5269 1361 5342 Signaculum
1394 5271 1574 5337 istud,
1607 5270 1806 5326 anima
1835 5271 2093 5328 hominis
2200 5239 2498 5336 transibit,
2531 5270 2683 5326 sicut
2731 5273 2788 5325 et
2835 5267 3109 5324 Salomon
3141 5265 3219 5322 ait
3250 5279 3262 5316 :
3297 5259 3475 5312 Lumen

447 5355 817 5429 intelligitur,
837 5376 966 5432 quae
997 5318 1077 5414 ad
1085 5359 1402 5432 imaginem
1420 5360 1518 5415 Dei
1540 5318 1690 5415 facta
1717 5364 1824 5416 est.
1849 5361 2019 5432 Expre

2202 5364 2586 5431 crcstznguetur
2633 5360 2815 5431 (Prov.
2867 5375 2990 5429 xm,
3038 5358 3094 5425 9)
3148 5374 3160 5411 :
3208 5355 3260 5407 et
3303 5318 3721 5450 eorumizlfmgﬁi;

453 5462 519 5501 sa
545 5451 634 5502 est
673 5447 732 5502 in
782 5464 850 5504 ea
881 5448 1203 5504 similitudo
1254 5449 1531 5504 bonitatis
1562 5450 1662 5504 Dei
1711 5449 2094 5521 omniumque
2203 5449 2482 5522 potentia,
2533 5465 2658 5521 quae
2707 5447 2934 5504 brachii
2988 5447 3222 5502 nomine
3268 5435 3408 5492 dicta
3453 5435 3582 5478 ειωιν

445 5536 737 5593 virtutum
777 5537 974 5595 decus.
1030 5539 1148 5594 Hoc
1178 5538 1358 5611 igitur
1405 5538 1775 5611 signaculum
1820 5538 2094 5611 imaginis
2204 5542 2594 5595 conterentur.

450 5625 555 5684 Dei
595 5630 652 5686 et
697 5627 1120 5696 similitudinis,
1153 5643 1256 5700 per
1299 5629 1432 5683 Adae
1482 5633 1782 5699 peccatum
1829 5628 2094 5684 attritum
2275 5625 2633 5700 «Numquid
2678 5625 2980 5699 ingressus
3029 5637 3092 5682 es
3142 5616 3298 5696 profu

440 5717 665 5794 fuerat,
696 5721 757 5786 et
797 5718 1224 5799 oblitteratum,
1256 5720 1316 5777 et
1360 5733 1598 5778 rursum
1651 5733 1756 5794 per
1797 5715 2094 5780 Christum
2201 5717 2266 5798 in
2294 5715 2629 5799 novissimis
2659 5715 2856 5797 abyssi
2909 5704 3303 5779 deambulasti.

3303 5607 3460 5667 udum
3497 5577 3650 5672 maris:
3681 5563 3718 5618 et

3331 5718 3357 5754 ai
3381 5667 3716 5772 [Providentia
