3980 6184
267 419 384 484 797

1249 425 1764 490 COMMENTAR.
1812 429 1892 488 ΙΝ
1933 417 2074 489 JOB
2117 425 2288 486 CAP.
2335 425 2660 486 XXXVIII.

3544 427 3665 489 798

273 571 447 613 suam
479 559 632 611 Deus
663 572 782 628 qua
810 561 1017 614 cuncta
1062 558 1365 630 dispensat
1410 565 1467 616 et
1520 560 1689 633 regit,
1721 561 1782 616 in
1832 561 1926 618 his
1953 560 2008 627 Α
2037 558 2174 615 bras
2201 559 2644 624 descendentes,
2674 555 3044 612 lasciviarum
3074 556 3254 613 nimio
3307 559 3490 631 ﬂuxu,
3519 558 3680 616 velut

255 642 418 718 _loeis
451 644 637 699 multo
687 645 1038 718 copioseque
1081 664 1352 704 sermone
1399 649 1713 721 significat.
1766 651 1926 706 Unde

275 733 358 787 ait
387 733 458 788 ad
488 733 638 788 Job:
673 734 730 788 Si
757 740 920 805 potes
953 735 1170 806 ubique
1215 754 1345 792 esse
1393 743 1449 793 et.
1510 756 1683 794 nosse
1727 740 1926 795 omnia

275 839 406 893 quae
437 827 633 878 creata
688 828 862 878 sunt:
923 829 979 879 et
1035 827 1085 881 si
1143 826 1373 883 abditos
1429 831 1715 884 terrarum
1758 830 1925 884 sinus

275 917 584 983 penetrare
641 913 902 983 potuisti,
963 914 1011 969 si
1061 916 1236 970 etiam
1283 917 1574 988 profunda
1621 918 1826 986 maris,
1870 923 1925 973 et

278 1001 603 1056 novissima
629 1003 759 1072 ejus
808 1007 982 1073 atque
1034 1009 1291 1060 extrema
1348 1006 1544 1078 abyssi
1576 1012 1922 1079 pervagatus

275 1104 359 1142 es.
391 1088 479 1140 Ad
511 1086 968 1160 increpationem
1001 1105 1134 1161 ergo
1171 1091 1278 1146 Job
1327 1092 1440 1148 ista
1483 1093 1776 1149 dicuntur.
1815 1095 1924 1149 Ubi

272 1175 373 1230 alii
405 1176 719 1231 dixerunt:
757 1177 1030 1250 Numquid
1058 1182 1332 1250 ingressus
1361 1197 1416 1237 es
1462 1185 1672 1253 fontem
1710 1186 1925 1239 maris?

272 1263 509 1320 initium
543 1270 722 1336 atque
749 1267 1057 1339 originem,
1093 1271 1246 1326 unde
1294 1271 1491 1342 ipsum
1541 1288 1719 1341 mare,
1753 1273 1923 1344 quasi

272 1356 346 1409 de
379 1353 638 1424 matrice,
671 1354 742 1408 de
774 1355 919 1410 mari
956 1357 1181 1413 Oceano
1242 1364 1494 1430 emanat,
1540 1361 1730 1416 dicere
1759 1362 1922 1417 vide-

272 1447 393 1510 tur,
429 1443 582 1513 quod
617 1443 827 1498 Oceani
877 1446 1116 1516 perenni
1165 1464 1341 1503 cursu
1401 1466 1466 1503 ac
1525 1466 1764 1505 recursu
1798 1451 1920 1506 fieri

272 1531 566 1597 novimus,
602 1533 908 1604 feruntque
940 1533 1076 1588 hoc"
1107 1540 1283 1606 atque
1341 1537 1712 1608 confirmant,
1763 1539 1919 1609 quod

274 1619 379 1675 illa
411 1620 692 1675 immensa
746 1622 952 1699 etfusio
1014 1624 1192 1678 maris
1240 1625 1471 1691 Oceani,
1507 1643 1608 1698 per
1655 1628 1920 1683 omnium

276 1709 578 1781 regionum
611 1727 676 1764 ac
706 1710 1136 1781 provinciarum
1164 1714 1372 1769 fluvios
1403 1720 1558 1770 itura
1588 1734 1703 1771 uno
1737 1734 1918 1788 punc-

274 1801 335 1851 to
385 1798 659 1868 temporis
711 1799 830 1853 ﬁat.
883 1803 957 1852 At
1006 1817 1112 1854 nos
1151 1806 1348 1857 tamen
1403 1804 1622 1859 scimus
1654 1807 1918 1861 omnium

269 1885 505 1940 dierum
559 1903 624 1940 ac
684 1887 944 1942 noctium
998 1888 1302 1946 alternatis
1359 1894 1756 1960 successibus,
1819 1913 1921 1966 per

273 1974 452 2029 horas
485 1974 688 2046 viginti
746 1982 998 2048 quatuor
1054 1979 1270 2048 venire,
1331 1985 1506 2052 atque
1561 1984 1737 2038 unius
1767 1983 1920 2038 horae

266 2063 698 2134 aequinoctialis
758 2065 1038 2121 dodrante
1095 2068 1464 2136 transmisso,
1527 2071 1750 2127 tardius
1795 2073 1922 2129 sine

268 2153 734 2216 intermissione.
798 2157 918 2212 sive
973 2158 1067 2211 die
1123 2158 1338 2224 venire,
1398 2162 1516 2216 sive
1574 2168 1762 2233 nocte,
1821 2181 1923 2234 per

264 2242 534 2314 quinque
566 2244 1004 2315 aequinoctiales
1034 2247 1208 2303 horas
1249 2249 1572 2315 refluitura,
1630 2257 1771 2306 azstu
1808 2253 1922 2307 vio-

235 2331 542 2403 lentoque
597 2332 843 2404 impetu,
912 2335 1029 2390 sive
1093 2337 1150 2390 in
1221 2339 1438 2408 Opertis
1502 2344 1731 2394 tantum
1803 2341 1921 2396 sive

263 2420 488 2476 retusis
516 2438 863 2494 magnorum
896 2440 1130 2495 quoque
1160 2425 1472 2482 fluminum
1534 2430 1809 2484 cursibus
1847 2431 1917 2485 ad

261 2511 574 2581 superiora
639 2512 1046 2583 conscendere,
1107 2531 1172 2568 ac
1233 2531 1337 2585 per
1392 2522 1612 2588 septem
1655 2519 1918 2588 ejusdem

266 2614 562 2653 mensurae
603 2599 777 2655 horas
814 2617 988 2655 cursu
1046 2602 1220 2673 paulo
1259 2603 1477 2660 leniore
1536 2607 1824 2678 diffluere,
1865 2614 1921 2663 et

264 2685 336 2740 in
367 2703 434 2741 ea
462 2691 688 2742 tantum
723 2706 850 2760 quze
882 2690 1135 2760 quinque
1166 2691 1324 2747 horis
1357 2693 1586 2749 fuerant
1624 2697 1916 2768 suppleta,

260 2792 538 2832 vacuare.
598 2777 845 2833 Proinde
898 2778 1240 2836 incredibile
1288 2782 1469 2837 videri
1528 2790 1734 2856 potest,
1764 2789 1918 2858 quod

264 2864 336 2918 in
368 2865 568 2920 eodem
616 2866 764 2921 mari
793 2865 950 2922 velut
979 2869 1106 2924 fons
1135 2871 1377 2941 quidam
1415 2877 1713 2930 tantarum
1746 2892 1921 2947 aqua-

266 2969 408 3006 rum
439 2952 700 3024 ebulliat,
735 2955 805 3010 de
838 2957 1007 3026 cujus
1057 2959 1451 3029 profunditate
1500 2966 1556 3016 et
1593 2963 1919 3019 sufficiente

264 3043 506 3111 abysso,
534 3043 770 3098 deﬁnito
827 3045 939 3099 sibi
971 3049 1230 3118 tempore
1261 3064 1424 3119 aquae
1456 3048 1568 3105 illae
1601 3051 1657 3105 in
1711 3069 1921 3124 super-

269 3131 405 3186 ﬁcie
436 3132 840 3202 profundatur,
874 3139 930 3190 et
962 3153 1199 3191 rursum
1254 3144 1653 3196 reccurrentes
1701 3140 1760 3196 in
1793 3158 1918 3197 eos-

271 3221 412 3275 dem
445 3221 936 3291 profundissimos
989 3224 1156 3281 sinus
1208 3225 1520 3284 decidant:
1566 3230 1918 3303 praecipites-

1951 1933 2000 1997 B

2035 665 2323 720 aquarum
2355 647 2734 704 multitudine
2763 645 3210 718 deprimuntur:
3244 651 3315 702 ad
3345 648 3452 704 hos
3480 648 3679 704 Domi-

2035 754 2148 792 nus
2179 742 2379 793 noster
2435 736 2730 792 neminem
2789 734 3140 806 despiciens,
3199 751 3521 808 omnesque
3560 736 3676 793 sal-

2032 843 2166 880 vare
2197 826 2438 896 cupiens
2468 827 2515 896 (Ι
2544 827 2676 880 Tim.
2737 841 2797 888 Il,
2860 825 2933 895 4),
2994 823 3190 878 venire
3245 824 3521 895 dignatus
3563 831 3674 892 est,

2033 919 2101 970 ut
2132 916 2307 970 corda
2334 932 2536 970 eorum
2592 913 2939 970 infidelitate
2995 918 3224 980 caecata,
3287 930 3389 985 per
3427 914 3676 986 gratiam

2033 1021 2201 1059 suam
2227 1003 2605 1071 illuminaret,
2642 1009 2698 1058 et
2729 1003 2915 1058 effecti
2945 1003 3045 1057 lux
3074 1003 3134 1058 in
3183 1003 3427 1059 Domino
3458 1003 3674 1074 (Ephes.
3755 1066 3761 1074 ,

2032 1111 2086 1157 ν,
2118 1093 2196 1163 8),
2228 1092 2432 1148 ﬁerent
2458 1092 2744 1164 templum
2771 1093 2920 1162 ejus,
2965 1096 3032 1146 ut
3078 1092 3472 1148 inambularet
3500 1096 3558 1149 et
3585 1092 3674 1147 in-

2034 1182 2324 1237 habitaret
2384 1183 2441 1236 in
2509 1182 2613 1251 eis,
2683 1187 2740 1236 et
2799 1186 2954 1237 esset
3010 1197 3213 1236 eorum
3267 1187 3420 1238 Deus
3465 1184 3520 1251 (Ι
3549 1181 3672 1238 Cor.
3751 1195 3770 1208 ‘

2032 1289 2116 1340 III,
2146 1274 2253 1339 16).

2106 1385 2127 1413 ι
2167 1360 2468 1431 Numquid
2495 1365 2706 1431 apertae
2729 1365 2867 1415 sunt
2889 1361 2991 1415 tibi
3025 1365 3200 1432 porta:
3239 1361 3465 1428 mortis,
3498 1364 3556 1416 et
3582 1377 3675 1416 os-

2030 1450 2112 1504 tia
2143 1450 2451 1504 tenebrosa
2478 1449 2678 1504 vidisti
2702 1449 2730 1503 ?
2757 1471 2776 1498 ι
2808 1449 2981 1504 Nulla
3001 1453 3267 1506 creatura
3295 1455 3385 1506 est
3405 1449 3675 1521 quamvis

2031 1542 2356 1610 praepotens
2385 1543 2441 1594 et
2472 1539 2654 1604 fortis,
2688 1555 2814 1608 quo'e
2835 1539 2938 1593 Dei
2989 1539 3276 1608 majestati
3335 1541 3534 1610 posset
3573 1539 3676 1594 ob-

2031 1626 2255 1683 sistere.
2287 1629 2355 1683 Et
2386 1629 2514 1683 ideo
2555 1627 2694 1698 quia
2743 1643 2846 1698 per
2894 1632 3164 1682 naturam
3214 1627 3474 1682 sentiunt
3501 1631 3673 1682 Crea-

2030 1718 2472 1784 torem,cedunt
2500 1716 2706 1782 divinas
2739 1716 3033 1787 potentiae,
3065 1733 3182 1786 qua
3211 1715 3262 1770 ei
3295 1716 3533 1770 omnino
3573 1733 3673 1771 ne-

2030 1811 2256 1875 queunt
2285 1806 2588 1861 contraire.
2624 1805 2787 1860 Unde
2819 1805 3043 1876 antiqui
3094 1805 3440 1876 interpretes
3478 1804 3561 1860 ita
3590 1805 3676 1859 di-

2030 1898 2277 1950 xerunt:
2309 1894 2585 1965 Numquid
2613 1899 2824 1964 apertae
2868 1897 2998 1948 sunt
3055 1894 3160 1948 tibi
3210 1901 3387 1964 portae
3429 1895 3620 1948 mortis
3648 1896 3675 1947 ?

2031 1984 2138 2039 Ubi
2169 1984 2598 2051 intellexerunt,
2633 1983 2772 2054 quia
2801 1984 3141 2052 hujusmodi
3175 1988 3371 2054 portae,
3405 1999 3532 2053 quae
3564 1982 3675 2037 uti-

2032 2091 2144 2145 que
2166 2079 2528 2140 metuuntur,
2556 2090 2669 2127 non
2689 2072 2809 2127 sint
2830 2071 3201 2126 insensibiles
3224 2076 3280 2125 et
3299 2070 3671 2138 inanimales,

2032 2165 2129 2218 sed
2160 2164 2280 2219 sint
2311 2162 2391 2216 illi
2422 2162 2614 2234 potius
2660 2161 2901 2233 spiritus
2949 2160 3259 2227 immundi,
3314 2159 3535 2214 inimici
3566 2176 3670 2214 no-

2033 2253 2161 2317 stri,
2195 2251 2536 2307 adversariae
2566 2250 2830 2305 videlicet
2864 2253 3200 2321 potestates,
3243 2265 3346 2321 per
3397 2265 3544 2320 quas
3575 2265 3672 2319 ge-

2031 2341 2154 2397 neri
2188 2341 2446 2396 humano
2474 2340 2747 2394 introitus
2807 2339 3076 2394 inventus
3122 2342 3211 2394 est
3269 2339 3338 2393 ad
3391 2343 3663 2392 mortem.

2033 2433 2174 2502 Ipsae
2207 2435 2345 2485 sunt
2373 2433 2429 2484 et
2458 2429 2607 2484 ostia
2638 2429 2964 2495 tenebrosa,
2999 2443 3250 2499 quorum
3281 2426 3512 2482 animos
3545 2443 3672 2480 ma-
3721 2469 3729 2477 ,

2029 2519 2253 2583 Iiwlos,
2285 2523 2341 2574 et
2371 2517 2723 2572 obscuritate
2773 2516 3002 2571 invidiae
3051 2515 3274 2586 plenos,
3325 2515 3480 2570 Deus
3511 2513 3672 2570 solus

2029 2608 2327 2679 perspicit.
2362 2607 2546 2679 Igitur
2572 2605 2847 2678 quoniam
2882 2605 2941 2660 hi
2974 2606 3044 2660 de
3092 2605 3308 2676 quibus
3354 2603 3673 2675 loquimur,

2028 2699 2278 2754 tenebrae
2312 2697 2474 2752 facta:
2507 2700 2646 2751 sunt
2677 2695 2998 2751 recedende
3057 2712 3090 2748 a
3139 2710 3274 2749 vero
3332 2693 3576 2759 lumine,
3617 2697 3676 2747 et

2030 2791 2343 2859 potestates
2393 2789 2533 2840 sunt
2575 2785 2949 2839 tenebrarum
3003 2782 3302 2854 appellatae
3345 2781 3558 2852 (Ephes.
3593 2799 3671 2848 v1,

2031 2879 2139 2944 12),
2188 2877 2247 2930 id
2299 2878 2408 2941 est,
2457 2873 2746 2944 principes
2797 2872 3104 2926 hominum
3164 2874 3559 2942 peccatorum,
3617 2873 3674 2923 et

2029 2965 2242 3022 idcirco
2273 2965 2449 3020 etiam
2498 2961 2647 3018 ostia
2694 2962 3002 3016 tenebrosa
3049 2960 3344 3024 dicuntur,
3390 2957 3672 3029 quoniam

2030 3053 2368 3124 deceptione
2389 3068 2612 3117 eorum,
2656 3050 2845 3105 factus
2872 3053 2961 3104 est
3008 3048 3228 3103 homini
3273 3063 3378 3118 per
3408 3051 3676 3117 peccato-

2030 3159 2162 3197 rum
2193 3141 2464 3196 tenebras
2496 3140 2800 3209 ingressus
2830 3137 2903 3191 ad
2928 3139 3196 3191 mortem.
3231 3133 3338 3188 Ubi
3388 3147 3524 3204 ergo
3557 3131 3676 3186 dic-

2031 3237 2159 3286 tum
2198 3234 2304 3296 est,
2348 3228 2497 3284 ostia
2551 3227 2859 3282 tenebrosa
2912 3224 3135 3294 vidisti,
3194 3222 3334 3294 quid
3400 3238 3508 3277 nos
3548 3221 3675 3291 jam

265 3325 391 3378 que
420 3309 743 3376 discedant,
777 3315 834 3366 et
864 3329 897 3367 a
940 3317 1052 3368 Deo
1102 3314 1212 3369 sibi
1263 3317 1580 3372 constituta
1633 3317 1758 3389 lege
1787 3336 1916 3390 per-
1955 3303 1997 3370 C
2036 3318 2435 3390 exposuimus,
2468 3315 2565 3371 alii
2587 3315 2931 3386 interpretes
2962 3312 3154 3368 locum
3186 3311 3381 3383 ipsum
3428 3308 3676 3364 manife-

266 3401 470 3468 petua,
503 3399 573 3454 ab
607 3398 742 3455 imis
772 3417 1004 3473 semper
1051 3403 1336 3459 ebulliant
1382 3408 1555 3476 atque
1612 3405 1828 3462 iterum
1861 3407 1919 3462 in

263 3487 397 3541 ima
425 3487 759 3555 decurrant,
799 3495 856 3544 et
893 3489 1028 3545 inde
1089 3493 1330 3548 forsitan
1379 3493 1590 3549 diverit
1639 3495 1792 3551 Deus
1849 3498 1920 3552 ad

258 3578 540 3630 sanctum
570 3576 716 3632 Job:
751 3577 1050 3649 Numquid
1084 3580 1390 3652 ingressus
1421 3599 1482 3637 es
1531 3583 1753 3640 fontem
1796 3603 1920 3641 ma-

261 3663 404 3719 ris?
468 3665 753 3728 Quoniam
807 3668 917 3722 Deo
970 3669 1076 3724 soli
1137 3674 1274 3725 nota
1321 3675 1461 3726 sunt
1518 3689 1644 3744 quae
1689 3675 1920 3730 creavit.

265 3753 450 3807 Porro
479 3756 800 3810 secundum
850 3758 1124 3828 mysticos
1176 3758 1506 3815 intellectus
1555 3760 1663 3816 hoc
1704 3762 1919 3818 dixisse

261 3847 458 3896 Deum
491 3847 648 3913 puto,
683 3845 839 3915 quod
889 3845 1043 3900 circa
1083 3847 1258 3901 finem
1303 3847 1497 3909 saeculi
1552 3866 1654 3920 pro
1693 3851 1925 3909 redem-

267 3931 473 4002 ptione
505 3932 762 3988 hominis
804 3934 874 3988 ad
927 3934 1145 3990 inferos
1194 3951 1323 3991 esse
1371 3937 1788 4003 descensurus,
1822 3939 1922 3994 ubi

266 4035 381 4090 pro
403 4023 686 4090 potestate
709 4022 1121 4078 descendentia
1137 4024 1545 4081 deambulasse
1567 4042 1701 4081 eum
1733 4028 1880 4082 dixit
1904 4046 1916 4084 :

268 4107 425 4170 Quia
455 4107 819 4180 impossibile
865 4117 1010 4178 erat,
1063 4116 1126 4166 ut
1181 4113 1346 4183 quasi
1395 4131 1531 4170 reus
1580 4117 1798 4185 peccati
1831 4117 1919 4172 in-

264 4197 600 4254 fernalibus
656 4199 902 4255 vinculis
961 4205 1255 4256 teneretur
1310 4203 1444 4273 (Act.
1507 4221 1566 4269 ιι,
1619 4205 1730 4275 24).
1792 4206 1924 4277 Ipse

267 4287 434 4344 enim
461 4287 624 4343 solus
677 4287 862 4343 factus
906 4294 1016 4358 est,
1068 4290 1221 4346 sicut
1279 4291 1474 4348 homo.
1536 4294 1620 4348 Ad
1666 4311 1923 4365 praesens

268 4375 520 4448 quidem
555 4376 681 4431 sine
725 4378 1036 4449 adjutorio,
1084 4379 1185 4434 sed
1216 4384 1413 4436 tamen
1472 4382 1625 4438 inter
1658 4389 1922 4440 mortuos

267 4464 428 4520 liber
471 4466 640 4535 (Psal.
692 4483 932 4534 Lxxxvu,
981 4468 1056 4538 6).
1090 4468 1251 4531 Quod
1309 4475 1505 4526 autem
1565 4471 1830 4528 infernus
1862 4473 1921 4527 in

268 4555 397 4610 imo
430 4558 717 4610 terrarum
755 4556 850 4626 sit,
880 4556 1062 4612 Jonas
1093 4557 1394 4628 propheta,
1427 4559 1528 4630 qui
1590 4561 1924 4631 specialiter

2033 3408 2183 3464 stius
2213 3404 2662 3469 transtulerunt,
2714 3403 2796 3457 ita
2841 3402 3120 3456 dicentes.
3177 3423 3205 3450 ‹‹
3253 3402 3369 3455 Aut
3388 3398 3674 3470 janitores

2030 3495 2244 3551 inferni
2272 3494 2538 3550 videntes
2589 3498 2642 3547 te
2690 3491 3034 3555 timuerunt,
3083 3512 3112 3538 ››
3163 3488 3261 3559 qui
3311 3487 3472 3543 locus
3503 3502 3676 3558 expo-

2033 3586 2241 3642 sitione
2300 3600 2416 3640 non
2472 3580 2714 3653 indiget,
2774 3580 2918 3652 quin
2978 3578 3173 3650 potius
3229 3577 3384 3649 quod
3429 3577 3676 3632 obscure

2032 3675 2194 3747 prius
2228 3675 2450 3729 dictum
2485 3676 2593 3738 est,
2618 3669 2988 3742 apertissime
3020 3665 3358 3723 declaravit.
3388 3664 3491 3721 Vel
3522 3669 3675 3720 certe

2033 3764 2091 3818 in
2124 3763 2394 3833 passione
2425 3765 2482 3816 et
2512 3761 2570 3814 in
2604 3763 2788 3814 morte
2809 3755 3062 3821 Domini,
3085 3755 3207 3810 hac
3229 3771 3355 3826 quae
3378 3753 3674 3822 dicuntur,

2034 3853 2160 3907 luce
2193 3855 2331 3906 sunt
2359 3849 2625 3918 clariora,
2658 3847 2760 3918 qui
2791 3845 3047 3903 claustra
3074 3844 3394 3899 inferorum
3427 3840 3675 3913 aperuit,

2034 3945 2090 3997 et
2119 3947 2453 3996 sanctorum
2491 3939 2626 3993 inde
2656 3935 2884 3992 animas
2911 3933 3199 3998 liberavit,
3249 3930 3406 4003 leges
3449 3928 3674 3994 tartari,

2033 4029 2229 4085 exiens
2250 4029 2487 4094 inferos,
2514 4026 2700 4092 solvit,
2727 4023 3078 4080 sententiam
3112 4020 3318 4098 mortis
3365 4030 3678 4087 resurgens

2033 4119 2257 4174 irritam
2291 4118 2445 4184 fecit,
2481 4115 2849 4188 principatus
2875 4117 2934 4167 et
2980 4103 3674 4182 potestates'trementes,

2035 4211 2134 4279 qui
2157 4206 2625 4277 erantjanitores
2648 4208 2705 4259 et
2733 4202 2901 4271 ostia,
2935 4197 3270 4255 transduxit
3300 4193 3668 4258 ﬁducialiter,

2035 4297 2154 4351 sive
2189 4295 2380 4367 palam
2403 4292 2777 4363 triumphans
2805 4290 2862 4343 in
2886 4287 3200 4357 semetipso
3222 4283 3444 4356 (Coloss.
3469 4299 3531 4348 ιι,
3561 4282 3667 4352 15).

2031 4385 2363 4440 Secundum
2421 4382 2702 4454 tropicam
2761 4393 2892 4434 vero
2957 4373 3423 4447 intelligentiam,
3494 4375 3676 4443 portae

2035 4472 2261 4539 mortis,
2297 4488 2505 4527 sensus
2532 4473 2671 4525 sunt
2701 4465 2908 4535 nostri,
2943 4481 3070 4536 quae
3101 4467 3278 4536 portae
3309 4467 3450 4517 tunc
3484 4461 3675 4516 virtu-

2032 4562 2192 4618 tibus
2241 4560 2452 4616 clausze
2502 4563 2660 4627 sunt,
2711 4555 2991 4629 quoniam
3039 4571 3074 4610 a
3125 4553 3280 4609 vitiis
3310 4550 3668 4618 obtinentur,

266 4643 482 4698 habuit
507 4645 755 4716 figuram
789 4644 1125 4714 Salvatoris,
1168 4647 1227 4701 in
1286 4648 1548 4704 oratione
1602 4667 1710 4705 sua
1741 4667 1918 4722 quam
1950 4670 1998 4735 D
2030 4657 2088 4708 et
2117 4669 2219 4725 per
2238 4667 2336 4707 eas
2366 4665 2525 4706 mors
2572 4647 2814 4720 peccati,
2867 4646 2938 4700 ad
2985 4659 3176 4700 arcem
3224 4640 3436 4696 mentis
3484 4638 3673 4734 ingre-

264 4733 332 4787 in
393 4737 589 4788 ventre
649 4733 827 4806 piscis
883 4735 1110 4804 effudit,
1177 4737 1487 4793 manifeste
1554 4739 1920 4795 demonstrat

265 4823 444 4893 (lanae
473 4839 533 4892 ιι,
563 4824 640 4894 6),
699 4840 992 4896 quemque
1049 4825 1108 4880 in
1169 4825 1466 4882 infernum
1528 4828 1724 4900 abyssi
1757 4845 1919 4900 aquae

267 4910 688 4983 circumluant,
747 4918 804 4968 et
856 4912 1062 4969 multis
1118 4913 1248 4970 aliis
1302 4914 1445 4972 locis
1503 4916 1813 4989 Scripturz-e
1848 4918 1918 4974 de

266 4999 558 5073 qualitate
579 5001 898 5058 inferorum
923 5002 1261 5075 loquuntur.
1295 5005 1619 5062 Possumus
1649 5011 1705 5062 et
1734 5024 1920 5062 mora-

267 5090 408 5144 liter
436 5089 592 5146 hunc
643 5090 838 5148 locum
895 5092 975 5148 ita
1034 5094 1274 5162 sentire,
1335 5100 1399 5150 ut
1455 5096 1595 5167 quia
1626 5113 1786 5152 mare
1817 5114 1919 5169 per

266 5179 546 5250 ﬁguram,
607 5180 714 5236 hoc
769 5181 1046 5237 saculum
1104 5183 1216 5238 dici
1275 5184 1582 5242 novimus:
1629 5187 1920 5258 profunda

263 5268 399 5338 ejus
469 5285 646 5340 super
711 5287 914 5326 omnes
981 5271 1215 5344 iniquos
1274 5277 1331 5328 et
1390 5279 1744 5346 peccatores,
1815 5276 1916 5348 qui

268 5362 563 5429 quantum
594 5357 739 5414 illud
767 5359 1041 5432 diligunt,
1075 5366 1271 5417 tamen
1304 5362 1362 5417 in
1405 5364 1532 5433 ejus
1563 5365 1918 5420 obscurissi-

265 5462 430 5501 mam
482 5448 941 5519 prolunditatem
1000 5450 1367 5524 demergunt,
1428 5457 1493 5508 ut
1533 5454 1771 5508 omnino
1799 5471 1916 5509 non

265 5534 724 5592 videantlumen
749 5537 1043 5610 Evangelii
1087 5544 1144 5595 et
1173 5539 1370 5612 gloria
1418 5541 1654 5597 Christi
1681 5544 1759 5611 (II
1789 5546 1913 5599 Cor.

265 5641 352 5692 η,
385 5626 461 5696 4).
495 5626 821 5683 Novissima
849 5645 982 5683 vero
1031 5629 1227 5702 abyssi
1285 5630 1406 5686 sint
1437 5647 1640 5687 omnes
1673 5630 1843 5702 impii
1879 5648 1910 5686 e

263 5713 563 5792 sacrilegi,
621 5716 722 5798 qui
772 5717 832 5778 in
882 5717 1294 5796 profundiores
1341 5725 1714 5798 peccatorum
1743 5724 1920 5797 _tene-

2032 4724 2210 4797 ditur.
2244 4740 2378 4803 Quae
2409 4739 2561 4794 ostia
2591 4736 2904 4792 tenebrosa.
2928 4734 3055 4789 ideo
3104 4729 3493 4803 appellantur,
3533 4724 3675 4796 quia

2032 4832 2091 4887 in
2143 4831 2413 4886 tenebras
2461 4832 2857 4901 peccatorum,
2921 4824 3042 4879 sive
3103 4822 3275 4878 etiam
3346 4831 3672 4890 pinnarum,

2034 4921 2258 4976 aditum
2283 4919 2569 4991 pandunt.
2597 4918 2723 4972 Istae
2749 4914 2945 4984 itaque
2977 4915 3178 4984 portae,
3203 4909 3322 4964 sive
3351 4906 3473 4961 haec
3502 4903 3675 4967 ostia,

2031 5010 2380 5082 aperiuntur
2399 5005 2741 5062 hominibus
2763 5002 2835 5058 ad
2859 4999 3281 5065 salutem,cum
3295 4993 3497 5053 evictis
3518 4992 3675 5049 vitiis

2027 5104 2312 5171 tanquam
2347 5096 2615 5152 hostibus
2649 5093 2773 5149 suis
2804 5088 3150 5162 expugnatis
3181 5091 3356 5158 atque
3384 5084 3443 5138 in
3476 5083 3674 5154 fugam

2029 5187 2236 5250 versis,
2270 5183 2600 5241 sanctitatis
2628 5197 2726 5236 eos
2755 5177 3070 5234 virtutibus
3119 5175 3389 5232 homines
3442 5187 3678 5243 aperue-

2036 5277 2172 5345 rint,
2209 5278 2273 5329 ut
2303 5273 2546 5328 audiant
2575 5286 2710 5325 cum
2741 5266 3140 5323 exhortatione
3171 5277 3501 5321 sermonem
3549 5276 3678 5332 pro-

2033 5365 2221 5437 phetae
2253 5360 2542 5418 dicentis:
2577 5360 2811 5430 Aperite
2865 5357 3011 5412 mihi
3055 5359 3239 5427 portas
3286 5352 3550 5424 justitiae,
3585 5351 3674 5404 in-

2027 5469 2238 5527 gressus
2271 5453 2331 5506 in
2361 5466 2456 5506 eas
2486 5448 2786 5520 conﬁtebor
2811 5449 3046 5503 Domino
3103 5445 3276 5514 (Psal.
3336 5457 3509 5507 cxvn,
3562 5439 3670 5509 19).

2027 5546 2276 5598 Sanctus
2307 5538 2462 5596 enim
2523 5539 2699 5593 homo
2755 5537 2827 5592 ad
2884 5535 3310 5608 possidendum
3342 5527 3673 5588 sanctitatis

2029 5628 2452 5697 testimonium,
2515 5631 2573 5682 et
2614 5625 2890 5682 virtutem
2952 5623 3213 5692 monilia,
3272 5614 3671 5679 conservantis

2030 5721 2260 5792 aifectu,
2291 5722 2350 5778 et
2403 5715 2822 5793 congaudentis
2879 5714 3226 5792 ingreditur,
3285 5708 3566 5786 quoniam
3605 5720 3677 5762 ex
