3980 6184
451 379 570 445 799

1941 405 2364 468 ΑΡΡΕΝΒΙΧ.

3659 427 3744 490 800

452 517 897 591 participatione
963 525 1226 584 thesauri
1292 535 1645 605 communis,
1695 537 1763 593 ﬁt
1813 538 1932 594 illis
1999 556 2099 597 cor
2124 540 2181 608 Α
2211 541 2326 597 fine
2355 546 2516 611 sunt,
2550 545 2706 600 unde
2762 545 2887 617 ipse
2943 562 3044 618 per
3097 550 3460 622 temetipsum
3485 571 3748 628 cognoscam

453 623 637 662 unum
671 614 729 664 et
761 612 959 668 anima
1016 631 1135 671 una
1189 617 1248 672 in
1309 620 1493 678 Deum
1552 626 1688 696 (Act.
1748 645 1824 692 1v,
1876 628 1986 699 32).
2030 631 2100 685 Et
2207 631 2496 702 potuisti?

453 695 535 750 ita
560 696 619 751 in
650 697 761 754 hoc
785 703 1007 758 mundo
1052 704 1211 762 velut
1259 709 1318 763 in
1371 695 1625 770 fornacis
1670 717 2096 774 examinatione

452 784 672 856 pariter
700 789 874 858 positi
901 807 914 844 :
943 794 1109 862 quasi
1139 811 1208 850 ex
1238 814 1354 854 uno
1385 817 1482 858 ore
1512 803 1865 861 benedicunt
1912 808 2096 863 Deum

2280 743 2308 769 «
2341 722 2640 794 Numquid
2701 724 3005 797 ingressus
3059 745 3120 784 es
3178 729 3472 788 thesauros
3522 735 3657 806 nivis,
3681 746 3748 795 aut

2208 809 2515 868 thesauros
2545 814 2847 884 grandinis
2899 818 3197 888 aspexisti,
3258 836 3381 890 quae
3428 827 3683 895 praparavi
3709 829 3744 884 in

453 873 513 928 in
572 876 732 929 omni
789 881 1068 952 tempore,
1126 888 1183 938 et
1240 903 1471 960 semper
1528 890 1657 947 laus
1715 895 1841 964 ejus
1901 897 1959 950 in
2000 915 2097 953 ore
2205 903 2436 972 tempus
2460 873 2669 971 hostis,
2700 909 2755 958 et
2783 903 2842 958 in
2874 873 3029 960 diem
3062 873 3747 980 pugnaa‘etbali‘lruPoten-

451 979 653 1018 eorum
683 964 853 1035 (Psal.
885 985 1082 1025 xxxm.
1113 974 1189 1043 2).

525 1077 552 1102 «
583 1054 875 1126 Numquid
930 1060 1315 1119 considerasti
1360 1066 1733 1126 latitudinem
1765 1077 1927 1128 terra:
1948 1075 1974 1128 ?
2008 1076 2094 1130 ln-

453 1141 583 1196 dica
613 1143 779 1214 mihi,
815 1146 864 1200 si
897 1149 1070 1220 nosti,
1104 1154 1322 1208 omnia.
1357 1177 1384 1204 »
1419 1157 1559 1220 Quis
1588 1158 1896 1216 hominum
1919 1180 2092 1221 nosse

450 1230 679 1300 poterit,
715 1239 932 1302 quanta
964 1239 1373 1309 magnitudine
1403 1243 1792 1316 distendatur,
1827 1249 1940 1306 nisi
1966 1251 2092 1324 ipse

448 1318 610 1374 solus
641 1321 741 1392 qui
773 1325 971 1380 omnia
1001 1328 1313 1384 condidit?
1345 1335 1423 1387 De
1475 1349 1592 1402 quo
1640 1338 1926 1409 propheta
1963 1318 2046 1396 ait
2073 1360 2086 1397 :

447 1409 564 1478 Qui
590 1425 808 1465 mensus
836 1417 916 1468 est
971 1431 1142 1485 aquas
1196 1435 1374 1474 manu
1430 1426 1482 1476 et
1539 1423 1742 1478 cwlum
1792 1429 1998 1498 palmo,
2041 1440 2093 1487 et

445 1511 658 1553 omnem
688 1503 901 1558 terram
955 1505 1155 1562 clausit
1206 1512 1419 1580 pugillo
1477 1514 1614 1582 (Isa.
1674 1534 1763 1582 XL,
1799 1519 1905 1588 12).
1940 1522 2086 1577 Item

441 1584 657 1644 aliter:
701 1590 1002 1663 Numquid
1055 1599 1138 1666 tu,
1195 1597 1304 1652 Job
1357 1603 1671 1672 praevidisti
1714 1584 2085 1667 latitudinem

443 1678 632 1743 terrae,
665 1677 721 1731 id
754 1684 862 1747 est,
897 1682 1215 1740 Ecclesiam
1247 1688 1528 1762 futuram,
1561 1710 1739 1764 quam
1773 1714 1875 1768 per
1895 1704 2084 1756 totum

441 1764 755 1835 mundum,
789 1777 1082 1827 crescente
1120 1775 1335 1847 ubique
1365 1778 1424 1833 in
1465 1764 1792 1856 Evangelia,
1826 1786 2081 1844 dilatavi.

440 1851 643 1907 Indica
673 1871 808 1928 ergo
858 1859 1003 1914 mihi
1063 1862 1111 1917 si
1171 1863 1280 1920 hoc
1339 1885 1562 1940 sapere,
1620 1874 1738 1930 sive
1768 1875 2083 1948 aliquando

443 1939 769 2013 intelligere
826 1949 1090 2017 potuisti.
1150 1953 1278 2010 Sive
1353 1939 1724 2018 latitudinem
1783 1939 2082 2038 sapientia:

446 2045 608 2099 meas,
641 2048 820 2103 quam
867 2040 1052 2108 terrm,
1111 2042 1310 2099 domui
1369 2064 1530 2116 meae,
1589 2051 1647 2106 id
1679 2057 1786 2124 est,
1822 2055 2085 2114 Ecclesia

443 2117 622 2174 tribui
649 2138 662 2176 :
683 2126 972 2196 numquid
999 2134 1060 2184 ut
1084 2130 1286 2188 futura
1308 2138 1650 2210 praevidens,
1672 2117 1838 2200 oculo
1869 2148 2086 2202 mentis

436 2293 656 2366 pientia
685 2300 948 2358 dilatavit
979 2322 1077 2362 cor
1110 2309 1460 2384 Salomonis,
1494 2317 1648 2374 sicut
1689 2337 1926 2378 arenam
1957 2341 2083 2396 quae

434 2389 523 2440 est
553 2384 612 2440 in
643 2386 834 2446 littore
877 2396 1056 2451 maris
1105 2399 1204 2468 (Ill
1255 2402 1383 2473 Reg.
1437 2421 1511 2470 1v,
1559 2409 1672 2476 29),
1723 2409 1891 2481 eique
1922 2384 2084 2467 dedit

435 2475 807 2544 prudentiam
832 2482 1078 2540 multam
1109 2487 1310 2556 nimis,
1339 2496 1538 2563 etque
1565 2494 1626 2550 in
1649 2498 1802 2553 exitu
1829 2500 2079 2573 canitur,

433 2567 489 2618 et
519 2563 576 2619 in
604 2564 912 2626 latitudine
933 2589 1178 2632 suarum
1200 2577 1552 2638 ﬁducialiter
1573 2586 1713 2657 agit,
1739 2589 1909 2659 cujus
1933 2563 2081 2646 muli

433 2651 660 2723 tiplices
693 2673 904 2716 sensus
931 2665 988 2717 et
1019 2662 1327 2723 latitudine
1359 2651 1830 2744 disputationum
1857 2679 2078 2736 ditissi-

432 2745 766 2815 mos,jubet
793 2751 999 2808 eadem
1033 2755 1319 2826 sapientia
1375 2760 1434 2815 in
1466 2763 1637 2819 corde
1686 2764 1944 2823 hominis
1976 2770 2077 2824 de-

431 2831 607 2887 scribi
638 2835 947 2907 tripliciter
1003 2844 1184 2910 (Prov.
1219 2864 1357 2918 XXII,
1388 2851 1501 2921 20).
1565 2853 1693 2910 Hmc
1723 2872 1860 2928 ergo
1907 2859 2080 2914 verba

433 2927 681 2993 possunt
710 2941 779 2981 ex
835 2946 1084 3000 persona
1134 2938 1324 2993 Patris
1371 2956 1549 3012 super
1599 2927 1903 3016 sapientia,
1950 2965 2078 3020 qua;

431 3015 521 3068 est
551 3012 749 3087 Filius,
786 3018 1036 3078 disserta
1063 3023 1328 3100 intelligi.

507 3123 535 3152 ‹‹
566 3102 629 3158 In
661 3120 780 3175 qua
807 3107 898 3164 via
924 3109 1026 3166 lux
1053 3111 1296 3182 habitet,
1330 3120 1386 3173 et
1413 3121 1786 3180 tenebrarum
1827 3127 1960 3198 quis
1991 3126 2077 3183 lo-

433 3206 538 3247 eus
565 3192 663 3259 sit,
697 3198 760 3250 ut
786 3197 948 3254 dicas
979 3206 1440 3278 unumquodque
1482 3211 1553 3265 ad
1602 3215 1886 3272 terminos
1915 3235 2075 3284 suos,

2113 1913 2161 1978 B

2204 987 2347 1043 tiam
2380 1007 2549 1046 suam
2583 996 2756 1063 Deus,
2791 1010 2965 1065 quam
2998 995 3172 1050 etiam
3203 997 3262 1052 in
3296 1001 3520 1056 secretis
3545 1010 3742 1061 creatura

2205 1094 2321 1131 suae
2383 1081 2557 1135 rebus
2617 1086 2790 1153 atque
2843 1083 3241 1141 invisibilibus
3299 1086 3484 1159 habet,
3513 1090 3590 1147 his
3613 1096 3743 1150 verbis

2201 1167 2384 1221 voluit
2411 1168 2831 1241 demonstrare,
2865 1172 3061 1228 dicens
3093 1175 3165 1229 ad
3214 1177 3322 1231 Job
3349 1194 3361 1230 :
3420 1179 3666 1251 Numquid
3688 1184 3742 1237 in-

2201 1272 2439 1327 gressus
2469 1273 2532 1312 es
2560 1257 2867 1314 thesauros
2890 1261 3060 1329 nivis,
3084 1269 3188 1319 aut
3209 1263 3504 1322 thesauros
3524 1271 3741 1340 grandinis

2202 1345 2480 1416 aspexisti
2511 1349 2678 1404 Pnon
2715 1349 2871 1405 enim
2904 1349 3029 1406 loca
3063 1357 3202 1408 sunt
3234 1355 3491 1426 quasdam
3536 1358 3586 1412 in
3611 1359 3741 1432 aliqua

2199 1439 2362 1504 parte
2393 1437 2597 1490 mundi
2655 1438 2945 1495 immensa
3001 1443 3325 1513 capacitate
3379 1445 3623 1517 spatiosa,
3661 1465 3739 1520 qua

2199 1522 2383 1579 moles
2432 1531 2606 1596 atque
2640 1528 2936 1599 congeries
2967 1530 3332 1587 inﬁnitarum
3350 1534 3554 1590 nivium
3574 1536 3739 1592 intrase

2197 1610 2454 1666 habeant
2483 1613 2770 1685 conditas,
2804 1621 2870 1670 ut
2927 1616 3136 1673 merito
3195 1620 3269 1674 ob
3326 1620 3452 1691 hoc,
3504 1623 3642 1694 quasi
3665 1624 3740 1679 loca

2195 1698 2454 1756 thesauri
2487 1703 2853 1774 appellentur
2870 1706 2942 1760 de
2971 1706 3190 1777 quibus
3207 1708 3344 1764 olim
3366 1710 3448 1764 ha:
3471 1719 3741 1784 congregata

2195 1789 2315 1843 sint
2345 1791 2587 1862 species,
2620 1808 2747 1862 qua:
2779 1795 3013 1865 quando
3045 1796 3201 1852 Deus
3256 1799 3493 1855 voluerit
3526 1801 3739 1872 proferan-

2197 1881 2292 1931 tur
2315 1895 2328 1945 ;
2363 1879 2463 1933 sed
2497 1879 2576 1933 ita
2604 1885 2694 1936 est
2715 1883 2928 1951 potius,
2955 1888 3019 1938 ut
3039 1884 3098 1938 in
3123 1884 3237 1941 alio
3260 1885 3512 1959 locoipse
3533 1890 3740 1945 Dominus

2197 1967 2315 2022 ait:
2349 1969 2413 2022 Et
2468 1971 2672 2038 species
2731 1973 2854 2040 agri
2909 1988 3120 2028 mecum
3177 1980 3254 2029 est
3308 1976 3470 2047 (Psal.
3513 1979 3738 2047 xux,ll):
3813 2019 3816 2022 .

2197 2055 2567 2128 Quaecunque
2598 2057 2753 2113 enim
2784 2060 3031 2116 voluerit
3077 2062 3288 2135 facere,
3338 2066 3524 2121 statim
3550 2066 3740 2121 voluntas

2195 2145 2324 2214 ejus
2353 2145 2413 2200 in
2444 2145 2712 2202 effectum
2744 2151 3022 2220 procedit.
3056 2155 3124 2206 Et
3171 2151 3300 2208 ideo
3349 2153 3582 2209 thesauri
3613 2154 3739 2208 nomi-

2197 2233 2342 2302 nati,
2376 2251 2490 2290 non
2523 2235 2582 2289 in
2611 2236 2806 2307 aliquo
2833 2237 3146 2310 immenso,
3197 2245 3255 2295 et
3310 2243 3497 2314 capaci
3539 2242 3653 2310 loco,
3675 2241 3739 2296 sed

2196 2321 2256 2376 in
2277 2323 2406 2394 ejus
2427 2323 2749 2393 voluntate,
2771 2327 3227 2399 etdispositione
3248 2335 3384 2386 sunt
3402 2329 3654 2387 constituti
3672 2349 3682 2384 :
3697 2330 3742 2383 si-

2195 2415 2293 2466 cut
2319 2413 2379 2466 in
2403 2413 2514 2468 alio
2545 2413 2669 2469 loco
2701 2416 2782 2469 ait
2809 2432 2822 2470 :
2850 2419 3126 2488 Etspecies
3157 2420 3282 2491 agri
3308 2437 3506 2476 mecum
3532 2418 3738 2490 est:apud

2195 2517 2368 2571 quem
2400 2501 2547 2557 nihil
2573 2509 2662 2559 est
2720 2503 3157 2578 imperfectum,
3215 2509 3352 2580 quia
3381 2526 3488 2565 non
3545 2505 3740 2564 estaliud

2191 2589 2444 2661 cogitare
2473 2591 2654 2659 illius,
2696 2592 2854 2648 aliud
2881 2595 3093 2665 facere,
3126 2600 3228 2654 sed
3261 2600 3514 2671 protinus
3541 2598 3612 2663 fit,
3636 2594 3739 2666 quod

2189 2676 2455 2734 voluerit.
2488 2680 2548 2733 In
2572 2679 2680 2734 hac
2710 2695 2846 2752 ergo
2865 2691 3082 2739 secreta
3113 2686 3306 2741 cordis
3336 2685 3424 2741 sui
3453 2681 3740 2756 dispositione

2189 2764 2406 2835 divina,
2439 2767 2536 2821 ubi
2567 2773 2764 2824 essent
2792 2769 2890 2825 isti
2920 2770 3183 2828 thesauri
3214 2774 3421 2830 harum
3463 2786 3629 2829 rerum
3650 2782 3738 2824 cum

2188 2853 2380 2910 adhuc
2409 2854 2468 2908 in
2500 2870 2562 2910 se
2592 2857 2970 2929 corporaliter
3015 2877 3136 2918 non
3187 2863 3533 2928 exsisterent,
3563 2861 3737 2914 interm-

2188 2945 2359 3014 gatur
2387 2942 2496 2998 Job
2527 2943 2576 2998 si
2606 2943 2825 3001 intrare
2856 2949 3088 3019 poterit.
3124 2951 3306 3008 Nemo
3352 2951 3498 3007 enim
3525 2951 3736 3005 secretum

2186 3029 2332 3085 illud
2363 3031 2568 3086 divinas
2599 3035 2924 3105 majestatis
2982 3043 3178 3110 potest
3233 3041 3405 3108 adire,
3461 3039 3567 3097 sive
3589 3050 3738 3108 cogno-

2187 3137 2368 3190 scere,
2399 3121 2512 3178 nisi
2542 3122 2722 3180 Filius
2753 3125 2855 3196 qui
2883 3128 2973 3182 est
2999 3126 3061 3182 in
3123 3129 3258 3186 sinu
3316 3130 3495 3186 Patris
3521 3126 3738 3218 uniusque

2188 3215 2409 3266 natura;
2440 3217 2614 3282 atque
2641 3214 3001 3271 substantiae.
3034 3221 3169 3274 Haec
3213 3235 3348 3292 ergo
3388 3219 3664 3292 preparata
3684 3211 3737 3264 di-

431 3283 490 3334 et
518 3279 810 3356 intelligas
843 3288 1082 3346 semitas
1135 3293 1346 3351 domus
1372 3298 1519 3367 ejus.
1555 3323 1583 3351 ››
1629 3302 1691 3356 In
1723 3303 1817 3359 via
1863 3279 2075 3362 sancta:
2108 3284 2151 3353 C
2189 3306 2405 3358 cuntur
2434 3319 2466 3357 a
2497 3279 2606 3359 Deo
2636 3303 2942 3378 intempus
2964 3305 3175 3377 hostis,
3196 3279 3407 3381 pugnae
3415 3311 3469 3364 et
3485 3304 3617 3362 belli.
3640 3297 3737 3357 Mul-

432 3373 888 3432 conversationis
917 3377 1194 3452 hominis,
1237 3383 1337 3440 lux
1365 3387 1649 3445 virtutum
1700 3391 1923 3448 habitat
1948 3411 1960 3450 :
1989 3400 2074 3450 te-

2186 3391 2262 3445 tis
2292 3391 2474 3463 igitur
2507 3393 2698 3449 modis
2730 3411 2797 3450 ac
2825 3395 3070 3452 diversis
3120 3397 3253 3453 aliis
3303 3390 3738 3453 innumerabilibus

434 3459 746 3518 nebrarum
776 3482 930 3532 vero,
965 3467 1023 3522 id
1081 3474 1191 3537 est,
1227 3472 1504 3531 vitiorum
1563 3477 1726 3535 locus
1784 3486 1872 3536 est
1901 3483 2075 3541 homo
2177 3459 2420 3550 judiéiis
2451 3483 2575 3539 suis
2605 3483 2760 3540 Deus
2790 3484 3063 3557 ﬂagellat,
3117 3491 3177 3542 et
3219 3487 3448 3559 corripit
3491 3497 3643 3558 genus
3666 3476 3736 3530 bu‘

430 3553 717 3622 peccator,
748 3553 837 3608 vel
868 3554 965 3611 ille
993 3555 1158 3614 locus
1188 3561 1259 3616 de
1289 3579 1404 3634 quo
1435 3565 1578 3621 dicit
1609 3584 1622 3623 ε
1656 3571 1735 3623 Ile
1773 3573 2072 3643 maledicti,

433 3637 494 3689 in
536 3639 720 3707 ignem
764 3651 1060 3714 aeternum,
1082 3651 1178 3718 qui
1225 3658 1455 3721 paratus
1505 3659 1582 3711 est
1635 3657 1850 3715 diabolo
1894 3670 1946 3717 et
1972 3637 2074 3718 an;

429 3726 574 3798 geli:
601 3728 719 3798 ejus
764 3730 972 3800 (Matth.
1022 3753 1148 3803 xxv,
1200 3740 1310 3812 41).
1361 3742 1524 3797 Nosti
1574 3761 1732 3817 ergo,
1779 3748 1910 3818 Job,
1951 3752 2072 3808 dis-

428 3831 663 3873 cernere
727 3820 1196 3896 uniuscujusque
1261 3831 1557 3900 meritum,
1636 3841 1692 3891 et
1747 3842 2071 3897 secundum

421 3907 716 3979 justitiam
750 3927 1237 3987 unumquemque
1265 3916 1474 3976 horum
1507 3924 1578 3978 ad
1612 3927 1894 3985 terminos
1927 3949 2071 4003 prac-

429 3998 626 4055 ﬁnitos
639 3999 1040 4060 retributionis
1054 4006 1390 4077 perducere,
1406 4012 1791 4084 cogitationes
1805 4023 1960 4077 cordi
1972 4041 2068 4080 um

424 4089 710 4162 ipsorum,
743 4095 1026 4164 tanquam
1058 4097 1301 4153 semitas
1347 4100 1656 4159 domorum
1706 4123 1946 4166 suarum
1981 4115 2067 4168 in-

424 4178 685 4251 telligere
713 4182 977 4252 potuisti.
1009 4185 1152 4240 Item
1201 4186 1261 4242 in
1307 4206 1424 4260 qua
1471 4191 1581 4260 via,
1634 4195 1752 4252 sive
1799 4207 1969 4272 terra,
2005 4208 2069 4258 ut

422 4266 521 4321 alii
554 4268 844 4338 dixerunt,
878 4270 978 4329 lux
1007 4273 1264 4332 habitet:
1299 4277 1398 4333 lux
1429 4280 1563 4336 ﬁdei
1611 4289 1668 4338 et
1719 4266 2066 4360 cognitionis

426 4357 655 4412 habitat
682 4356 741 4412 in
768 4361 939 4416 corde
967 4365 1279 4432 credentis,
1313 4367 1433 4424 sive
1464 4369 1563 4426 lux
1591 4372 1652 4428 in
1685 4356 1858 4449 terra,
1902 4381 2064 4436 Chri-

423 4451 552 4502 stus
583 4446 642 4502 in
672 4447 949 4505 Ecclesia.
982 4452 1380 4512 Tenebrarum
1413 4464 1632 4529 autem,
1664 4464 1722 4520 id
1755 4473 1864 4539 est,
1898 4471 2062 4543 igno-

420 4535 621 4592 rantiae
653 4541 710 4593 et
739 4537 1102 4598 inﬁdelitatis
1147 4542 1333 4614 locus,
1381 4552 1470 4603 est
1511 4566 1611 4607 cor
1655 4535 2060 4628 insipientium

2185 3587 2454 3638 manum,
2487 3572 2640 3629 sicut
2686 3576 2862 3630 etiam
2919 3576 3243 3647 Egyptios,
3301 3593 3441 3648 quos
3469 3567 3737 3630 fulminibus
3843 3621 3845 3634 ι

2183 3664 2241 3714 et
2269 3661 2552 3732 grandine
2601 3662 2942 3719 devastavit.
2977 3666 3046 3719 Et
3083 3666 3428 3737 generaliter
3480 3656 3736 3750 aliis-rebus

2181 3749 2514 3820 frequentat
2545 3751 2854 3806 hominum
2885 3752 3352 3824 castigationem.
3381 3749 3564 3808 Hostili
3592 3747 3732 3837 humi,-

2181 3835 2287 3893 liat
2315 3837 2575 3908 incursu,
2598 3844 2886 3895 terrarum
2913 3846 3077 3896 motu
3110 3842 3387 3914 hiatuque
3403 3840 3586 3903 vastat,
3607 3830 3732 3928 turbi-

2181 3928 2356 3984 nibus
2385 3929 2594 4000 perdit,
2620 3929 2806 3986 ruinis
2831 3931 3135 4002 opprimit,
3160 3931 3471 4003 naufragiis
3489 3921 3728 4014 demergit?

2180 4018 2312 4074 aliis
2345 4034 2578 4090 quoque
2607 4018 2795 4091 plagis
2828 4019 3157 4076 innumeris
3187 4022 3460 4087 verberat,
3486 4017 3587 4073 sive
3611 4011 3730 4066 lenlls

2178 4107 2648 4175 infirmitatibus,
2683 4109 2804 4164 sive
2835 4109 3022 4165 acutis
3052 4109 3430 4182 languoribus
3472 4111 3619 4175 atque
3642 4107 3730 4153 aere

2176 4202 2470 4268 corrupto.
2531 4197 2695 4252 Unde
2752 4199 2812 4252 in
2871 4198 3318 4255 Deuteronomie
3371 4196 3611 4269 legimus,
3643 4197 3727 4256 qua

2176 4287 2443 4343 hostibus
2475 4285 2598 4342 suis
2630 4288 3093 4359 repugnantibus
3127 4293 3184 4344 et
3226 4283 3605 4344 rebellantibus
3629 4288 3725 4347 pm.

2175 4379 2360 4449 parat,
2395 4380 2458 4431 ut
2486 4375 2571 4432 eis
2602 4376 2926 4432 secundum
2955 4379 3245 4448 justitiam
3279 4391 3438 4432 suam
3459 4360 3728 4449 inﬂigatdt-

2172 4447 2324 4522 bitas
2381 4483 2583 4538 pmnas
2642 4447 3089 4522 tribulationum
3150 4468 3334 4539 (Deut.
3387 4481 3476 4530 vn,
3527 4447 3726 4522 2542992}-

2174 4557 2317 4612 Item
2344 4554 2550 4612 aliter:
2586 4556 2788 4611 Nivem
2820 4573 2975 4612 nunc
3005 4555 3064 4611 in
3115 4557 3324 4612 bonam
3372 4555 3589 4626 partem,
3616 4550 3725 4596 nunc

417 4633 594 4699 atque
623 4628 1080 4687 incredulorum.
1114 4634 1184 4689 Et
1212 4636 1340 4692 ideo
1372 4655 1477 4708 per
1507 4643 1799 4711 quaslibet
1819 4650 2061 4706 semitas
2092 4654 2139 4718 Β
2171 4648 2231 4704 in
2263 4646 2615 4702 contrariam
2649 4645 2968 4717 accipimus
2994 4662 3008 4702 :
3044 4649 3100 4701 et
3129 4645 3338 4700 idcirco
3367 4641 3468 4697 sub
3507 4649 3630 4692 nivis
3653 4641 3723 4682 n0-

418 4718 672 4773 tendunt
700 4719 838 4775 boni
867 4709 926 4776 et
955 4721 1118 4792 mali,
1158 4727 1482 4782 secundum
1523 4709 1804 4790 meritum
1853 4739 1924 4792 ad
1956 4741 2057 4795 do-

415 4823 579 4864 mum
613 4813 839 4866 aeternae
869 4813 1347 4888 conversationis,
1373 4818 1535 4888 justo
1557 4827 1614 4878 et
1629 4823 1781 4879 bono
1812 4826 2058 4886 Domino

414 4895 684 4968 ducente,
717 4901 1083 4972 perveniunt.

2170 4737 2326 4793 mine
2357 4735 2793 4807 prmﬁguratum
2821 4735 2929 4790 hoc
2959 4734 3083 4791 loco
3113 4751 3321 4806 corpus
3338 4721 3720 4824 adversaria???

2171 4831 2523 4900 potestatum
2554 4824 2858 4897 colligunt,
2888 4826 3042 4896 quod
3094 4823 3444 4917 a-charitate
3482 4812 3570 4872 Dei
3595 4809 3721 4917 130-8}

2171 4897 2523 4983 discesserit,
2551 4915 2608 4969 id
2639 4919 2748 4985 est,
2797 4919 2980 4969 Deum
3032 4914 3382 4970 habitantem
3429 4908 3481 4961 in
3527 4897 3642 4957 coelo
3661 4907 3720 4945 re-

486 5007 515 5035 «
549 4987 784 5046 Sciebas
814 4995 954 5047 tunc
985 4994 1141 5064 quod
1172 4996 1505 5054 nasciturus
1537 5017 1716 5075 esses,
1759 5009 1816 5061 et
1848 5024 2060 5065 nume-
2169 5006 2428 5078 liquerit,
2458 5010 2522 5060 ut
2533 5004 2697 5076 justo
2712 5003 2938 5076 judicio
2963 5003 3064 5060 Dei
3087 4995 3718 5078 projicereturinterrcm-

412 5089 545 5129 rum
586 5075 813 5133 dierum
853 5083 1091 5138 tuorum
1154 5101 1397 5143 noveras
1423 5089 1450 5142 ‘I
1493 5112 1514 5139 ι
1571 5092 1710 5156 Quis
1749 5093 2057 5154 hominum

416 5163 575 5218 novit
613 5171 926 5238 antequam
969 5172 1067 5240 sit,
1125 5176 1264 5246 quia
1303 5177 1540 5236 iuturus
1598 5187 1705 5251 est,
1753 5187 2056 5259 aetatisque

413 5270 532 5309 sua:
563 5254 688 5312 dies
721 5274 975 5316 annosve
1005 5266 1350 5335 cognoscit?
1399 5270 1544 5325 Item
1593 5271 1654 5326 in
1705 5274 1891 5330 Adam
1924 5294 2055 5348 pec-

410 5346 588 5413 cator,
621 5350 679 5400 et
706 5345 866 5403 ﬁlius
898 5351 1106 5408 mortis
1155 5354 1412 5428 effectus,
1466 5361 1703 5430 quando
1752 5364 1901 5421 scire
1924 5345 1942 5348 _
1966 5367 2054 5421 vel

410 5449 613 5504 sapere
642 5437 904 5507 potuisti,
937 5441 1092 5511 quod
1150 5443 1359 5514 spiritu
1414 5452 1470 5503 et
1522 5451 1718 5521 gratia
1774 5454 2052 5526 baptismi

407 5524 742 5583 nasciturus
772 5542 902 5584 eras
935 5530 1006 5585 de
1044 5530 1368 5589 visceribus
1423 5539 1631 5595 matris
1682 5524 1969 5612 Ecclesiae,
1997 5549 2054 5600 et

405 5612 467 5668 in
496 5619 781 5673 ieternum
813 5621 1139 5677 secundum
1161 5623 1542 5683 novissimam
1565 5633 2049 5690 resurrectionem

406 5707 790 5783 reparandus,
823 5712 880 5768 et
910 5726 1227 5770 numerum
1258 5712 1489 5775 dierum
1518 5721 1779 5793 tuorum,
1805 5723 1906 5799 qui
1923 5723 2052 5783 sine

2165 5073 2356 5166 Hujus
2387 5073 2580 5151 autem
2615 5073 2762 5150 nivis
2796 5098 2851 5149 et
2871 5093 3197 5166 grandinis,
3219 5089 3377 5164 quasi
3400 5087 3451 5140 in
3475 5073 3720 5177 quamdam

2167 5186 2445 5241 duritiam
2478 5203 2595 5241 sua:
2627 5189 2846 5241 natura;
2877 5183 3058 5240 oblita
3085 5179 3388 5247 transierit,
3431 5172 3719 5272 ξῖξιθείξῖῗῖ

2167 5275 2301 5331 dam
2334 5278 2556 5331 secreta
2586 5275 3008 5348 cogitationum
3047 5273 3261 5330 scilicet
3309 5250 3717 5348 machinamenlfi,

2163 5364 2474 5421 thesauros
2505 5339 2689 5421 Deus“
2713 5362 2894 5419 voluit
2949 5364 3268 5431 nominare,
3327 5357 3466 5413 sicut
3497 5339 3714 5444 ρξᾯρῂέξδ

2163 5454 2423 5510 Ezechiel
2457 5455 2526 5510 de
2558 5471 2757 5511 eorum
2800 5454 3064 5526 principe
3097 5452 3210 5510 ait:
3237 5453 3290 5505 In
3321 5436 3710 5563 multandi/itm;

2159 5545 2619 5614 goliationistuaz
2643 5545 2869 5615 impleta
2911 5553 3037 5600 sunt
3067 5542 3325 5598 inleriora
3352 5625 3360 5635 '
3371 5543 3458 5654 tua

2163 5634 2336 5654 lh-.--l
2400 5651 2571 5654 __-__,_
2658 5632 2739 5654 ‘n\
2821 5631 3231 5654 1t--_'--___,__-..ll
3291 5628 3360 5654 3η.-
3392 5638 3454 5654 nn

2161 5634 2370 5706 (Ezech.
2399 5651 2592 5706 xxvm,
2653 5632 2759 5705 16).
2818 5631 3234 5706 Hujuscemodi
3291 5625 3454 5746 igitur
3483 5619 3703 5746 2:21:th

2163 5722 2572 5746 ..-...1.l_.l!-_--_.
2639 5723 2892 5746 -..Α-3----
2959 5723 3116 5746 --1--..
3179 5733 3332 5746 Αριηηὶ
3363 5729 3422 5746 nn
3449 5725 3479 5746 ﬂ
3502 5745 3507 5746 ,
3575 5736 3584 5746 Α

2160 5722 2579 5799 cogitationum
2635 5723 2900 5789 omnium
2956 5723 3120 5783 solus
3176 5715 3422 5795 cognitor
3447 5710 3639 5787 peracri!
