3980 6184
201 356 316 422 801
1207 356 1720 420 COMMENTAR.
1766 357 1847 419 IN
1887 357 1965 422 JC

2070 357 2245 421 CAP.
2289 357 2618 423 XXXVIII.
3497 367 3616 430 802

203 495 418 563 torque
447 492 560 546 est.
602 486 759 556 Illos,
789 487 1058 561 inquam,
1088 488 1418 562 thesauros,
1453 491 1553 564 qui
1583 508 1684 563 per
1715 491 1854 547 teni-
1883 496 1940 564 Α
1968 491 2268 562 dividitur,
2297 509 2432 548 cum
2479 491 2609 550 aliis
2642 493 3012 551 annuntiatio
3054 494 3281 556 Christo
3314 501 3457 558 odor
3485 502 3614 560 vitai
3689 527 3696 530 -

204 585 409 656 gmata
439 579 604 635 nives
636 583 694 635 et
720 580 1038 651 grandines
1067 581 1350 637 nominati
1383 586 1541 648 sunt,
1593 583 1675 637 ait
1704 582 1860 638 Deus
1969 581 2028 637 in
2060 581 2242 636 vitam
2271 582 2366 645 sit,
2423 581 2581 652 (aliis
2629 599 2760 639 vero
2806 585 2950 639 odor
2995 587 3222 643 mortiis
3270 589 3330 644 in
3370 597 3617 649 mortem

206 689 273 728 se
302 686 661 743 praeparasse
692 669 750 723 in
782 673 1014 740 tempus
1041 669 1247 738 hostis,
1274 671 1548 744 diemque
1576 688 1784 744 pugna
1807 675 1863 726 et
1971 672 2043 738 (II
2071 670 2191 726 Cor.
2226 689 2292 742 II,
2341 671 2449 743 16).
2503 672 2597 727 Sic
2635 689 2770 744 ergo
2819 674 3098 730 dividitur
3155 677 3349 749 ipsum
3400 681 3618 739 bonum

206 760 371 818 belli.
424 759 494 813 Et
538 758 817 830 quoniam
867 758 1168 830 insipienti
1225 762 1398 816 corde
1434 779 1739 833 nunquam
1789 761 1860 815 ad
1970 759 2288 832 Evangelii,
2321 764 2386 814 ut
2428 760 2609 816 vitam
2657 761 2787 816 aliis
2829 763 3134 835 largiatur,
3177 766 3306 822 aliis
3351 775 3617 840 mortem,

206 855 397 906 Deum
428 848 762 904 conversuri
791 853 1006 917 essent,
1041 851 1480 922 dispensatione
1516 851 1712 907 divina
1749 867 1865 905 ma-
1974 847 2220 904 crimine
2251 848 2616 905 infidelitatis
2646 857 2938 922 operetur.
2993 855 3252 926 Itemque
3283 856 3376 912 via
3405 865 3619 916 sanctae

208 938 382 1013 gistri
413 955 717 1010 poenarum
749 938 935 994 effecti
966 945 1122 1010 sunt,
1146 944 1212 994 ut
1241 940 1386 996 alios
1422 941 1516 996 Dei
1536 940 1760 1012 judicio
1792 941 1863 995 ad
1975 938 2436 994 conversationis
2482 939 2759 1010 hominis,
2795 941 3010 1013 luxque
3038 943 3266 1001 timoris
3297 946 3421 1016 Dei,
3456 965 3626 1020 spar-

208 1029 683 1086 emendationem
709 1027 907 1100 ﬂagris
947 1030 1381 1101 correptionum
1406 1029 1865 1102 castigent,alios
1977 1025 2136 1099 gitur
2165 1044 2343 1099 super
2372 1045 2607 1084 omnem
2642 1031 2902 1102 corporis
2933 1036 3168 1101 terram,
3204 1040 3268 1090 ut
3297 1037 3525 1110 fugiant
3554 1039 3624 1094 ab

205 1135 349 1174 vero
371 1117 695 1172 secundum
710 1118 937 1186 justam
961 1119 1312 1174 sententiam
1330 1118 1867 1191 Deipuniant,a1ios
1977 1132 2042 1172 eo
2091 1117 2348 1195 tenebrae
2387 1124 2759 1190 peccatorum
2808 1126 2866 1176 et
2909 1129 3089 1178 aestus
3133 1124 3184 1178 ei
3216 1127 3626 1198 tentationum,

211 1207 381 1263 duris
410 1204 893 1261 tribulationibus
915 1206 1151 1263 affectos
1181 1209 1546 1265 constituant
1571 1208 1864 1264 clariores.
1981 1205 2304 1278 opitulante
2328 1207 2425 1261 Dei
2448 1208 2659 1278 gratia,
2686 1213 3103 1283 temperentur,
3128 1229 3200 1268 ne
3230 1220 3425 1272 exorto
3457 1234 3634 1290 super

215 1297 384 1352 Sicut
440 1299 496 1350 et
551 1295 609 1349 in
668 1295 779 1350 isto
812 1301 1014 1351 sancto
1068 1299 1172 1352 Job
1226 1299 1535 1354 manifeste
1575 1298 1867 1370 apparuit,
1979 1310 2041 1350 se
2089 1296 2295 1350 ordore
2338 1295 2500 1358 solis,
2551 1302 2828 1354 exaestuet
2878 1300 3084 1371 (Matth.
3135 1320 3259 1369 XIII,
3304 1305 3381 1372 6).
3431 1307 3502 1361 Et
3548 1309 3630 1363 sic

211 1386 282 1442 in
321 1383 606 1458 Egyptiis
656 1401 890 1456 quoque
922 1384 1195 1442 similiter
1241 1389 1709 1444 demonstratum
1759 1404 1868 1453 εει,
1979 1385 2177 1455 itaque
2203 1388 2381 1439 aestus
2423 1384 2720 1453 dividitur,
2755 1405 2890 1443 cum
2930 1389 3014 1444 eis
3064 1407 3179 1446 non
3229 1397 3418 1449 totum
3450 1395 3630 1452 simul

216 1475 443 1548 quibus
469 1490 582 1529 non
612 1472 910 1529 voluntate
944 1475 1043 1529 Dei
1067 1476 1490 1547 pugnantibus,
1523 1475 1705 1548 plagae
1736 1475 1871 1529 hor-
1979 1471 2431 1528 tribulationum
2463 1476 2693 1546 pondus
2725 1476 3068 1549 imponitur,
3098 1480 3250 1536 sicut
3278 1483 3361 1538 ait
3381 1486 3630 1555 Aposto-

217 1564 422 1621 rendae
477 1563 756 1619 immissae
817 1568 956 1618 sunt
1012 1581 1116 1635 per
1169 1565 1408 1637 angelos
1458 1565 1643 1621 malos
1703 1565 1872 1636 (Psal.
1980 1562 2112 1618 lus:
2148 1563 2355 1618 Fidelis
2384 1565 2533 1619 enim
2580 1566 2740 1636 Deus,
2773 1583 2867 1636 qui
2916 1584 3025 1622 non
3072 1573 3286 1640 patitur
3313 1590 3402 1628 vos
3432 1578 3637 1631 tentari

219 1669 442 1720 LXXXII,
476 1653 583 1722 49).
626 1653 789 1719 Item,
829 1653 1119 1725 numquid
1143 1653 1447 1725 ingressus
1474 1671 1535 1710 es
1566 1654 1876 1709 thesauros
1984 1651 2030 1723 (ι
2061 1652 2180 1720 Cor,
2214 1668 2268 1722 x,
2331 1653 2439 1723 13),
2499 1658 2609 1708 etc.
2671 1655 2737 1710 Et
2793 1654 3107 1712 Salomon:
3149 1658 3388 1732 Eﬁ‘ugict
3441 1670 3634 1730 aestus,

221 1741 402 1809 nivis,
436 1745 489 1796 et
519 1745 740 1796 caetera.
783 1742 977 1796 Potuit
1023 1742 1309 1799 Dominus
1340 1744 1411 1798 de
1465 1744 1717 1799 adventu
1770 1757 1876 1797 suo
1984 1741 2138 1813 ﬁlius
2162 1741 2425 1813 prudens,
2477 1747 2630 1798 vento
2674 1747 2860 1800 autem
2906 1750 3285 1816 corrumpitur
3329 1751 3391 1806 in
3442 1769 3639 1809 messse

223 1831 293 1888 in
322 1846 492 1886 carne
524 1831 633 1886 hoc
664 1831 900 1902 dixisse,
934 1848 1049 1903 quo
1081 1836 1145 1886 ut
1175 1831 1608 1905 ignismternus
1638 1836 1694 1887 et
1723 1831 1878 1903 ignis
1913 1872 1956 1905 ι)
1988 1828 2146 1902 ﬁlius
2178 1832 2398 1901 iniquus
2429 1832 2612 1903 (Prov.
2644 1851 2700 1904 x,
2731 1834 2809 1904 5).

228 1919 384 1986 caeli,
430 1919 704 1992 ignisque
751 1921 983 1976 divinus
1034 1938 1138 1993 per
1180 1938 1353 1993 quem
1387 1922 1578 1978 omnis
1609 1925 1882 1977 creatura:
1915 1919 1960 1936 ”
2072 1943 2092 1969 ι
2127 1920 2268 1983 Quis
2299 1921 2460 1976 dedit
2487 1921 3004 1980 vehementissimo
3035 1925 3212 1981 imbri
3261 1943 3524 1995 cursum,
3584 1935 3643 1986 et

231 2008 616 2066 rationabiles
647 2009 1078 2078 concalescunt,
1112 2010 1388 2084 dignatus
1429 2015 1517 2067 est
1565 2012 1636 2067 ad
1669 2015 1884 2067 terram
1993 2007 2150 2064 viam
2182 2010 2448 2065 sonantis
2495 2011 2758 2078 tonitrui,
2815 2017 2878 2068 ut
2935 2013 3160 2085 plueret
3216 2033 3394 2088 super
3424 2023 3641 2075 terram

242 2100 618 2166 descendere,
653 2099 752 2170 qui
783 2098 940 2155 velut
969 2101 1042 2155 ad
1075 2101 1297 2156 niveam
1333 2100 1649 2172 regionem,
1700 2105 1758 2156 et
1785 2099 1886 2154 fri-
1998 2097 2220 2169 absque
2252 2099 2485 2154 homine
2531 2101 2592 2154 in
2626 2101 2894 2156 deserto:
2939 2103 3039 2157 ubi
3072 2103 3272 2160 nullus
3300 2106 3641 2164 mortalium

241 2189 443 2261 gidam
476 2187 683 2242 mundi
728 2187 907 2258 hujus
931 2190 1126 2259 'atque
1157 2189 1344 2244 instar
1371 2189 1674 2261 grandinis
1706 2188 1888 2244 nimio
2001 2192 2417 2254 commoratur,
2447 2193 2511 2243 ut
2540 2188 2808 2260 impleret
2854 2189 3070 2247 inviam
3107 2197 3163 2248 et
3211 2195 3553 2264 desolatam,
3587 2203 3646 2253 et

244 2275 614 2332 inﬁdelitatis
646 2275 858 2348 frigore
888 2277 1178 2345 duratam,
1213 2277 1556 2333 exclamavit
1605 2283 1662 2334 et
1707 2277 1888 2344 dixit;
2003 2276 2346 2348 produceret
2370 2277 2580 2333 herbas
2611 2279 2930 2334 virentes?»
2967 2280 3070 2335 Hic
3090 2282 3645 2342 vehementissimus

247 2366 440 2436 Ignem
468 2368 598 2420 veni
623 2367 836 2422 mittere
867 2368 926 2420 in
949 2370 1157 2421 terram
1187 2367 1336 2437 (Luc.
1370 2385 1469 2438 XII,
1504 2368 1612 2438 49).
1646 2367 1895 2421 Proinde
2005 2366 2212 2431 imber,
2244 2366 2554 2422 Salvatoris
2585 2372 2673 2423 est
2701 2368 3102 2440 Evangelium,
3152 2373 3254 2442 qui
3285 2373 3481 2429 emisit
3527 2373 3645 2430 elo-

248 2455 663 2526 hujuscemodi
687 2454 1080 2511 humanorum
1106 2457 1368 2511 cordium
1392 2457 1724 2524 thasauros,
1758 2455 1900 2510 obli-
2008 2456 2213 2526 quium
2230 2472 2405 2510 suum
2427 2460 2685 2522 terrae,ut
2706 2457 2979 2534 velociter
2999 2466 3258 2516 curreret
3279 2479 3470 2518 sermo
3487 2464 3647 2535 ejus:

244 2545 428 2601 vione
455 2543 722 2599 videlicet
751 2544 850 2599 Dei
875 2544 966 2599 sui
999 2544 1437 2616 frigidissimos,
1471 2545 1807 2617 ingressum
1838 2559 1900 2598 se
2010 2544 2126 2611 hic,
2160 2545 2423 2616 inquam,
2456 2544 2644 2601 imber
2674 2546 2732 2600 in
2757 2548 3045 2602 mortibus
3067 2549 3414 2619 Jerusalem,
3440 2553 3511 2607 de
3541 2553 3658 2608 imo

248 2634 584 2707 proﬁtetur,
634 2638 718 2704 ut,
751 2633 992 2705 expulso
1045 2634 1300 2706 perﬁdia:
1331 2635 1562 2706 frigore,
1595 2633 1904 2690 dilectione
2011 2639 2176 2689 terrae
2209 2633 2267 2687 in
2301 2634 2554 2690 sublime
2602 2635 2878 2690 surrexit.
2931 2637 3203 2703 Quoniam
3249 2640 3313 2695 de
3359 2641 3491 2696 Sion
3521 2645 3665 2698 [πίει

253 2724 394 2794 ejus
449 2724 764 2794 flagrarent
793 2727 850 2778 et
895 2723 1190 2778 dicerent:
1254 2725 1542 2779 Concaluit
1593 2740 1687 2779 cor
1725 2739 1904 2778 meum
2018 2723 2127 2788 lex,
2169 2722 2249 2776 ait
2280 2724 2585 2794 propheta,
2621 2728 2671 2779 et
2699 2725 2924 2779 verbum
2963 2729 3191 2781 Domini
3233 2729 3307 2783 de
3361 2731 3668 2785 Jerusalem

255 2815 420 2870 intra
470 2828 574 2881 me,
629 2816 679 2866 et
736 2829 795 2866 in
835 2812 1189 2869 meditatione
1239 2831 1359 2869 mea
1416 2814 1728 2870 exardescit
1758 2813 1909 2880 ignis
2019 2812 2141 2883 (Isa.
2180 2829 2243 2876 II,
2275 2812 2350 2882 3),
2375 2818 2431 2867 et
2452 2811 3005 2870 elevatusasanctis
3028 2816 3362 2886 apostolicis
3384 2818 3664 2884 nubibus,

258 2903 441 2974 (Psal.
469 2917 700 2968 XXXVIII,
735 2902 810 2971 4).
865 2901 938 2956 Ut
982 2902 1054 2957 ad
1110 2901 1504 2973 intelligentiae
1553 2904 1746 2974 ignem
1780 2917 1910 2972 pro-
2019 2900 2108 2956 vel
2139 2904 2204 2954 ut
2233 2917 2386 2970 aqua
2406 2900 2672 2968 efﬂuens,
2702 2902 2932 2973 copiose
2955 2904 3154 2971 currit,
3175 2921 3323 2960 aura
3351 2905 3463 2960 sibi
3496 2906 3669 2962 ﬂante

261 2993 428 3046 fectu
459 2989 590 3044 fidei
631 2990 701 3045 de
751 2989 1009 3045 stultitiae
1057 2990 1262 3062 frigore
1293 2992 1589 3046 venientes
1619 2991 1910 3046 dicerent:
2025 2989 2280 3060 Spiritus
2313 2990 2521 3055 sancti,
2576 2989 2634 3043 in
2685 2989 2864 3045 variis
2909 2991 3093 3062 signis
3137 2997 3312 3064 atque
3350 2994 3670 3050 virtutibus

260 3082 462 3136 Nonne
489 3095 584 3134 cor
613 3088 861 3134 nostrum
899 3079 1100 3134 ardens
1141 3083 1262 3134 erat
1313 3097 1371 3134 in
1402 3080 1579 3147 nobis,
1612 3096 1756 3146 cum,
1790 3079 1918 3133 illu-
2026 3079 2180 3132 viam
2209 3076 2320 3131 sibi
2352 3077 2487 3132 fidei
2519 3077 2655 3132 fecit
2684 3078 2742 3132 in
2775 3079 3132 3147 nationibus,
3167 3086 3385 3138 terrore
3415 3083 3672 3138 nominis

264 3169 499 3226 minato
549 3169 720 3224 corde
763 3173 932 3238 atque
963 3185 1206 3225 accenso
1255 3169 1558 3226 charitatis
1589 3168 1767 3236 fonte,
1797 3185 1921 3239 ape-

265 3261 417 3314 riret
462 3258 620 3312 nobis
658 3259 974 3328 Scripturas
1020 3258 1192 3314 Jesus
1250 3260 1400 3330 (Luc.
1451 3276 1604 3328 xx1v,
1655 3257 1778 3328 32)?
1828 3257 1923 3312 Sic
1953 3240 1996 3307 C

270 3349 480 3417 itaque
513 3346 816 3418 ingressus
846 3347 1134 3401 mundum
1168 3363 1233 3402 ac
1263 3347 1509 3402 visitans
1531 3363 1686 3413 eum,
1717 3345 1928 3418 aSpicit

273 3435 460 3493 corda
490 3433 850 3500 mortalium,
882 3452 1011 3506 qua:
1061 3435 1238 3490 etiam
1283 3440 1340 3491 et
1382 3435 1646 3491 thesauri
1690 3435 1762 3490 ab
1799 3435 1927 3507 ipso

273 3523 532 3580 Domino
589 3529 1003 3594 nuncupantur
1059 3524 1115 3578 in
1157 3523 1488 3596 Evangelio,
1546 3524 1626 3579 ita
1670 3525 1926 3579 dicente:

275 3617 470 3669 Bonus
489 3613 643 3668 homo
672 3613 736 3668 de
766 3615 904 3669 bona
933 3614 1190 3668 thesauro
1218 3614 1394 3669 cordis
1423 3616 1514 3669 sui
1540 3615 1761 3687 profert
1793 3615 1932 3668 bona

277 3702 498 3776 (Matth.
527 3719 628 3767 x11,
660 3703 770 3773 35).
822 3702 951 3758 Haec
998 3701 1178 3774 igitur
1224 3704 1378 3758 Deus
1431 3703 1620 3758 facere
1649 3719 1936 3774 praepara-

281 3793 395 3861 vit,
420 3808 545 3863 quae
577 3790 852 3860 diximus,
877 3790 1064 3846 hostis
1086 3808 1294 3863 pugnae
1317 3796 1373 3846 et
1395 3791 1555 3860 belli,
1584 3791 1643 3846 in
1676 3796 1937 3863 tempore

285 3881 498 3951 utique
530 3897 633 3952 pro
682 3879 850 3934 nobis
883 3880 1159 3946 moriens,
1195 3880 1421 3935 hostem
1453 3896 1687 3952 gravem
1717 3897 1782 3934 ac
1815 3896 1938 3934 mo-

284 3969 682 4026 lestissimum
716 3968 1020 4024 inimicum
1051 3968 1352 4024 diabolum
1403 3969 1459 4023 in
1501 3969 1704 4023 inferis
1734 3969 1942 4023 trium-

289 4059 523 4133 phavit,
555 4063 613 4113 et
644 4073 955 4130 resurgens
977 4075 1012 4113 a
1043 4058 1310 4124 mortuis,
1343 4057 1402 4113 in
1433 4058 1634 4113 Judaea
1656 4058 1789 4114 ﬁdei
1823 4074 1941 4113 suae

290 4147 665 4206 adversarios
697 4147 1068 4220 expugnavit.

377 4259 404 4285 «
439 4236 542 4291 Per
572 4253 747 4308 quam
780 4236 954 4302 viam,
981 4236 1277 4308 spargitur
1303 4236 1425 4306 lux,
1457 4235 1736 4290 dividitur
1765 4239 1946 4291 aestus

295 4341 484 4397 super
509 4325 772 4379 terram?
810 4325 950 4389 Quis
993 4326 1203 4396 poterit
1249 4325 1479 4397 proprie
1531 4324 1678 4380 scire
1727 4329 1947 4378 morta-

294 4416 475 4476 lium.
509 4429 635 4484 qua:
670 4413 747 4467 sit
785 4414 880 4467 via
912 4413 1072 4482 solis,
1107 4431 1291 4485 quam
1323 4414 1590 4469 ordinato
1622 4431 1797 4469 cursu
1830 4413 1952 4485 agit

294 4505 365 4560 in
425 4503 625 4557 dextro
678 4500 912 4557 climate
958 4501 1110 4569 creli,
1159 4502 1490 4574 spargentis
1536 4501 1728 4557 lucem
1777 4518 1954 4574 super

2030 3165 2130 3222 Dei
2166 3170 2338 3236 atque
2369 3164 2787 3221 miraculorum
2840 3168 3096 3223 tonitruo
3145 3171 3523 3241 praecedente.
3564 3172 3675 3227 Alii

2035 3255 2327 3318 dixerunt,
2356 3257 2697 3326 praeparavit
2725 3259 2930 3325 ﬂumen
2958 3260 3202 3313 omnium
3225 3262 3577 3332 populorum.
3613 3262 3682 3317 Et

2035 3345 2276 3412 flumen,
2310 3342 2572 3413 inquam,
2599 3344 2860 3400 Ecclesiae
2884 3347 3247 3417 praeparavit,
3283 3354 3346 3404 ut
3374 3350 3570 3421 pluvia
3592 3367 3682 3405 co-

2037 3433 2204 3504 piosa
2252 3436 2308 3486 et
2355 3431 2548 3488 valida
2585 3432 2835 3504 Spiritus
2867 3435 3052 3490 sancti
3084 3435 3492 3506 inundaretur,
3526 3439 3682 3494 sicut

2039 3521 2098 3575 in
2133 3521 2258 3593 ipso
2289 3520 2574 3591 principio
2605 3522 2897 3577 nascentis
2937 3524 3206 3582 Ecclesia
3240 3543 3416 3599 super
3443 3533 3682 3599 aposto-

2045 3610 2132 3666 los
2163 3615 2394 3665 sanctos
2427 3627 2543 3681 qua
2575 3615 2810 3667 cazteros
2830 3613 3296 3670 demonstratum
3322 3621 3429 3672 est.
3464 3618 3598 3688 (Act.
3627 3634 3692 3683 II,

2046 3700 2074 3752 4
2101 3702 2158 3752 et
2182 3698 2432 3769 passim).
2469 3699 2630 3762 Quod
2655 3703 2850 3754 autem
2881 3700 2939 3754 in
2965 3702 3195 3758 laudem
3222 3704 3428 3760 imbris
3452 3721 3695 3777 evange-

2046 3787 2142 3841 lici
2176 3786 2409 3852 dicitur,
2443 3788 2598 3857 quod
2632 3787 2847 3860 pluerit
2877 3806 3054 3862 super
3080 3797 3297 3848 terram
3330 3793 3696 3850 inhabitabi-

2050 3876 2187 3941 lem,
2221 3892 2346 3947 quae
2375 3875 2674 3931 hominem
2695 3894 2809 3933 non
2839 3878 3107 3935 haberet:
3134 3898 3249 3936 non
3269 3883 3378 3937 erit
3405 3881 3694 3948 mirabile,

2052 3965 2101 4021 si
2134 3970 2197 4019 ut
2223 3969 2411 4032 sonat,
2446 3969 2675 4020 tantum
2708 3966 3103 4038 intelligatur:
3130 3971 3230 4024 sed
3263 3970 3321 4024 in
3353 3970 3602 4036 deserto,
3637 3970 3695 4024 id

2053 4058 2143 4109 est
2174 4052 2532 4118 nationibus,
2567 4054 2892 4110 doctrinam
2927 4056 3240 4111 Dominicis:
3273 4057 3702 4128 praedicationis

2056 4143 2286 4215 cepiose
2318 4142 2541 4196 effudit.
2575 4143 2639 4196 In
2673 4143 2922 4208 deserto,
2955 4143 3215 4214 inquam,
3251 4145 3351 4199 ubi
3382 4144 3563 4201 nullis
3595 4146 3704 4200 ho-

2057 4232 2285 4287 minum
2323 4230 2511 4285 fuerat
2539 4237 2954 4298 commoratus,
2978 4231 3034 4286 id
3059 4237 3168 4298 est,
3192 4233 3472 4304 quoniam
3505 4233 3705 4290 nullus

2057 4319 2476 4392 prophetarum
2499 4320 2568 4374 ad
2596 4325 2798 4390 gentes
2819 4337 2852 4374 a
2872 4320 2988 4375 Deo
3009 4326 3133 4376 erat
3155 4323 3393 4390 missus,
3418 4329 3482 4378 ut
3501 4324 3710 4395 imple-

2060 4413 2148 4462 ret
2175 4407 2330 4461 invia
2359 4413 2415 4461 et
2445 4407 2723 4474 desolata,
2756 4412 2814 4463 et
2846 4409 3184 4479 producerel
3217 4411 3425 4467 herbas
3456 4413 3710 4468 virentes

2062 4495 2380 4567 Evangelii.
2407 4496 2596 4551 Imber
2615 4500 2778 4551 terrae
2810 4497 3102 4565 Ecclesia,
3127 4516 3252 4570 quae
3275 4500 3464 4555 fuerat
3485 4499 3714 4555 desola-

299 4599 496 4648 terras
527 4595 628 4645 aut
677 4591 1180 4662 quemadmodum
1232 4596 1408 4646 aestus
1459 4607 1561 4661 per
1603 4590 1758 4645 vices
1805 4594 1949 4646 tem-
1985 4608 2033 4674 D
2065 4589 2123 4641 ta
2154 4605 2188 4640 a
2219 4589 2415 4674 Deo,et
2437 4585 2635 4656 pluvia
2653 4585 2960 4642 charitatis
2977 4587 3078 4644 Dei
3107 4588 3274 4660 adipe
3300 4587 3539 4659 replevit
3561 4603 3720 4649 eam.

303 4696 543 4754 porum,
584 4680 704 4735 sive
733 4696 837 4751 per
866 4679 992 4734 loca
1020 4681 1314 4751 regionem
1347 4679 1613 4735 omnium
1644 4678 1954 4746 dividatur,

304 4775 380 4825 ut
435 4768 574 4823 alibi
634 4767 768 4840 plus
838 4769 1041 4824 eodem
1111 4773 1372 4840 tempore
1431 4768 1665 4837 ferveat,
1725 4772 1782 4821 et
1836 4767 1960 4837 ipse

308 4857 454 4914 alibi
512 4861 832 4928 temperato
890 4855 1080 4912 calore
1112 4856 1415 4911 sentiatur.
1451 4857 1614 4923 Item,
1649 4872 1750 4927 per
1782 4871 1958 4926 quam

309 4945 472 5000 viam
515 4945 951 5016 spargiturlux,
985 4945 1264 5000 dividitur
1297 4949 1472 5000 aestus
1505 4962 1682 5016 super
1722 4933 1959 4999 terram.

311 5035 427 5089 Via
475 5039 562 5089 est
609 5033 901 5106 Evangelii
951 5034 1303 5106 praedicatio,
1364 5051 1668 5106 perquam
1702 5033 1799 5088 lux
1829 5033 1963 5088 ﬁdei

315 5123 623 5195 spargitur
679 5139 856 5194 super
909 5124 1081 5178 corda
1139 5123 1539 5179 credentium.
1601 5123 1667 5176 Et
1723 5121 1965 5194 pulchre

318 5213 659 5284 spargitur,
741 5213 879 5284 quia
953 5211 1294 5268 inﬁdelitate
1369 5217 1592 5267 mentes
1659 5210 1968 5266 hominum

321 5301 524 5365 aridae,
587 5301 846 5356 ubertate
894 5301 1098 5356 divinae
1148 5301 1346 5374 gratize
1395 5301 1739 5368 irrorantur,
1787 5305 1842 5354 et
1889 5301 1972 5353 ita

324 5391 608 5444 dividitur
680 5394 858 5444 aestus
924 5390 1110 5445 sancti
1185 5389 1437 5461 Spiritus
1515 5406 1691 5460 super
1757 5395 1971 5444 terram

326 5479 615 5535 fidelium.
640 5479 755 5548 Sic,
781 5480 1044 5550 inquam,
1069 5479 1368 5546 dividitur,
1388 5496 1520 5534 cum
1546 5478 1860 5549 unicuique
1880 5477 1974 5531 da-

326 5576 428 5624 tur
460 5570 646 5639 gratia
668 5569 991 5623 secundum
1019 5584 1352 5624 mensuram
1384 5568 1718 5624 donationis
1744 5567 1976 5622 Domini

331 5656 518 5716 nostri
548 5656 689 5712 Jesu
737 5656 951 5714 Christi
997 5657 1212 5728 (Ep/tes.
1270 5676 1345 5730 Iv,
1377 5659 1453 5730 7).
1501 5657 1632 5714 Sive
1663 5656 1772 5714 hoc
1805 5657 1976 5714 modo

1477 5784 1514 5824 Χ

2069 4679 2244 4746 atque
2274 4673 2335 4728 in
2365 4674 2741 4746 pinguedine,
2775 4680 2840 4729 ut
2869 4691 2937 4730 ex
2962 4676 3224 4732 ubertate
3245 4677 3533 4732 bonorum
3557 4674 3722 4732 coele-

2071 4766 2251 4820 stium
2284 4763 2631 4834 produceret
2661 4780 2726 4818 ac
2747 4764 3030 4835 proferret
3050 4765 3262 4821 herbas
3292 4765 3545 4820 virentes
3577 4765 3718 4820 sati-

2069 4854 2124 4907 vi
2157 4852 2420 4920 seminis,
2455 4853 2780 4908 secundum
2814 4870 2997 4925 genus
3031 4871 3206 4910 suum
3239 4853 3395 4925 (Gen.
3429 4872 3470 4922 I,
3503 4855 3613 4922 12),
3646 4853 3722 4908 si-

2075 4947 2172 4997 cut
2204 4941 2283 4996 ait
2311 4942 2372 4996 in
2404 4941 2630 5013 psalmo
2656 4958 2668 4996 :
2697 4945 2990 5012 Elﬂorebit
3017 4943 3084 4999 de
3109 4945 3336 5000 civitate
3363 4944 3506 4999 sicut
3532 4945 3724 5014 fenum

2075 5037 2236 5086 terra
2271 5033 2441 5100 (Psal.
2475 5047 2619 5099 LXXI,
2653 5032 2742 5100 16)
2774 5035 2830 5086 et
2867 5031 3272 5104 multiplicatis
3317 5032 3608 5088 fructibus
3640 5033 3722 5086 fa-

2077 5124 2231 5175 ceret
2260 5120 2584 5175 secundum
2619 5119 2956 5190 parabolam
3001 5121 3253 5190 Domini,
3303 5121 3462 5177 aliud
3493 5121 3724 5194 trigesi-

2081 5226 2266 5276 mum,
2299 5208 2459 5264 aliud
2482 5209 2936 5281 sexagesimum,
2960 5210 3117 5279 aliud
3152 5211 3538 5268 centesimum
3572 5211 3726 5266 fruc-

2085 5304 2208 5353 tum
2238 5299 2448 5367 (Matth.
2481 5312 2604 5366 xIII,
2636 5299 2748 5368 23),
2800 5303 2856 5354 et
2888 5299 3116 5355 audiret
3164 5317 3298 5355 cum
3330 5299 3731 5355 exhortatione

2085 5404 2146 5443 se
2177 5386 2612 5442 consolantem:
2661 5388 2896 5455 Laetare,
2944 5389 3170 5459 sterilis,
3221 5406 3331 5461 qua
3376 5404 3489 5445 non
3539 5389 3697 5460 paris
3716 5403 3738 5447 ,'

2085 5493 2310 5547 erumpe
2367 5486 2419 5530 et
2477 5477 2747 5547 exclama,
2778 5492 2904 5548 quae
2949 5493 3061 5533 non
3088 5467 3357 5549 parturis,
3401 5479 3533 5550 quia
3575 5477 3740 5530 multi

2087 5567 2194 5636 [itii
2221 5565 2466 5632 desertw,
2497 5568 2676 5638 magis
2706 5583 2871 5640 quam
2909 5569 3026 5644 ejus
3053 5585 3176 5642 qua
3205 5568 3365 5625 habet
3393 5569 3578 5622 virum
3606 5566 3732 5636 (Isa.

2089 5671 2200 5723 LIV,
2235 5655 2308 5726 1).
