3980 6184
450 379 569 443 803

1945 376 2337 438 APPENDIX
2351 421 2366 436 .
3682 383 3766 441 804

523 537 550 564 ‹‹
585 510 725 578 Quis
755 513 847 567 est
876 509 1084 583 pluvia
1115 515 1296 584 pater,
1349 509 1434 567 vel
1481 509 1612 582 quis
1663 510 1866 583 genuit
1903 509 2094 566 stillas
2121 511 2178 578 Α
2209 511 2298 566 sia
2327 515 2436 566 est.
2470 511 2528 565 In
2580 527 2695 582 quo
2725 510 3044 567 constituta
3073 514 3164 567 est
3209 509 3445 584 specula
3479 513 3770 587 contempla-

449 602 646 660 roris?
675 623 704 652 »
740 601 881 666 Quis
938 605 1026 656 est
1073 601 1254 672 hujus
1300 600 1531 672 pluviae,
1594 604 1650 655 et
1679 600 1858 670 hujus
1889 599 2097 654 imbris

450 690 739 748 Dominici
786 694 988 745 auctor
1038 694 1095 744 et
1148 690 1435 756 conditor,
1488 689 1600 743 nisi
1650 687 1850 743 Deus?
1909 689 2095 751 Quam

447 781 706 855 pluviam
759 778 1149 834 voluntariam
1217 777 1540 849 segregavit
1597 777 1919 831 haereditati
1978 793 2096 830 suae

451 871 625 941 (Psal.
658 885 852 923 LXVIII.
890 869 999 935 10),
1034 867 1184 922 sicut
1213 866 1353 921 dicit
1375 871 1542 921 Pater
1571 867 1641 920 ad
1677 865 1926 920 Filium:
1963 865 2094 934 Fili,

443 963 567 1030 pete
599 976 634 1013 α
668 973 754 1013 me
782 966 832 1012 et
868 956 1002 1011 dabo
1045 956 1152 1011 tibi
1194 959 1376 1023 gentes
1423 956 1798 1010 haereditatem
1829 961 2003 1020 tuam,
2046 957 2099 1009 et

448 1048 836 1119 possessionem
865 1047 1126 1102 terminos
1157 1049 1324 1102 terra
1355 1046 1524 1115 (Psal.
1559 1063 1620 1110 II,
1652 1045 1729 1114 8).
1765 1045 1890 1114 Ipse
1919 1043 2094 1098 etiam

449 1139 601 1192 Deus
627 1136 830 1209 genuit
867 1135 1058 1191 stillas
1108 1136 1292 1190 roris:
1328 1134 1463 1189 hinc
1494 1138 1553 1188 et
1597 1133 1881 1205 propheta
1910 1133 1992 1187 ait
2022 1133 2093 1186 ad

331 1293 346 1300 ἦ
448 1227 672 1281 Deum:
707 1228 807 1282 Bos
837 1227 986 1280 enim
1014 1227 1110 1297 qui
1151 1243 1184 1279 a
1231 1229 1283 1279 te
1332 1229 1428 1293 est,
1463 1224 1672 1277 sanitas
1700 1224 1776 1277 esl
1808 1222 1923 1276 illis
1965 1222 2092 1292 (Isa.

447 1333 602 1383 XXVI,
636 1316 745 1386 19).
768 1315 1016 1369 Proinde
1049 1314 1108 1368 in
1140 1314 1337 1384 ﬂuvio,
1363 1311 1878 1367 afﬂuentissimam
1911 1310 2098 1365 afflui-

449 1409 632 1460 tatem
662 1402 1108 1475 largitatemque
1160 1401 1364 1456 divinae
1414 1400 1614 1472 gratim
1651 1400 2093 1455 demonstravit.

447 1493 511 1548 In
542 1508 670 1548 rore
700 1496 894 1548 autem
926 1493 1192 1546 eamdem
1219 1489 1494 1562 gratiam,
1520 1490 1738 1544 sensim
1761 1489 2096 1544 insuescen-

447 1586 565 1638 tem
601 1581 944 1652 visceribus,
977 1584 1033 1636 et
1065 1578 1354 1635 medullas
1403 1578 1612 1634 animae
1671 1582 2090 1649 penetrantem.

446 1671 560 1727 Alii
591 1671 883 1737 dixerunt,
909 1669 1000 1724 vel
1019 1670 1141 1739 quis
1161 1668 1356 1740 genuit
1375 1668 1558 1738 glebas
1579 1669 1744 1723 roris.
1777 1667 1890 1721 Has
1916 1665 2096 1738 igitur

449 1759 648 1832 glebas
694 1773 1180 1829 unumquemque
1224 1761 1562 1813 sanctorum
1603 1773 1719 1811 non
1769 1755 2094 1811 absurdum

2206 598 2384 654 tionis
2413 599 2611 654 futura
2656 600 3036 655 credentium.
3097 601 3262 656 Unde
3313 605 3370 656 et
3413 600 3532 672 ipsa
3553 601 3771 659 virtutum

2207 688 2429 759 species
2473 689 2612 744 Sion
2662 689 3097 759 interpretatur.
3148 691 3217 744 Et
3248 695 3315 744 ut
3360 706 3638 746 nossemus
3676 709 3775 763 pro-

2207 777 2399 858 prium
2431 777 2589 833 noris
2620 778 2790 833 istius
2821 796 3054 846 nomen,
3087 778 3169 833 ait
3196 779 3532 850 psalmista:
3563 781 3768 847 Quoniam

2206 867 2322 920 illic
2352 867 2592 936 quidem,
2623 866 2846 922 scilicet
2883 868 2942 922 in
2975 874 3172 922 monte
3204 869 3370 934 Sion,
3399 870 3652 923 mandavit
3693 876 3768 925 Do-

2204 956 2389 1009 minus
2445 957 2904 1022 benedictionem,
2950 966 3000 1012 et
3039 959 3206 1012 vitam
3263 973 3431 1028 usque
3473 961 3527 1011 in
3564 967 3770 1013 aeternum

2205 1044 2330 1115 (Psa
2350 1045 2388 1098 ι.
2421 1061 2630 1114 cxxxn,
2655 1046 2730 1116 3).
2766 1049 2832 1100 Et
2859 1047 3125 1117 sequitur
3153 1047 3382 1101 dicente
3407 1046 3656 1102 Domino:

2279 1154 2308 1183 «
2340 1135 2410 1188 Et
2438 1133 2571 1205 gelu
2603 1135 2674 1189 de
2703 1133 2844 1189 caelo
2867 1134 3001 1205 quis
3021 1135 3262 1206 genuit?
3283 1159 3312 1183 »
3336 1139 3453 1190 Hoc
3472 1135 3632 1207 igitur
3650 1137 3772 1190 modo

2206 1222 2278 1277 de
2308 1222 2450 1277 cmlo
2482 1223 2885 1278 obdurationis
2923 1223 3216 1278 sententia
3237 1223 3500 1296 sacrilegi
3531 1223 3772 1291 feriuntur,

2205 1312 2358 1382 quod
2408 1312 2609 1383 utique
2664 1311 2884 1367 malum
2923 1314 3083 1383 juste
3133 1313 3218 1368 eis
3259 1330 3292 1368 a
3321 1313 3436 1368 Deo
3465 1312 3656 1368 dicitur
3677 1329 3772 1384 pro-

2205 1400 2410 1466 creari,
2445 1406 2508 1455 ut
2539 1401 2820 1456 Pharaoni
2853 1401 3074 1456 scilicet
3100 1404 3156 1457 et
3183 1401 3409 1457 Judwis
3440 1417 3577 1472 quos
3602 1405 3775 1472 prepter

2204 1489 2609 1546 inﬁdelitatem
2634 1507 2824 1557 suam,
2843 1495 2899 1547 et
2919 1491 3161 1546 nimiam
3183 1490 3618 1546 obstinationem
3637 1490 3773 1545 cordis

2203 1577 2456 1651 legimus
2495 1580 2813 1634 obduratos
2862 1579 3053 1650 (Exod.
3096 1597 3199 1647 VII,
3254 1581 3351 1648 13;
3405 1581 3553 1635 Joan.
3596 1579 3773 1646 311,40;

2203 1668 2316 1722 Act.
2349 1685 2464 1738 XIX,
2495 1668 2570 1739 9).
2604 1668 2882 1740 Sequitur
2919 1671 2990 1724 de
3039 1668 3407 1742 hujusmodi,
3459 1669 3660 1724 dicente
3698 1671 3772 1721 Do-

2206 1774 2386 1813 ῙΠΙΠΟ.

451 1845 559 1901 erit
579 1845 1104 1918 intellexisse,quae
1128 1845 1341 1902 suntin
1369 1862 1505 1917 agro
1523 1845 1788 1900 Ecclesiae
1811 1861 1823 1900 :
1848 1845 2092 1917 quibus-
2129 1888 2177 1952 B
2277 1869 2306 1897 «
2341 1848 2401 1901 In
2432 1847 2879 1903 similitudinem
2911 1848 3125 1920 lapidis
3153 1865 3322 1920 aquae
3345 1849 3627 1903 durantur.
3649 1870 3670 1897 »
3694 1851 3772 1906 No-

447 1952 562 2005 que
591 1934 736 1990 dicit
765 1935 1106 2006 Apostolus:
1137 1937 1243 1989 Dei
1271 1936 1620 2006 agricultura
1639 1937 1771 1990 estis
1791 1936 1836 2002 (I
1863 1933 1983 1989 Cor.
2008 1951 2093 2001 III,

399 2046 408 2050 -
450 2023 524 2095 9).
561 2023 682 2078 Illic
725 2040 861 2096 ergo
893 2023 1016 2078 istae
1048 2023 1225 2095 glebae
1258 2040 1360 2094 per
1380 2024 1738 2094 baptismum
1762 2023 1821 2077 in
1868 2023 2098 2078 Christo

449 2116 590 2167 sunt
647 2112 878 2185 genitis,
911 2112 1065 2168 sicut
1094 2113 1176 2167 ait
1205 2111 1545 2184 Apostolus:
1585 2112 1766 2168 Creati
1796 2114 1857 2166 in
1886 2112 2095 2168 Christo

443 2203 568 2257 Jesu
594 2203 655 2256 in
684 2201 934 2274 operibus
965 2202 1118 2257 bonis
1149 2201 1363 2272 (Ephes.
1397 2218 1458 2270 II,
1497 2203 1602 2270 10).
1637 2201 1799 2256 Unde
1828 2201 1936 2256 hoc
1968 2219 2095 2257 rore

444 2290 662 2346 caelesti
722 2290 962 2363 perfusi,
1018 2291 1266 2362 pingues
1324 2291 1384 2344 in
1454 2291 1671 2345 sanctis
1723 2290 1970 2358 fructus,
2039 2294 2096 2344 et

444 2380 654 2436 uberes
685 2380 1056 2436 exstiterunt.

519 2469 648 2524 «De
680 2470 848 2540 cujus
881 2471 1043 2523 utero
1075 2483 1311 2540 egressa
1339 2472 1428 2522 est
1459 2467 1716 2540 glacies?
1751 2491 1772 2520 ι
1810 2468 1964 2522 Uteri
1997 2484 2093 2522 no-

445 2558 624 2628 mine,
658 2557 851 2614 cordis
909 2561 1196 2612 secretum
1247 2556 1610 2628 signiﬁcasse
1667 2556 1810 2611 mibi
1841 2556 2089 2610 videtur.

442 2649 569 2704 Non
587 2647 743 2702 enim
770 2645 1147 2718 probabiliter
1167 2645 1413 2718 glaciem
1443 2662 1740 2716 egressam
1769 2646 1839 2700 de
1869 2661 1967 2699 ore
1990 2644 2090 2700 Dei

439 2735 763 2808 intelligere
793 2736 1093 2804 debemus,
1119 2735 1219 2790 sed
1247 2735 1317 2789 de
1337 2734 1436 2789 illo
1465 2734 1676 2789 mentis
1701 2751 1817 2789 suae
1847 2739 2088 2805 secreto,

444 2824 878 2881 etinscrutabili
895 2823 1139 2896 judicio,
1164 2825 1390 2894 justam
1414 2840 1478 2878 ac
1502 2823 1830 2878 districtam
1864 2839 2092 2877 manas-

443 2931 506 2970 se
538 2913 907 2970 sententiam.
942 2913 1147 2984 Egredi
1172 2928 1307 2985 ergo
1334 2911 1577 2984 glaciem
1603 2912 1770 2980 dixit,
1798 2929 1900 2983 pro
1933 2927 2092 2984 egre-

443 3004 636 3059 diente
657 3003 902 3074 judicio,
938 3019 1053 3074 quo
1084 3002 1408 3058 secundum
1431 3018 1606 3056 suum
1638 3002 1934 3070 meritum,
1963 3001 2088 3070 qui-

442 3093 581 3148 dam
634 3091 944 3146 hominum
1004 3091 1412 3162 percutiuntur
1458 3091 1630 3162 plaga
1660 3089 2085 3154 obdurationis,

440 3184 498 3236 et
530 3181 706 3234 corda
734 3196 936 3234 eorum
962 3179 1279 3234 durissimo
1302 3183 1478 3250 atque
1500 3178 1800 3234 insolubili
1831 3179 2086 3251 quodam

2205 1935 2360 1991 mine
2389 1953 2696 2007 aquarum,
2723 1939 3047 1993 secundum
3071 1938 3506 2010 Scripturarum
3535 1937 3770 1992 auctorita-

2203 2029 2345 2092 tem,
2376 2027 2574 2097 populi
2609 2026 3046 2099 intclliguntur:
3081 2027 3236 2082 sicut
3265 2031 3518 2083 Joannes
3544 2025 3772 2099 apostolus

2204 2113 2317 2168 ait:
2375 2115 2540 2185 Aquae
2587 2124 2770 2172 autem
2814 2118 3004 2188 populi
3046 2121 3175 2171 sunt
3220 2118 3404 2188 (Apoc.
3454 2134 3580 2185 XVII,
3625 2115 3708 2184 15);
3736 2117 3772 2167 et

2203 2202 2382 2258 David
2430 2204 2502 2258 ad
2550 2204 2904 2260 Dominum:
2936 2206 3131 2260 Libera
3163 2221 3272 2275 me,
3325 2205 3527 2277 inquit,
3569 2205 3626 2258 de
3660 2203 3771 2273 aquis

2200 2293 2410 2363 multis,
2431 2293 2495 2348 de
2520 2311 2693 2349 manu
2721 2295 2969 2364 ﬁliorum
2995 2296 3316 2350 alienorum
3344 2295 3506 2366 (Psal.
3539 2310 3694 2355 cxun,
3719 2291 3768 2358 7).

2205 2387 2280 2437 De
2311 2382 2402 2437 his
2433 2400 2569 2455 ergo
2602 2384 2746 2438 mihi
2776 2384 2968 2439 dicere
2997 2385 3252 2452 videtur,
3280 2385 3378 2457 qui
3410 2384 3577 2439 nimio
3599 2379 3771 2437 oblivia

2202 2472 2293 2526 nis
2333 2472 2434 2527 Dei
2495 2473 2702 2545 frigore
2761 2474 3169 2546 obriguerunt,
3230 2479 3288 2529 et
3344 2475 3524 2529 instar
3549 2471 3769 2541 lapidum,

2202 2559 2372 2614 solidi
2403 2564 2460 2615 et
2489 2562 2738 2616 niminm
2773 2564 2902 2617 duri
2938 2563 3127 2618 effecti
3161 2568 3326 2619 sunt.
3359 2562 3564 2619 Deinde
3591 2561 3686 2614 ait:

2279 2669 2300 2695 α
2334 2650 2402 2703 Et
2431 2651 2766 2721 superficies
2796 2653 2992 2724 abyssi
3015 2653 3458 2726 constringitur.
3482 2673 3506 2701 »
3525 2651 3579 2705 In
3594 2650 3770 2719 abysso,

2200 2736 2723 2809 profundissimam
2755 2741 3177 2796 obscuritatem
3213 2742 3428 2797 mentis
3457 2745 3584 2813 puto
3612 2734 3770 2792 intelli-

2198 2827 2469 2898 gendam,
2505 2845 2629 2899 qua
2655 2829 2736 2883 ita
2763 2830 3073 2886 obtusione
3091 2830 3458 2886 infidelitatis
3477 2829 3661 2884 animis
3677 2839 3774 2896 ope-

2199 2914 2383 2968 riatur
2411 2920 2468 2970 et
2491 2916 2930 2988 constringatur
2960 2917 3222 2988 quodam
3255 2917 3386 2989 gelu
3413 2912 3705 2986 impietatis,
3731 2913 3774 2962 ut

2197 3021 2333 3058 saxo
2365 3003 2574 3059 similis
2603 3005 2720 3071 fiat,
2747 3006 2826 3059 ita
2856 3009 2922 3060 ut
2943 3006 3043 3060 tali
3071 3012 3289 3072 mente,
3323 3023 3435 3061 non
3458 3005 3525 3059 sit
3554 3003 3613 3057 ad
3634 3001 3764 3055 Deum

2197 3092 2353 3148 ullus
2385 3093 2577 3148 aditus
2609 3095 2957 3165 respirandi,
2982 3096 3311 3149 secundum
3341 3093 3478 3149 illud
3507 3090 3639 3164 quod
3661 3094 3767 3157 Apo-

2195 3181 2380 3237 stolus
2411 3183 2480 3237 de
2510 3182 2730 3237 Judmis
2774 3183 3181 3238 testimonium
3228 3182 3610 3255 propheticum
3648 3190 3768 3231 assu-

439 3269 595 3342 gelu,
627 3272 685 3324 et
727 3267 1109 3340 frigidissime
1140 3267 1659 3339 constringuntur:
1695 3273 1762 3322 ut
1791 3285 1907 3322 non
1953 3285 2084 3323 sen-
2117 3263 2160 3325 C
2199 3286 2385 3336 mens,
2419 3269 2649 3326 locutus
2679 3275 2788 3337 est,
2821 3272 3020 3326 dicens
3047 3290 3058 3326 :
3093 3272 3256 3326 Dedit
3288 3273 3404 3327 illis
3425 3272 3551 3324 Deus
3569 3265 3770 3338 spiritum

437 3360 588 3414 tiant
616 3357 890 3414 ferventis
921 3357 1128 3412 divinae
1160 3356 1461 3412 charitatis
1490 3357 1764 3412 calorem.
1797 3357 1877 3410 Dc
1906 3373 2080 3428 ange-

437 3446 511 3502 lis
542 3447 901 3519 apostaticis,
936 3445 1238 3501 verissime
1269 3445 1382 3499 dici
1428 3449 1636 3516 potest,
1670 3449 1726 3498 et
1755 3445 2082 3515 specialiter

433 3536 503 3590 de
521 3536 740 3591 Judazis
763 3533 1210 3606 intelligendum
1242 3537 1351 3600 est,
1385 3533 1601 3604 quibus
1633 3550 1796 3604 aquae
1827 3533 2080 3603 eloquio-

436 3640 568 3677 rum
599 3621 919 3677 caelestium
968 3621 1224 3694 glaciatze
1258 3625 1416 3688 sunt,
1468 3627 1533 3676 ut
1575 3621 1634 3674 in
1683 3621 1908 3676 fructus
1940 3637 2078 3692 gen-

433 3710 582 3765 tium
613 3710 810 3783 gratiae
831 3709 1102 3782 largitate
1132 3711 1518 3781 profluerent:
1547 3710 1617 3764 de
1639 3726 1889 3780 quarum
1912 3727 2077 3766 voca-

432 3800 592 3854 tione
623 3800 846 3854 dictum
876 3804 965 3855 est
993 3799 1291 3870 superiore
1325 3797 1630 3868 versiculo,
1663 3804 1721 3853 et
1741 3799 1811 3853 de
1837 3801 2073 3869 quibus:

434 3891 628 3944 Posuit
650 3889 926 3943 desertum
974 3891 1030 3943 in
1069 3896 1264 3959 stagna
1305 3903 1602 3956 aquarum,
1653 3896 1703 3942 et
1757 3894 1930 3943 terras
1957 3892 2080 3970 sine

434 3995 578 4050 aqua
610 3980 670 4033 in
698 3979 882 4032 exitus
911 3994 1203 4048 aquarum,
1236 3983 1287 4031 et
1313 3975 1626 4031 inhabitare
1649 3978 1779 4046 fecit
1825 3978 1902 4032 ibi
1948 3995 2078 4032 esu-

432 4070 633 4123 rientes
662 4067 832 4139 (Psal.
867 4083 975 4138 CVI,
1010 4067 1237 4134 35-39),
1270 4063 1330 4119 id
1376 4069 1485 4135 est,
1533 4066 1857 4121 esurientes
1899 4069 2075 4135 justi-

432 4156 578 4211 tiam
603 4174 618 4224 ;
650 4160 700 4211 et
729 4156 1134 4212 seminaverunt
1163 4169 1344 4224 agros,
1369 4158 1418 4209 et
1442 4155 1839 4225 plantaverunt
1867 4157 2075 4222 vineas,

431 4247 482 4298 et
506 4244 762 4315 fecerunt
803 4247 1044 4316 fructum
1073 4245 1416 4312 nativitavis,
1462 4247 1512 4297 et
1544 4243 1824 4298 benedixit
1869 4261 1975 4315 eos,
2027 4255 2077 4301 et

429 4331 794 4401 multiplicati
820 4336 947 4387 sunt
974 4335 1164 4388 nimis.
1198 4332 1302 4396 Qui
1336 4349 1471 4403 ergo
1503 4340 1697 4387 mente
1755 4333 2075 4404 spirituali-

432 4423 522 4476 ter
552 4437 708 4476 nunc
738 4421 956 4493 ubique
985 4421 1237 4494 positam
1281 4426 1590 4477 contuetur
1620 4421 1957 4490 Ecclesiam,
1987 4425 2076 4479 vi-

431 4509 529 4565 det
558 4514 774 4565 terram
804 4511 953 4582 ejus,
1005 4528 1130 4582 quae
1181 4511 1291 4566 fuit
1321 4515 1434 4566 Deo
1467 4511 1782 4582 aliquando
1824 4514 2072 4585 deserta,

431 4617 587 4691 nunc
619 4600 910 4691 praedictis
942 4601 1216 4691 omnibus
1243 4599 1650 4691 spiritualibus
1681 4601 1864 4673 copiis
1895 4602 2072 4658 abun-
2106 4627 2152 4691 Ι)

429 4690 602 4745 dare:
639 4689 724 4744 sic
755 4690 952 4762 itaque
984 4690 1290 4762 praedictas
1321 4688 1508 4745 stillas
1531 4690 1679 4744 roris
1713 4691 1781 4745 de
1813 4691 1952 4747 coelo
1982 4695 2077 4747 de-

427 4777 676 4834 ﬂuentes
707 4779 967 4852 suscepit
985 4777 1262 4846 Ecclesia,
1286 4782 1344 4833 et
1363 4779 1686 4833 secundum
1709 4779 1980 4835 Judicum
2005 4780 2073 4835 li-

427 4866 624 4936 brum,
657 4869 812 4940 quod
838 4872 1100 4940 tempore
1121 4867 1352 4922 Gedeon
1385 4867 1549 4922 ducis
1573 4868 1790 4922 factum
1822 4869 2073 4941 legimus

428 4971 526 5009 ros
557 4956 736 5012 unins
757 4957 998 5013 oviculis
1026 4957 1334 5030 gentisque
1367 4955 1630 5024 modicas,
1655 4960 1837 5012 totam
1857 4962 2074 5013 terram

428 5042 657 5100 Christo
675 5046 1038 5112 credentum,
1063 5047 1161 5118 qui
1187 5063 1281 5101 ros
1312 5049 1421 5115 est,
1444 5046 1630 5114 gratia
1651 5045 2073 5104 benedictionis

425 5130 644 5186 infudit
672 5131 867 5202 (Judic.
899 5153 1001 5201 VII,
1062 5135 1280 5205 37-40),
1333 5138 1389 5188 et
1441 5132 1751 5203 impletum
1801 5140 1888 5190 est
1928 5136 2070 5192 illud

426 5220 794 5290 mysterium,
830 5224 984 5294 quod
1018 5223 1331 5279 Psalmista
1362 5223 1705 5294 praedixerat
1734 5223 1964 5280 dicens:
1993 5225 2074 5280 Si-

423 5313 517 5364 cut
544 5325 632 5364 ros
661 5311 917 5367 Hermon.
952 5312 1204 5367 Hermon
1228 5311 1430 5382 utique
1463 5327 1653 5377 mons,
1679 5311 1775 5381 qui
1796 5311 2072 5384 interpre—

421 5403 580 5453 tatur
609 5399 944 5472 anathema,
993 5401 1283 5473 signiﬁcat
1310 5399 1618 5455 altitudine
1649 5418 1757 5454 sua
1789 5402 2070 5472 populum

2191 3362 2642 3430 compunctionis,
2676 3362 2860 3439 oculos
2892 3370 2950 3415 ut
2977 3377 3083 3414 non
3115 3361 3364 3426 videant,
3394 3365 3444 3415 et
3461 3373 3603 3414 aures
3628 3361 3770 3407 utnon

2191 3448 2422 3503 audiant
2452 3466 2623 3520 usque
2667 3452 2725 3503 in
2759 3449 3081 3504 hodiernum
3137 3449 3292 3506 diem
3321 3451 3488 3516 (Rom.
3521 3461 3589 3506 χι.
3627 3442 3766 3498 8.1m,

2189 3554 2266 3605 VI,
2299 3538 2374 3606 9).
2409 3539 2472 3591 In
2507 3539 2736 3610 psalmo
2769 3556 2999 3611 quoque
3031 3540 3350 3595 centesimo
3391 3531 3765 3610 quadragesimo

2189 3625 2461 3696 septimo,
2492 3627 2562 3682 de
2593 3627 2748 3698 gelu,
2783 3628 2869 3682 vel
2891 3627 3076 3700 glacie
3095 3632 3153 3682 et
3175 3627 3467 3700 crystallo,
3496 3620 3758 3680 secundum

2183 3714 2339 3770 hunc
2369 3731 2605 3771 sensum
2639 3733 2810 3787 quem
2846 3717 3155 3772 Dominum
3193 3717 3410 3772 dixisse
3437 3715 3526 3769 hic
3545 3710 3756 3783 legimus.

2187 3805 2534 3875 prophetam
2569 3807 2811 3877 mystice
2846 3807 3120 3875 locutum,
3144 3806 3514 3861 manifestum
3543 3804 3634 3856 est.
3662 3797 3759 3849 Pos-

2187 3910 2396 3948 sumus
2427 3894 2547 3948 haec
2574 3895 2698 3950 loea
2720 3901 2776 3950 et
2797 3895 3144 3967 simpliciter
3163 3894 3496 3966 intelligere,
3520 3895 3571 3945 et
3587 3885 3692 3959 gelu
3710 3880 3757 3933 de

2187 3984 2329 4038 cwlo
2353 3983 2484 4056 quis
2506 3984 2742 4056 genuit?
2765 3984 2986 4039 Caelum
3010 3983 3366 4055 appellantes
3383 3978 3622 4056 glacialia
3640 3985 3759 4028 mon-

2185 4071 2354 4138 tium,
2406 4077 2462 4126 et
2493 4073 2854 4128 excelsorum
2887 4074 3215 4134 cacumina.
3259 4079 3315 4128 et
3346 4088 3441 4143 per
3468 4070 3753 4124 immensum

2187 4177 2399 4224 aerem,
2436 4160 2562 4215 loca
2621 4162 2762 4216 coelo
2816 4162 3115 4227 viciniora,
3175 4160 3262 4217 vel
3321 4160 3500 4231 magis
3534 4149 3754 4226 proxima-

2190 4249 2521 4326 Secundum
2541 4250 2690 4304 hanc
2713 4267 2848 4323 ergo
2867 4252 3350 4306 consuetudinem
3372 4247 3756 4328 Scripturarurrtt

2190 4321 2313 4408 ipse
2359 4337 2638 4393 Dominus
2683 4321 2876 4410 inquit
2922 4340 2980 4394 in
3035 4337 3364 4411 Evangelio,
3413 4333 3630 4390 volatilia
3666 4321 3756 4379 cali

2188 4427 2399 4495 (Matth.
2433 4445 2510 4488 v1,
2543 4429 2656 4496 26).
2686 4428 2786 4483 His
2821 4429 3143 4483 secundum
3178 4427 3426 4483 litteram
3458 4436 3596 4477 nunc
3620 4411 3756 4470 omis-

2187 4515 2289 4582 sis,
2324 4532 2392 4570 ea
2421 4516 2637 4586 potius,
2671 4533 2804 4587 qum
2853 4523 3075 4571 sacrate
3109 4534 3142 4571 a
3174 4521 3285 4572 Deo
3324 4511 3608 4589 praedicata
3634 4503 3750 4562 sunt,

2185 4604 2506 4676 intelligere
2535 4611 2592 4659 et
2621 4606 2852 4661 credere
2882 4623 2988 4660 nos
3020 4611 3266 4676 oportet.
3427 4612 3432 4616 ’

2265 4716 2289 4745 «ι
2322 4675 2620 4765 Numquid
2651 4695 3003 4766 conjungere
3049 4675 3270 4750 Valebis
3308 4692 3569 4746 micantes
3599 4675 3750 4766 stellas

2184 4782 2461 4854 pleiades,
2509 4788 2612 4838 aut
2659 4800 2863 4854 gyrum
2911 4785 3128 4838 arcturi
3180 4781 3391 4855 poteris
3419 4763 3750 4855 dissipare?”

2187 4872 2352 4927 Nunc
2383 4872 2453 4927 de
2480 4871 2604 4926 coeli
2638 4873 2838 4927 ordine
2877 4878 2935 4928 et
2963 4877 3255 4928 astrorum
3286 4867 3515 4924 circuitu
3546 4853 3750 4926 loquitur

2185 4961 2256 5014 ad
2287 4961 2416 5016 Job.
2445 4959 2708 5015 Pleiades
2738 4960 2970 5032 appelat
3014 4961 3232 5024 stellas,
3265 4957 3407 5030 quise
3434 4955 3644 5025 juncta,
3680 4952 3746 5032 νεῖ

2183 5047 2270 5103 lut
2300 5053 2522 5119 septem
2553 5065 2680 5104 esse
2699 5021 2887 5104 meust
2899 5056 3119 5104 rantur.
3145 5021 3244 5103 His
3264 5021 3393 5116 ergo
3423 5021 3600 5103 Graeci,
3627 5021 3744 5123 (Ψοά

2183 5118 2382 5192 multis
2435 5136 2611 5191 simul
2642 5143 2856 5203 essent,
2904 5155 3114 5194 nomen
3155 5127 3235 5191 ab
3283 5136 3404 5206 ipsa
3435 5118 3744 5211 multitudiue

2181 5230 2529 5298 posuerunt:
2562 5222 2776 5293 πληθὺς
2805 5227 2892 5281 vel
2923 5223 3132 5294 πλῆθος
3157 5227 3305 5281 enim
3332 5211 3612 5276 multitudo
3636 5206 3742 5258 dici-

2180 5297 2294 5380 tur,
2328 5319 2384 5370 et
2413 5315 2548 5369 inde
2576 5315 2895 5370 derivatum
2926 5322 3033 5382 est,
3063 5321 3127 5370 ut
3148 5313 3394 5386 pleiades
3417 5297 3738 5386 appellentur.

2177 5376 2434 5474 Ait'ergo
2467 5403 2751 5458 Dominus
2782 5405 2850 5459 ad
2899 5376 3047 5459 Job:
3083 5376 3367 5471 Numquid
3402 5399 3460 5448 ut
3487 5392 3564 5444 hae
3600 5376 3735 5474 stella:

423 5487 781 5544 Judzeorum.
819 5458 982 5546 Illius
1030 5458 1164 5562 e‘i'go
1214 5505 1330 5559 ros,
1363 5488 1562 5559 gratia:
1591 5458 1941 5546 videlic‘et‘et
1971 5493 2067 5547 be-
2171 5458 2408 5563 junctae),
2442 5499 2498 5546 et
2526 5493 2701 5547 simul
2735 5494 2872 5561 sint,
3038 5458 3288 5565 potentia
3317 5488 3487 5541 facere
3514 5458 3737 5565 potuisti'l

424 5577 795 5648 nedictionis,
828 5579 1131 5635 descendit
1160 5578 1216 5632 in
1254 5581 1515 5632 montem
1546 5577 1704 5632 Sion.
1738 5579 1868 5633 Sion
1903 5597 2066 5635 nam-

423 5683 536 5746 que
566 5684 738 5724 mons
767 5668 1032 5725 excelsus
1052 5665 1367 5724 virtutibus
1389 5671 1564 5735 atque
1584 5665 1858 5722 sublimis
1881 5669 2070 5727 Eccle-

2177 5580 2600 5653 Septentrionis
2631 5598 2864 5652 quoque
2895 5583 3013 5637 sive
3038 5563 3251 5637 arcturi
3268 5563 3734 5658 circuitumrfl'uel‘f

2181 5650 2324 5731 inae
2348 5670 2567 5725 Siﬂenti
2590 5650 2730 5740 8δῖΓο
2752 5650 2853 5741 per
2873 5673 3172 5727 sinistram
3195 5666 3411 5740 plagam
3435 5650 3608 5714 mundi
3631 5650 3674 5698 in
3693 5650 3736 5689 58
