3980 6184
211 355 339 423 805

1225 358 1740 424 COMMENTAR.
1788 363 1867 425 IN
1909 361 2048 426 JOB
2091 364 2266 426 CAP.
2317 363 2642 428 XXXVIII.

3533 373 3652 450 306
3667 411 3670 414 _

219 492 337 551 feci
359 493 751 563 recurrere,ut
769 494 930 549 totus
951 491 1012 548 in
1032 508 1096 549 se
1121 494 1296 549 vadat
1319 510 1554 566 semper
1568 499 1626 551 et
1651 496 1878 552 redeat:
1909 500 1968 569 Α
1995 501 2086 554 est
2116 513 2149 552 a
2171 496 2286 552 Deo
2308 496 2500 562 Patre,
2523 502 2586 552 ut
2607 502 2792 554 terras
2808 498 3104 570 inviseret,
3131 503 3229 574 qui
3253 504 3381 562 ideo
3415 506 3646 564 Lucifer

218 582 514 654 numquid
547 587 612 636 tu
646 582 865 652 poteris
895 582 1180 654 dissipare
1200 583 1228 637 ?
1257 583 1337 639 De
1368 585 1544 640 astris
1575 584 1725 649 cceli,
1757 585 1879 641 sive

219 671 413 744 signis
444 675 500 725 et
531 670 589 724 in
623 668 755 724 aliis
786 669 930 725 locis
962 669 1275 741 Scriptura:
1310 670 1586 742 legimus,
1622 673 1775 726 sicut
1819 672 1878 726 in

215 762 364 818 Jesu
396 760 550 815 Nave
580 760 759 829 (Iosue
789 776 880 829 xv,
913 761 969 827 3)
1016 765 1072 814 et
1127 760 1443 816 Judicum:
1495 763 1645 830 Fuit,
1691 761 1883 831 inquit

215 852 491 906 terminus
523 849 828 903 Amorrhmi
886 849 953 902 ab
997 865 1224 904 ascensu
1272 851 1570 921 scorpionis
1614 853 1790 920 petra,
1833 853 1881 904 et

221 941 516 1012 superiora
538 939 653 993 loca
684 938 881 1007 (ludio.
917 955 955 1005 ι,
989 939 1100 1008 36).
1130 939 1201 993 Ut
1231 939 1410 1010 igitur
1440 939 1666 994 Domini
1707 939 1883 994 verba

221 1030 552 1085 secundum
573 1026 852 1098 mysticos
882 1026 1512 1094 intellectusdicamus,
1538 1027 1749 1082 coelum
1788 1027 1882 1081 in-

219 1121 616 1190 terpretemur
638 1115 1162 1188 Ecelesiam,quam
1183 1118 1454 1188 superius
1471 1117 1752 1174 Dominus
1767 1123 1880 1174 ter-

227 1225 311 1262 rae
343 1205 625 1262 vocabulo
657 1205 1033 1275 nuncupavit,
1074 1205 1176 1260 sed
1206 1204 1286 1260 ibi
1336 1214 1568 1279 prepter
1597 1205 1880 1279 originem

219 1311 395 1350 suam
425 1299 581 1348 terra
611 1296 699 1348 est
728 1293 1044 1364 appellata.
1079 1294 1246 1349 Nunc
1270 1311 1402 1350 vero
1433 1295 1750 1351 sublimata
1777 1311 1881 1366 per

218 1384 523 1439 Christum
539 1383 598 1437 in
614 1381 890 1456 gloriam:
916 1383 1157 1438 :coelum
1173 1384 1497 1440 rectissime
1512 1385 1876 1457 intelligitur.

220 1475 291 1529 In
323 1473 432 1528 hoc
461 1471 641 1543 igitur
670 1470 813 1527 cmlo
837 1471 1011 1526 etiam
1044 1471 1225 1528 stellae
1258 1472 1539 1544 pleiades,
1571 1479 1629 1529 et
1654 1480 1881 1546 septen-

216 1560 458 1628 trionis,
493 1577 668 1614 unam
699 1560 758 1615 in
794 1576 856 1615 se
899 1577 1079 1616 sacraa
1128 1561 1635 1633 interpretationis
1691 1563 1876 1618 conti-

218 1651 652 1706 nentformam.
681 1649 810 1721 Ipse
831 1650 986 1704 enim
1005 1651 1372 1722 septenarius
1394 1667 1674 1707 numerus
1696 1653 1875 1723 septi-

222 1739 441 1796 formis
471 1738 720 1810 Spiritus
748 1738 969 1810 gratias
1001 1738 1061 1794 in
1093 1754 1155 1794 se
1182 1739 1606 1806 demonstrant,
1657 1758 1783 1812 quae
1815 1741 1876 1796 in

1991 597 2364 656 nuncupatus
2378 587 2631 658 est,quia
2643 589 2879 644 veniens
2893 589 2961 644 de
2974 590 3641 668 sublimibus,tanquam

1991 681 2124 746 post
2143 675 2470 747 biennium,
2503 682 2634 748 post
2659 676 2844 747 legem
2874 682 2930 732 et
2951 679 3266 749 prophetas
3287 689 3450 739 ortus
3471 691 3642 753 est,et

1992 780 2168 833 super
2189 780 2295 818 nos
2313 764 2533 834 positos
2555 763 2614 818 in
2638 765 2917 833 tenebris,
2940 770 2997 820 et
3022 768 3228 822 umbra
3259 771 3462 826 mortis
3488 775 3634 842 (Luc.

1992 869 2030 917 ι,
2061 853 2174 920 79),
2206 852 2396 907 lucem
2430 852 2598 908 nobis
2631 854 2764 909 fidei
2800 871 2865 909 ac
2898 857 3252 927 tempestiva:
3285 861 3638 931 cognitionis

1990 939 2272 995 exhibuit.
2308 945 2528 1012 Vesper
2556 958 2689 998 vero
2722 943 2876 998 idem
2906 944 3087 1000 Filius
3110 945 3365 1003 hominis
3387 951 3641 1022 appella-

1990 1033 2108 1096 tur,
2141 1029 2322 1101 quiin
2355 1047 2522 1086 cruce
2556 1036 2814 1103 tempore
2873 1035 3165 1104 passionis
3211 1038 3505 1092 occubuit.
3562 1041 3642 1096 De

1991 1132 2106 1187 quo
2137 1118 2216 1172 ait
2247 1118 2529 1190 propheta
2559 1119 2793 1192 populis
2817 1121 3163 1177 creditoris:
3197 1127 3308 1178 Iter
3361 1126 3538 1200 faciet
3587 1131 3644 1184 ei

1991 1207 2088 1276 qui
2114 1207 2358 1262 ascendit
2411 1224 2578 1278 super
2632 1208 2909 1280 Occasum,
2968 1211 3230 1266 Dominus
3288 1231 3487 1271 nomen
3546 1219 3638 1273 illi

1991 1297 2162 1365 (Psat.
2199 1313 2368 1365 van,
2424 1298 2502 1367 5).
2548 1297 2656 1360 Qui
2702 1299 2905 1369 utique
2951 1300 3010 1354 in
3063 1305 3324 1374 tempore
3374 1321 3636 1378 occasus,

1989 1384 2225 1454 quando
2257 1385 2337 1439 ait
2366 1385 2436 1439 ad
2472 1385 2741 1440 Patrem:
2793 1389 2854 1441 In
2910 1405 3108 1444 manus
3157 1398 3278 1446 tuas
3326 1395 3640 1451 commendo

1987 1473 2253 1543 spiritum
2290 1490 2472 1528 meum
2529 1475 2678 1542 (Luc.
2739 1493 2904 1542 xxm,
2953 1478 3063 1548 46),
3110 1480 3304 1549 posuit
3342 1483 3637 1550 tenebras,

1988 1566 2046 1616 et
2077 1562 2238 1616 factae
2269 1567 2408 1616 sunt
2435 1563 2492 1617 in
2526 1564 2698 1619 corde
2730 1564 3054 1620 inﬁdelium
3079 1567 3438 1624 Iudaeorum.
3471 1569 3639 1625 Hunc

1988 1665 2124 1721 ergo
2155 1655 2306 1706 Deus
2337 1652 2526 1719 Pater,
2561 1657 2625 1706 ut
2654 1656 2949 1724 pastorem
2982 1670 3264 1726 magnum
3298 1658 3493 1713 ovium
3538 1677 3638 1714 ex-

1987 1739 2203 1795 citavit.
2237 1745 2428 1808 Hunc,
2461 1741 2725 1812 inquam,
2749 1741 3095 1814 Vesperum,
3129 1761 3195 1800 eo
3227 1747 3382 1816 quod
3415 1749 3638 1804 sacriﬁ-

225 1827 345 1883 hoc
376 1828 614 1892 micant,
647 1827 878 1899 ipsique
907 1829 1228 1900 gratiarum
1271 1829 1514 1900 spiritus
1562 1829 1622 1884 in
1672 1831 1875 1886 eodem
1905 1872 1954 1936 B
1987 1827 2144 1882 cium
2175 1829 2572 1900 vespertinum
2605 1829 2663 1884 in
2722 1846 2962 1902 vespera
3011 1832 3358 1888 saeculorum
3414 1836 3637 1892 missus

227 1917 593 1936 (QWA--___._L_
639 1915 754 1936 __-12
793 1921 924 1936 -e_AL
959 1917 1242 1936 l'.,l__4,,1_,
1307 1919 1378 1936 [,1
1468 1918 1562 1936 ','A
1729 1918 1820 1936 n,‘l
1997 1916 2254 1936 -LA,,|_,,'n
2320 1917 2394 1936 οἱ·
2463 1935 2467 1936 ,
2535 1918 2549 1936 1
2633 1935 2638 1936 ,
2680 1918 2691 1930 ⁸
2746 1919 2756 1929 ⁸
3034 1919 3108 1936 Λὶσ
3215 1927 3225 1936 ι

223 1917 601 1972 ﬁrmamento
631 1915 758 1971 εωΙὶ
789 1921 929 1972 sunt
958 1917 1268 1989 fulgentes.
1304 1919 1432 1972 Ista:
1464 1918 1644 1990 igitur
1694 1918 1873 1975 stellae

221 2020 334 2076 per
363 2003 730 2076 prophetam,
759 2008 978 2076 septem
1013 2003 1165 2059 oculi
1194 2003 1426 2060 Domini
1480 2005 1877 2078 appellantur,

223 2109 480 2165 quorum
503 2092 804 2148 oculorum
835 2093 1053 2165 gratias
1079 2097 1254 2165 atque
1277 2094 1518 2150 virtutes
1541 2095 1721 2151 Isaias
1743 2113 1876 2167 pro-

223 2181 409 2254 pheta
439 2186 768 2248 enumerat,
792 2181 893 2236 ubi
927 2183 997 2238 de
1035 2182 1348 2238 Salvatoris
1382 2183 1683 2239 nativitate
1733 2185 1879 2238 vati-

224 2272 464 2327 cinatur
493 2271 722 2326 dicens:
761 2272 829 2326 El
859 2273 1159 2343 requiescet
1185 2289 1349 2344 super
1370 2289 1496 2327 eum
1521 2274 1752 2345 spiritus
1781 2275 1881 2328 Dei

229 2362 464 2432 spiritus
491 2361 802 2431 sapientize,
827 2366 877 2416 et
900 2362 1240 2416 intellectus:
1271 2363 1505 2433 spiritus
1559 2363 1784 2417 consilii
1827 2366 1880 2417 et

225 2451 495 2505 virtutis:
523 2451 758 2520 spiritus
787 2452 1031 2506 scientiae
1085 2455 1137 2505 et
1174 2452 1430 2522 pietatis:
1480 2453 1709 2523 replevit
1757 2467 1879 2506 eum

224 2541 471 2612 spiritus
496 2540 714 2594 timoris
740 2540 838 2594 Dei
871 2557 883 2606 ;
917 2540 1041 2607 (Isa.
1075 2557 1153 2606 x1,
1185 2542 1238 2606 2,
1265 2542 1340 2608 3).
1373 2541 1877 2605 Quemadmodum

226 2646 370 2701 ergo
394 2628 709 2700 quisquam
742 2645 856 2683 non
889 2629 1078 2699 potuit
1130 2628 1586 2686 indissociabilis
1634 2629 1878 2685 luminis

229 2717 568 2789 spiritualia
581 2722 739 2772 astra
759 2719 1134 2790 conjungere,
1158 2718 1238 2772 ita
1259 2719 1496 2774 omnino
1518 2719 1640 2774 fieri
1665 2724 1876 2790 potest,

233 2812 304 2862 ut
333 2807 420 2862 hae
451 2806 630 2862 stellae
661 2807 1004 2879 gratiarum,
1040 2807 1358 2862 Ecclesiam
1392 2825 1582 2864 meam
1625 2809 1878 2863 circum-

220 2897 572 2964 lustrantes,
607 2897 677 2951 ab
702 2894 874 2950 unius
907 2896 1261 2951 connexione
1285 2897 1582 2953 insolubili
1605 2915 1877 2970 separen-

219 2991 340 3041 tur.
375 2986 537 3050 Quod
571 2990 768 3040 autem
801 2984 902 3040 alii
934 2985 1226 3054 dixerunt,
1262 2992 1361 3040 aut
1391 2985 1741 3042 intellexisti
1774 3003 1878 3041 ne«

217 3092 333 3130 xus
365 3073 745 3146 pleiadiszad
796 3074 1164 3146 spiritualem
1211 3074 1657 3147 intelligentiam
1709 3075 1880 3147 erigit

219 3163 491 3219 animum
523 3164 850 3233 conuentis,
884 3168 948 3218 ut
977 3163 1206 3234 atiquid
1239 3163 1621 3236 allegoricum
1653 3164 1880 3220 laboret

226 3252 549 3325 inquirere.

300 3365 327 3390 ‹‹
363 3341 661 3412 Numquid
714 3342 995 3413 producis
1022 3341 1355 3397 Luciferum
1382 3342 1440 3397 in
1465 3347 1724 3414 tempore
1746 3360 1872 3410 suo,

220 3437 284 3484 et
304 3429 629 3500 Vesperum
661 3446 838 3500 super
861 3429 1013 3485 filios
1041 3435 1204 3486 terra:
1255 3447 1606 3502 consurgere
1634 3431 1777 3486 facis
1800 3432 1828 3485 ?
1846 3457 1867 3484 ι

218 3517 405 3574 Stella
433 3523 546 3589 est,
579 3535 756 3590 quam
794 3519 1130 3574 Luciferum
1162 3518 1437 3587 dicimus,
1471 3519 1657 3575 stellis
1709 3525 1873 3574 caete-

219 3609 306 3663 ris
339 3606 570 3678 clarior,
598 3624 774 3678 quam
808 3607 1004 3662 ferunt
1034 3608 1213 3662 etiam
1271 3609 1535 3662 doctores
1582 3607 1873 3677 Ecclesiae,

221 3714 408 3752 unam
435 3713 561 3752 esse
583 3696 782 3752 deillis
809 3698 1068 3768 quinque
1091 3695 1296 3766 stellis,
1323 3714 1468 3768 quas
1491 3697 1756 3769 planetas
1780 3715 1876 3752 vo-

218 3784 526 3857 cant,quia
545 3785 893 3841 dissimilem
915 3785 1164 3840 aliarum
1193 3785 1496 3840 stellarum
1512 3803 1750 3841 cursum
1777 3786 1875 3841 ha-

221 3877 423 3940 beant,
458 3875 761 3946 multoque
789 3874 1133 3930 velociorem
1162 3879 1218 3929 et
1240 3875 1375 3929 inde
1397 3875 1660 3946 planetae,
1683 3875 1737 3929 id
1763 3880 1870 3946 est,

214 3970 526 4036 vagantes,
560 3964 678 4018 sive
707 3968 967 4019 errantes
1001 3963 1293 4029 dicantur,
1328 3979 1394 4018 eo
1429 3964 1583 4034 quod
1616 3979 1728 4018 non
1750 3979 1871 4018 cer—

217 4061 375 4123 tum,
407 4054 509 4109 sed
542 4053 882 4108 mutabilem
913 4069 1152 4108 cursum
1183 4052 1458 4107 habeant.
1487 4051 1652 4105 Hunc
1694 4051 1874 4124 igitur

221 4142 563 4198 Luciferum
595 4141 1000 4214 appariturum
1031 4141 1225 4210 terris,
1277 4145 1408 4213 post
1459 4140 1762 4196 biennium
1811 4140 1871 4196 in

220 4232 458 4287 Oriente
489 4235 802 4286 autumant
823 4231 1005 4286 nasci.
1037 4229 1224 4286 Aliam
1256 4247 1388 4285 vero
1411 4229 1662 4297 stellam,
1693 4247 1872 4302 quam

222 4324 554 4391 Vesperum
589 4319 918 4392 appellavit,
950 4335 1016 4374 eo
1046 4319 1201 4390 quod
1235 4319 1389 4374 circa
1417 4319 1531 4374 diei
1563 4336 1871 4390 vesperum

220 4427 332 4465 suo
393 4414 588 4463 tamen
619 4415 878 4479 tempore
909 4409 1130 4462 mundo
1155 4413 1550 4463 monstretur:
1586 4407 1759 4477 hanc,
1782 4408 1872 4462 in-

220 4498 353 4570 quit
385 4502 536 4552 Deus
565 4498 636 4553 ad
687 4497 818 4568 Job,
877 4513 1053 4568 super
1108 4497 1261 4552 filios
1314 4501 1474 4551 terrae
1523 4512 1874 4567 consurgere

221 4587 370 4642 facis
399 4587 426 4640 ?
455 4586 562 4651 Qui
593 4602 730 4658 ergo
759 4585 1039 4658 intelligis
1070 4585 1391 4657 potentiam
1424 4585 1623 4639 omnia
1659 4586 1870 4656 guber-
1901 4606 1950 4671 D

222 4675 447 4742 nantis,
479 4681 536 4729 et
567 4675 625 4729 in
659 4680 716 4730 te
748 4674 1044 4747 operantis
1075 4689 1326 4746 agnosce
1347 4673 1665 4744 justitiam.
1713 4674 1871 4730 Hanc

220 4763 459 4819 stellam
492 4764 659 4818 multi
696 4769 906 4836 putant
939 4764 1259 4834 Hesperum
1281 4761 1414 4816 dici.
1449 4762 1609 4816 Unde
1630 4767 1686 4817 et
1710 4763 1874 4817 Italia

219 4853 506 4924 Hesperia
536 4853 838 4908 nominata
868 4853 964 4920 sit,
999 4868 1066 4907 eo
1096 4851 1252 4921 quod
1285 4849 1402 4905 illic
1444 4856 1704 4922 tempore
1763 4868 1870 4906 suo

217 4942 485 5013 primum
544 4946 803 5012 apparet.
852 4940 1197 5012 Spitualiter
1242 4943 1437 4994 autem
1490 4940 1667 4994 verba
1733 4945 1872 4994 sunt

217 5030 414 5084 Patris
442 5031 512 5084 de
544 5029 685 5084 Filio
717 5047 824 5085 suo
857 5031 1154 5085 Salvatore
1213 5034 1411 5082 nostro
1460 5026 1706 5084 dicentis
1745 5029 1828 5084 sic
1855 5047 1867 5084 :

213 5118 519 5189 Numquid
553 5118 765 5173 educes
823 5118 1149 5172 Luciferum
1207 5117 1265 5169 in
1328 5120 1588 5187 tempore
1637 5135 1763 5184 suo,
1814 5123 1873 5172 et

211 5207 545 5278 Vesperum
581 5224 759 5278 super
792 5207 943 5262 ﬁlios
971 5212 1136 5262 terra:
1165 5220 1514 5275 consurgere
1539 5205 1680 5260 facis
1704 5206 1732 5260 ?
1763 5206 1870 5261 Ubi

217 5310 278 5350 et
309 5294 598 5349 adventus
630 5295 862 5349 Domini
897 5295 954 5348 in
1007 5310 1180 5348 corne
1227 5293 1452 5347 venturi
1504 5293 1870 5364 significatus

213 5389 328 5446 est,
365 5389 422 5437 et
453 5384 799 5438 resurrectio
831 5385 958 5454 ejus
978 5399 1046 5437 ex
1078 5383 1326 5437 mortuis
1351 5383 1620 5453 figurata,
1645 5384 1872 5438 venien-

213 5480 272 5526 te
305 5471 675 5543 plenitudine
712 5473 989 5544 temporis
1022 5473 1221 5541 (Galat.
1256 5487 1333 5537 1v,
1363 5472 1434 5540 4).
1486 5471 1576 5524 Ait
1631 5477 1865 5528 autem:

211 5562 362 5615 Misit
394 5561 535 5614 Deus
567 5563 774 5616 Filium
802 5578 963 5615 suum
990 5562 1197 5630 factum
1223 5576 1294 5614 ea:
1347 5560 1607 5624 muliere,
1655 5563 1869 5631 factum

209 5651 313 5705 sub
338 5652 455 5721 tege
486 5651 667 5721 (Ibid).
703 5652 764 5706 ln
797 5654 904 5706 hoc
936 5650 1115 5721 igitur
1148 5654 1410 5720 tempore
1467 5666 1573 5704 suo
1622 5650 1868 5707 eductus

1984 1916 2282 1985 obtulerit,
2316 1917 2501 1973 ﬁlium
2535 1918 2793 1974 hominis
2823 1936 3000 1990 super
3030 1919 3181 1976 filios
3210 1927 3374 1977 terrae
3395 1941 3635 1980 consur-

1987 2023 2121 2078 gere
2155 2007 2323 2062 fecit:
2363 2009 2586 2063 utinam
2620 2025 2734 2063 non
2767 2011 2885 2063 sint
2912 2026 3065 2076 caro,
3091 2015 3145 2065 et
3172 2015 3326 2066 terra
3346 2027 3479 2067 esca
3509 2030 3637 2068 ser-

1988 2095 2201 2166 pentis,
2236 2113 2423 2168 neque
2454 2095 2558 2150 lilii
2591 2096 2777 2152 noctis
2809 2102 2864 2152 et
2919 2099 3316 2168 tenebrarum,
3366 2101 3466 2163 sed
3520 2101 3639 2157 sint

1988 2184 2090 2238 ﬁlii
2124 2184 2392 2249 Luciferi,
2423 2185 2528 2239 lilii
2558 2185 2658 2241 Dei
2690 2187 2732 2257 (Ι
2778 2188 2961 2242 Thess.
2996 2204 3048 2253 ν,
3077 2189 3155 2259 5).

2062 2294 2088 2321 «
2117 2273 2416 2344 Numquid
2449 2273 2600 2328 nosti
2634 2274 2897 2330 ordinem
2931 2274 3079 2346 caeli,
3110 2281 3169 2331 et
3224 2293 3405 2348 pones
3457 2278 3635 2335 ratio-

1988 2377 2123 2417 nem
2182 2363 2309 2432 ejus
2368 2363 2424 2416 in
2486 2362 2746 2418 terra?»
2809 2363 2867 2417 Si
2945 2381 3257 2420 numerum
3336 2371 3632 2440 astrorum

1988 2451 2252 2506 omnium
2287 2455 2478 2522 potest
2507 2451 2801 2522 quispiam
2834 2451 3171 2507 mortalium
3218 2471 3412 2520 nosse,
3447 2461 3637 2526 potest

1987 2544 2045 2594 et
2075 2539 2296 2594 militiae
2327 2556 2528 2595 eorum
2562 2540 2826 2594 ordinem
2858 2541 3232 2612 perscrutari.
3270 2543 3451 2598 Nemo
3499 2561 3636 2616 ergo

1987 2628 2108 2682 haec
2135 2629 2365 2700 proprie
2382 2630 2538 2683 novit
2570 2629 2680 2685 nisi
2712 2629 2876 2685 solus
2911 2629 3007 2685 ille
3039 2629 3140 2702 qui
3172 2632 3451 2687 condidit.
3505 2633 3635 2704 Spi-

1988 2717 2183 2772 rituali
2218 2723 2412 2772 autem
2447 2735 2623 2773 sensu
2658 2717 2738 2772 ita
2769 2718 3016 2789 intelligi
3051 2724 3281 2789 potest:
3333 2720 3632 2792 Numquid

1985 2810 2072 2876 tu,
2105 2806 2236 2872 Job,
2271 2805 2439 2876 quasi
2472 2805 2736 2878 cognitor
2767 2806 3122 2872 futurorum,
3148 2808 3275 2876 jam
3307 2809 3461 2863 nosti
3516 2827 3632 2880 quo

1987 2895 2188 2948 ordine
2217 2895 2274 2948 in
2306 2893 2448 2949 ccelo
2478 2894 2767 2964 Ecclesiae,
2804 2911 2979 2965 quam
3014 2895 3253 2950 diversae
3276 2901 3449 2966 atque
3481 2897 3635 2950 mul-

1985 2981 2215 3054 tiplices
2247 2983 2444 3053 gratim
2477 2982 2720 3054 spiritus
2743 2983 2880 3048 mei,
2901 2981 3059 3037 velut
3083 2982 3262 3036 stellae
3287 2984 3635 3056 refulgeant,

1988 3072 2107 3125 sive
2127 3087 2240 3139 qua
2261 3071 2464 3143 gloria,
2488 3070 2574 3125 vel
2599 3088 2715 3142 qua
2736 3072 2937 3125 ordine
2963 3070 3325 3141 meritorum,
3369 3077 3435 3126 ut
3480 3072 3639 3128 side-

1989 3177 2117 3214 rum
2143 3159 2496 3214 radiantium
2518 3159 2712 3241 globi,
2743 3159 2931 3215 sancti
2963 3160 3021 3214 in
3053 3161 3475 3216 resurrectione
3517 3161 3636 3216 Iul-

1903 3237 1946 3303 C
1985 3249 2242 3320 gebunt?
2273 3253 2437 3303 Hunc
2469 3247 2661 3303 locum
2705 3237 2808 3304 alii
2862 3249 2944 3302 ita
2992 3254 3268 3304 vertunt:
3329 3252 3392 3305 Ut
3449 3253 3636 3305 omnia

1985 3353 2107 3408 qum
2135 3339 2236 3391 sub
2263 3338 2395 3393 caelo
2425 3347 2573 3404 sunt,
2604 3340 2814 3407 pariter
2841 3340 2996 3408 ﬁant.
3033 3337 3137 3393 Ubi
3188 3338 3296 3393 hoc
3328 3339 3517 3395 dicere
3547 3340 3630 3392 vi-

1985 3427 2221 3496 dentur,
2254 3427 2408 3498 quod
2440 3426 2801 3482 volubilitate
2833 3428 2951 3482 sive
2981 3432 3336 3498 temporum,
3365 3429 3484 3483 sive
3500 3429 3635 3484 stel-

1986 3514 2198 3582 larum,
2234 3532 2335 3586 per
2361 3516 2549 3586 spatia
2579 3516 2691 3570 sibi
2725 3516 3100 3572 succedentia
3131 3517 3328 3572 redeat
3356 3523 3414 3571 et
3445 3535 3636 3573 recur-

1987 3611 2093 3659 rat.
2128 3603 2524 3676 Spiritualiter
2553 3611 2747 3659 autem
2781 3607 2858 3660 ita
2915 3605 3142 3660 dictum
3175 3606 3634 3662 existimandum

1983 3699 2094 3758 est,
2120 3693 2273 3764 quod
2307 3692 2666 3764 dispensatio
2706 3710 2808 3764 per
2853 3693 3148 3748 Christum
3209 3694 3638 3750 reconciliatio-

1984 3782 2078 3836 nis
2111 3782 2402 3847 humanze,
2437 3799 2622 3852 usque
2653 3782 2711 3836 in
2748 3783 2921 3836 tinem
2955 3782 3151 3837 saeculi
3176 3787 3417 3848 crescat,
3442 3785 3513 3839 ad
3538 3802 3636 3840 no-

1984 3870 2172 3925 titiam
2207 3870 2473 3924 omnium
2515 3870 2840 3941 nationum,
2877 3871 2997 3926 sive
3021 3872 3160 3943 quia
3209 3873 3395 3927 sancti
3448 3876 3511 3927 ut
3557 3875 3632 3929 ad

1983 3959 2198 4014 calcem
2231 3959 2512 4014 virtutum
2543 3961 2902 4032 perveniant,
2937 3961 3194 4032 quotidie
3231 3976 3464 4016 morum
3495 3977 3634 4029 san-1

1983 4049 2182 4103 ctitate
2214 4048 2541 4119 proficiant,
2573 4054 2628 4104 et
2681 4049 2808 4105 ideo
2863 4050 2972 4104 sub
3032 4048 3197 4112 cmlo,
3249 4049 3307 4103 id
3359 4053 3466 4114 est,
3519 4050 3630 4104 sub

1983 4138 2315 4193 obedientia
2345 4137 2764 4193 Ecclesiasticze
2790 4137 3109 4208 disciplinae
3133 4142 3271 4192 sunt
3302 4138 3629 4193 constituti.

2055 4250 2082 4276 ‹‹
2117 4227 2411 4297 Numquid
2444 4225 2697 4281 elevabis
2729 4227 2785 4280 in
2828 4225 3042 4281 nebula
3086 4241 3285 4280 vocem
3342 4230 3525 4297 tuam,
3575 4233 3632 4283 et

1982 4316 2238 4386 impetus
2269 4332 2556 4385 aquarum
2589 4316 2809 4385 operiet
2835 4318 2891 4369 te
2911 4315 2938 4368 ?
2964 4337 2990 4363 ››
3049 4315 3240 4370 Primo
3264 4315 3468 4370 auditu
3523 4315 3631 4371 hoc

1982 4405 2066 4458 ita
2093 4401 2540 4473 intelligendum
2571 4408 2679 4456 est.
2707 4403 3002 4474 Numquid
3039 4403 3219 4459 habes
3249 4408 3472 4459 tantam
3522 4421 3630 4475 po-

1982 4492 2248 4556 tentiam,
2284 4493 2348 4544 ut
2394 4490 2464 4544 ad
2521 4489 2833 4561 imperium
2887 4508 2953 4545 ac
3000 4497 3209 4546 nutum
3255 4496 3422 4546 tuum
3476 4491 3631 4547 illico

1983 4581 2202 4635 imbres
2228 4578 2607 4634 infundentes
2637 4584 2693 4634 et
2723 4581 3050 4650 operientes
3080 4581 3151 4635 de
3201 4578 3338 4634 czelo
3389 4581 3629 4634 descen-

1981 4671 2143 4723 dant.
2177 4667 2510 4723 Secundum
2541 4667 2807 4723 altiorem
2839 4686 2974 4724 vero
3006 4667 3474 4739 intelligentiam,
3526 4685 3631 4724 vo-

1983 4775 2130 4825 cem,
2163 4757 2374 4828 inquit,
2408 4755 2586 4824 elevo,
2619 4756 2700 4811 ait
2730 4757 3037 4824 Dominus,
3093 4756 3326 4830 quando
3376 4755 3629 4810 homini-

1983 4849 2092 4902 bus
2141 4846 2367 4901 clamo:
2406 4846 2588 4900 Venite
2616 4846 2687 4900 ad
2740 4863 2848 4911 me,
2895 4863 3078 4903 omnes
3121 4848 3218 4917 qui
3266 4844 3524 4900 laboratis
3578 4849 3630 4900 et

1980 4937 2191 4992 onerati
2227 4937 2356 4990 estis
2413 4935 2622 5006 (Matth.
2682 4952 2760 5002 x1,
2819 4937 2930 5007 28),
2990 4941 3047 4991 et
3099 4933 3334 5007 pietatis
3391 4934 3628 5000 atl'ectu,

1980 5025 2150 5097 pulso
2181 5027 2402 5078 secreta
2424 5023 2637 5078 mentis
2670 5023 2931 5096 ipsorum
2957 5042 2969 5080 :
3007 5025 3105 5079 ubi
3127 5028 3217 5079 est
3236 5021 3394 5078 velut
3410 5022 3628 5078 nebula
3734 5025 3744 5031 ’

1981 5114 2168 5185 caligo
2201 5111 2441 5184 peccati,
2475 5116 2532 5166 et
2565 5112 2820 5168 nominis
2860 5113 2973 5167 mei
3003 5113 3169 5168 valde
3200 5112 3450 5168 obscura
3481 5111 3627 5166 obli-

1978 5205 2090 5268 vio,
2125 5206 2188 5257 ut
2218 5200 2625 5256 obedientibus
2673 5202 2794 5256 voci
2840 5219 2979 5257 mea:
3013 5201 3344 5257 innumeris
3392 5200 3628 5273 populis

1979 5291 2400 5355 circumdatus,
2433 5289 2601 5361 quasi
2637 5291 2855 5361 impetu
2889 5291 3273 5346 inﬂuentibus
3298 5290 3466 5362 aquis
3498 5307 3628 5362 ope-

1979 5383 2116 5450 riar,
2145 5379 2477 5451 quibusque
2507 5377 2664 5432 velut
2694 5380 3043 5435 vestimento
3073 5381 3308 5447 induar,
3338 5383 3402 5434 ut
3433 5380 3491 5433 in
3541 5380 3626 5434 eis

1979 5470 2259 5537 habitem,
2284 5466 2435 5521 sicut
2457 5467 2739 5537 propheta
2763 5469 2844 5523 ait
2867 5486 2878 5523 :
2909 5470 3063 5525 Sicut
3106 5486 3303 5542 sponsa
3330 5468 3511 5524 induit
3540 5485 3626 5524 me

1979 5562 2291 5618 vestimento
2343 5558 2475 5625 (Isa.
2537 5573 2645 5625 LXI,
2709 5558 2816 5628 10.)
2873 5559 2983 5613 Alii
3037 5559 3345 5614 dixerunt:
3407 5557 3627 5612 l’ocabis

1977 5651 2178 5706 nubem
2206 5660 2347 5711 voce,
2401 5651 2454 5698 ct
2494 5645 2554 5696 in
2578 5650 2813 5704 tremore
2840 5663 3000 5720 aqum
3028 5648 3228 5704 valida;
3259 5645 3469 5702 obcdiet
3498 5644 3624 5700 tibi.
