3980 6184
418 366 538 430 803

1913 365 2305 428 APPENDIX
2319 410 2334 426 .
3641 373 3722 432 804

491 524 519 551 ‹‹
553 498 694 566 Quis
724 501 815 555 est
844 497 1052 572 pluviae
1083 503 1264 571 pater,
1317 498 1402 555 vel
1449 498 1580 571 quis
1631 499 1834 572 genuit
1871 498 2062 556 stillas
2089 500 2146 568 Α
2177 500 2266 555 sia
2295 504 2404 556 est.
2437 501 2495 554 In
2547 516 2663 571 quo
2693 500 3012 557 constituta
3041 503 3131 557 est
3178 499 3411 574 specula
3443 503 3726 577 contempla-

416 590 615 647 roris?
644 610 673 640 »
708 589 849 654 Quis
906 593 993 644 est
1041 589 1222 660 hujus
1268 588 1499 660 pluviae,
1562 593 1617 643 et
1647 588 1826 659 hujus
1857 588 2065 644 imbris

418 678 707 736 Dominici
754 683 957 733 auctor
1005 683 1062 733 et
1117 679 1402 744 conditor,
1456 678 1569 732 nisi
1618 677 1818 732 Deus?
1877 678 2063 740 Quam

415 769 675 842 pluviam
727 766 1116 822 voluntariam
1184 766 1508 838 segregavit
1565 765 1886 820 haereditati
1946 783 2063 819 sum

419 858 593 928 (Psal.
627 873 820 911 LXVIII.
859 857 966 923 10),
1001 855 1151 910 sicut
1181 855 1320 909 dicit
1343 859 1510 910 Pater
1539 855 1609 910 ad
1644 854 1854 908 Filium
1882 872 1893 908 :
1931 854 2062 923 Fili,

412 951 535 1018 pete
567 963 601 1000 a
636 961 722 1000 me
749 954 800 1000 et
836 945 970 999 dabo
1012 945 1120 999 tibi
1162 947 1343 1011 gentes
1392 945 1765 999 hereditatem
1797 951 1970 1010 tuam,
2013 946 2065 998 et

415 1036 804 1107 possessionem
833 1035 1093 1089 terminos
1124 1037 1292 1090 terrae
1324 1034 1492 1103 (Psal.
1528 1052 1589 1098 ιι,
1619 1034 1696 1102 8).
1733 1033 1857 1103 Ipse
1887 1032 2062 1087 etiam

417 1127 569 1180 Deus
595 1123 797 1196 genuit
835 1122 1025 1178 stillas
1075 1124 1259 1178 roris:
1296 1123 1431 1177 hinc
1462 1127 1520 1177 et
1564 1121 1848 1194 propheta
1877 1122 1960 1176 ait
1989 1121 2060 1176 ad

297 1279 314 1287 κ
415 1215 640 1269 Deum:
674 1216 775 1269 Ros
805 1215 954 1268 enim
981 1215 1078 1285 qui
1119 1231 1151 1267 a
1199 1217 1250 1267 te
1299 1217 1395 1282 est,
1430 1212 1639 1266 sanitas
1667 1213 1743 1265 est
1776 1211 1890 1266 illis
1933 1213 2059 1280 (Isa.

414 1320 569 1370 xxv1,
605 1303 712 1374 19).
735 1302 984 1357 Proinde
1016 1301 1075 1356 in
1106 1302 1304 1372 ﬂuvio,
1330 1300 1846 1356 afﬂuentissimam
1878 1300 2065 1354 afﬂui-

416 1395 599 1446 tatem
630 1390 1076 1463 largitatemque
1128 1389 1332 1445 divinas
1381 1389 1582 1460 gratias
1618 1388 2060 1444 demonstravit.

414 1480 478 1536 In
509 1496 637 1535 rore
667 1483 862 1535 autem
893 1481 1158 1534 eamdem
1187 1478 1462 1550 gratiam,
1487 1478 1705 1532 sensim
1729 1478 2064 1532 insuescen-

414 1574 532 1626 tem
569 1569 910 1640 visceribus,
945 1572 1000 1624 et
1032 1566 1320 1623 medullas
1369 1567 1579 1622 animae
1637 1571 2058 1638 penetrantem.

413 1658 526 1714 Alii
558 1658 850 1724 dixerunt,
878 1657 967 1712 vel
986 1659 1108 1727 quis
1128 1657 1323 1728 genuit
1342 1657 1524 1725 glebas
1546 1657 1711 1711 roris.
1744 1655 1857 1710 Has
1883 1654 2063 1727 igitur

416 1747 615 1819 glebas
662 1761 1148 1817 unumquemque
1191 1748 1530 1801 sanctorum
1569 1761 1686 1800 non
1735 1744 2061 1799 absurdum

418 1833 526 1888 erit
546 1833 926 1901 intellexisse,
944 1851 1070 1906 quae
1095 1833 1308 1890 suntin
1336 1850 1472 1904 agro
1489 1833 1755 1888 Ecclesiae
1777 1849 1790 1888 :
1816 1834 2058 1905 quibus-

413 1939 528 1992 que
558 1922 702 1977 dicit
731 1922 1073 1994 Apostolus:
1103 1925 1209 1978 Dei
1237 1924 1586 1993 agricultura
1605 1925 1738 1978 estis
1757 1924 1802 1990 (1
1829 1922 1950 1978 Cor.
1975 1940 2060 1989 III,

369 2033 372 2037 -
417 2011 492 2082 9).
527 2010 649 2066 Illic
692 2027 827 2083 ergo
859 2012 984 2066 ista:
1015 2011 1192 2084 glebae
1225 2028 1327 2083 per
1346 2011 1705 2083 baptismum
1729 2011 1787 2066 in
1835 2011 2064 2067 Christo

415 2104 556 2155 sunt
614 2099 845 2172 genita),
878 2100 1031 2156 sicut
1061 2100 1143 2155 ait
1171 2100 1511 2172 Apostolus:
1551 2101 1732 2156 Creati
1763 2102 1823 2155 in
1853 2101 2062 2157 Christo

410 2191 534 2244 Jesu
560 2191 622 2244 in
651 2189 900 2262 operibus
933 2190 1085 2246 bonis
1116 2189 1329 2260 (Ephes.
1365 2207 1425 2259 η,
1462 2191 1568 2258 10).
1602 2189 1765 2245 Unde
1794 2190 1903 2245 hoc
1934 2207 2061 2246 rore

411 2279 628 2334 caelesti
688 2279 928 2350 perfusi,
986 2279 1233 2350 pingues
1291 2279 1350 2332 in
1420 2279 1637 2334 sanctis
1692 2279 1936 2347 fructus,
2005 2282 2062 2334 et

411 2368 620 2424 uberes
651 2368 1022 2423 exstiterunt.

485 2479 511 2505 ‹‹
535 2457 615 2511 De
646 2458 814 2528 cujus
847 2460 1009 2511 utero
1040 2472 1277 2528 egressa
1305 2460 1394 2510 est
1425 2455 1682 2528 glacies?
1717 2480 1738 2507 ι
1776 2456 1931 2511 Uteri
1963 2473 2060 2510 no-

411 2545 590 2616 mine,
623 2545 817 2601 cordis
875 2549 1163 2600 secretum
1213 2544 1576 2616 signiﬁcasse
1633 2545 1776 2600 mibi
1806 2545 2056 2600 videtur.

407 2636 535 2692 Non
553 2635 710 2690 enim
736 2633 1113 2706 probabiliter
1133 2633 1379 2705 glaciem
1409 2650 1706 2705 egressam
1735 2634 1805 2688 de
1835 2649 1934 2687 ore
1956 2633 2057 2688 Dei

405 2723 728 2796 intelligere
759 2724 1059 2792 debemus,
1085 2723 1185 2778 sed
1213 2723 1284 2778 de
1304 2722 1401 2777 illo
1430 2723 1643 2778 mentis
1667 2739 1783 2778 sua:
1813 2727 2053 2794 secreto,

410 2811 1104 2883 etinscrutabilijudicio,
1129 2813 1355 2883 justam
1380 2828 1444 2866 ac
1469 2811 1797 2866 districtam
1830 2827 2057 2866 manas-

409 2919 473 2958 se
503 2901 872 2958 sententiam.
908 2901 1113 2972 Egredi
1137 2916 1273 2972 ergo
1300 2899 1543 2972 glaciem
1569 2900 1735 2968 dixit,
1764 2918 1866 2971 pro
1899 2916 2057 2972 egre-

409 2992 602 3047 diente
623 2991 867 3061 judicio,
904 3006 1018 3062 quo
1049 2991 1374 3046 secundum
1397 3007 1572 3044 suum
1605 2990 1899 3059 meritum,
1929 2989 2053 3058 qui-

408 3079 546 3135 dam
599 3079 909 3134 hominum
968 3079 1378 3151 percutiuntur
1423 3079 1596 3150 plaga
1626 3078 2050 3142 obdurationis,

406 3173 464 3223 et
496 3168 672 3222 corda
699 3184 900 3221 eorum
928 3167 1245 3222 durissimo
1267 3171 1443 3238 atque
1465 3166 1764 3222 insolubili
1797 3168 2052 3240 quodam

2175 587 2351 643 tionis
2381 588 2578 643 futura
2624 589 3004 645 credentium.
3064 590 3229 646 Unde
3280 595 3336 646 et
3380 590 3495 662 ipsa
3515 591 3728 649 virtutum

2175 677 2397 748 Species
2441 678 2580 733 Sion
2629 679 3065 748 interpretatur.
3115 681 3185 734 Et
3217 684 3282 734 ut
3327 696 3598 736 nossemus
3635 699 3731 753 pro-

2174 767 2366 847 prium
2400 767 2557 822 noris
2586 767 2758 823 istius
2789 785 3022 836 nomen,
3055 768 3137 824 ait
3164 769 3496 840 psalmista:
3526 771 3725 837 Quoniam

2173 856 2290 909 illic
2319 856 2559 925 quidem,
2590 855 2813 911 scilicet
2851 858 2910 911 in
2942 863 3139 912 monte
3173 859 3336 924 Sion,
3367 859 3612 913 mandavit
3653 866 3726 915 Do-

2171 945 2356 998 minus
2413 945 2871 1012 benedictionem,
2917 955 2968 1001 et
3007 949 3174 1002 vitam
3231 963 3398 1017 usque
3439 950 3492 1001 in
3527 957 3728 1004 atomum

2173 1033 2297 1104 (Psa
2317 1035 2355 1087 l.
2388 1050 2597 1103 cxxxu,
2622 1036 2698 1105 3).
2734 1039 2800 1090 Et
2828 1036 3092 1106 sequitur
3121 1037 3348 1091 dicente
3373 1036 3618 1092 Domino:

2247 1143 2275 1172 «
2308 1123 2377 1177 Et
2405 1122 2538 1194 gelu
2571 1124 2642 1178 de
2670 1123 2812 1179 ccelo
2834 1124 2968 1195 quis
2989 1125 3229 1195 genuit?
3251 1147 3278 1173 ››
3304 1129 3417 1180 Hoc
3439 1125 3594 1196 igitur
3611 1127 3729 1179 modo

2173 1211 2246 1266 de
2275 1211 2418 1267 cmlo
2449 1213 2852 1268 obdurationis
2890 1213 3184 1268 sententia
3205 1213 3465 1285 sacrilegi
3495 1213 3728 1279 feriuntur,

2171 1301 2324 1370 quod
2375 1301 2577 1372 utique
2631 1301 2852 1356 malum
2890 1303 3050 1374 juste
3102 1303 3186 1358 eis
3227 1320 3259 1357 a
3288 1303 3402 1358 Deo
3431 1302 3617 1358 dicitur
3637 1319 3728 1373 pro-

2171 1389 2377 1457 creari,
2411 1394 2475 1444 ut
2505 1390 2786 1446 Pharaoni
2819 1391 3042 1446 scilicet
3067 1394 3123 1446 et
3151 1391 3374 1446 Judazis
3405 1407 3540 1462 quos
3564 1397 3731 1462 propter

2171 1479 2576 1536 inﬁdelitatem
2601 1497 2791 1545 suam,
2810 1485 2866 1536 et
2885 1481 3027 1535 nimi
3037 1497 3128 1535 am
3150 1479 3581 1536 obstinationem
3599 1480 3730 1535 cordis

2170 1567 2422 1640 legimus
2463 1569 2780 1624 obduratos
2829 1569 3020 1640 (Exod.
3063 1587 3167 1636 v11,
3221 1570 3317 1637 13;
3370 1571 3516 1624 Joan.
3557 1569 3730 1635 iuuit);

2169 1657 2283 1711 Act.
2317 1675 2432 1728 xxx,
2463 1657 2537 1729 9).
2572 1658 2849 1729 Sequitur
2886 1660 2957 1714 de
3005 1658 3373 1732 hujusmodi,
3424 1659 3621 1714 dicente
3657 1661 3729 1710 Do-

2173 1746 2353 1802 mino.

2244 1859 2272 1886 «
2307 1837 2368 1890 In
2399 1835 2846 1893 similitudinem
2877 1838 3092 1909 lapidis
3121 1855 3288 1910 aquae
3311 1839 3631 1893 durantur.»
3653 1841 3729 1894 No-

2172 1925 2327 1980 mine
2356 1942 2662 1996 aquarum,
2689 1928 3015 1982 secundum
3038 1927 3470 1999 Scripturarum
3499 1926 3728 1981 auctorita-

2169 2018 2312 2080 tem,
2343 2016 2540 2086 pepuli
2575 2016 3013 2088 intelliguntur:
3047 2016 3202 2072 sicut
3231 2021 3482 2073 Joannes
3508 2014 3728 2089 apostolus

2170 2102 2284 2157 ait:
2341 2105 2507 2174 Aqua:
2554 2114 2737 2160 autem
2781 2107 2970 2178 populi
3012 2111 3142 2161 sunt
3186 2107 3368 2178 (Apoc.
3419 2123 3542 2174 xvu,
3587 2105 3667 2172 15);
3695 2107 3729 2156 et

2170 2191 2348 2247 David
2397 2193 2468 2248 ad
2517 2193 2870 2249 Dominum:
2903 2196 3097 2250 Libera
3129 2211 3238 2265 me,
3290 2195 3490 2266 inquit,
3531 2194 3588 2248 de
3621 2192 3728 2262 aqua

2167 2282 2376 2353 multis,
2397 2282 2462 2337 de
2487 2300 2658 2338 manu
2687 2285 2934 2354 ﬁliorum
2963 2286 3282 2340 alienorum
3309 2285 3470 2356 (Psal.
3502 2299 3654 2345 cxuu,
3678 2281 3726 2346 7).

2171 2375 2246 2426 De
2278 2371 2369 2426 his
2399 2389 2535 2445 ergo
2569 2373 2713 2428 mihi
2742 2373 2935 2428 dicere
2964 2374 3218 2441 videtur,
3245 2374 3343 2447 qui
3375 2373 3540 2429 nimio
3561 2369 3728 2427 oblivio-

2168 2461 2259 2515 nis
2299 2461 2400 2516 Dei
2461 2462 2669 2534 frigore
2727 2464 3136 2536 obriguerunt,
3196 2469 3254 2519 et
3309 2465 3486 2518 instar
3513 2460 3726 2530 lapidum,

2168 2548 2338 2603 solidi
2369 2554 2426 2604 et
2455 2551 2704 2605 niminm
2739 2553 2868 2606 duri
2905 2553 3092 2608 effecti
3129 2558 3290 2609 sunt.
3325 2551 3526 2608 Deinde
3553 2550 3646 2604 ait:

2245 2657 2266 2684 α
2301 2639 2368 2692 Et
2397 2641 2732 2710 superﬁcies
2763 2642 2957 2713 abyssi
2981 2642 3422 2716 constringitur.
3445 2662 3470 2690 »
3487 2641 3542 2695 In
3556 2639 3726 2709 abysso.

2166 2727 2688 2798 profundissimam
2721 2731 3142 2786 obscuritatem
3178 2731 3391 2786 mentis
3420 2734 3547 2803 puto
3572 2723 3728 2781 intelli-

2164 2815 2435 2887 gendam,
2471 2834 2594 2888 quae
2621 2819 2702 2873 ita
2729 2820 3039 2875 obtusione
3057 2820 3422 2876 inﬁdelitatis
3441 2818 3622 2873 animai
3637 2829 3732 2884 ope-

2165 2903 2349 2958 riatur
2377 2910 2433 2959 et
2457 2905 2897 2977 constringatur
2926 2907 3187 2977 quodam
3220 2906 3351 2978 gelu
3376 2901 3665 2976 impietatis,
3691 2903 3730 2951 ut

2163 3009 2298 3047 saxo
2330 2992 2540 3048 similis
2568 2995 2686 3061 ﬁat,
2713 2995 2792 3049 ita
2823 2999 2888 3050 ut
2908 2995 3009 3050 tali
3035 3002 3254 3063 mente,
3288 3013 3399 3050 non
3422 2995 3489 3049 sit
3517 2993 3575 3046 ad
3595 2991 3723 3045 Deum

2162 3081 2319 3137 ullus
2350 3082 2543 3137 aditus
2576 3084 2923 3154 respirandi,
2947 3086 3276 3139 secundum
3305 3083 3442 3138 illud
3471 3080 3601 3154 quod
3620 3083 3726 3146 Apo-

2161 3170 2346 3226 stolus
2377 3171 2447 3226 de
2476 3172 2696 3227 Judaeis
2740 3173 3148 3228 testimonium
3192 3171 3572 3245 propheticum
3609 3180 3726 3220 assu-

404 3255 560 3329 gelu,
593 3260 650 3311 et
693 3255 1074 3328 frigidissimo
1105 3255 1625 3328 constringuntur:
1661 3261 1728 3311 ut
1758 3273 1873 3311 non
1919 3273 2050 3311 sen-
2083 3252 2125 3314 C
2164 3275 2350 3324 mens,
2385 3259 2614 3315 locutus
2645 3265 2754 3327 est,
2787 3261 3024 3316 dicens:
3058 3262 3222 3316 Dedit
3253 3263 3369 3316 illis
3389 3261 3515 3314 Deus
3531 3255 3727 3328 spiritum

401 3347 553 3401 tiant
583 3344 855 3400 ferventis
886 3344 1093 3400 divinae
1124 3345 1426 3400 charitatis
1456 3346 1729 3400 calorem.
1763 3345 1842 3399 De
1871 3362 2045 3417 ange-

402 3434 476 3490 lis
507 3434 866 3506 apostaticis,
901 3433 1203 3489 verissime
1234 3433 1348 3488 dici
1393 3437 1601 3505 potest,
1635 3437 1692 3487 et
1721 3433 2048 3503 specialiter

398 3523 469 3577 de
486 3523 705 3577 Judaiis
727 3520 1176 3593 intelligendum
1207 3526 1316 3588 est,
1350 3521 1566 3592 quibus
1598 3538 1761 3592 aquae
1793 3520 2046 3591 eloquio-

401 3627 533 3664 rum
565 3608 885 3664 cmlestium
934 3609 1190 3682 glaciatus
1223 3615 1380 3676 sunt,
1434 3615 1498 3664 ut
1540 3609 1598 3662 in
1649 3609 1874 3664 fructus
1905 3626 2044 3681 gen-

397 3697 547 3752 tium
578 3697 776 3770 gratia:
797 3696 1068 3769 largitate
1097 3699 1482 3768 proﬂuerent:
1513 3698 1582 3752 de
1604 3714 1855 3767 quarum
1876 3716 2043 3755 voca-

397 3787 556 3841 tione
588 3786 810 3841 dictum
842 3791 931 3842 est
958 3787 1256 3857 superiore
1290 3785 1595 3856 versiculo,
1627 3791 1686 3842 et
1706 3787 1777 3841 de
1803 3789 2038 3858 quibus:

398 3867 592 3932 Posuit
615 3875 892 3930 desertum
939 3877 996 3930 in
1035 3883 1229 3946 stagna
1270 3891 1568 3944 aquarum,
1617 3885 1668 3930 et
1723 3881 1895 3931 terras
1923 3880 2045 3933 sine

398 3983 543 4038 aqua
573 3967 634 4020 in
663 3967 847 4019 exitus
875 3980 1168 4035 aquarum,
1201 3971 1253 4018 et
1279 3962 1591 4018 inhabitare
1614 3966 1744 4034 fecit
1791 3966 1868 4020 ibi
1913 3946 2043 4021 esu;

395 4057 598 4110 rientes
626 4054 796 4126 (Psal.
831 4071 940 4125 CVI,
974 4054 1201 4122 35-39),
1236 4051 1296 4106 id
1340 4058 1450 4122 est,
1498 4053 1821 4110 esurientes
1865 4057 2040 4124 justi-

395 4142 542 4198 tiam
567 4161 582 4210 ;
615 4147 664 4198 et
693 4143 1099 4199 seminaverunt
1129 4157 1309 4212 agros,
1334 4146 1384 4196 et
1407 4143 1803 4213 plantaverunt
1832 4146 2040 4211 vineas,

395 4233 445 4285 et
470 4231 726 4302 fecerunt
767 4234 1008 4302 fructum
1036 4231 1381 4298 nativitavis,
1427 4234 1477 4284 et
1509 4231 1789 4287 benedixit
1834 4249 1939 4304 eos,
1992 4244 2042 4290 et

394 4318 759 4388 multiplicati
783 4323 910 4374 sunt
938 4321 1129 4376 nimis.
1161 4319 1269 4383 Qui
1301 4336 1436 4390 ergo
1468 4327 1663 4375 menle
1720 4321 2040 4392 spirituali-

396 4411 486 4462 ter
515 4424 672 4462 nunc
703 4408 920 4480 ubique
950 4409 1200 4480 positam
1245 4415 1555 4465 contuetur
1585 4409 1921 4480 Ecclesiam,
1952 4414 2040 4468 vi-

395 4496 493 4551 det
522 4501 738 4552 terram
768 4497 917 4568 ejus,
969 4514 1094 4568 quae
1145 4498 1255 4553 fuit
1286 4503 1398 4554 Deo
1431 4499 1746 4570 aliquando
1788 4503 2036 4574 deserta,

395 4603 552 4642 nunc
582 4587 874 4659 pradictis
906 4587 1180 4644 omnibus
1207 4587 1614 4659 spiritualibus
1646 4590 1828 4661 copiis
1859 4591 2036 4647 abun-
2071 4615 2116 4680 D

393 4676 566 4732 dare:
603 4675 688 4731 sic
718 4677 917 4748 itaque
948 4677 1254 4748 praedictas
1286 4676 1473 4732 stillas
1495 4678 1644 4732 roris
1677 4679 1745 4732 de
1777 4679 1917 4734 caelo
1947 4684 2041 4736 de-

391 4763 640 4821 ﬂuentes
671 4766 931 4839 suscepit
950 4764 1226 4832 Ecclesia,
1250 4770 1308 4820 et
1327 4767 1650 4820 secundum
1673 4767 1944 4823 Judicum
1969 4768 2037 4823 li-

390 4853 588 4923 brum,
621 4855 775 4927 quod
802 4859 1064 4927 tempore
1085 4854 1316 4910 Gedeon
1349 4855 1513 4910 ducis
1537 4855 1753 4911 factum
1786 4857 2038 4929 legimus

392 4958 490 4997 ros
521 4943 699 5000 unins
721 4944 962 5000 oviculis
990 4945 1298 5017 gentisque
1331 4943 1594 5010 modicae,
1617 4948 1800 5000 totam
1822 4951 2036 5002 terram

392 5029 620 5087 Christo
639 5033 1001 5100 credentum,
1026 5033 1125 5105 qui
1150 5051 1245 5089 ros
1275 5037 1384 5104 est,
1407 5034 1593 5102 gratia
1615 5033 2038 5093 benedictionis

390 5117 608 5174 infudit
635 5119 831 5190 (Judic.
864 5140 965 5186 vn,
1027 5123 1244 5193 37-40),
1297 5126 1353 5176 et
1404 5119 1716 5191 impletum
1765 5129 1852 5179 est
1892 5125 2034 5180 illud

389 5208 758 5278 mysterium,
793 5211 948 5282 quod
983 5211 1295 5266 Psalmista
1326 5210 1668 5281 praedixerat
1697 5211 1928 5268 dicens:
1957 5215 2038 5268 Si-

386 5300 479 5351 cut
509 5312 596 5352 ros
625 5299 881 5354 Hermon.
916 5300 1167 5355 Hermon
1191 5299 1393 5371 utique
1427 5315 1616 5364 mons,
1642 5299 1739 5370 qui
1759 5300 2036 5372 interpre-

385 5390 544 5440 tatur
573 5387 908 5459 anathema,
956 5389 1246 5461 signiﬁcat
1273 5387 1580 5443 altitudine
1613 5406 1720 5442 sua
1753 5391 2033 5461 populum

2156 3351 2608 3418 compunctionis,
2641 3351 2826 3423 oculos
2857 3359 2915 3404 ut
2941 3367 3050 3404 non
3080 3351 3329 3416 videant,
3359 3354 3406 3405 et
3425 3363 3565 3403 aures
3589 3351 3635 3396 ut
3655 3354 3726 3394 n07!

2156 3437 2388 3491 audiant
2416 3455 2588 3509 usque
2633 3441 2691 3492 in
2724 3422 3046 3494 Iiodiernum
3101 3439 3258 3495 diem
3287 3440 3451 3507 (Rom.
3483 3451 3550 3496 χι,
3589 3431 3724 3486 8.1m.

2154 3543 2232 3594 VI,
2264 3526 2339 3595 9).
2376 3529 2438 3580 In
2473 3527 2701 3598 psalmo
2734 3545 2964 3600 quoque
2996 3530 3314 3584 centesimo
3355 3520 3723 3599 quadragesimo

2154 3614 2427 3685 septimo,
2457 3617 2527 3671 de
2557 3615 2713 3688 gelu,
2749 3617 2836 3672 vel
2856 3617 3040 3689 glacie
3061 3623 3119 3672 et
3141 3617 3430 3690 crystallo,
3460 3609 3715 3669 secundum

2149 3703 2304 3758 hunc
2334 3721 2571 3760 sensum
2605 3723 2778 3777 quem
2811 3707 3123 3762 Dominum
3159 3706 3374 3761 dixisse
3401 3699 3714 3772 hiclegimuS,

2152 3793 2500 3864 prophetam
2535 3797 2776 3866 mystice
2811 3796 3086 3865 locutum,
3110 3796 3478 3851 manifestum
3505 3794 3594 3846 est.
3622 3786 3716 3839 Pos-

2153 3899 2361 3938 sumus
2392 3883 2512 3938 haac
2538 3884 2663 3939 loea
2685 3890 2741 3939 et
2762 3885 3109 3956 simpliciter
3130 3884 3459 3955 intelligere,
3483 3884 3533 3934 et
3549 3874 3652 3948 gelu
3669 3869 3714 3922 ἀΰ

2153 3972 2294 4027 ccelo
2318 3972 2450 4044 quis
2471 3973 2707 4045 genuit?
2730 3973 2951 4029 Caelum
2975 3973 3330 4045 appellantes
3347 3967 3583 4045 glacialia
3600 3974 3716 4016 mon-

2151 4060 2320 4126 tium,
2371 4067 2428 4115 et
2459 4063 2819 4118 excelsorum
2852 4063 3180 4122 cacumina.
3223 4068 3280 4118 et
3309 4078 3403 4133 per
3431 4059 3711 4113 immensum

2152 4165 2364 4214 aerem,
2402 4149 2528 4204 loca
2586 4151 2727 4205 cmlo
2782 4152 3079 4218 viciniora,
3140 4150 3227 4207 vel
3285 4149 3464 4221 magis
3496 4138 3712 4216 proxima.

2154 4237 2486 4316 Secundum
2505 4239 2655 4293 hanc
2679 4256 2812 4311 ergo
2832 4241 3313 4295 consuetudinem
3335 4237 3714 4316 Scripturarum

2154 4310 2278 4397 ipse
2325 4325 2604 4382 Dominus
2649 4310 2841 4399 inquit
2887 4330 2944 4382 in
3000 4325 3328 4401 Evangelio,
3373 4321 3590 4380 volatilia
3626 4310 3713 4401 tali

2153 4416 2364 4484 (Matth.
2398 4434 2475 4478 v1,
2508 4419 2622 4485 26).
2651 4417 2752 4472 His
2785 4418 3108 4472 secundum
3144 4399 3389 4472 litteram
3421 4425 3557 4467 nunc
3580 4399 3713 4460 omis-

2152 4503 2254 4570 sis,
2289 4521 2357 4560 ea
2387 4505 2602 4576 potius,
2637 4522 2769 4576 qua:
2817 4511 3040 4560 sacrate
3073 4523 3106 4561 a
3138 4511 3249 4561 Deo
3288 4501 3569 4579 przedicata
3594 4493 3707 4550 sunt,

2149 4593 2471 4666 intelligere
2500 4600 2557 4648 et
2585 4595 2816 4650 credere
2847 4612 2952 4650 nos
2985 4600 3229 4666 Oportet.

2229 4705 2253 4734 α
2286 4664 2584 4754 Numquid
2616 4684 2968 4755 conjungere
3013 4664 3234 4739 valebis
3272 4681 3530 4736 micantes
3558 4664 3708 4755 stellas

2148 4771 2426 4842 pleiades,
2461 4752 2576 4826 aut
2624 4752 3092 4843 gyrum'arcturi
3144 4770 3354 4845 poteris
3381 4752 3662 4851 dissil)‘=""3_:2
3689 4769 3706 4792 ”

2150 4861 2316 4916 Nunc
2347 4861 2417 4916 de
2444 4860 2568 4915 εει)ιὶ
2602 4862 2803 4916 ordine
2842 4867 2899 4917 et
2928 4867 3218 4917 astrorum
3249 4856 3476 4914 circuitu
3507 4845 3707 4915 loquitur

2149 4949 2219 5004 ad
2251 4949 2380 5005 Job.
2409 4948 2672 5004 Pleiades
2703 4949 2934 5022 appelat
2979 4949 3196 5014 stellas,
3229 4947 3370 5019 quite
3396 4943 3604 5013 juncta,
3639 4941 3703 5022 ve:

2147 5035 2234 5092 lut
2263 5041 2485 5108 septem
2518 5053 2644 5092 esse
2663 5010 3083 5093 monstrantur.
3109 5010 3208 5092 His
3227 5010 3356 5104 ergo
3385 5010 3560 5092 Graeci,
3587 5010 3702 5111 αξξοά

2146 5106 2346 5181 multis
2399 5125 2575 5181 simul
2606 5132 2820 5192 essent,
2868 5145 3078 5183 nomen
3128 5127 3198 5181 ab
3245 5125 3367 5195 ipsa
3397 5106 3700 5200 multitudine

2144 5219 2493 5286 posuerunt:
2526 5211 2740 5282 πληθὺς
2769 5216 2856 5270 vel
2886 5213 3096 5284 πλῆθος
3121 5216 3268 5270 enim
3295 5201 3572 5266 multitudo
3595 5195 3698 5247 dici-

2143 5310 2258 5368 tur,
2292 5307 2348 5358 et
2377 5304 2511 5358 inde
2540 5304 2859 5359 derivatum
2890 5312 2997 5372 est,
3028 5311 3090 5360 ut
3112 5303 3358 5376 pleiades
3379 5287 3693 5376 appellentur.

2140 5363 2398 5462 Ait’ergo
2431 5393 2714 5447 Dominus
2745 5395 2814 5448 ad
2863 5363 3011 5449 Job’:
3047 5363 3329 5461 Numquid
3364 5363 3426 5438 ut
3449 5381 3524 5432 hae
3558 5363 3691 5462 stel'f

387 5474 745 5531 Judaaorum.
782 5446 945 5534 Illius
994 5446 1128 5550 ergo
1177 5493 1293 5547 ros,
1326 5476 1524 5548 gratia:
1554 5446 1904 5534 videlic‘et‘et
1934 5481 2031 5536 be-
2133 5446 2372 5552 junctae),
2405 5488 2462 5534 et
2489 5481 2665 5536 simul
2699 5446 2836 5550 sint,
3001 5446 3251 5554 potentia
3280 5477 3447 5530 facere
3474 5446 3693 5554 potuisti?

387 5564 759 5636 nedictionis,
792 5566 1094 5622 descendit
1124 5566 1179 5620 in
1217 5569 1476 5619 montem
1509 5565 1667 5620 Sion.
1701 5568 1831 5622 Sion
1866 5586 2029 5624 nam-

386 5670 499 5733 que
529 5671 700 5712 mons
731 5656 995 5713 excelsus
1016 5653 1330 5710 virtutibus
1352 5658 1526 5724 atque
1547 5654 1822 5711 sublimis
1844 5657 2033 5716 Eccle-

2140 5569 2562 5642 Septentrionis
2594 5586 2828 5640 quoque
2859 5573 2976 5626 sive
3001 5551 3689 5646 arcturicircuitum._fll13f‘f

2143 5661 2287 5716 inde
2310 5659 2530 5714 Siﬂenti
2553 5674 2693 5730 gyro
2715 5675 2817 5730 per
2837 5661 3134 5716 sinistram
3158 5655 3372 5728 plagam
3396 5638 3566 5702 mundi
3588 5647 3630 5686 in
3649 5638 3692 5677 56
