3980 6184
181 363 316 431 805

1203 366 1718 432 COMMENTAR.
1765 372 1844 433 IN
1887 370 2026 435 JOB
2069 373 2244 434 CAP.
2293 373 2619 437 XXXVIII.

3511 382 3648 458 806.:

191 500 314 559 feci
336 501 728 571 recurrere,ut
747 503 908 557 totus
929 499 989 556 in
1009 517 1073 557 se
1098 503 1274 558 vadat
1296 519 1532 575 semper
1545 507 1603 560 et
1628 505 1856 561 redeat:
1886 508 1946 577 Α
1973 508 2063 562 est
2093 521 2127 560 a
2147 505 2263 560 Deo
2286 505 2478 570 Patre,
2500 510 2564 560 ut
2584 509 2768 563 terras
2785 506 3081 578 inviseret,
3109 512 3207 582 qui
3230 512 3358 570 ideo
3392 514 3623 574 Lucifer

191 590 492 663 numquid
524 595 590 645 tu
623 591 842 662 poteris
873 590 1158 663 dissipare
1178 592 1205 646 ‘?
1234 591 1314 647 De
1346 593 1522 648 astris
1553 592 1702 658 coeli,
1735 594 1856 649 sive

193 680 391 752 signis
421 683 478 733 et
507 679 567 733 in
600 677 733 732 aliis
764 677 908 734 locis
940 678 1252 750 Scriptura
1287 678 1563 751 legimus,
1599 681 1753 734 sicut
1796 680 1856 734 in

190 771 342 826 Jesu
373 766 530 823 Nave
556 768 736 838 (Iosue
766 784 857 838 xv,
891 770 946 836 3)
994 773 1050 822 et
1105 768 1420 824 Judicum:
1472 771 1622 838 Fuit,
1667 769 1861 840 inquit

191 860 469 914 terminus
498 857 806 912 Amorrhaai
863 857 930 911 ab
975 873 1201 912 ascensu
1249 860 1548 930 scorpionis
1591 861 1768 929 petra,
1810 861 1859 912 et

197 949 494 1020 superiora
515 946 631 1002 loca
661 945 858 1016 (ludio.
894 963 932 1014 ι,
966 947 1077 1017 36).
1108 947 1178 1002 Ut
1208 947 1388 1019 igitur
1415 948 1645 1002 Domini
1685 947 1861 1003 verba

198 1038 530 1092 secundum
549 1034 830 1107 mysticos
858 1034 1490 1103 intellectusdicamus,
1516 1035 1727 1091 calum
1764 1036 1859 1090 in-

196 1129 593 1198 terpretemur
615 1124 1140 1196 Ecclesiam,quam
1161 1126 1432 1197 superius
1450 1126 1728 1182 Dominus
1742 1131 1858 1182 ter-

206 1233 289 1270 ra
321 1212 602 1270 vocabulo
634 1213 1010 1283 nuncupavit,
1051 1213 1153 1268 sed
1183 1213 1263 1268 ibi
1313 1223 1546 1287 prepter
1574 1214 1857 1287 originem

197 1319 373 1358 suam
403 1307 559 1357 terra
589 1305 677 1357 est
706 1301 1022 1372 appellata.
1056 1302 1223 1358 Nunc
1247 1319 1380 1358 vero
1410 1303 1727 1359 sublimata
1755 1319 1859 1375 per

197 1392 501 1447 Christum
517 1391 575 1445 in
591 1390 868 1464 gloriam:
893 1391 1136 1447 :calum
1150 1393 1475 1449 rectissime
1489 1393 1854 1466 intelligitur.

198 1483 269 1537 In
300 1481 410 1536 hoc
437 1480 618 1552 igitur
647 1479 790 1535 coelo
815 1479 989 1534 etiam
1021 1479 1202 1536 stella
1235 1481 1516 1553 pleiades,
1548 1487 1607 1538 et
1632 1487 1858 1554 septen-

195 1569 435 1636 trionis,
471 1584 646 1623 unam
676 1568 736 1622 in
771 1584 833 1624 se
876 1585 1057 1624 sacra
1105 1569 1612 1641 interpretationis
1669 1572 1854 1626 conti-

197 1658 630 1714 nentformam.
657 1657 787 1730 Ipse
809 1658 963 1712 enim
983 1659 1350 1730 septenarius
1371 1675 1651 1715 numerus
1673 1661 1853 1731 septi-

203 1747 418 1804 formis
449 1746 697 1818 Spiritus
726 1746 946 1818 gratias
978 1746 1038 1802 in
1071 1763 1133 1802 se
1160 1747 1583 1816 demonstrant,
1634 1766 1761 1821 qua
1792 1749 1853 1805 in

1968 605 2341 665 nuncupatus
2355 595 2609 666 est,quia
2620 597 2856 652 veniens
2870 598 2938 652 de
2951 598 3618 677 sublimibus,tanquam

1968 687 2102 754 post
2120 683 2447 756 biennium,
2480 689 2611 756 post
2637 685 2822 756 legem
2851 690 2907 740 et
2927 687 3243 758 prophetas
3265 697 3428 747 ortus
3449 699 3619 762 est,ct

1969 788 2146 841 super
2167 789 2273 827 nos
2290 772 2511 843 positos
2533 772 2592 827 in
2615 773 2894 841 tenebris,
2917 779 2974 828 et
2999 776 3206 831 umbra
3235 780 3440 834 mortis
3465 784 3611 850 (Luc.

1969 877 2007 927 1,
2039 861 2151 929 79),
2183 861 2373 915 lucem
2407 860 2576 916 nobis
2607 862 2742 917 ﬁdei
2777 880 2842 918 ac
2874 865 3229 935 tempestiva
3263 869 3616 940 cognitionis

1967 947 2249 1004 exhibuit.
2285 953 2505 1020 Vesper
2534 967 2667 1006 vero
2698 951 2853 1006 idem
2883 951 3064 1008 Filius
3087 953 3343 1012 hominis
3365 959 3618 1030 appella-

1967 1041 2086 1104 tur,
2119 1037 2300 1109 quiin
2333 1055 2500 1094 cruce
2533 1044 2791 1111 tempore
2850 1043 3142 1112 passionis
3189 1045 3483 1101 occubuit.
3539 1049 3620 1104 De

1968 1141 2083 1195 quo
2114 1126 2194 1180 ait
2224 1126 2507 1198 propheta
2537 1127 2770 1200 populis
2795 1130 3141 1185 credituris:
3173 1136 3286 1187 Iter
3338 1135 3516 1208 faciet
3564 1140 3622 1192 ei

1968 1215 2065 1284 qui
2091 1215 2335 1271 ascendit
2388 1233 2555 1287 super
2609 1216 2886 1289 Occasum,
2943 1220 3208 1275 Dominus
3264 1239 3464 1279 nomen
3522 1227 3615 1281 illi

1968 1305 2140 1374 (Psal.
2176 1322 2345 1374 van,
2402 1306 2479 1376 5).
2525 1305 2633 1369 Qui
2679 1307 2882 1378 utique
2928 1309 2988 1363 in
3039 1314 3301 1382 tempore
3352 1329 3614 1387 occasus,

1967 1393 2202 1462 quando
2235 1393 2315 1448 ait
2343 1394 2415 1447 ad
2449 1393 2719 1450 Patrem:
2769 1398 2832 1450 In
2887 1414 3086 1452 manus
3134 1405 3256 1454 tuas
3303 1404 3618 1459 commendo

1965 1481 2230 1551 spiritum
2267 1499 2450 1536 meum
2506 1483 2655 1550 (Luc.
2716 1501 2881 1551 xxni,
2930 1486 3040 1557 46),
3087 1488 3282 1557 posuit
3319 1491 3615 1558 tenebras,

1965 1574 2024 1624 et
2055 1570 2214 1624 facta
2247 1575 2386 1625 sunt
2411 1571 2469 1625 in
2503 1573 2676 1627 corde
2707 1572 3031 1628 inﬁdelium
3057 1575 3415 1632 Judaorum.
3448 1578 3616 1634 Hunc

1965 1673 2101 1730 ergo
2132 1664 2283 1714 Deus
2314 1660 2502 1728 Pater,
2538 1666 2603 1714 ut
2631 1663 2926 1732 pastorem
2959 1678 3241 1736 magnum
3275 1666 3470 1721 ovium
3515 1685 3616 1722 ex-

1964 1747 2180 1804 citavit.
2213 1753 2405 1817 Hunc,
2438 1749 2703 1821 inquam,
2727 1749 3072 1823 Vesperum,
3106 1769 3172 1808 eo
3203 1756 3359 1824 quod
3392 1757 3615 1812 sacriﬁ-

206 1835 323 1891 hoc
353 1836 592 1901 micant,
625 1835 855 1907 ipsique
884 1836 1205 1908 gratiarum
1248 1837 1491 1908 spiritus
1539 1837 1599 1892 in
1649 1839 1852 1894 eodem
1883 1880 1932 1945 B
1964 1836 2122 1891 cium
2153 1838 2550 1908 vespertinum
2582 1838 2640 1892 in
2699 1855 2940 1910 vespera
2988 1840 3335 1897 saculorum
3390 1844 3615 1900 missus

206 1926 572 1945 n__.--____1-
616 1924 731 1945 _._12
771 1929 902 1945 ---ἐι
936 1924 1222 1945 D__1..__L__
1283 1927 1400 1945 I’_L“
1442 1926 1540 1945 3A,}:
1681 1926 1797 1945 ,n,ll
1971 1925 2232 1945 -L1UI-,ASA
2297 1926 2372 1945 nl!
2439 1944 2446 1945 κ
2512 1927 2526 1945 1
2571 1944 2616 1945 ,,
2657 1927 2668 1938 ¹
2723 1927 2734 1945 2
2881 1944 2898 1945 η
3011 1928 3085 1945 οἱ·
3193 1934 3202 1945 ι

204 1926 578 1980 ﬁrmamento
609 1924 736 1980 cali
766 1929 906 1980 sunt
935 1924 1246 1997 fulgentes.
1282 1927 1409 1981 Ista
1441 1926 1621 1998 igitur
1671 1926 1851 1983 stella

201 2028 311 2084 per
340 2011 707 2084 prophetam,
736 2016 956 2084 septem
990 2011 1143 2067 oculi
1171 2012 1404 2068 Domini
1457 2014 1854 2086 appellantur,

204 2117 458 2173 quorum
479 2101 781 2156 oculorum
812 2101 1031 2174 gratias
1057 2105 1231 2174 atque
1253 2103 1496 2158 virtutes
1517 2104 1698 2159 Isaias
1721 2121 1853 2175 pro-

204 2190 386 2262 pheta
416 2194 745 2257 enumerat,
770 2190 870 2244 ubi
904 2191 974 2246 de
1013 2190 1326 2246 Salvatoris
1359 2191 1661 2248 nativitate
1710 2193 1856 2247 vati-

205 2280 441 2335 cinatur
471 2279 699 2334 dicens:
738 2280 807 2334 El
836 2282 1137 2351 requiescet
1162 2297 1326 2352 super
1347 2297 1473 2336 eum
1498 2283 1730 2353 spiritus
1758 2283 1858 2337 Dei

211 2370 442 2440 spiritus
469 2369 779 2440 sapientiae,
805 2374 855 2424 et
877 2370 1181 2425 intellectus
1201 2389 1217 2422 :
1248 2371 1482 2441 spiritus
1536 2371 1761 2426 consilii
1805 2374 1857 2425 et

207 2461 472 2513 virtutis:
499 2459 736 2528 spiritus
765 2460 1008 2514 scientiae
1062 2463 1114 2513 et
1151 2460 1408 2530 pietatis:
1456 2461 1687 2531 replevit
1733 2475 1857 2515 eum

205 2549 448 2620 spiritus
474 2548 692 2602 timoris
716 2548 816 2602 Dei
847 2565 860 2614 ;
895 2547 1019 2616 (Isa.
1053 2565 1130 2615 x1,
1162 2551 1215 2615 2,
1243 2549 1317 2617 3).
1350 2549 1855 2614 Quemadmodum

207 2654 348 2710 ergo
371 2637 686 2708 quisquam
719 2653 834 2692 non
866 2637 1056 2708 potuit
1108 2636 1563 2694 indissociabilis
1611 2638 1855 2694 luminis

210 2725 544 2798 spiritualia
558 2730 716 2781 astra
735 2727 1112 2798 conjungere,
1136 2727 1216 2780 ita
1237 2728 1474 2782 omnino
1496 2728 1617 2783 ﬁeri
1642 2732 1853 2798 potest,

215 2819 284 2870 ut
310 2815 396 2870 ba
429 2814 606 2870 stella
637 2815 981 2888 gratiarum,
1017 2815 1335 2870 Ecclesiam
1369 2833 1559 2872 meam
1602 2817 1855 2872 circum-

201 2905 549 2972 lustrantes,
584 2905 654 2959 ab
679 2903 852 2959 unius
884 2904 1239 2959 connexione
1261 2905 1560 2961 insolubili
1582 2923 1854 2978 separen-

199 2999 318 3049 tur.
353 2994 515 3057 Quod
548 2998 746 3048 autem
778 2992 879 3048 alii
911 2994 1203 3062 dixerunt,
1239 2999 1339 3048 aut
1367 2994 1718 3050 intellexisti
1751 3012 1855 3049 ne-

198 3100 312 3138 xus
342 3081 618 3154 pleiadis:
651 3083 723 3138 ad
774 3082 1141 3154 spiritualem
1187 3082 1634 3155 intelligentiam
1686 3083 1858 3155 erigit

200 3171 468 3228 animum
500 3172 828 3242 conuentis,
861 3176 925 3226 ut
955 3171 1183 3242 atiquid
1217 3171 1598 3244 allegoricum
1630 3172 1856 3228 laboret

206 3260 527 3333 inquirere.

278 3372 306 3399 ‹‹
340 3349 638 3420 Numquid
691 3349 972 3421 producis
1000 3350 1332 3405 Luciferum
1360 3350 1418 3405 in
1441 3356 1702 3422 tempore
1723 3368 1850 3419 suo,

201 3444 263 3493 et
282 3437 606 3508 Vesperum
638 3453 816 3508 super
839 3437 990 3493 ﬁlios
1017 3443 1182 3494 terra
1233 3455 1584 3511 consurgere
1610 3440 1755 3495 facis
1777 3440 1804 3494 ?
1824 3465 1845 3493 ι

199 3525 383 3582 Stella
411 3531 523 3597 est,
556 3543 734 3598 quam
771 3527 1107 3582 Luciferum
1140 3527 1414 3595 dicimus,
1449 3527 1634 3583 stellis
1686 3532 1850 3582 cate—

199 3617 285 3671 ris
316 3614 548 3685 clarior,
575 3632 751 3686 quam
784 3615 981 3670 ferunt
1011 3616 1190 3671 etiam
1248 3617 1512 3671 doctores
1559 3615 1850 3685 Ecclesia,

200 3721 386 3760 unam
412 3721 540 3760 esse
561 3704 759 3760 deillis
786 3705 1046 3777 quinque
1069 3704 1274 3775 stellis,
1300 3722 1446 3776 quas
1468 3705 1733 3777 planetas
1757 3723 1853 3761 vo-

198 3793 504 3865 cant,quia
522 3793 870 3849 dissimilem
893 3793 1142 3849 aliarum
1170 3793 1473 3848 stellarum
1489 3811 1728 3849 cursum
1753 3794 1852 3849 ha-

200 3885 400 3948 beant,
435 3882 738 3954 multoque
766 3882 1111 3938 velociorem
1140 3887 1195 3937 et
1218 3882 1352 3936 inde
1373 3883 1637 3954 planetae,
1660 3884 1715 3938 id
1741 3887 1848 3954 est,

193 3978 504 4045 vagantes,
537 3972 656 4026 sive
685 3976 944 4027 errantes
978 3971 1271 4038 dicantur,
1305 3987 1372 4026 eo
1406 3972 1560 4042 quod
1593 3987 1706 4026 non
1728 3987 1849 4026 cer-

197 4069 352 4131 tum,
385 4063 486 4117 sed
518 4061 859 4116 mutabilem
891 4077 1128 4116 cursum
1161 4060 1436 4115 habeant.
1465 4060 1629 4114 Hunc
1670 4059 1852 4131 igitur

200 4151 541 4206 Luciferum
573 4149 978 4222 appariturum
1009 4149 1202 4218 terris,
1254 4153 1386 4221 post
1435 4148 1740 4204 biennium
1789 4149 1848 4204 in

199 4240 436 4296 Oriente
466 4243 780 4294 autumant
800 4239 982 4295 nasci.
1015 4238 1203 4294 Aliam
1233 4254 1365 4294 vero
1388 4237 1639 4305 stellam,
1671 4255 1850 4310 quam

201 4333 531 4400 Vesperum
567 4327 896 4400 appellavit,
928 4343 994 4382 eo
1024 4327 1179 4397 quod
1213 4327 1367 4382 circa
1395 4327 1509 4382 diei
1540 4343 1848 4398 vesperum

199 4435 310 4473 suo
370 4421 566 4472 tamen
595 4423 855 4488 tempore
885 4417 1107 4470 mundo
1132 4419 1527 4471 monstretur:
1563 4415 1736 4485 hanc,
1760 4415 1849 4470 in-

199 4506 331 4577 quit
363 4510 513 4560 Deus
542 4506 613 4561 ad
665 4506 796 4576 Job,
854 4521 1031 4576 super
1085 4504 1238 4560 ﬁlios
1290 4509 1452 4560 terra
1500 4520 1851 4576 consurgere

199 4595 347 4650 facis
376 4595 404 4648 ?
432 4594 540 4659 Qui
571 4611 707 4666 ergo
736 4593 1016 4666 intelligis
1048 4593 1370 4664 potentiam
1401 4593 1601 4647 omnia
1637 4593 1848 4664 guber-
1878 4614 1926 4679 D

198 4683 424 4751 nantis,
457 4688 513 4737 et
543 4683 602 4737 in
636 4688 694 4738 te
725 4681 1022 4754 operantis
1053 4697 1304 4753 agnosce
1325 4681 1642 4752 justitiam.
1689 4682 1849 4738 Hanc

195 4771 437 4828 stellam
469 4771 636 4826 multi
673 4777 884 4844 putant
917 4771 1236 4842 Hesperum
1259 4769 1391 4824 dici.
1426 4770 1587 4824 Unde
1607 4775 1663 4824 et
1688 4770 1852 4825 Italia

194 4861 483 4932 Hesperia
513 4861 815 4916 nominata
845 4861 942 4928 sit,
976 4876 1043 4915 eo
1073 4859 1230 4929 quod
1263 4857 1380 4913 illic
1420 4863 1682 4930 tempore
1741 4877 1847 4914 suo

193 4950 463 5022 primum
521 4954 780 5020 apparet.
829 4947 1175 5020 Spitualiter
1219 4950 1416 5002 autem
1467 4948 1645 5002 verba
1710 4953 1850 5002 sunt

193 5038 391 5093 Patris
420 5038 490 5093 de
521 5037 663 5092 Filio
694 5055 801 5093 suo
834 5039 1132 5093 Salvatore
1191 5041 1389 5090 nostro
1438 5034 1684 5092 dicentis
1722 5037 1844 5092 sic:

189 5125 498 5197 Numquid
531 5126 742 5181 educes
800 5126 1126 5180 Luciferum
1185 5124 1243 5177 in
1304 5128 1566 5194 tempore
1613 5142 1740 5192 suo,
1792 5131 1850 5181 et

187 5215 523 5286 Vesperum
559 5231 736 5286 super
769 5215 919 5270 ﬁlios
949 5219 1114 5269 terra
1142 5228 1492 5283 consurgere
1515 5213 1657 5268 facis
1681 5213 1709 5268 ?
1741 5214 1848 5269 Ubi

192 5318 255 5358 et
285 5302 576 5358 adventus
607 5303 840 5358 Domini
875 5304 930 5356 in
985 5318 1158 5356 cornc
1204 5300 1431 5355 venturi
1482 5300 1846 5372 signiﬁcatus

188 5397 306 5458 est,
343 5396 400 5445 et
430 5393 776 5446 resurrectio
808 5393 935 5462 ejus
955 5407 1024 5446 ex
1055 5390 1303 5445 mortuis
1327 5390 1597 5461 ﬁgurata,
1623 5392 1849 5445 venien-

188 5487 248 5535 te
282 5480 653 5551 plenitudine
689 5481 966 5551 temporis
999 5480 1198 5550 (Colat.
1234 5495 1310 5545 iv,
1340 5480 1412 5548 4).
1463 5478 1556 5532 Ait
1608 5484 1842 5535 autem:

185 5570 340 5624 Misit
373 5569 512 5623 Deus
544 5571 752 5624 Filium
779 5586 941 5623 suum
968 5570 1174 5638 factum
1201 5583 1270 5622 ex
1324 5567 1584 5632 muliere,
1633 5569 1846 5638 factum

183 5659 289 5713 sub
314 5661 432 5729 lege
463 5659 644 5729 (Ibid).
680 5659 741 5714 In
775 5660 882 5714 hoc
914 5657 1092 5729 igitur
1125 5662 1387 5727 tempore
1445 5673 1550 5712 suo
1600 5657 1845 5714 eductus

1961 1925 2258 1994 obtulerit,
2293 1926 2478 1982 ﬁlium
2512 1927 2770 1983 hominis
2800 1944 2977 1998 super
3006 1928 3158 1984 ﬁlios
3188 1934 3352 1986 terra
3372 1949 3613 1988 consur-

1964 2031 2098 2087 gere
2131 2016 2300 2070 fecit:
2339 2017 2564 2071 utinam
2597 2033 2712 2071 non
2744 2018 2863 2072 sint
2889 2034 3042 2085 caro,
3067 2024 3123 2073 et
3149 2024 3303 2074 terra
3323 2036 3456 2076 esca
3486 2038 3614 2076 ser-

1964 2104 2178 2175 pentis,
2213 2121 2401 2176 neque
2431 2104 2535 2159 ﬁlii
2568 2105 2755 2160 noctis
2787 2110 2840 2160 et
2895 2107 3293 2178 tenebrarum,
3343 2110 3443 2171 sed
3497 2110 3616 2165 sint

1965 2192 2069 2246 ﬁlii
2101 2192 2369 2258 Luciferi,
2401 2193 2504 2248 ﬁlii
2535 2194 2635 2249 Dei
2667 2195 2709 2266 (I
2756 2196 2938 2250 Thess.
2973 2212 3025 2262 v,
3054 2197 3133 2268 5).

2039 2303 2066 2329 ‹‹
2095 2281 2393 2352 Numquid
2426 2281 2578 2337 nosti
2611 2282 2874 2338 ordinem
2908 2282 3056 2355 coeli,
3088 2289 3146 2340 et
3201 2302 3382 2357 pones
3434 2287 3612 2344 ratio-

1965 2386 2101 2425 nem
2160 2371 2286 2440 ejus
2345 2371 2402 2424 in
2463 2371 2724 2426 terra?»
2786 2371 2844 2426 Si
2923 2389 3235 2429 numerum
3313 2379 3609 2448 astrorum

1965 2459 2229 2514 omnium
2264 2463 2456 2530 potest
2485 2459 2779 2531 quispiam
2811 2459 3149 2515 mortalium
3195 2479 3389 2528 nosse,
3425 2469 3615 2535 potest

1965 2552 2022 2602 et
2052 2547 2272 2602 militia
2305 2563 2506 2603 eorum
2540 2548 2804 2603 ordinem
2836 2549 3209 2620 perscrutari.
3246 2550 3428 2607 Nemo
3477 2568 3613 2624 ergo

1964 2636 2086 2690 hac
2113 2636 2342 2708 proprie
2358 2638 2516 2692 novit
2547 2637 2658 2692 nisi
2689 2637 2854 2693 solus
2888 2637 2985 2693 ille
3017 2637 3117 2710 qui
3149 2640 3428 2695 condidit.
3481 2642 3612 2712 Spi-

1965 2725 2160 2780 rituali
2195 2731 2390 2780 autem
2424 2743 2601 2782 sensu
2635 2725 2716 2780 ita
2747 2726 2994 2797 intelligi
3028 2732 3218 2797 potest
3246 2744 3258 2782 :
3310 2728 3609 2801 Numquid

1963 2818 2049 2884 tu,
2083 2814 2213 2882 Job,
2247 2814 2417 2884 quasi
2449 2813 2713 2886 cognitor
2744 2814 3100 2880 futurorum,
3125 2816 3252 2884 jam
3284 2817 3439 2871 nosti
3493 2834 3609 2888 quo

1965 2903 2166 2957 ordine
2193 2903 2252 2956 in
2283 2902 2425 2958 ccelo
2454 2902 2744 2972 Ecclesia,
2781 2919 2957 2973 quam
2992 2902 3230 2958 diversa
3253 2908 3426 2974 atque
3457 2905 3612 2959 mul-

1963 2990 2193 3062 tiplices
2224 2991 2421 3062 gratia
2454 2991 2698 3062 spiritus
2721 2991 2858 3057 mei,
2878 2989 3037 3044 velut
3061 2990 3239 3045 stella
3264 2993 3612 3064 refulgeant,

1965 3080 2085 3134 sive
2105 3095 2217 3148 qua
2238 3079 2441 3151 gloria,
2465 3078 2552 3133 vel
2575 3096 2692 3150 qua
2713 3080 2914 3134 ordine
2940 3077 3302 3149 meritorum,
3347 3085 3412 3134 ut
3457 3081 3616 3136 side-

1966 3185 2095 3223 rum
2120 3167 2474 3222 radiantium
2495 3167 2674 3239 globi,
2720 3167 2909 3223 sancti
2941 3168 2998 3221 in
3031 3169 3453 3224 resurrectione
3494 3169 3613 3224 ful-

1880 3245 1924 3312 C
1963 3257 2219 3328 gebunt?
2249 3261 2414 3311 Hunc
2445 3255 2639 3312 locum
2682 3243 2785 3312 alii
2839 3257 2921 3311 ita
2969 3262 3246 3312 vertunt:
3306 3260 3371 3314 Ut
3426 3261 3613 3314 omnia

1964 3361 2084 3416 quae
2111 3348 2212 3400 sub
2241 3346 2372 3401 εωιο
2402 3354 2550 3412 sunt,
2580 3348 2791 3416 pariter
2819 3348 2973 3416 ﬁant.
3009 3345 3114 3401 Ubi
3165 3347 3275 3401 hoc
3305 3347 3494 3403 dicere
3525 3348 3608 3401 vi-

1963 3435 2198 3504 dentur,
2232 3435 2385 3506 quod
2417 3434 2778 3491 volubilitate
2810 3436 2928 3490 sive
2958 3440 3313 3506 temporum,
3343 3437 3461 3491 sive
3477 3437 3612 3492 stel-

1963 3522 2175 3590 larum,
2211 3540 2312 3594 per
2338 3524 2527 3594 spatia
2557 3524 2668 3578 sibi
2703 3523 3077 3579 succedentia
3108 3525 3306 3580 redeat
3334 3531 3392 3580 et
3422 3543 3613 3581 recur-

1964 3618 2070 3667 rat.
2105 3611 2501 3684 Spiritualiter
2530 3619 2724 3667 autem
2756 3614 2836 3668 ita
2893 3613 3120 3668 dictum
3152 3614 3611 3671 existimandum

1961 3706 2072 3767 est,
2097 3701 2250 3772 quod
2285 3700 2643 3772 dispensatio
2683 3718 2785 3772 per
2831 3701 3125 3756 Christum
3187 3702 3615 3758 reconciliatio-

1961 3789 2054 3844 nis
2087 3789 2379 3855 humana,
2414 3807 2599 3860 usque
2630 3790 2687 3843 in
2725 3791 2899 3845 ﬁnem
2933 3789 3129 3845 saculi
3154 3795 3395 3856 crescat,
3419 3793 3490 3847 ad
3515 3810 3613 3848 no-

1960 3879 2150 3933 titiam
2185 3879 2450 3932 omnium
2492 3878 2817 3949 nationum,
2855 3880 2975 3934 sive
2998 3881 3138 3950 quia
3187 3881 3372 3935 sancti
3425 3885 3488 3935 ut
3535 3883 3610 3937 ad

1961 3967 2175 4023 calcem
2208 3967 2490 4022 virtutum
2520 3969 2880 4039 perveniant,
2914 3968 3170 4040 quotidie
3207 3985 3441 4024 morum
3472 3985 3611 4036 san-3

1961 4057 2160 4111 ctitate
2191 4056 2518 4128 proﬁciant,
2551 4063 2606 4111 et
2658 4057 2786 4113 ideo
2841 4058 2949 4112 sub
3009 4056 3174 4121 calo,
3226 4057 3284 4111 id
3336 4062 3443 4123 est,
3497 4058 3608 4112 sub

1961 4146 2292 4200 obedientia
2322 4145 2741 4201 Ecclesiastica
2767 4145 3086 4216 disciplina
3110 4150 3248 4199 sunt
3279 4146 3606 4202 constituti.

2032 4257 2059 4285 ‹‹
2093 4235 2389 4305 Numquid
2421 4233 2674 4289 elevabis
2705 4235 2763 4288 in
2805 4233 3019 4289 nebula
3063 4249 3263 4288 vocem
3320 4238 3503 4306 tuam,
3552 4241 3610 4291 et

1959 4324 2216 4395 impetus
2246 4339 2534 4393 aquarum
2566 4323 2786 4393 operiet
2812 4325 2868 4377 te
2888 4322 2915 4376 ?
2941 4344 2967 4371 »
3027 4323 3218 4377 Primo
3241 4323 3445 4378 auditu
3500 4324 3608 4380 hoc

1958 4413 2043 4466 ita
2071 4409 2517 4482 intelligendum
2548 4416 2656 4464 est.
2684 4411 2979 4482 Numquid
3017 4411 3196 4467 habes
3225 4416 3448 4467 tantam
3499 4429 3608 4483 po-

1958 4501 2224 4565 tentiam,
2260 4501 2325 4552 ut
2371 4498 2441 4551 ad
2497 4497 2810 4568 imperium
2864 4516 2931 4553 ac
2977 4504 3186 4554 nutum
3232 4503 3400 4553 tuum
3452 4498 3607 4554 illico

1960 4589 2178 4644 imbres
2205 4586 2584 4642 infundentes
2614 4591 2670 4642 et
2701 4588 3027 4658 operientes
3058 4589 3128 4643 de
3178 4586 3316 4642 calo
3366 4588 3606 4642 descen-

1958 4678 2120 4732 dant.
2154 4675 2487 4731 Secundum
2519 4675 2784 4731 altiorem
2815 4694 2950 4732 vero
2983 4675 3451 4747 intelligentiam,
3503 4693 3608 4732 vo-

1961 4783 2107 4833 cem,
2141 4765 2350 4836 inquit,
2385 4764 2562 4832 elevo,
2596 4765 2677 4819 ait
2707 4765 3014 4831 Dominus,
3070 4765 3303 4837 quando
3353 4763 3606 4818 homini-

1960 4857 2069 4910 bus
2118 4853 2344 4908 clamo:
2382 4855 2564 4908 Venite
2593 4854 2664 4907 ad
2717 4871 2826 4918 me,
2872 4871 3056 4911 omnes
3098 4856 3195 4926 qui
3243 4852 3502 4908 latoratis
3554 4857 3607 4908 et

1957 4944 2168 5000 onerati
2205 4945 2333 4998 estis
2390 4943 2599 5014 (Matth.
2658 4960 2737 5011 x1,
2796 4945 2907 5015 28),
2967 4949 3024 4998 et
3075 4941 3311 5014 pietatis
3368 4941 3604 5008 aﬁ'ectu,

1957 5033 2126 5105 pulso
2159 5036 2379 5086 secreta
2402 5031 2614 5086 mentis
2647 5031 2946 5104 ipsorum:
2984 5032 3082 5087 ubi
3105 5035 3194 5087 est
3213 5029 3372 5086 velut
3387 5030 3605 5086 nebula
3710 5033 3721 5039 ”

1958 5121 2145 5193 caligo
2178 5119 2418 5192 peccati,
2453 5125 2510 5175 et
2542 5119 2796 5176 nominis
2836 5121 2951 5175 mei
2980 5120 3146 5176 valde
3177 5120 3426 5175 obscura
3457 5118 3604 5174 obli-

1956 5213 2068 5275 vio,
2101 5214 2166 5266 ut
2195 5207 2602 5264 obedientibus
2649 5210 2772 5264 voci
2817 5227 2956 5264 mea
2991 5209 3320 5265 innumeris
3369 5208 3604 5280 populis

1957 5299 2377 5363 circumdatus,
2411 5297 2578 5369 quasi
2614 5299 2832 5369 impetu
2864 5299 3250 5354 inﬂuentibus
3275 5298 3443 5370 aquis
3475 5315 3605 5370 ope-

1956 5391 2094 5458 riar,
2121 5387 2455 5458 quibusque
2483 5384 2641 5440 velut
2669 5387 3019 5442 vestimento
3052 5388 3284 5456 induar,
3313 5391 3380 5442 ut
3410 5388 3469 5442 in
3518 5388 3603 5442 eis

1956 5477 2236 5545 habitem,
2261 5473 2413 5529 sicut
2433 5474 2716 5545 propheta
2740 5477 2822 5531 ait
2845 5493 2856 5531 :
2886 5477 3041 5532 Sicut
3083 5493 3280 5550 sponsa
3307 5477 3489 5532 induit
3517 5493 3603 5532 me

1957 5570 2268 5626 vestimento
2320 5567 2452 5634 (Isa.
2513 5580 2621 5632 LXI,
2685 5565 2793 5636 10.)
2850 5566 2960 5621 Alii
3014 5567 3322 5622 dixerunt:
3383 5565 3604 5620 l’ocabis

1954 5659 2155 5715 nubem
2182 5668 2324 5719 voce,
2379 5659 2431 5706 ct
2471 5652 2531 5704 in
2555 5657 2790 5712 tremore
2816 5670 2977 5728 aqua
3005 5655 3206 5711 valida
3236 5653 3446 5710 obcdiet
3475 5651 3600 5709 tibi.
