3980 6184
437 392 554 458 807

1936 387 2353 452 APPENDIX.
2507 395 2511 405 ε
3647 381 3724 464 me

439 536 610 603 Aqua
637 523 831 586 valida
861 525 1233 584 tremendum
1267 523 1473 581 divinae
1503 522 1824 581 voluntatis
1866 539 2079 596 praece-
2108 525 2162 592 Α
2192 527 2332 580 runt
2362 524 2473 581 dici
2507 541 2572 581 ac
2602 523 2742 582 solis
2773 524 3110 582 adventum.
3142 525 3258 584 Hoc
3301 524 3358 584 in
3378 543 3383 547 ·
3405 524 3512 587 loco
3554 528 3730 593 aliorum

439 627 608 695 ptum
639 622 748 685 est,
780 617 937 691 quod
967 617 1120 673 Deus
1151 615 1471 688 quemlibet
1499 617 1768 670 sanctum
1812 629 1970 679 voce,
2029 613 2086 668 id

440 714 549 782 est,
591 711 801 766 affectu
856 706 1152 782 clamoris,
1205 709 1262 761 et
1305 703 1724 760 insinuationis
1778 703 2085 770 instinctu,

442 805 508 856 ut
539 797 862 855 obediendo
894 781 1171 862 salvetur,
1206 795 1511 872 obsegvare
1545 793 1734 864 jubet.
1786 791 2086 863 Numquid

439 892 525 956 tu,
556 888 691 954 Job,
714 885 932 957 aliquid
967 883 1154 940 simile
1188 885 1374 938 facere
1403 881 1641 955 potuisti
1667 882 1695 936 ‘2

511 1000 539 1027 ‹‹
574 975 872 1047 Numquid
905 973 1105 1029 mittes
1132 972 1385 1046 fulgura,
1419 976 1474 1028 et
1505 972 1691 1038 ibunt,
1725 975 1781 1026 et
1803 973 2086 1025 reverten-

441 1067 527 1123 tia
557 1066 750 1120 dicent
778 1064 899 1119 tibi.
932 1063 1330 1119 Adsumus?»
1362 1065 1427 1116 In
1453 1061 1548 1116 his
1569 1059 1942 1116 sermonibus
1963 1059 2085 1126 Dei,

445 1156 650 1212 adesse
673 1153 868 1209 virtuti
902 1153 1028 1222 ejus
1058 1152 1416 1206 credendum
1461 1154 1547 1205 est
1580 1165 1940 1221 quascunque
1986 1165 2085 1203 vo-

440 1243 635 1309 luerit,
669 1243 762 1299 cui
783 1243 956 1297 etiam
990 1241 1188 1296 omnia
1221 1237 1608 1305 insensibilia,
1641 1237 1808 1309 quasi
1837 1237 2084 1293 sensibi-

436 1333 518 1389 lia
564 1337 740 1401 sunt;
793 1331 945 1387 sicut
1002 1330 1148 1386 dicit
1198 1328 1517 1401 PrOpheta:
1580 1329 1619 1382 A
1663 1328 1810 1398 faeie
1865 1328 2088 1381 Domini

437 1428 702 1480 commota
733 1425 810 1477 est
839 1424 1005 1489 terra,
1039 1437 1072 1474 a
1117 1421 1259 1490 faeie
1315 1420 1414 1472 Dei
1469 1417 1628 1473 Jacob
1685 1417 1865 1485 (Psal.
1922 1432 2080 1483 cx111,

436 1512 514 1585 7).
550 1511 776 1567 Reverti
808 1514 1002 1565 autem
1037 1508 1270 1580 fulgura
1322 1507 1450 1562 ideo
1499 1504 1891 1577 appellantur,
1948 1505 2087 1576 quia

435 1600 537 1657 isti
569 1600 887 1655 mittuntur
925 1615 959 1652 a
1015 1602 1148 1668 Deo,
1210 1601 1275 1652 ut
1335 1594 1744 1665 praedicatione
1791 1593 2085 1665 Evangelii

438 1690 729 1745 mundum
754 1686 1113 1755 illuminent,
1142 1685 1359 1757 quibus
1382 1683 1670 1739 Dominus
1687 1683 1769 1738 ait
1793 1699 1805 1737 :
1838 1685 1934 1739 Vos
1957 1685 2086 1738 estis

436 1779 537 1832 lux
563 1775 758 1830 mundi
813 1774 1021 1844 (Matth.
1091 1774 1199 1844 14).
1256 1774 1326 1827 Et
1382 1773 1622 1828 iterum:
1682 1773 1876 1828 Posuit
1929 1775 1979 1827 te
2025 1773 2085 1826 in

371 1880 387 1888 '
443 1866 621 1920 lucem
647 1864 916 1932 gentium,
945 1865 1008 1917 ut
1026 1865 1104 1917 sis
1134 1864 1191 1917 in
1223 1862 1455 1917 salutem
1481 1878 1652 1932 usque
1705 1861 1780 1917 ad
1824 1863 2085 1917 ultimum

439 1959 608 2008 terrae
637 1951 764 2022 (Isa.
813 1966 962 2020 xux,
986 1951 1086 2017 6):
1119 1955 1176 2004 et
1214 1949 1274 2004 in
1315 1949 1428 2004 fine
1487 1948 1686 2004 saeculi
1734 1952 2086 2005 revertentes

438 2057 572 2095 cum
631 2038 919 2095 fructibus
971 2037 1410 2110 manipulorum
1453 2055 1696 2094 suorum
1746 2039 1980 2094 venient
2025 2038 2084 2092 in

437 2128 788 2185 exultatione
845 2127 1021 2196 (Psal.
1084 2144 1245 2194 cxxv,
1296 2127 1374 2198 6),
1434 2133 1490 2182 et
1537 2127 1765 2183 dicent:
1839 2129 2086 2198 Quinque

437 2219 646 2274 talenta
676 2217 820 2272 mihi
849 2215 1175 2283 tradidisti;
1222 2232 1341 2272 ecce
1387 2217 1505 2271 alia
1550 2219 1792 2288 quinque
1839 2217 2085 2272 lucratus

434 2325 557 2384 sum
588 2307 797 2379 (Matth.
820 2323 950 2361 xxv.
973 2295 1087 2375 ‘20).
1121 2305 1250 2361 Sive
1291 2305 1528 2378 fulgura
1549 2312 1689 2361 sunt
1745 2306 2083 2378 inspiratio-

436 2413 541 2453 nes
563 2396 794 2462 divinae,
827 2395 1043 2466 quibus
1068 2393 1486 2450 illuminantur
1515 2395 1691 2450 corda
1723 2400 2082 2460 sanctorum,

436 2490 502 2542 ut
533 2486 617 2541 eis
655 2484 922 2541 accensis
951 2483 1010 2538 in
1044 2499 1240 2539 amore
1271 2483 1576 2538 charitatis
1606 2483 1818 2539 Christi
1868 2485 2082 2539 conﬂa-

425 2579 616 2649 grent.
650 2575 779 2630 Haec
811 2577 1006 2629 autem
1069 2573 1303 2644 fulgura
1341 2571 1791 2628 illuminationis
1844 2573 1944 2627 Dei
1989 2590 2082 2627 re-

423 2668 725 2721 vertentur
759 2663 830 2718 ad
861 2663 1067 2733 Deum,
1101 2663 1202 2735 qui
1233 2678 1300 2716 ea
1331 2662 1400 2717 ad
1434 2661 1795 2717 desiderium
1839 2661 1930 2717 sui
1978 2678 2080 2717 ex-

427 2752 729 2809 citandum
761 2751 1058 2820 emiserat,
1089 2751 1324 2821 quando
1355 2766 1458 2822 per
1497 2752 1762 2805 eamdem
1803 2749 2083 2806 visitatio-

431 2859 570 2899 nem
601 2841 860 2896 divinam
892 2839 1119 2895 ardenti
1153 2838 1347 2894 animo
1379 2842 1435 2894 et
1466 2838 1705 2895 ferventi
1759 2855 1906 2910 opus
1961 2855 2079 2895 suae

428 2930 883 2987 illuminationis
923 2929 1259 2984 effecerunt.

507 3020 646 3088 Quis
678 3019 877 3092 posuit
904 3018 964 3073 in
1015 3017 1336 3073 visceribus
1387 3017 1644 3073 hominis
1704 3018 2079 3090 sapientiam,

433 3107 524 3164 vel
554 3107 686 3179 quis
719 3107 877 3162 dedit
908 3105 1062 3178 gallo
1096 3105 1544 3178 intelligentiam
1566 3105 1634 3160 ‘ln
1704 3105 2080 3162 Manifestum

436 3202 525 3252 est
555 3196 707 3266 quod
742 3194 936 3263 homo,
971 3195 1203 3266 quando
1227 3196 1298 3250 ad
1331 3195 1646 3267 imaginem
1670 3199 1725 3250 et
1746 3196 2083 3251 similitudi-

2199 614 2384 670 multo
2410 614 2576 670 aliter
2605 616 3005 688 interpretatio
3036 616 3231 684 habet,
3289 619 3382 690 qui
3433 619 3501 675 ita
3540 622 3732 681 dixerunt

2199 705 2330 772 Quis
2358 704 2502 760 dedit
2529 706 2857 761 mulieribus
2889 714 3127 764 texturae
3150 710 3482 780 sapientiam,
3529 721 3569 767 et
3604 718 3733 770 varie-

2196 799 2371 848 tatum
2398 797 2693 850 scientiam
2719 799 2743 848 .9
2778 796 2838 850 Si
2871 796 3176 852 scientiam
3217 798 3555 867 varietatum,
3581 809 3625 856 et
3653 809 3733 859 tex-

2195 883 2334 938 trini
2364 884 2558 954 operis
2588 885 2937 956 sapientiam
2974 903 3007 939 a
3033 885 3150 940 Deo
3182 886 3316 941 solis
3349 886 3588 946 mulieres
3626 909 3735 947 acce-

2197 977 2431 1044 perunt,
2464 975 2534 1028 de
2565 973 2779 1045 quibUs
2803 975 3058 1030 dicitur:
3089 974 3197 1030 Sed
3225 978 3473 1032 mulieres
3513 979 3645 1037 docte
3673 983 3734 1035 de-

2195 1061 2413 1129 derunt,
2445 1077 2571 1132 qua?
2625 1071 2889 1119 noverant
2940 1066 3001 1119 in
3059 1081 3192 1136 opus
3246 1066 3564 1122 tabernaculi
3606 1070 3732 1140 (Exod.

2194 1168 2360 1219 xxxv,
2390 1152 2480 1223 25)
2506 1168 2518 1205 :
2556 1153 2626 1207 de
2655 1151 2929 1224 qualibus
2959 1158 3016 1209 et
3048 1154 3335 1209 Dominus
3355 1155 3457 1218 hoc
3483 1154 3604 1222 loco,
3625 1161 3734 1229 quasi

2196 1239 2527 1311 specialiter
2553 1242 2633 1296 ait
2660 1259 2671 1296 :
2705 1243 2844 1307 Quis
2875 1243 3034 1298 dedit
3064 1243 3408 1299 mulieribus
3452 1249 3646 1301 textura
3679 1264 3736 1301 sa-

2195 1327 2496 1399 pientiam,
2529 1335 2586 1386 et
2625 1331 2972 1387 varietatum
3033 1332 3337 1389 scientiam
3362 1335 3388 1387 ‘?
3427 1335 3670 1398 Quomodo
3701 1337 3735 1390 in

2197 1419 2388 1475 Exodo
2417 1419 2667 1475 Beseleel
2696 1425 2752 1475 et
2781 1420 3021 1476 Oholiab
3054 1417 3421 1478 Sacerdotum
3459 1429 3508 1478 et
3557 1425 3737 1479 taberna-

2195 1507 2311 1564 culi
2343 1509 2692 1564 vestimenta
2721 1510 2878 1565 vario
2911 1528 2976 1566 ac
3002 1511 3370 1584 polymitario
3417 1529 3568 1584 opere
3606 1521 3736 1568 texue-

2196 1602 2334 1653 runt
2381 1599 2574 1670 (Ezeod.
2635 1616 2820 1666 xxxw,
2852 1603 2884 1655 8
2916 1604 3083 1672 seqq.)
3138 1601 3476 1657 Noverimus
3520 1619 3629 1674 ergo
3661 1618 3737 1657 esse

2195 1688 2422 1744 animas
2445 1692 2698 1756 sanctas,
2723 1705 2850 1760 quae
2873 1689 2980 1746 hoc
3002 1707 3148 1761 opus
3173 1690 3456 1747 efﬁciendi
3483 1691 3626 1746 etiam
3640 1709 3737 1745 nunc

2194 1777 2254 1832 in
2287 1777 2532 1833 historia
2560 1793 2665 1849 per
2694 1777 3144 1850 intelligentiam
3173 1780 3411 1852 spiritus
3457 1785 3738 1852 acceperunt:

2194 1857 2409 1938 quibus
2435 1865 2639 1938 utique
2670 1867 2821 1921 sicut
2850 1867 3135 1939 scriptum
3177 1873 3308 1924 est:
3343 1869 3488 1926 Dedit
3534 1875 3649 1926 Dens
3684 1886 3738 1924 sa-

2187 1957 2458 2028 pientiam
2488 1958 2538 2009 et
2568 1956 3022 2027 intelligentiam,
3055 1957 3322 2028 quidquid
3340 1961 3496 2013 etiam
3521 1958 3644 2029 [abre
3675 1957 3738 2010 ad-

2192 2045 2435 2099 inveniri
2462 2048 2653 2115 potest,
2685 2043 2831 2098 dedit
2870 2047 2930 2099 in
2975 2048 3139 2101 corde
3186 2063 3374 2102 eorum
3427 2047 3563 2119 (Ibid.
3593 2048 3646 2117 1).
3676 2046 3737 2106 Sic

2193 2133 2390 2204 itaque
2420 2131 2622 2204 repleti
2656 2138 2795 2188 sunt
2824 2134 3034 2206 Spiritu
3069 2135 3391 2208 sapientiae,
3423 2127 3476 2192 et
3506 2134 3739 2206 intelligen-

2191 2221 2306 2291 tiae,
2339 2226 2396 2277 et
2425 2221 2720 2293 sapientiae
2752 2221 2841 2278 vel
2874 2223 3150 2291 scientiae,
3186 2229 3243 2280 et
3271 2227 3425 2281 omni
3448 2225 3661 2282 doctrina
3693 2223 3737 2276 ad

2193 2311 2639 2383 excogitandum
2672 2315 2728 2366 et
2757 2312 3092 2368 faciendum
3124 2330 3300 2371 omne
3343 2332 3502 2387 opus,
3545 2313 3737 2386 quoniam

2193 2399 2635 2456 tabernaculum
2677 2399 2821 2455 illud
2854 2401 3022 2473 legis,
3056 2409 3272 2459 sanctae
3320 2403 3564 2460 Ecclesia:
3601 2399 3739 2470 imagi-

2194 2506 2327 2544 nem
2362 2490 2716 2561 praeferebat.
2749 2491 3027 2547 Dicamus
3059 2492 3130 2547 de
3163 2493 3275 2549 hac
3314 2494 3536 2550 veritate
3562 2506 3738 2554 morum,

2193 2577 2312 2634 sive
2344 2579 2686 2643 meritorum
2718 2579 2876 2635 velut
2904 2584 3126 2638 vestem
3158 2599 3294 2638 vero
3325 2582 3587 2639 Salomoni
3631 2578 3740 2635 mini-

2192 2667 2528 2736 strantium,
2563 2669 2717 2738 quod
2745 2685 2846 2740 per
2876 2670 3123 2741 figuram
3155 2673 3361 2745 regina
3388 2673 3526 2729 Saba
3551 2670 3664 2726 dixit
3682 2668 3741 2721 Sa-

2190 2756 2432 2826 lomoni,
2465 2773 2598 2811 cum
2632 2757 3017 2815 admiratione
3039 2758 3294 2817 laudans
3315 2759 3625 2834 sapientiam
3641 2759 3738 2828 ejus

2191 2851 2248 2903 et
2278 2846 2540 2912 domum,
2566 2844 2747 2912 cibos,
2768 2845 3121 2919 habitacula,
3148 2855 3210 2905 et
3234 2866 3515 2906 servorum
3535 2847 3739 2906 ordinem.

2188 2938 2377 2991 vestes
2417 2942 2469 2989 et
2502 2933 2827 3003 ministros,
2859 2939 2915 2990 et
2953 2936 3316 3009 holocausta,
3349 2956 3466 3011 qua
3509 2935 3740 2993 offerebant

2189 3023 2249 3078 in
2309 3024 2480 3078 domo
2545 3021 2770 3078 Domini
2830 3024 3204 3082 continenter
3251 3029 3351 3098 (III
3395 3029 3508 3097 Reg.
3565 3043 3609 3079 x.
3649 3022 3738 3088 1-9),

2191 3112 2341 3168 hanc
2372 3111 2700 3168 ofﬁciorum
2732 3112 3066 3168 varietatem
3100 3120 3430 3171 contextam
3461 3129 3572 3170 esse
3598 3127 3674 3183 per
3693 3107 3740 3162 di-

2192 3218 2390 3256 versas
2414 3201 2470 3255 in
2505 3205 2624 3256 toto
2657 3202 2876 3265 mundo
2908 3201 3341 3277 Ecclesias,per
3360 3221 3494 3276 quas
3515 3201 3627 3257 alibi
3652 3213 3739 3252 con-

437 3301 573 3340 nem
604 3284 705 3340 Dei
738 3283 925 3360 factus
957 3289 1046 3340 est
1075 3283 1227 3355 (Gen.
1262 3301 1301 3351 1,
1347 3285 1461 3354 27),
1514 3284 1863 3355 sapientiam
1905 3286 2079 3340 ratio-
2112 3267 2155 3335 C
2187 3290 2399 3362 jugati,
2448 3288 2587 3344 alibi
2645 3290 3031 3358 continentes,
3091 3267 3259 3347 alibi.
3293 3267 3556 3365 virgines:
3599 3287 3643 3342 hi
3680 3299 3742 3355 per

437 3375 529 3430 nis
552 3365 792 3446 accepit,
819 3377 883 3428 ut
906 3377 1207 3444 praestaret
1228 3373 1450 3428 caeteris
1499 3373 1918 3442 animantibus,
1949 3392 2078 3446 quae

434 3464 658 3518 ratione
684 3466 740 3516 et
769 3460 1080 3532 prudentia
1111 3466 1328 3516 carent.
1363 3460 1586 3525 Quibus
1616 3465 1811 3516 autem
1853 3461 2021 3516 bonis
2048 3480 2082 3516 a

434 3553 548 3606 Deo
578 3551 754 3605 homo
786 3550 1036 3604 donatus
1066 3549 1179 3604 sit:
1213 3549 1487 3605 lectorem
1513 3550 1584 3604 ad
1615 3567 1713 3606 eos
1744 3550 2079 3606 transmitto

438 3639 538 3709 qui
570 3639 641 3692 de
672 3638 821 3692 bono
872 3642 1117 3706 natura},
1169 3639 1414 3710 ejusque
1458 3639 1772 3693 virtutibus
1817 3637 2082 3710 plurima

437 3725 929 3796 conscripserunt.
960 3726 1123 3781 Gallo
1153 3727 1329 3782 etiam
1352 3726 1672 3799 gallinaceo
1692 3733 1844 3784 Deus
1874 3728 2080 3801 hujus-

439 3815 596 3871 modi
647 3830 887 3870 sensum
936 3815 1118 3884 dedit,
1164 3824 1224 3870 ut
1277 3832 1514 3872 emenso
1564 3817 1750 3872 noctis
1798 3822 2077 3891 tempore,

439 3904 609 3978 quasi
639 3903 913 3977 proximae
943 3902 1091 3960 lucis
1121 3920 1368 3972 memor,
1421 3905 1686 3961 eamdem
1718 3908 1938 3964 mundo
1988 3925 2081 3964 ca-

437 4011 584 4051 nens
615 3992 924 4050 annuntiet
953 3996 1356 4049 revertentem.
1392 3994 1726 4049 Secundum
1759 3995 2083 4068 intelligen-

438 4083 584 4140 tiam
614 4099 747 4139 vero
791 4081 1157 4155 spiritualem
1215 4083 1297 4137 ita
1340 4081 1710 4138 sentiendum
1767 4089 1891 4139 est:
1943 4101 2086 4155 quo-

442 4173 602 4228 niam
623 4173 889 4228 Christus
910 4172 1011 4227 Dei
1027 4177 1118 4228 est
1143 4172 1330 4227 virtus
1353 4171 1572 4243 Deique
1587 4172 1876 4243 sapientia
1896 4173 1936 4241 (l
1966 4174 2086 4228 Cor.

442 4279 484 4331 1,
514 4263 625 4332 2’1).
649 4262 813 4317 Hunc
840 4261 1007 4317 Pater
1028 4261 1086 4316 in
1107 4261 1429 4318 visceribus
1450 4261 1708 4317 hominis
1749 4263 1942 4334 posuit
1967 4278 1979 4318 :
2006 4263 2090 4318 sic

443 4351 601 4405 enim
621 4350 720 4404 Dei
743 4350 1030 4422 sapientia
1059 4350 1157 4423 qui
1183 4355 1272 4406 est
1293 4348 1474 4405 Filius
1494 4350 1644 4421 ejus,
1669 4351 1770 4416 ait,
1795 4367 1928 4405 cum
1955 4367 2089 4405 eum

440 4440 647 4494 Petrus
681 4437 889 4494 Filium
943 4440 1037 4495 Dei
1090 4440 1394 4495 confessus
1441 4440 1669 4508 fuisset,
1731 4439 1971 4496 dicens:
2022 4441 2093 4495 Tu

439 4545 493 4586 es
526 4529 780 4586 Christus
829 4529 1003 4584 Filius
1041 4530 1138 4585 Dei
1183 4530 1316 4584 vivi.
1352 4533 1474 4587 Non
1522 4529 1631 4584 tibi
1687 4530 1947 4585 revelavit
1993 4529 2094 4584 hoe

2190 3379 2610 3449 eleemosynas.
2638 3376 2718 3431 illi
2747 3395 2847 3449 per
2870 3377 3284 3442 alienationem
3312 3379 3552 3435 omnium
3577 3373 3741 3430 faculta-

2188 3472 2362 3522 tuum
2389 3483 2401 3521 :
2433 3465 2515 3520 illi
2548 3483 2650 3537 per
2684 3482 2938 3536 crucem,
2970 3472 3026 3521 et
3056 3470 3545 3524 mortificationem
3566 3470 3739 3518 terrena-

2192 3573 2322 3612 rum
2355 3554 2767 3626 cupiditatum,
2794 3554 2879 3608 illi
2930 3573 3032 3627 per
3061 3558 3366 3612 scientiam
3398 3557 3735 3627 Scripturarum

2191 3643 2621 3715 multiplicibus
2661 3643 2850 3698 sancti
2879 3644 3133 3716 Spiritus
3165 3647 3386 3718 gratiis,
3411 3644 3548 3700 velut
3566 3634 3738 3696 diversis

2190 3733 2486 3790 coloribus
2517 3731 2730 3786 Christi
2765 3749 2978 3805 corpus
3009 3741 3312 3802 exornant,
3346 3734 3554 3804 sibique
3579 3735 3734 3783 reterns:

2193 3823 2387 3896 glorise
2447 3826 2503 3876 et
2558 3820 3018 3876 immortalitatis
3075 3823 3417 3878 vestimenta
3485 3815 3736 3875 coniiciunt.

2193 3915 2516 3968 Contexunt
2545 3910 2718 3964 etiam
2752 3910 3002 3981 perfecto
3047 3911 3341 3967 intellectu
3373 3911 3530 3964 ﬁdem
3561 3902 3737 3960 Trinita-

2193 4002 2292 4070 tis,
2325 3999 2481 4055 velut
2511 4003 2776 4070 spartum
2810 3997 3018 4070 triplex
3047 4002 3202 4071 quod
3236 4017 3348 4055 non
3375 4000 3479 4054 cito
3507 3991 3738 4063 rumpitur-

2197 4087 2547 4159 Hujusmodi
2606 4087 2953 4142 vestimenta
3009 4087 3133 4143 istm
3183 4086 3502 4160 spirituales
3544 4079 3739 4137 mulieres

2199 4179 2533 4248 operantur,
2567 4175 2622 4228 id
2658 4179 2766 4245 est,
2800 4176 2919 4230 sive
2941 4181 3153 4230 sanctae
3186 4178 3407 4241 animae,
3429 4173 3533 4229 sive
3553 4162 3742 4225 Ecclesia

2200 4281 2302 4337 per
2332 4264 2558 4318 diversa
2588 4263 2892 4334 regionum
2925 4264 3115 4335 spatia
3145 4266 3479 4320 constitutae.

2274 4376 2299 4403 ‹‹
2333 4352 2472 4417 Quis
2504 4353 2799 4407 enarrabit
2829 4351 3106 4408 cmlorum
3139 4354 3439 4418 rationem,
3483 4354 3533 4403 et
3573 4352 3743 4430 concea-

2201 4445 2326 4498 tum
2355 4441 2482 4496 coeli
2513 4441 2646 4512 quis
2696 4441 2950 4496 dormire
2983 4441 3200 4497 faciet?
3227 4461 3252 4492 η
3290 4445 3503 4496 Certum
3533 4438 3620 4500 est,
3651 4438 3743 4497 qu“

2203 4530 2404 4585 nullus
2435 4529 2709 4585 caelorum
2756 4529 3062 4601 rationem,
3121 4530 3208 4587 vel
3251 4528 3531 4585 stellarum
3573 4515 3742 4575 cursum

442 4635 573 4676 caro
601 4621 652 4674 et
697 4620 943 4690 sanguis,
1001 4617 1095 4674 sed
1141 4622 1309 4673 Pater
1356 4635 1511 4673 meus
1564 4619 1662 4689 qui
1710 4621 1788 4673 est
1831 4621 1892 4673 in
1947 4619 2093 4674 cretis
2122 4634 2168 4698 D
2203 4620 2413 4691 poterit
2443 4623 2544 4674 aut
2573 4635 2840 4674 sermone
2870 4635 3130 4686 narrare,
3162 4628 3262 4674 aut
3293 4620 3472 4673 mente
3500 4607 3742 4698 concipefe'

443 4707 668 4782 (Matth.
701 4725 814 4775 xv1,
846 4707 1064 4779 16,17).
1099 4707 1164 4762 Et
1193 4706 1493 4779 apostolus
1519 4725 1532 4762 :
1569 4707 1702 4762 Cum
1723 4711 1908 4762 autem
1938 4724 2088 4762 eom-

431 4799 650 4870 plaeuit
675 4799 746 4865 ei,
779 4798 876 4868 qui
903 4812 991 4851 me
1017 4798 1328 4869 segregavit
1357 4811 1427 4850 ex
1477 4799 1629 4852 utero
1682 4797 1876 4851 matris
1925 4812 2087 4864 meae,

440 4891 493 4944 et
520 4888 729 4942 vocavit
747 4888 808 4941 in
855 4886 1039 4956 gratia
1095 4901 1217 4950 sua,
1251 4893 1310 4940 ut
1351 4885 1621 4940 revelaret
1676 4886 1880 4940 Filium
1927 4903 2091 4940 suum

448 4978 508 5031 in
537 4991 626 5030 me
655 4974 854 5045 (Galat.
909 4992 946 5040 1,
1000 4975 1086 5043 15,
1140 4974 1246 5045 16).
1308 4971 1541 5029 Gallum
1590 4990 1724 5028 vero
1778 4977 1921 5045 puto
1964 4989 2093 5029 esse

447 5079 936 5134 unumquemque
977 5066 1336 5133 sanctorum,
1371 5061 1472 5133 qui
1503 5062 1562 5116 in
1615 5068 1781 5117 nocte
1819 5068 1876 5117 et
1931 5069 2092 5118 tene-

446 5151 571 5207 bris
601 5151 779 5222 hujus
813 5151 1039 5218 mundi,
1073 5151 1369 5224 accipiunt
1400 5151 1597 5217 fidem,
1620 5151 2093 5224 intelligentiam,

449 5245 506 5296 et
534 5240 769 5296 virtutis
799 5241 1191 5296 constantiam
1224 5240 1515 5296 clamandi
1551 5241 1619 5295 ad
1656 5241 1861 5309 Deum,
1907 5247 1972 5295 ut
2005 5242 2094 5294 in-

445 5328 771 5403 Spiretjam
807 5328 932 5384 dies
964 5344 1315 5400 permanens
1347 5336 1406 5386 et
1433 5334 1816 5385 amoveantur
1875 5329 2094 5384 umbrae

443 5420 574 5475 vitae
611 5417 934 5490 praesentis,
969 5434 1103 5473 cum
1136 5419 1364 5492 urgenti
1395 5424 1451 5474 et
1509 5419 1795 5490 frequenti
1843 5418 2097 5474 clamore

446 5524 688 5582 precum
720 5516 962 5562 saarum
992 5507 1286 5562 dicentes:
1351 5507 1547 5562 Emitte
1603 5508 1782 5562 lucem
1843 5516 2014 5572 tuam,
2047 5511 2097 5562 et

446 5599 741 5656 veritatem
771 5603 923 5651 tuam
953 5596 1120 5667 (Psal.
1153 5613 1289 5662 xL11,
1323 5596 1399 5666 3).
1434 5596 1596 5659 Quod
1627 5600 1687 5650 et
1716 5595 1787 5650 de
1840 5595 2097 5666 prophe-

448 5687 526 5747 tis
557 5673 882 5761 intelligere
910 5701 1250 5760 possumus,
1281 5684 1383 5756 qui
1414 5684 1678 5742 certatim
1713 5684 2094 5740 annuntiave-

2201 4688 2363 4772 Quod
2395 4713 2626 4762 autem:
2696 4707 3055 4763 Concentum
3105 4707 3232 4762 cmli
3284 4707 3410 4778 quis
3443 4697 3654 4757 dormire

2201 4796 2353 4852 ciet?
2387 4795 2587 4851 multis
2617 4796 3046 4868 Scripturarum
3083 4795 3224 4853 locis
3254 4774 3476 4851 laudare
3502 4774 3744 4874 Deum-ele-

2202 4890 2399 4940 menta
2428 4884 2726 4950 dicuntur,
2761 4902 2862 4957 pro
2894 4902 2958 4940 eo
2982 4887 3136 4957 quod
3169 4887 3225 4940 in
3250 4884 3473 4940 illorum
3503 4870 3746 4957 dispositu):

2202 4991 2276 5029 ne
2305 4990 2371 5029 ac
2421 4945 2859 5045 pulchritudine
2919 4945 3092 5042 Deus,
3133 4975 3219 5030 vel
3255 4975 3323 5029 ab
3354 4965 3658 5026 hominibus,
3687 4945 3742 5049 ξἐί

2204 5063 2275 5118 ab
2307 5062 2529 5134 angelis
2563 5061 2925 5134 praedicetur.
2961 5063 3021 5118 Id
3053 5068 3160 5130 est,
3195 5063 3328 5134 quia
3347 5049 3643 5114 hominesin
3661 5050 3745 5134 eius

2204 5149 2482 5205 laudibus
2512 5150 2713 5217 vitam,
2770 5157 3101 5206 exercentes
3132 5151 3396 5218 dormire,
3428 5145 3476 5199 id
3504 5146 3592 5205 est,
3633 5141 3745 5218 ψῃεο

2205 5255 2365 5294 scere
2418 5239 2632 5293 faciet?
2663 5245 2769 5294 Pro
2801 5239 2909 5294 hoc
2942 5241 3137 5312 itaque
3185 5241 3413 5299 honore,
3455 5229 3539 5303 qui
3579 5224 3635 5278 ab
3676 5215 3743 5268 EC'

2207 5326 2393 5382 clesiae
2427 5329 2872 5400 congregatione
2903 5329 3284 5400 persolvitur:
3320 5326 3440 5398 quis
3466 5319 3590 5374 alius
3622 5313 3742 5410 quan;

2205 5415 2332 5488 ipse
2354 5416 2614 5488 requiem
2638 5417 2798 5471 dabit
2820 5435 2884 5472 ac
2918 5418 3276 5490 refrigerium
3302 5416 3353 5468 in
3377 5405 3735 5490 sempitern“?

2208 5505 2489 5559 Dormitio
2521 5507 2674 5560 enim
2710 5505 3024 5576 aliquando
3055 5509 3111 5560 in
3145 5499 3442 5576 Scripturis
3469 5487 3654 5561 requies.

2209 5593 2513 5665 telligitur,
2552 5599 2616 5648 ut
2648 5562 2828 5649 Isaias
2853 5595 3135 5667 propheta
3165 5562 3285 5664 ait;
3314 5587 3516 5648 Iustitia
3551 5562 3738 5667 dvﬂ’f‘l‘i’f

2207 5700 2269 5739 in
2314 5658 2376 5739 ea
2406 5658 2534 5755 (Isa.
2575 5701 2615 5752 1,
2665 5684 2794 5752 21):
2849 5658 2907 5738 id
2959 5658 3065 5756 est,
3124 5686 3181 5740 in
3237 5658 3528 5738 .lerusalcm
3563 5658 3735 5731 aqum
