3980 6184
205 306 332 370 899

1219 310 1736 372 COMMENTAR.
1782 308 1862 369 IN
1901 307 2065 371 10B.
2108 308 2280 372 CAP.
2328 311 2655 373 XXXVIII.

3508 312 3659 376 8&0'

197 442 454 517 justitizs
484 440 791 514 requievit,
821 458 995 499 nunc
1027 444 1225 499 autem
1260 442 1590 499 homicidae.
1623 444 1693 499 Et
1722 459 1863 499 san-
1891 441 2121 511 Alanis
2135 443 2565 516 Scripturarum
2589 448 2823 517 propter
2841 445 3121 502 stsvitiam
3143 451 3200 503 et
3222 447 3623 506 fortitudinem

206 538 347 592 ctus
378 532 643 606 quidam,
676 548 855 604 super
882 547 1056 605 quem
1103 532 1403 605 signatum
1448 533 1639 589 fuerat
1664 532 1864 588 lumen

206 624 421 681 vultus
461 620 715 691 Domini,
749 621 831 677 ait
874 621 936 676 in
977 620 1223 693 psalmo,
1255 625 1319 678 In
1361 638 1498 695 pace
1524 624 1587 678 in
1625 621 1867 693 idipsum

207 715 507 782 dormiam,
539 719 591 768 et
635 712 978 783 requiescam
1026 711 1201 782 (Psal.
1250 729 1329 781 1v,
1358 712 1437 783 9).
1472 712 1615 768 Item
1661 711 1721 766 in
1753 710 1865 767 alio

207 804 369 872 loco,
399 802 461 858 Si
485 801 793 868 dormiam,
822 799 1037 872 inquit,
1067 802 1215 857 inter
1240 801 1450 857 medios
1486 801 1657 856 cteros
1687 801 1863 872 (Psal.

212 909 392 964 unm,
425 892 534 961 12),
565 890 624 945 id
654 893 765 959 est,
795 888 953 945 inter
976 894 1165 947 sortes
1194 891 1444 947 duorum
1468 891 1867 946 Testamento-

209 1000 351 1040 rum
382 980 787 1054 requiescatis.
819 979 890 1035 Et
916 985 1265 1036 concentum
1287 979 1415 1037 cmli
1448 980 1580 1052 quis
1612 979 1868 1036 dormire

210 1072 437 1129 faciet?
463 1072 715 1127 Sanctus
746 1068 985 1142 angelos
1014 1068 1442 1142 intelligamus,
1474 1070 1575 1142 qui
1604 1086 1710 1142 pro
1738 1069 1871 1141 ipsa

211 1160 581 1219 habitatione
608 1159 738 1216 caeli
769 1157 981 1215 cmlum
1035 1158 1173 1215 dicti
1200 1164 1339 1216 sunt
1389 1176 1492 1232 per
1520 1159 1868 1232 prophetam

208 1253 328 1309 hoc
372 1251 566 1318 modo,
618 1248 825 1305 (Icelum
868 1248 991 1304 caeli
1048 1250 1277 1325 Domino
1325 1249 1496 1321 (Psal.
1547 1265 1707 1315 CXIII,
1756 1249 1865 1315 16).

212 1341 407 1413 Hujus
454 1338 635 1413 igitur
680 1338 809 1395 cali
856 1342 1227 1405 concentum,
1278 1338 1363 1394 ait
1391 1338 1697 1405 Dominus,
1733 1336 1868 1409 quis

215 1429 476 1487 dormire
505 1428 698 1495 faciet,
728 1428 787 1484 id
817 1430 925 1499 est,
959 1428 1095 1500 quis
1124 1428 1238 1484 erit
1265 1427 1362 1484 ille
1394 1427 1495 1500 qui
1543 1444 1643 1484 eos
1674 1444 1709 1483 a
1737 1443 1868 1499 per-

216 1518 420 1593 petuis
462 1517 753 1587 laudibus,
788 1517 1007 1590 quibus
1055 1533 1150 1573 me
1198 1517 1571 1588 benedicunt,
1603 1521 1866 1583 sanctus,

216 1611 487 1676 sanctus,
518 1610 757 1663 sanctus
780 1606 1083 1675 Dominus,
1110 1605 1539 1663 incessabiliter
1562 1605 1870 1663 concinen-

216 1701 315 1753 tes
362 1697 489 1768 (ιω.
517 1713 594 1765 v1,
624 1696 700 1767 3),
732 1700 800 1752 ut
845 1700 1064 1764 essent,
1108 1700 1165 1752 et
1212 1696 1381 1769 quasi
1431 1696 1871 1751 obdormientes

1975 532 2058 589 ita
2086 532 2443 589 nominatur.
2467 534 2547 590 De
2568 533 2677 590 hoc
2708 535 2889 606 igitur
2912 534 3197 591 Dominus
3218 538 3316 605 ait,
3343 541 3495 610 quod
3520 556 3622 596 ne-

1976 621 2122 679 mini
2152 639 2360 679 nocere
2380 623 2586 695 possit,
2610 622 2727 680 nisi
2745 642 2775 678 a
2806 628 2920 678 Deo
2943 625 3232 695 acceperit
3252 631 3619 696 potestatem.

1972 712 2142 768 Justo
2172 729 2309 786 ergo
2332 713 2554 783 judicio
2579 714 2706 785 ejus
2738 714 3070 780 traduntur,
3097 713 3237 785 quia
3264 714 3361 769 ille
3383 718 3621 773 omnino

1972 800 2126 857 vires
2171 818 2285 858 non
2330 801 2507 858 habet
2551 802 2917 869 dominandi,
2950 802 3064 858 nisi
3096 803 3220 874 ipse
3270 806 3621 875 permiserit.

1975 891 2279 963 Numquid
2321 891 2516 963 capies
2547 890 2741 946 leaenas
2790 893 3070 963 praedam,
3101 892 3158 948 id
3193 897 3300 962 est,
3335 894 3491 950 sicut
3519 911 3625 967 ego

1976 996 2104 1036 eam
2139 997 2346 1052 capere
2387 981 2748 1052 permittam.
2780 981 2926 1036 Puto
2956 986 3152 1037 autem
3203 982 3311 1037 hoc
3341 981 3468 1039 loco
3498 983 3631 1039 ideo

1978 1067 2207 1126 catulos
2254 1069 2460 1137 dictos,
2511 1069 2651 1141 quia
2698 1068 2941 1125 leaenam
2994 1071 3414 1138 nominaverat,
3475 1089 3659 1144 quos.

1977 1175 2199 1223 veneno
2231 1158 2467 1215 malitiae
2499 1175 2639 1227 suis,
2674 1159 2796 1214 sive
2823 1160 3118 1231 nequitiae,
3149 1161 3308 1216 velut
3334 1160 3481 1217 lacte
3513 1179 3625 1217 nu—

1975 1246 2180 1305 trierat
2205 1248 2279 1305 ad
2320 1248 2586 1304 homines
2636 1248 3028 1319 perimendos.
3065 1251 3140 1305 De
3188 1267 3443 1321 quorum
3474 1269 3631 1307 mor-

1977 1338 2161 1404 tibus,
2200 1337 2703 1408 nequissimorum
2758 1336 3076 1409 spirituum
3107 1338 3314 1394 animae
3361 1341 3633 1396 reﬁciun-

1976 1430 2095 1496 tur,
2144 1430 2202 1487 et
2248 1427 2320 1482 de
2362 1426 2456 1482 his
2486 1427 2549 1481 in
2598 1425 2825 1498 psalmo
2875 1427 2956 1482 ait
2988 1446 3002 1482 :
3037 1428 3221 1482 Catuli
3263 1429 3482 1484 leonum
3528 1447 3632 1484 ru-

1977 1518 2204 1586 gientes,
2235 1523 2296 1571 ut
2320 1517 2545 1588 rapiant
2570 1523 2621 1571 et
2648 1520 2904 1586 quaerant
2924 1534 2957 1571 a
2986 1517 3090 1572 Deo
3121 1533 3301 1573 escam
3320 1520 3432 1573 sibi
3452 1518 3630 1588 (Psal.

1979 1606 2237 1676 cm,2i).
2286 1604 2385 1661 llis
2427 1604 2607 1677 igitur
2655 1603 2946 1671 leonibus,
2980 1610 3037 1661 et
3084 1606 3436 1662 draconibus
3467 1624 3631 1663 escas

1978 1694 2118 1750 dare
2147 1698 2302 1750 Deus
2333 1693 2550 1750 dicitur
2582 1712 2595 1750 :
2630 1695 2866 1765 quando
2895 1692 3028 1750 illos
3057 1711 3204 1767 quos
3244 1700 3539 1768 expetunt,
3571 1688 3632 1751 in

216 1786 411 1861 possit
439 1784 705 1886 inhibere
721 1785 750 1841 ?
776 1785 917 1851 Quis
938 1786 1201 1886 narrabit
1229 1784 1509 1886 scalarum
1539 1784 1871 1842 rationem?
1897 1820 1952 1886 Β
1980 1786 2329 1856 potestatem
2358 1782 2677 1854 accipiunt.

218 1878 289 1933 Et
334 1876 524 1932 sancti
580 1873 859 1931 calorum
908 1874 1145 1931 nomine
1192 1874 1394 1931 crebro
1444 1874 1745 1943 dicuntur,
1796 1875 1869 1931 de

218 1966 439 2040 quibus
485 1965 813 2021 secundum
860 1964 1140 2038 mysticos
1198 1963 1535 2021 intellectus
1581 1964 1870 2037 propheta

215 2055 591 2125 vaticinatur,
610 2053 841 2111 dicens:
859 2055 1285 2112 Cwlimarrant
1307 2055 1546 2125 gloriam
1568 2057 1671 2110 Dei
1691 2054 1865 2126 (Psal.

215 2161 379 2211 xvm,
415 2145 494 2216 2).
539 2143 759 2200 Horum
810 2143 990 2217 igitur
1035 2143 1402 2213 donationes,
1455 2160 1605 2216 quas
1652 2143 1872 2199 habent

218 2234 545 2292 secundum
574 2232 678 2289 Dei
705 2232 955 2306 gratiam
982 2232 1352 2301 diderentes;
1387 2233 1520 2305 quis
1541 2234 1756 2306 poterit
1780 2232 1871 2289 vel

218 2323 411 2397 ipsam
440 2321 575 2379 ﬁdei
604 2322 869 2395 ipsorum
901 2338 1139 2379 narrare
1168 2323 1455 2379 rationem
1476 2322 1505 2377 ?

292 2479 323 2508 ‹‹
354 2455 596 2522 Quando
643 2454 1003 2512 fundebatur
1048 2454 1242 2529 pulvis
1270 2455 1331 2513 in
1380 2458 1556 2527 terra,
1588 2457 1646 2511 et
1692 2452 1872 2529 glebae

219 2543 790 2618 compingebantur?
838 2566 868 2595 »
916 2543 1113 2601 Pulvis
1161 2545 1232 2601 de
1279 2561 1395 2617 quo
1444 2544 1731 2601 Dominus
1769 2544 1870 2613 ait,

220 2634 489 2709 gentium
540 2633 945 2691 infidelitatem
994 2634 1232 2708 signat:
1268 2633 1459 2706 pulvis
1502 2633 1707 2705 utique
1757 2633 1872 2689 ari-

220 2724 356 2791 dus,
394 2726 452 2779 et
480 2722 707 2781 solutus
736 2722 1119 2779 fundamento
1149 2723 1209 2780 in
1240 2722 1499 2781 Ecclesia
1550 2721 1873 2795 apostolico

221 2813 601 2881 admiscetur,
659 2816 728 2869 ut
782 2829 887 2886 per
940 2812 1117 2869 fidem
1174 2818 1233 2868 et
1278 2813 1703 2887 colligationes,
1754 2812 1875 2868 sive

222 2900 599 2975 compagines
630 2900 953 2969 charitatis,
982 2900 1403 2974 conglutinatio
1426 2901 1485 2957 in
1517 2900 1747 2958 Christo
1772 2901 1872 2956 foe-

219 2992 360 3047 dere
390 2990 624 3048 unionis
653 2995 712 3046 et
758 2989 941 3062 pacis,
974 2989 1035 3045 in
1082 2995 1466 3063 augmentum
1498 2989 1602 3046 Dei
1631 2989 1789 3046 velut
1813 2989 1874 3045 in

216 3084 438 3137 terram
484 3078 735 3136 solidam
782 3080 1095 3135 crescendo
1143 3079 1428 3153 proficiat.
1476 3078 1640 3135 Unde
1692 3078 1874 3151 glebae

218 3169 348 3243 agri
378 3168 686 3237 Dominici,
718 3166 931 3225 effectae
976 3168 1287 3242 frugiferas,
1320 3169 1380 3223 in
1429 3185 1615 3223 unum
1660 3184 1873 3239 corpus

218 3258 492 3316 Ecclesiae
549 3257 849 3314 charitatis
909 3257 1120 3331 copula
1163 3257 1641 3330 compinguntur.
1701 3257 1875 3313 Caelo-

218 3365 358 3405 rum
399 3363 633 3423 quoque
680 3345 1070 3419 appellatione
1118 3347 1431 3418 Scripturae
1464 3352 1677 3403 sanctae
1725 3351 1878 3403 recte

218 3438 503 3494 dicuntur
533 3453 547 3491 :
582 3452 648 3493 eo
679 3436 835 3508 quod
866 3436 1178 3493 desursum
1203 3435 1321 3491 sint
1340 3434 1681 3491 hominibus
1711 3436 1874 3491 attri-

220 3528 382 3584 butse
433 3525 553 3581 sive
600 3524 737 3597 quia
786 3524 1044 3580 caelestia
1096 3524 1155 3579 in
1188 3542 1250 3581 se
1296 3525 1635 3582 contineant
1681 3541 1878 3580 sacra-

222 3618 444 3672 menta.
470 3614 688 3670 Horum
708 3612 889 3686 igitur
908 3612 1211 3681 caslorum,
1238 3614 1294 3669 id
1322 3619 1411 3669 est
1440 3614 1877 3685 Seripturarum

222 3704 537 3770 rationem,
570 3718 697 3774 qua:
729 3702 800 3759 de
831 3702 1244 3773 mysteriorum
1267 3702 1725 3758 obscuritatibus
1746 3720 1880 3775 opa-

224 3797 369 3850 cataa
408 3796 568 3862 sunt,
603 3795 660 3847 et
709 3791 1031 3864 profundae,
1064 3792 1195 3863 quis
1245 3791 1457 3863 poterit
1503 3791 1701 3846 animo
1756 3808 1881 3863 per-

224 3881 507 3950 scrutari,
538 3880 627 3936 vel
658 3879 890 3953 eloquio
935 3880 1211 3954 proferre,
1245 3884 1347 3935 aut
1377 3879 1509 3951 quis
1547 3896 1753 3936 eorum
1783 3898 1880 3935 va-

222 3970 436 4027 ticinia
479 3986 708 4026 cessare
754 3969 1069 4042 praecipiet.
1118 3968 1359 4040 Antiqui
1412 3969 1758 4041 interpretes
1801 3969 1885 4024 ita

224 4061 508 4117 dixerunt
539 4077 552 4114 :
587 4060 717 4128 Quis
743 4060 868 4115 ειειί
908 4074 1134 4133 organa
1181 4060 1242 4113 in
1288 4062 1493 4114 terram
1539 4058 1885 4113 declinavit?

223 4148 286 4206 id
335 4151 447 4218 est,
482 4146 617 4217 quis
660 4152 751 4204 est
797 4146 898 4220 qui
950 4145 1230 4201 caelorum
1281 4144 1647 4201 laudantium
1697 4145 1882 4201 Deum

224 4242 462 4305 cantus,
487 4254 678 4310 usque
708 4238 780 4293 ad
813 4235 1122 4303 hominum
1146 4235 1444 4291 inclinavit
1474 4234 1768 4302 notitiam,
1795 4240 1880 4304 ut,

226 4326 560 4384 imitatione
600 4325 794 4382 laudis
824 4325 974 4397 ejus,
1008 4324 1150 4381 socii
1201 4324 1542 4398 angelorum
1573 4323 1725 4378 efﬁci
1757 4340 1883 4379 me-

226 4420 495 4473 reantur.

2053 1940 2075 1968 «
2111 1918 2352 1984 Quando
2396 1917 2615 1972 cubant
2660 1917 2719 1971 in
2770 1917 2957 1973 antris
3002 1918 3127 1974 suis
3176 1919 3259 1991 (in
3308 1919 3493 1987 silvis,
3528 1922 3635 1976 alii

1977 2008 2257 2079 dixerunt)
2288 2011 2345 2062 et
2373 2006 2434 2061 in
2466 2006 2760 2079 specubus
2808 2005 3211 2063 insidiantur?
3237 2030 3264 2057 ››
3297 2010 3479 2064 Antra
3508 2011 3630 2065 sive

1978 2096 2271 2170 speluncae
2303 2100 2444 2150 sunt
2474 2095 2649 2151 corda
2689 2095 2993 2151 hominum
3045 2096 3363 2168 impiorum
3397 2117 3414 2152 :
3446 2098 3505 2152 in
3538 2099 3630 2155 his

1980 2185 2244 2241 latibulis
2275 2185 2503 2251 sedent,
2535 2184 2655 2240 sive
2686 2185 2903 2240 cubant
2932 2185 2992 2239 in
3024 2185 3281 2255 insidiis,
3314 2191 3377 2242 ut
3407 2186 3632 2243 interfi-

1980 2274 2137 2330 ciant
2164 2274 2535 2330 innocentem
2568 2274 2739 2345 (Psal.
2773 2291 2828 2345 χ,
2861 2274 2938 2346 3).

2053 2431 2082 2460 «
2134 2408 2276 2475 Quis
2324 2410 2615 2479 praeparat
2667 2423 2837 2463 corvo
2895 2423 3093 2464 escam
3147 2426 3340 2477 suam,
3400 2413 3636 2483 quando

1981 2497 2128 2573 pulli
2169 2499 2298 2569 ejus
2344 2496 2601 2553 clamant
2647 2497 2719 2552 ad
2768 2497 2952 2555 Deum
2986 2514 2999 2551 :
3032 2502 3334 2571 vagantes,
3365 2517 3431 2556 eo
3480 2503 3639 2574 quod

1982 2605 2100 2645 non
2129 2587 2387 2644 habeant
2416 2586 2578 2642 cibos
2598 2585 2625 2639 ‘I
2656 2606 2686 2636 »
2719 2586 2988 2642 Arbitror
3018 2587 3173 2658 quod
3205 2592 3264 2643 et
3305 2588 3401 2644 hic
3431 2606 3640 2647 corvus

1984 2676 2377 2733 adversariam
2410 2679 2641 2747 partem
2671 2675 2985 2747 significet,
3018 2677 3172 2731 sicut
3223 2681 3283 2732 et
3310 2677 3455 2749 pulli
3484 2682 3634 2750 ejus,

1984 2776 2051 2822 ut
2111 2764 2613 2838 quemadmodum
2662 2764 2934 2835 superius
2981 2765 3245 2835 leaenam,
3306 2772 3362 2822 et
3410 2768 3638 2823 catulos

1985 2856 2115 2926 ejus
2144 2853 2542 2911 intelleximus
2570 2852 2893 2918 diabolum,
2915 2857 2973 2908 et
3000 2855 3237 2909 turbam
3269 2855 3633 2926 perditorum

1985 2947 2137 3016 ejus,
2170 2944 2251 3001 ita
2277 2946 2336 2998 et
2362 2941 2458 2997 hic
2504 2958 2742 3002 corvum
2790 2943 3063 2998 eumdem
3112 2960 3244 2998 cum
3277 2944 3456 3016 pullis
3504 2947 3636 3017 ejus

1985 3030 2408 3104 intelligamus.
2433 3030 2595 3096 Quod
2621 3047 2757 3102 ergo
2788 3031 3002 3087 dicitur
3020 3038 3323 3104 vagantes,
3346 3034 3641 3090 indicatur

1986 3122 2100 3178 hoc
2118 3122 2314 3187 verbo,
2340 3120 2696 3191 quod‘quasi
2723 3121 3040 3192 quamdam
3072 3122 3247 3177 famis
3279 3123 3502 3179 rabiem
3535 3141 3637 3195 pa-

1991 3211 2213 3267 tiantur
2242 3209 2395 3265 circa
2423 3209 2733 3264 hominum
2771 3227 2977 3282 genus,
3005 3215 3070 3265 ut
3099 3212 3485 3282 perditionem
3509 3230 3641 3285 por-

1986 3300 2166 3357 tionis
2205 3299 2355 3370 ejus,
2388 3298 2548 3354 velut
2595 3298 2795 3354 cibum
2826 3304 3085 3368 sumant,
3127 3305 3183 3355 et
3213 3301 3341 3357 ideo
3376 3307 3641 3374 satagere

1986 3390 2264 3446 videntur
2291 3387 2454 3443 omni
2502 3387 2807 3459 instantia,
2841 3389 3024 3444 donec
3055 3390 3126 3445 ad
3176 3391 3447 3447 eﬂectum
3478 3397 3639 3448 voto-

1987 3495 2121 3534 rum
2152 3492 2394 3534 suorum
2426 3478 2784 3548 perveniant,
2812 3478 2968 3533 sicut
2989 3478 3324 3534 audivimus
3355 3480 3642 3552 Spiritum

1991 3571 2285 3635 sanctum,
2323 3582 2424 3637 per
2453 3565 2824 3621 Salomonem
2871 3566 3162 3622 dicentem
3197 3584 3209 3621 :
3245 3568 3473 3624 Oculum
3502 3571 3644 3624 irri-

1989 3657 2205 3712 dentem
2243 3660 2484 3727 patrem,
2502 3659 2571 3725 ,et
2613 3656 3068 3711 contumeliosum
3110 3660 3380 3712 senectuti
3425 3660 3642 3724 matris,

1989 3744 2247 3816 effodth
2271 3759 2396 3799 eum
2435 3744 2586 3799 corvi
2633 3745 2700 3798 de
2727 3744 3091 3813 convallibus,
3123 3753 3174 3799 et
3222 3745 3473 3801 decorem
3518 3764 3647 3802 eum

1986 3834 2134 3906 pulli
2181 3833 2501 3903 aquilarum
2550 3834 2732 3903 (Prov.
2767 3850 2899 3897 xxx,
2952 3834 3062 3903 17),
3110 3834 3432 3889 Possumus
3461 3839 3518 3890 et
3563 3836 3648 3889 ita

1993 3921 2231 3990 sentire,
2264 3925 2331 3977 ut
2360 3936 2620 3987 corvum,
2653 3921 2712 3976 id
2744 3927 2853 3990 est,
2886 3921 3207 3987 diabolum,
3239 3927 3297 3977 et
3326 3939 3531 3979 omnes
3562 3940 3647 3978 so-

1994 4011 2113 4067 cios
2143 4011 2272 4082 ejus
2316 4011 2613 4082 quondam
2648 4014 2843 4082 patres
2893 4010 3295 4077 habuerimus,
3324 4028 3457 4067 cum
3488 4029 3646 4067 erro-

1994 4101 2158 4157 ribus
2188 4116 2390 4156 eorum
2421 4098 2913 4156 assimiliaremur
2931 4104 2989 4155 et
3015 4100 3193 4165 vitiis,
3218 4105 3275 4155 et
3305 4100 3440 4156 inde
3468 4101 3645 4156 etiam

1994 4194 2051 4245 et
2078 4188 2379 4261 pullorum
2429 4188 2666 4244 nomine
2698 4187 3056 4244 dicebamur.
3089 4188 3200 4243 Sed
3251 4187 3649 4261 relinquentes

1996 4294 2117 4347 eos,
2168 4278 2323 4350 quod
2382 4281 2439 4332 et
2495 4293 2713 4348 sponsa
2767 4277 3028 4344 docetur,
3092 4280 3157 4332 ut
3214 4278 3390 4334 faciat
3447 4296 3460 4334 :
3518 4297 3648 4352 quas

1996 4382 2215 4439 sponsa
2243 4382 2350 4421 nos
2380 4382 2613 4436 sumus,
2635 4364 2727 4420 cui
2759 4365 2974 4420 dicitur
3005 4383 3018 4421 :
3051 4366 3214 4432 Audi,
3247 4366 3399 4440 ﬁlia,
3434 4376 3485 4424 et
3504 4369 3648 4435 vide,

1994 4461 2046 4512 et
2100 4456 2315 4511 inclina
2388 4471 2587 4509 aurem
2658 4457 2830 4522 tuam,
2890 4457 2940 4509 et
2995 4455 3309 4512 obliviscere
3378 4459 3652 4530 papulum

304 4572 334 4601 ‹‹
365 4548 668 4621 Numquid
699 4548 894 4621 capies
939 4548 1130 4603 leaenae
1184 4546 1460 4619 praadam,
1514 4548 1574 4600 et
1623 4546 1882 4600 animam
1916 4562 1965 4628 Π
1994 4550 2172 4611 tuum,
2202 4553 2254 4599 et
2282 4543 2507 4599 domum
2536 4545 2711 4611 patris
2741 4544 2829 4598 tui
2865 4544 3037 4614 (Psal.
3070 4562 3218 4612 xuv,
3256 4547 3367 4616 11),
3402 4550 3458 4600 et
3488 4546 3648 4601 invo-

225 4638 565 4696 catulorum
591 4639 719 4708 ejus
738 4636 1014 4710 implebis
1034 4637 1063 4691 ‘I
1092 4657 1121 4686 »
1155 4637 1236 4690 Ex
1259 4636 1348 4690 nis
1371 4650 1498 4706 qua!
1520 4651 1624 4705 per
1650 4650 1885 4689 omnem

223 4733 457 4784 textum
488 4727 779 4783 sermonis
826 4726 1005 4797 hujus
1059 4727 1384 4787 enumerat,
1418 4740 1519 4778 sex
1575 4726 1717 4777 sunt
1743 4738 1888 4793 qua-

223 4815 541 4888 drupedis,
573 4819 632 4871 et
669 4819 924 4886 quatuor
968 4812 1247 4869 volatilia.
1280 4813 1350 4868 Et
1378 4811 1437 4866 in
1487 4811 1597 4867 hoc
1627 4809 1889 4881 decalogi

223 4904 490 4979 perfecto
516 4920 761 4959 numero
788 4903 971 4960 videri
1000 4906 1190 4975 potest
1219 4901 1373 4973 quod
1397 4915 1631 4956 omnem
1660 4904 1887 4955 creatu-

222 5011 362 5051 ram
392 4992 643 5065 intelligi
670 4992 920 5049 voluerit
964 4997 1138 5060 Deus,
1171 5008 1298 5064 quae
1350 5007 1454 5062 per
1500 5005 1635 5045 eum
1687 4992 1890 5061 utpote

222 5101 337 5159 per
389 5086 688 5139 auctorem
735 5082 977 5155 regitur.
1036 5080 1310 5137 Decimus
1353 5083 1551 5135 autem
1602 5095 1889 5134 numerus

222 5174 534 5247 perfectus
555 5177 682 5240 est;
717 5169 856 5244 quia
884 5187 987 5244 per
1014 5171 1213 5243 ipsum
1236 5170 1523 5237 iterando,
1555 5167 1747 5223 omnis
1778 5184 1886 5223 nu-

222 5278 441 5319 merus
471 5261 531 5316 in
559 5260 861 5315 infinitum
893 5259 1339 5332 multiplicatur.
1374 5259 1519 5328 Ergo
1543 5257 1713 5328 juxta
1742 5256 1890 5313 litte-

226 5371 311 5409 ra:
346 5350 744 5424 superﬁciem,
775 5349 886 5406 hoc
914 5349 997 5405 ait
1026 5365 1040 5405 :
1072 5350 1190 5423 Ego
1221 5348 1321 5421 qui
1360 5346 1557 5403 omnia
1579 5348 1740 5417 justa
1768 5347 1887 5403 dis-

222 5440 584 5518 pensatione
615 5456 884 5514 procuro,
917 5439 1069 5494 circa
1097 5444 1154 5495 te
1182 5442 1434 5506 tantum,
1469 5454 1502 5492 o
1530 5436 1660 5507 Job,
1691 5437 1891 5493 videor

222 5534 524 5606 injustus.
555 5532 730 5587 Juxta
749 5528 1113 5603 spiritualem
1154 5527 1536 5594 intellectum,
1561 5526 1743 5597 leaena
1771 5526 1891 5582 sive

224 5621 526 5683 etiamleo
542 5619 812 5678 diabolus
833 5624 923 5678 est
940 5616 1385 5692 intelligendus,
1400 5618 1500 5690 qui
1521 5622 1579 5676 et
1603 5618 1662 5674 in
1685 5615 1891 5674 multis

564 5751 832 5815 PATROL.
875 5748 1098 5812 XXVI.

1998 4638 2201 4691 cantes
2231 4649 2387 4691 nunc
2417 4632 2752 4701 Dominum,
2785 4637 2977 4704 potest
3005 4634 3131 4688 ﬁeri
3177 4639 3241 4690 ut
3270 4634 3515 4706 pristino
3546 4636 3650 4690 ad-

1998 4724 2116 4779 huc
2146 4720 2384 4778 nomine
2429 4720 2794 4792 appellemur
2827 4738 2839 4775 :
2876 4722 3028 4777 sicut
3075 4722 3366 4794 PrOpheta
3412 4723 3514 4790 ait,
3547 4724 3650 4779 ubi

1998 4811 2070 4865 de
2099 4814 2213 4866 Deo
2244 4807 2507 4880 loquitur
2537 4824 2549 4863 :
2585 4809 2691 4877 Qui
2736 4808 2829 4864 dat
2865 4810 3132 4880 jumentis
3157 4826 3333 4865 escam
3382 4812 3648 4882 ipsorum,

1998 4907 2047 4957 et
2071 4900 2242 4971 pullis
2269 4914 2554 4955 corvorum
2584 4899 2963 4955 invocantibus
2997 4915 3123 4955 eum
3152 4899 3324 4970 (Psal.
3352 4916 3537 4968 CXLVI,
3568 4903 3648 4973 9).

1998 4989 2070 5044 Et
2124 5004 2254 5044 reor
2309 4988 2463 5060 quod
2515 4987 2644 5044 ideo
2697 4987 2945 5060 pristino
2995 4988 3233 5044 nomine
3280 5006 3647 5058 censeamur,

1998 5081 2064 5133 ut
2120 5076 2455 5132 noverimus
2517 5077 2658 5148 quid
2713 5076 2955 5145 fuimus,
3011 5081 3070 5134 et
3126 5077 3266 5149 quid
3324 5096 3482 5137 nunc
3546 5098 3650 5154 per

1997 5164 2213 5223 Christi
2262 5164 2514 5236 gratiam
2566 5164 2775 5222 simus.
2810 5167 2875 5220 Et
2908 5164 3043 5221 inde
3089 5166 3199 5222 hoc
3246 5166 3442 5239 ipsum
3477 5186 3645 5243 mag-

1998 5271 2144 5312 num
2191 5254 2410 5310 bonum
2457 5253 2866 5326 intelligentes,
2901 5254 3089 5327 magis
3138 5256 3253 5313 Deo
3306 5259 3526 5330 gratias
3556 5278 3647 5315 re-

1999 5346 2277 5411 feramus,
2338 5343 2599 5401 dicentes
2651 5361 2787 5400 cum
2857 5345 3130 5417 Apostolo
3192 5365 3204 5401 :
3268 5347 3483 5404 Gratias
3542 5352 3646 5405 Deo

1998 5436 2179 5502 Patri,
2239 5434 2333 5506 qui
2389 5436 2539 5490 eruit
2595 5452 2694 5491 nos
2746 5436 2811 5491 de
2863 5440 3128 5508 potestate
3173 5438 3543 5507 tenebrarum,
3597 5452 3648 5495 et

1997 5525 2283 5581 transtulit
2310 5525 2371 5580 in
2414 5542 2646 5593 regnum
2671 5525 2810 5582 Filii
2855 5526 3135 5583 claritatis
3182 5544 3301 5585 sua:
3349 5528 3570 5601 (Coloss.
3606 5548 3647 5595 ι,

2001 5617 2109 5689 13).
2143 5618 2265 5672 Mos
2295 5618 2489 5673 autem
2539 5620 2753 5672 sanctae
2801 5616 3113 5689 Scriptura:
3160 5617 3502 5687 hujusmodi
3532 5621 3642 5683 est,
3686 5661 3697 5671 .

3255 5742 3332 5800 26
