3980 6184
391 353 504 419 811

1890 357 2286 420 APPENDIX
2298 401 2314 418 .

395 498 464 552 ut
493 488 743 568 pristina
772 491 1077 566 culparum
1109 493 1349 550 nomina
1371 493 1428 550 in
1464 495 1683 552 sanctis
1710 496 2049 567 frequenter
2075 494 2132 559 Α

398 589 720 650 recenseat,
778 584 934 640 sicut
984 585 1190 639 beatus
1249 584 1430 640 Isaias
1503 586 1787 658 propheta
1842 585 1923 640 ait
1978 585 2049 641 de

3685 366 3804 428 812

2724 493 2955 550 CAPUT
2990 493 3231 551 XXXIX.

2237 603 2264 636 α
2293 583 2590 655 Numquid
2622 583 2772 640 nosti
2804 587 3040 656 tempus
3090 588 3295 657 partus
3342 585 3563 644 ibicum
3597 589 3661 646 in
3711 608 3814 664 pe-

397 681 559 732 Deo:
603 674 928 730 Benedicent
973 690 1060 728 me
1104 675 1288 729 bestiae
1337 675 1461 746 agri
1506 676 1631 747 (Isa.
1663 693 1822 742 xun,
1851 677 1964 743 20),
1996 681 2050 729 et
2157 671 2285 739 tris,
2317 671 2405 727 vel
2457 673 2814 744 paturientes
2862 690 3060 730 cervas
3109 675 3481 732 observasti?
3535 700 3564 730 ι
3615 681 3817 738 Ibices

399 764 701 838 apostolus
759 763 1069 818 Matthaeus
1128 763 1343 820 dicitur
1421 766 1771 837 publicanus
1819 765 2042 836 (Matth.

396 874 454 924 Χ,
484 858 562 927 ‘2).
593 855 912 908 Videamus
951 853 1109 908 hunc
1138 853 1356 921 locum,
1387 855 1436 910 si
1469 860 1525 910 et
1574 855 1633 910 in
1666 857 1880 910 bonam
1913 872 2045 926 par-

397 952 517 1000 tem
574 960 857 1016 exponere
914 945 1232 1014 possimus,
1294 949 1359 1000 ut
1427 945 1606 1000 istum
1664 961 1924 1012 corvum,
1989 948 2046 999 et

398 1035 697 1090 Christum
754 1034 1224 1105 interpretemur.
1281 1034 1442 1090 Sicut
1489 1035 1645 1090 enim
1713 1035 2040 1090 secundum

399 1125 836 1196 Scripturarum
894 1125 1402 1191 consuetudinem,
1465 1129 1723 1180 montem
1789 1123 2040 1180 dicimus

393 1215 711 1270 Dominum
742 1218 1031 1281 nostrum,
1064 1219 1120 1269 et
1149 1212 1448 1269 diabolum
1481 1213 1753 1270 similiter
1782 1212 2038 1286 appella-

391 1322 525 1360 mus
560 1320 574 1359 :
607 1309 834 1376 petram
867 1320 1098 1375 quoque
1129 1321 1194 1358 ac
1233 1303 1509 1374 lapidem,
1541 1304 1808 1359 arborem
1839 1303 2036 1370 etiam,

389 1399 444 1449 et
474 1393 736 1466 gladium
763 1393 1016 1448 dicimus
1042 1411 1054 1448 :
1090 1392 1173 1447 ita
1203 1397 1259 1447 et
1289 1409 1524 1447 corvum
1552 1393 1817 1448 fortassis
1847 1393 2037 1448 dicere

384 1473 723 1554 possumus.
756 1483 900 1537 Nam
946 1487 1002 1536 et
1049 1499 1267 1553 sponsa
1320 1481 1593 1547 Ecclesia,
1627 1481 1779 1537 inter
1831 1485 2038 1536 caetera

383 1572 673 1644 prmconia
730 1571 922 1626 laudis
981 1571 1051 1626 de
1106 1570 1354 1633 Christo,
1412 1571 1492 1625 ita
1547 1571 1628 1626 ait
1678 1571 1739 1625 in
1799 1571 2035 1626 Cantico

383 1663 746 1717 canticorum
807 1678 820 1714 :
884 1661 1072 1714 Crines
1129 1661 1244 1731 ejus
1302 1664 1364 1714 ut
1417 1660 1630 1730 abietis,
1679 1661 1838 1728 nigri
1894 1662 2037 1714 sicut

382 1767 571 1805 corvus
615 1750 795 1819 (Cant.
851 1766 906 1814 v,
961 1749 1048 1819 ll)
1098 1766 1110 1804 :
1165 1750 1265 1804 sed
1315 1750 1549 1820 quando
1600 1749 1830 1805 diabolo
1880 1749 2035 1805 corvi

2156 761 2267 833 ipsi
2299 765 2458 830 sunt,
2491 779 2636 834 quos
2669 763 2851 819 Graeci
2882 763 3257 836 tragelaphos
3286 772 3515 838 vocant,
3551 770 3818 829 admisto

2155 851 2390 906 nomine
2437 851 2583 907 hirci
2631 856 2690 907 et
2739 854 2912 922 cervi,
2968 869 3034 909 eo
3088 855 3245 926 quod
3295 873 3532 913 necesse
3581 867 3698 926 est,
3752 869 3819 918 ut

2153 940 2344 995 simile
2373 940 2486 996 sibi
2519 940 2741 1014 aliquid
2773 942 2893 998 hac
2922 943 3204 1000 animalia
3233 944 3508 1016 habeant,
3531 953 3588 1003 et
3618 967 3814 1008 unum

2151 1029 2360 1084 horum
2394 1035 2534 1102 puto
2567 1031 2626 1085 in
2659 1031 2910 1088 Canticis
2961 1034 3322 1089 canticorum
3372 1036 3683 1094 damulam
3711 1057 3812 1097 vo-

2149 1119 2268 1174 cari
2324 1119 2504 1189 (Cant.
2567 1139 2627 1187 ιι,
2686 1121 2799 1192 71),
2859 1138 2984 1193 qua:
3043 1122 3386 1195 aliquando,
3453 1130 3512 1182 et
3570 1144 3810 1200 caprea,

2149 1209 2477 1264 secundum
2507 1209 2694 1281 legem
2724 1211 3152 1266 mactabantur.
3188 1212 3253 1267 Et
3300 1215 3359 1269 in
3389 1216 3634 1272 Cantico
3671 1235 3810 1274 can-

2147 1297 2398 1353 ticorum
2446 1298 2647 1354 crebro
2704 1299 2884 1354 simul
2942 1306 3244 1372 ponuntur
3290 1304 3455 1374 (Ibid.
3514 1307 3572 1373 7,
3640 1308 3702 1374 9,
3749 1313 3812 1364 17

2145 1387 2335 1458 seqq.),
2396 1393 2450 1442 et
2481 1389 2704 1443 munda
2755 1388 3148 1462 appellantur,
3198 1393 3475 1463 quoniam
3559 1404 3810 1453 cornuta

2146 1481 2367 1543 essent,
2426 1480 2482 1532 et
2539 1477 2924 1546 ruminarent,
2983 1479 3385 1554 ungulamque
3448 1483 3806 1542 dividerent.

2145 1567 2328 1621 Istius
2359 1565 2528 1622 ibicis
2559 1571 2702 1622 sunt
2732 1571 2789 1622 et
2837 1567 2951 1623 alia
2981 1569 3264 1627 animalia
3310 1573 3481 1643 quasi
3533 1575 3806 1643 ejusdem

2145 1655 2394 1726 generis,
2430 1660 2494 1710 ut
2541 1661 2649 1724 est,
2681 1674 3008 1725 corvorum,
3041 1658 3195 1714 sicut
3242 1659 3303 1715 in
3337 1661 3485 1734 Lege
3538 1663 3805 1720 dicitur:

2143 1745 2218 1799 Et
2264 1761 2451 1800 omnes
2507 1747 2722 1801 cervini
2778 1749 2999 1819 generis
3054 1765 3180 1804 aves
3233 1767 3343 1806 non
3393 1753 3810 1810 manducabitis

383 1855 596 1894 nomen
627 1841 918 1909 aptamus,
953 1837 1206 1893 dicimus
1237 1855 1370 1893 eum
1403 1839 1640 1910 nigrum
1682 1838 2032 1894 criminibus
2061 1867 2110 1932 B
2145 1833 2336 1904 (Leuit.
2398 1851 2476 1902 XI,
2526 1837 2630 1904 15).
2684 1836 2812 1892 Haec
2864 1853 3000 1910 ergo
3053 1838 3352 1912 animalia,
3405 1840 3493 1896 vel
3545 1845 3807 1900 maxime

379 1935 557 2000 atque
586 1931 824 1998 tetrum,
858 1931 913 1982 ct
941 1927 1040 1998 qui
1069 1927 1127 1982 in
1149 1927 1405 1983 tenebris
1435 1928 1834 1999 nequitiarum
1865 1945 2024 1984 com-

376 2021 655 2072 moretur.
690 2017 932 2082 Quando
978 2033 1111 2072 vero
1151 2033 1217 2072 eo
1266 2016 1503 2073 nomine
1550 2017 1902 2073 Salvatorem
1943 2017 2022 2073 si-

373 2106 636 2178 gniﬁcari
693 2106 968 2174 dicimus,
1027 2107 1438 2179 mysteriorum
1491 2107 1720 2162 arcanis
1778 2124 1912 2162 eum
1964 2108 2023 2162 in

370 2196 687 2268 Scripturis
719 2195 845 2251 suis
892 2196 1381 2251 obscurissimum
1431 2212 1558 2252 esse
1610 2197 1917 2252 sentimus.
1952 2197 2024 2252 Ut

371 2303 506 2342 cum
561 2286 818 2340 sciamus
865 2284 1165 2340 diabolum
1215 2286 1273 2339 in
1323 2286 1640 2356 Scripturis
1689 2291 2020 2358 serpentem

367 2375 682 2445 nominari,
705 2374 837 2446 quis
867 2375 1109 2429 auderet
1137 2375 1210 2429 de
1234 2374 1476 2430 Domino
1507 2374 1589 2429 ita
1619 2376 1873 2443 credere,
1905 2375 2018 2430 nisi

364 2465 492 2537 ipse
521 2465 580 2518 in
614 2479 677 2519 se
725 2464 1014 2535 serpentis
1045 2461 1496 2518 similitudinem
1544 2462 1737 2518 verbis
1767 2463 2018 2536 propriis

367 2553 770 2626 expressisset,
829 2553 1028 2608 dicens
1091 2571 1103 2606 :
1153 2551 1309 2607 Sicut
1351 2552 1552 2617 Moyses
1590 2556 1855 2607 exultavit
1900 2569 2018 2608 ser-

361 2647 579 2714 pentem
607 2645 668 2698 in
715 2642 942 2706 deserto,
975 2643 1052 2696 ita
1097 2643 1340 2696 exaltari
1368 2649 1572 2712 oportet
1608 2642 1788 2712 ﬁlium
1837 2642 2014 2697 homi-

367 2734 456 2787 nis
487 2732 664 2804 (Joan.
720 2731 906 2800 11,14)
959 2747 972 2785 :
1025 2735 1082 2784 et
1136 2729 1457 2800 discipulos
1513 2729 1658 2786 tales
1707 2731 2016 2786 admonuit

368 2839 498 2878 esse
545 2821 747 2876 dicens
797 2838 810 2876 :
861 2821 1038 2875 Estote
1090 2821 1259 2874 astuti
1287 2827 1347 2874 ut
1387 2828 1667 2891 serpentes
1715 2820 1924 2889 (Matth.
1953 2837 2010 2887 x,

368 2914 478 2980 16).
511 2911 582 2965 Et
611 2925 874 2981 serpens,
907 2909 1105 2975 idest,
1139 2907 1408 2964 diabolus
1458 2909 1806 2964 maledictus
1835 2927 1870 2964 a
1896 2910 2012 2966 Deo

365 3005 473 3068 est,
506 3016 572 3056 eo
612 2999 768 3071 quod
819 2999 992 3054 Evam
1041 2999 1273 3054 seduxit
1303 2998 1522 3053 astutia
1571 3001 1722 3070 (Gen.
1757 3016 1842 3067 IlI,
1875 3000 1962 3071 14)
1997 3017 2011 3054 :

367 3096 424 3146 et
452 3089 719 3144 Christus
766 3087 1112 3143 maledictus
1163 3087 1419 3143 dicitur:
1473 3088 1612 3160 quia
1665 3086 2014 3144 maledictus

368 3177 562 3233 omnis
606 3176 705 3248 qui
735 3177 948 3250 pendet
977 3177 1036 3230 in
1083 3176 1242 3248 ligno
1274 3177 1474 3247 (Calat.
1511 3194 1594 3243 ιιι,
1627 3177 1738 3246 13).
1771 3176 2012 3232 Maledi-

2141 1923 2200 1978 in
2231 1923 2386 1979 saxis
2428 1925 2791 1992 nutriuntur,
2823 1930 2880 1982 et
2913 1926 2972 1981 in
3023 1929 3288 1984 cavernis
3319 1934 3655 2001 petrarum.
3690 1934 3803 1988 Ibi-

2133 2030 2268 2068 cum
2299 2017 2534 2085 tempus
2561 2015 2796 2084 quando
2827 2015 3066 2086 pariunt
3095 2017 3269 2087 nosti,
3294 2019 3378 2074 ait
3407 2021 3706 2076 Dominus
3733 2024 3799 2078 ad

2130 2102 2242 2158 Job
2287 2119 2300 2156 :
2352 2101 2438 2158 vel
2500 2104 2734 2174 quando
2791 2120 2970 2160 cerva:
3025 2107 3361 2177 parturiunt
3415 2109 3798 2167 observasti?

2131 2190 2357 2252 Quanta
2385 2190 2498 2246 alia
2528 2197 2666 2246 sunt
2696 2192 2754 2246 in
2776 2194 3092 2266 Scripturis
3115 2195 3305 2267 magis
3333 2197 3594 2254 obscura
3615 2205 3793 2272 atque

2131 2279 2203 2334 ab
2234 2279 2543 2335 hominum
2575 2281 2787 2336 notitia
2835 2281 3006 2354 longe
3038 2290 3284 2350 remota,
3317 2286 3387 2341 de
3435 2289 3669 2359 quibus
3699 2291 3795 2345 ali-

2130 2385 2246 2440 qua
2303 2369 2361 2424 in
2412 2369 2520 2424 hoc
2567 2368 2715 2426 libro
2755 2371 2880 2443 ipse
2932 2372 3220 2429 Dominus
3266 2375 3498 2431 videtur
3545 2378 3793 2447 dixisse,

2130 2473 2309 2528 quam
2340 2463 2481 2514 sunt
2509 2477 2636 2530 quae
2669 2461 2739 2516 ad
2765 2461 2873 2517 Job
2907 2479 3063 2518 nunc
3096 2463 3358 2536 loquitur
3388 2484 3402 2521 :
3439 2469 3606 2538 quod
3637 2470 3791 2525 enim

2126 2544 2343 2602 laboris
2373 2552 2460 2602 est
2494 2565 2665 2604 nosse
2704 2554 2940 2624 tempus
2971 2559 3359 2622 cervarum,et
3392 2555 3623 2612 ibicum
3661 2576 3793 2630 par-

2124 2634 2472 2690 turientium
2491 2636 2519 2692 ?
2551 2641 2654 2692 aut
2681 2639 2836 2694 unde
2863 2644 2985 2696 tam
3003 2640 3359 2698 latebrosum
3383 2649 3473 2699 est
3505 2645 3790 2703 humana:

2128 2723 2367 2792 notitia),
2397 2730 2464 2780 ut
2504 2727 2692 2797 possit
2738 2733 2972 2801 tempus
3019 2730 3232 2786 horum
3284 2733 3644 2791 animalium
3696 2755 3792 2809 pa-

2126 2813 2403 2868 rientium
2454 2816 2690 2886 penitus
2746 2818 3034 2890 ignorare,
3087 2821 3410 2892 praesertim
3479 2841 3622 2880 cum
3675 2826 3792 2882 ha-c

2125 2901 2255 2973 ipsa
2285 2903 2566 2960 animalia
2595 2921 2743 2976 pene
2771 2907 2831 2962 in
2859 2909 3052 2964 medio
3081 2909 3392 2966 hominum
3419 2929 3794 2971 commoren-

2125 2996 2240 3046 tur.
2277 2991 2542 3062 Proinde,
2577 3011 2648 3049 ne
2681 2995 2756 3050 sit
2785 2997 2942 3068 apud
2991 2999 3278 3070 quosdam
3313 2999 3404 3056 hic
3437 3018 3644 3059 sermo
3678 3005 3791 3060 Do-

2125 3081 2271 3136 mini
2301 3079 2457 3147 vilis,
2490 3086 2547 3138 et
2587 3083 2732 3139 forte
2761 3085 2833 3140 ab
2884 3086 2969 3141 eis
3001 3088 3334 3159 superﬂuus
3387 3091 3788 3161 existimetur,

2127 3171 2304 3226 altius
2351 3172 2505 3242 quod
2553 3172 2696 3228 dixit
2739 3175 3088 3231 intuendum
3135 3183 3243 3245 est,
3287 3184 3353 3233 ut
3399 3180 3681 3237 dicamus
3730 3183 3786 3237 in

370 3272 530 3324 ctum
578 3266 794 3339 quippe
843 3266 1100 3322 hominis
1147 3265 1207 3320 in
1257 3282 1319 3321 se
1365 3265 1761 3337 suscipiendo,
1795 3266 1852 3321 id
1903 3271 2014 3333 est,
2044 3243 2091 3308 C
2127 3261 2423 3332 mysteriis
2455 3262 2564 3317 sub
2597 3263 2832 3319 nomine
2862 3265 3072 3320 horum
3103 3266 3468 3337 animalium,
3507 3273 3788 3345 praeﬁgu-

369 3375 500 3414 eam
556 3373 682 3428 quae
732 3371 801 3410 ex
861 3353 1150 3410 sententia
1192 3354 1292 3408 Dei
1339 3359 1575 3409 venerat
1627 3358 1896 3424 mortem,
1953 3359 2018 3410 ut

369 3446 750 3502 maledictum
782 3443 1090 3514 suspendit
1125 3442 1185 3496 in
1236 3441 1415 3514 ligno,
1449 3447 1506 3496 et
1552 3441 1687 3497 inde
1735 3446 1824 3496 est
1858 3444 2014 3513 quod

368 3552 474 3606 pro
504 3533 674 3588 nobis
717 3532 982 3586 Christus
1029 3530 1218 3586 factus
1247 3535 1336 3586 est
1385 3529 1760 3585 maledictum
1805 3531 2011 3603 (Ibid.).

363 3622 496 3675 Ηωο
527 3620 792 3691 exempla
821 3619 1193 3691 protulimus,
1221 3624 1284 3674 ut
1315 3620 1580 3675 firmetur
1595 3635 1804 3674 sensus
1833 3637 2012 3692 supra

361 3709 625 3782 prolatus
657 3727 670 3764 :
711 3710 1019 3780 sequentia
1067 3709 1390 3764 videamus.
1426 3709 1590 3762 Nunc
1637 3707 1817 3780 igitur
1845 3709 2010 3765 Chri-

360 3803 451 3854 sto
483 3815 650 3854 corvo
681 3797 1006 3870 figuraliter
1047 3797 1224 3863 dicto,
1256 3802 1420 3868 pater
1470 3801 1757 3869 praeparat
1788 3814 2006 3866 escam,

357 3907 492 3945 cum
524 3887 576 3944 ei
615 3904 683 3943 ex
729 3887 1002 3960 gentibus
1051 3890 1330 3941 convocat
1374 3886 1721 3953 credituros,
1753 3887 1906 3942 sicut
1937 3889 2008 3944 de

353 3980 559 4036 eodem
606 3981 770 4051 patre
819 3975 1101 4049 propheta
1148 3975 1228 4030 ait
1276 3974 1522 4030 dicens:
1565 3978 1677 4045 Qui
1722 3979 2010 4033 suscitavit

350 4071 419 4124 ab
479 4069 701 4125 Oriente
765 4069 998 4139 justum,
1057 4067 1264 4121 vocavit
1321 4081 1468 4134 eum,
1527 4073 1588 4118 ut
1660 4069 1999 4135 sequeretur.

349 4159 511 4213 Dabit
560 4160 620 4212 in
666 4159 962 4228 conspectu
1006 4155 1125 4225 ejus
1181 4161 1386 4223 gentes,
1437 4161 1488 4208 et
1536 4169 1688 4224 reges
1736 4154 2001 4209 obtinebit

348 4249 475 4315 (Isa.
507 4263 620 4312 xm,
652 4247 730 4317 2).
764 4245 866 4300 His
897 4243 1078 4316 igitur
1106 4245 1178 4299 ad
1210 4244 1385 4298 {idem
1435 4243 1674 4309 vocatis,
1713 4243 1998 4300 Dominus

345 4334 614 4390 Christus
641 4333 801 4389 velut
848 4350 980 4388 esca
1011 4332 1225 4406 gaudio
1279 4332 1686 4388 exsultationis
1717 4331 1993 4389 reﬁcitur.

341 4425 530 4494 Hujus
561 4422 786 4495 populi,
817 4423 875 4478 id
907 4427 1015 4490 est,
1040 4421 1339 4493 discipuli,
1369 4426 1427 4477 et
1455 4439 1660 4477 omnes
1691 4422 1994 4478 credentes

339 4515 598 4570 clamant
626 4513 698 4568 ad
731 4511 915 4568 Deum
947 4512 1009 4566 in
1055 4511 1335 4578 oratione,
1369 4526 1580 4582 panem
1632 4511 1991 4567 substantia-

334 4603 451 4660 lem
501 4600 762 4675 quotidie
811 4599 1175 4672 postulantes
1225 4599 1428 4671 (Matth.
1486 4617 1566 4667 v1,
1617 4600 1725 4670 11),
1775 4605 1832 4654 et
1880 4599 1990 4656 hoc
2022 4614 2070 4679 D

330 4693 531 4766 ipsum
560 4693 840 4764 vagantes
869 4688 1108 4758 faciunt,
1141 4688 1282 4759 quia
1325 4687 1613 4760 peregrini
1645 4692 1701 4742 et
1730 4688 1990 4761 hospites

331 4787 472 4840 sunt
501 4797 680 4854 super
724 4783 942 4835 terram
993 4778 1178 4846 (Hebr.
1211 4795 1289 4844 x1,
1338 4777 1448 4847 13),
1482 4776 1582 4832 ubi
1634 4777 1831 4832 sedem
1873 4777 1985 4833 sibi

327 4873 562 4927 ﬁrmam
593 4875 652 4926 et
695 4867 966 4924 stabilem
1013 4883 1128 4922 non
1160 4865 1610 4934 constituerunt,
1645 4866 1747 4920 sed
1780 4865 1984 4923 dicunt

325 4976 461 5014 cum
513 4956 810 5030 Apostolo,
860 4956 1147 5012 Instabiles
1215 4971 1405 5009 sumus
1462 4955 1518 5026 (I'
1567 4954 1688 5009 Cor.
1742 4972 1819 5017 1v,
1870 4956 1978 5027 11).

324 5046 412 5103 Illi
442 5046 626 5119 igitur
643 5046 864 5102 habent
884 5046 1122 5118 quidem
1141 5045 1304 5100 cibos
1330 5044 1767 5116 Scripturarum
1794 5060 1806 5096 :
1833 5061 1979 5115 qua-

320 5153 454 5192 rum
488 5134 885 5191 consolatione
913 5140 1256 5207 pascuntur,
1286 5135 1386 5190 sed
1419 5133 1541 5206 spei
1564 5137 1620 5188 et
1642 5133 1774 5188 ﬁdei
1807 5132 1975 5190 cibus

319 5229 426 5290 est,
489 5241 604 5279 non
665 5223 944 5279 alimonia
1009 5224 1090 5280 rei
1152 5222 1385 5295 proprie
1433 5220 1852 5294 permanentis.
1905 5222 1972 5276 Et

314 5311 531 5369 idcirco
562 5312 622 5368 in
654 5312 762 5368 hoc
815 5314 1033 5368 mundo
1076 5312 1276 5385 vagari
1324 5312 1598 5367 dicuntur
1631 5329 1644 5366 :
1679 5311 1863 5367 donec
1893 5311 1965 5366 ad

311 5400 785 5458 immobilitatem
820 5403 1138 5473 quamdam
1172 5401 1366 5457 smculi
1391 5401 1570 5455 futuri
1605 5401 1960 5472 perveniant.

307 5493 455 5548 Nam
489 5495 546 5546 et
575 5493 646 5546 ad
676 5491 830 5546 hunc
877 5491 1240 5545 intellectum
1292 5489 1654 5563 spiritualem
1689 5489 1956 5561 pertinet,

306 5583 462 5654 quod
492 5582 643 5637 corvi
676 5579 772 5634 isti
803 5596 931 5635 rore
962 5580 1120 5650 pasci
1163 5581 1456 5650 dicuntur,
1489 5580 1643 5635 sicut
1676 5577 1955 5651 philologi

305 5687 368 5730 se
398 5672 658 5728 referunt
682 5669 1013 5740 indagasse.

2128 3354 2286 3404 ratos
2315 3350 2609 3421 apostolos
2641 3356 2697 3406 et
2726 3351 3077 3423 apostolicos
3105 3355 3282 3426 viros,
3313 3362 3369 3412 ct
3394 3374 3608 3415 omnes
3642 3379 3788 3434 pra-

2125 3437 2411 3494 dicatores
2448 3440 2710 3496 veritatis
2745 3459 2758 3497 :
2792 3442 2892 3513 qui
2943 3443 3001 3496 in
3034 3443 3376 3501 fortitudine
3406 3447 3543 3502 ﬁdei
3599 3455 3660 3504 et
3687 3468 3786 3522 pa-

2123 3527 2348 3593 tientia,
2404 3528 2562 3584 velut
2617 3528 2674 3584 in
2731 3531 2913 3602 petris
2990 3549 3092 3604 per
3161 3535 3437 3605 spiritum
3501 3537 3786 3594 imbuen-

2121 3619 2239 3671 tem
2290 3633 2410 3686 eos,
2461 3618 2700 3673 verbum
2769 3620 3066 3693 Evangelii
3117 3623 3367 3693 perfecte
3419 3625 3477 3679 in
3559 3644 3628 3682 se
3680 3630 3790 3684 for-

2122 3709 2346 3760 matum
2424 3707 2771 3778 parturiant,
2838 3709 2926 3764 vel
2998 3727 3133 3766 cum
3211 3712 3514 3770 doloribus
3591 3735 3787 3788 perse-

2119 3793 2422 3850 cutionum
2478 3796 2824 3867 parturiant.
2887 3798 2949 3853 In
2981 3805 3146 3870 petra
3175 3801 3544 3872 parturiebat
3579 3810 3638 3860 et
3685 3807 3784 3861 ille

2117 3883 2217 3954 qui
2267 3884 2414 3939 dixit
2463 3901 2475 3939 :
2525 3887 2664 3941 Nam
2710 3889 2775 3942 in
2825 3888 3034 3944 Christo
3077 3905 3184 3960 per
3248 3892 3630 3961 Evangelium
3679 3914 3781 3965 ego

2113 3988 2204 4027 vos
2255 3975 2424 4042 genui
2471 3975 2524 4045 (I
2549 3976 2669 4030 Cor.
2705 3993 2780 4045 IV,
2817 3977 2926 4048 15).
2959 3977 3076 4033 Hoc
3106 3978 3288 4051 igitur
3332 3985 3573 4053 tempus
3627 3985 3780 4040 futu-

2113 4078 2246 4116 rum
2277 4062 2574 4133 constitui,
2607 4068 2664 4119 et
2690 4066 2920 4122 animas
2972 4068 3406 4139 praedictorum,
3440 4072 3606 4128 velut
3656 4093 3775 4130 cer-

2109 4166 2230 4220 vas,
2265 4167 2391 4221 quae
2438 4152 2508 4206 de
2554 4153 2765 4210 timore
2819 4171 2946 4212 meo
2978 4158 3338 4229 concipiunt,
3375 4165 3438 4215 ut
3491 4163 3773 4234 spiritum

2109 4237 2316 4294 salutis
2365 4241 2598 4310 pariant
2652 4260 2828 4315 super
2873 4249 3112 4316 terram,
3159 4251 3223 4301 tu
3273 4248 3544 4314 forsitan,
3603 4257 3770 4325 quasi

2107 4328 2541 4386 obstetricantis
2602 4331 2811 4400 ofﬁcio,
2856 4333 3314 4406 diligentissima
3367 4337 3772 4396 sollicitudine

2105 4416 2628 4486 observasti,dans
2677 4420 2760 4476 eis
2819 4438 2905 4491 os,
2968 4427 3026 4478 et
3073 4424 3424 4496 sapientiam
3480 4428 3555 4483 de
3611 4437 3772 4485 utero

2105 4504 2319 4560 mentis
2351 4522 2489 4570 suae,
2525 4506 2723 4562 minus
2754 4508 3002 4565 fortasse
3033 4510 3311 4583 solidum,
3343 4514 3431 4568 vel
3466 4515 3766 4590 integrum

2101 4593 2342 4647 verbum
2376 4594 2826 4665 praedicationis.
2860 4597 3020 4653 velut
3073 4600 3257 4656 fetum
3302 4601 3362 4657 in
3393 4602 3555 4660 hanc
3591 4608 3768 4663 eﬁ‘un-

2103 4681 2306 4736 derent
2336 4680 2549 4739 lucem.

2169 4794 2197 4820 ‹‹
2259 4771 2654 4830 Dinumerasti
2731 4792 2965 4833 menses
3041 4785 3358 4852 conceptus
3413 4799 3655 4853 eorum,
3713 4791 3762 4841 et

2099 4859 2258 4914 scisti
2320 4864 2554 4931 tempus
2611 4867 2814 4934 partus
2864 4866 3115 4920 earum?
3168 4889 3197 4916 ››
3244 4867 3455 4924 Vivum
3515 4875 3757 4928 verbum

2095 4947 2216 5013 Dei,
2275 4955 2332 5003 et
2403 4949 2686 5022 validum,
2747 4958 3061 5024 penetrans
3120 4973 3309 5028 usque
3380 4959 3441 5012 in
3523 4961 3759 5018 divisio-

2094 5053 2227 5092 nem
2300 5038 2507 5093 animte
2566 5056 2632 5094 ac
2679 5041 2942 5112 spiritus,
2994 5060 3345 5118 compagum
3396 5065 3647 5121 quoque
3696 5069 3755 5105 ac

2090 5125 2504 5196 medullarum,
2540 5128 2596 5182 in
2639 5129 2746 5186 hoc
2777 5131 3065 5202 spirituali
3118 5141 3399 5208 conceptu
3453 5141 3754 5209 profectus

2087 5216 2375 5287 quosdam
2407 5215 2923 5287 incrementorum,
2945 5221 3103 5277 velut
3132 5240 3236 5294 per
3257 5241 3494 5281 menses
3527 5233 3756 5299 tempo-

2079 5321 2211 5358 rum
2235 5305 2293 5359 in
2320 5305 2586 5361 cordium
2611 5306 2869 5364 sinibum
2889 5316 3184 5383 operatur,
3203 5318 3267 5368 ut
3292 5313 3438 5384 ipsis
3461 5316 3752 5386 apostolis

2075 5394 2334 5465 primum
2409 5397 2700 5467 apparuit,
2764 5398 2862 5468 qui
2924 5399 2982 5454 in
3063 5401 3230 5456 initio
3288 5403 3747 5473 przcdicationis»

2073 5484 2241 5554 quasi
2275 5484 2456 5555 parvi,
2487 5490 2544 5539 et
2575 5486 2784 5541 modici
2818 5489 2921 5542 visi
2957 5497 3113 5554 sunt,
3144 5492 3242 5546 sed
3295 5492 3583 5562 paulatim
3621 5496 3742 5548 cnr'

2070 5574 2382 5628 roborante
2421 5590 2518 5629 eos
2573 5576 2804 5646 spiritu,
2837 5579 3080 5635 verbum
3137 5581 3195 5635 in
3228 5580 3311 5634 eis
3365 5582 3740 5638 demonstxa‘

2065 5670 2189 5719 tum
2221 5667 2329 5731 est,
2364 5680 2550 5736 usque
2581 5667 2653 5721 ad
2699 5683 3042 5724 mensuram
3075 5670 3255 5742 plena:
3290 5673 3493 5742 gratim
3525 5687 3735 5744 per-vso

3899 4409 3905 4460 l

3901 4369 3905 4503 ν
