3980 6184
157 342 285 407 813

1205 344 1718 429 COMMENTAR.
1764 345 1844 407 IN
1884 345 2050 410 JOB.
2096 346 2265 407 CAP.
2313 346 2588 408 XXXIX.

3455 348 3583 417 814,

165 476 350 533 nisse.
384 476 549 541 Quod
581 475 739 532 velut
763 481 935 549 partu
964 478 1220 547 edentes,
1251 485 1442 537 totum
1473 486 1649 552 atque
1688 495 1815 553 per-
1845 482 1902 548 Α
1934 478 2022 536 vel
2080 480 2571 551 perseverantiam
2621 478 2905 546 ﬁdelium,
2959 480 3321 551 adjutorium
3368 481 3605 539 divinas.

162 567 389 623 fectum
412 582 481 622 ac
508 565 755 638 plenum
787 566 997 623 divinis
1026 568 1518 639 promissionibus
1558 570 1816 625 scriben-

162 659 282 727 tes,
314 654 560 711 diversis
587 654 863 712 Ecclesiis
890 655 1219 712 ediderunt.
1254 658 1605 729 Hujusmodi
1638 658 1821 731 igitur

163 749 512 818 conceptus,
543 748 602 800 et
629 748 834 817 partus
864 749 1148 817 tempora,
1199 747 1301 819 qui
1349 747 1458 803 hoc
1498 748 1670 804 modo
1701 747 1819 819 spi-

166 834 375 891 rituali
427 838 595 890 utero
626 824 818 889 cordis
846 834 1021 903 ﬁunt,
1057 836 1209 891 unde
1240 842 1297 892 et
1323 841 1408 906 tu,
1441 837 1552 893 Job
1600 836 1682 892 ait
1713 838 1823 892 Do-

167 925 399 991 minus,
429 938 779 996 cognoscere
807 923 1099 995 potuisti?
1149 942 1521 999 quorumque
1561 930 1826 998 tempora

169 1018 317 1071 sunt
345 1018 406 1068 in
436 1010 746 1085 Evangelia
778 1013 1183 1083 praeﬁnitionis
1220 1031 1363 1071 mete
1413 1014 1658 1071 consilio
1688 1031 1825 1071 con-

170 1103 400 1160 stituta.
437 1100 546 1159 Ubi
577 1116 714 1174 ergo
746 1101 968 1158 dictum
998 1107 1110 1171 est,
1144 1107 1201 1159 et
1232 1104 1398 1160 scisti
1430 1109 1663 1178 tempus
1694 1121 1827 1176 par-

173 1199 278 1248 tus
306 1206 508 1248 eorum
539 1207 553 1245 :
586 1189 686 1246 alii
715 1190 1003 1259 dixerunt,
1062 1201 1114 1248 et
1169 1192 1378 1250 dolores
1434 1210 1627 1250 eorum
1656 1194 1830 1250 solvi-

173 1284 270 1339 sti.
327 1280 564 1337 Dolores
621 1284 763 1336 sunt
818 1280 1234 1338 insectationes
1288 1288 1346 1338 et
1393 1283 1828 1350 tribulationes,

175 1389 307 1444 quae
338 1368 821 1443 praedicatoribus
876 1369 1232 1441 inferuntur,
1291 1388 1326 1427 a
1372 1372 1592 1444 quibus
1616 1371 1830 1429 dolori-

174 1461 295 1517 bus
321 1458 421 1515 isti
440 1462 581 1515 tunc
622 1457 1028 1528 absolvuntur,
1082 1460 1317 1532 quando
1365 1460 1595 1517 invitati
1632 1462 1705 1517 ad
1739 1478 1831 1518 re-

175 1548 384 1623 quiem
413 1547 795 1605 absolvuntur
822 1564 857 1604 a
881 1565 1140 1621 corpore.
1171 1550 1299 1605 Sive
1330 1554 1472 1606 tunc
1513 1549 1832 1606 absolvun-

173 1644 283 1695 tur
312 1654 348 1694 a
376 1636 673 1694 doloribus
701 1639 1200 1709 persecutionum,
1233 1639 1469 1710 quando
1500 1638 1700 1711 inspe
1730 1656 1832 1711 po-

177 1728 307 1795 siti,
331 1742 437 1799 pro
456 1724 625 1783 malis
653 1726 1042 1799 praesentibus
1066 1728 1139 1783 ad
1186 1727 1643 1799 promissionem
1674 1732 1837 1784 teter-

178 1833 275 1873 nm
305 1815 796 1873 remunerationis
824 1815 1139 1888 aspiciunt.

253 1929 286 1956 ‹‹
320 1907 707 1961 Incurvantur
733 1906 804 1960 ad
836 1904 1041 1977 fetum,
1073 1909 1131 1962 et
1183 1906 1459 1978 pariunt:
1510 1910 1567 1962 et
1601 1906 1835 1980 rugitus

178 1994 484 2051 emittunt.
514 2015 545 2043 ››
576 1993 915 2049 Doctrinam
956 1993 1206 2051 lacteum
1255 1994 1622 2067 propinando
1652 1994 1837 2052 incre-

179 2081 340 2140 dulis
370 2086 429 2138 et
459 2082 713 2138 inﬁrmis
766 2081 923 2138 sicut
980 2082 1065 2138 ait
1116 2083 1471 2156 Apostolus:
1533 2086 1644 2140 Lac
1680 2085 1836 2140 vobis

173 2177 375 2245 potum
400 2170 548 2241 dedi,
578 2187 887 2227 nonescam
927 2172 977 2243 (Ι
1023 2171 1144 2228 Cor.
1201 2190 1286 2242 ιιι,
1338 2173 1434 2242 2);
1487 2174 1561 2230 ab
1585 2172 1688 2230 illa
1717 2172 1838 2230 cel-

181 2260 448 2318 situdine
512 2259 812 2333 sapientize
879 2260 954 2317 ad
1020 2260 1340 2318 humiliora
1424 2263 1840 2335 praedicatores

183 2349 625 2424 quodammodo
656 2348 1045 2405 humiliantur
1101 2354 1280 2421 atque
1336 2351 1725 2416 descendunt,
1779 2356 1844 2406 ut

180 2439 275 2496 vir
305 2440 407 2495 ﬁat
434 2437 754 2511 parvulus:
787 2442 845 2494 et
873 2438 970 2495 his
998 2438 1098 2511 qui
1147 2438 1274 2496 sine
1323 2439 1453 2512 lege
1500 2445 1662 2507 sunt,
1710 2444 1843 2495 tan-

185 2545 371 2602 quam
401 2533 457 2585 et
486 2526 611 2600 ipse
642 2528 720 2583 sit
753 2525 882 2583 sine
908 2526 1054 2599 lege.
1088 2528 1160 2583 Et
1187 2528 1331 2583 dum
1355 2544 1454 2584 eos
1475 2533 1761 2584 conantur
1782 2529 1842 2584 in

186 2619 421 2675 Christo
454 2618 704 2673 formare
732 2620 791 2672 et
817 2633 1041 2688 parere,
1074 2616 1304 2689 rugitus
1351 2616 1651 2683 emittunt,
1701 2618 1844 2674 dum

193 2709 271 2765 ab
292 2705 548 2762 inimicis
568 2705 785 2762 Christi
807 2722 987 2779 supra
1018 2706 1259 2761 modum
1282 2723 1347 2761 ac
1369 2723 1552 2779 supra
1568 2707 1845 2763 virtutem

195 2813 369 2854 suam
390 2799 727 2869 gravantur,
748 2795 832 2852 ita
863 2799 928 2851 ut
955 2796 1166 2851 taedeat
1193 2811 1293 2852 eos
1341 2794 1518 2852 etiam
1561 2796 1748 2852 vivere
1778 2797 1851 2869 (II

196 2890 325 2946 Cor.
358 2901 399 2950 ι,
429 2885 509 2957 8).
542 2889 621 2940 De
667 2883 941 2957 qualibus
981 2884 1158 2940 etiam
1208 2884 1350 2940 dicit
1393 2885 1749 2958 Apostolus:
1782 2887 1848 2941 Et

198 2992 351 3031 nunc
379 2977 518 3046 ﬂens
546 2973 664 3030 dico
696 2975 950 3031 inimicos
987 2974 1167 3029 crucis
1216 2974 1420 3030 Christi
1461 2974 1728 3047 (Philipp.
1758 2992 1844 3042 ιιι,

202 3066 314 3138 18).
346 3064 477 3120 Sive
508 3079 578 3119 ex
624 3063 835 3119 aﬁ‘ectu
882 3063 1191 3119 cbaritatis
1239 3063 1584 3135 hujusmodi
1616 3063 1847 3136 rugitus

194 3154 501 3223 emittunt,
534 3152 688 3208 sicut
720 3152 805 3233 ait
832 3151 990 3207 idem
1036 3150 1388 3224 Apostolus:
1419 3154 1664 3208 Tristitia
1701 3152 1845 3207 mihi

186 3252 276 3300 est
300 3258 503 3307 magna
529 3246 585 3297 et
631 3243 924 3297 continuus
978 3240 1134 3297 dolor
1181 3242 1342 3298 cordi
1395 3257 1513 3297 meo
1551 3242 1726 3311 (Rom.
1762 3258 1839 3309 1x,

184 3333 271 3404 2).
333 3331 478 3387 Item
537 3330 650 3385 ait:
708 3335 797 3386 Ex
835 3331 1017 3386 multa
1073 3330 1434 3387 tribulatione
1478 3339 1530 3386 et
1580 3332 1845 3400 angustia

182 3419 376 3479 cordis
415 3421 615 3491 scripsi
674 3419 820 3475 vobis
862 3436 963 3490 per
1016 3419 1217 3474 multas
1267 3420 1544 3492 lacrymas
1584 3420 1659 3491 (Il
1714 3418 1839 3479 Cor.

187 3528 257 3578 ιι,
294 3509 371 3580 4).
403 3507 684 3574 Qualibus
715 3506 919 3564 dolens
950 3523 1020 3563 ex
1049 3507 1357 3564 charitatis
1411 3508 1733 3564 visceribus
1754 3508 1842 3562 di-

186 3599 311 3653 cit:
344 3598 533 3654 Filioli
559 3599 686 3665 mei,
720 3612 845 3669 quos
873 3598 1077 3653 iterum
1121 3600 1395 3669 parturio,
1445 3598 1614 3653 donec
1640 3602 1843 3669 forme-

190 3696 290 3743 tur
319 3687 564 3743 Christus
624 3689 685 3742 in
713 3686 861 3742 vobis
915 3686 1115 3756 (Galat.
1174 3704 1250 3753 ιν,
1326 3687 1405 3759 9).
1468 3689 1612 3743 Item
1670 3686 1752 3741 ait
1784 3686 1842 3741 in

188 3776 439 3832 Actibus
496 3775 916 3848 apostolorum,
967 3775 1069 3832 ubi
1123 3792 1358 3831 omnem
1416 3776 1844 3832 fraternitatem

194 3863 501 3921 collectam
532 3863 889 3937 alloquitur:
955 3864 1206 3935 Vigilate,
1267 3867 1543 3921 memoriae
1602 3865 1845 3920 retinen-

195 3963 299 4020 tes,
332 3955 592 4025 quoniam
617 3970 716 4026 per
743 3955 1053 4009 triennium
1084 3963 1235 4009 nocte
1263 3958 1316 4009 et
1373 3954 1471 4010 die
1507 3969 1618 4011 non
1646 3952 1850 4009 cessavi

193 4059 328 4099 cum
372 4043 638 4114 lacrymis
664 4059 883 4099 monere
931 4059 1377 4115 unumquemque
1431 4052 1667 4100 vestrum
1712 4043 1846 4114 (Act.

196 4149 296 4203 xx,
330 4131 444 4202 31).
478 4133 549 4188 Et
578 4132 792 4188 iterum
825 4132 942 4188 ait:
974 4134 1090 4204 Ipsi
1124 4134 1279 4188 scitis
1306 4134 1548 4205 qualiter
1574 4134 1853 4189 vobiscum

189 4238 300 4294 per
350 4237 507 4278 omne
566 4224 780 4294 tempus
846 4224 1075 4293 fuerim,
1141 4224 1385 4279 serviens
1440 4225 1670 4279 Domino
1727 4239 1854 4277 cum

195 4312 358 4367 omni
384 4310 698 4367 humzlitate
750 4315 806 4367 et
863 4312 1123 4384 lucrymis
1181 4313 1353 4383 (Ibid.
1418 4315 1504 4378 18,
1565 4313 1673 4384 19).
1722 4312 1855 4367 Haec

195 4400 386 4473 igitur
413 4399 627 4456 idcirco
657 4400 810 4456 dicta
840 4406 998 4472 sunt,
1027 4405 1094 4456 ut
1148 4404 1405 4459 sciamus
1462 4403 1742 4474 quoniam
1781 4401 1852 4456 ad

201 4487 463 4565 gemitus
492 4494 550 4545 et
578 4490 810 4563 rugitus
843 4491 1171 4562 pertineant
1205 4490 1526 4558 tribulatio,
1560 4490 1854 4563 angustia,

200 4578 479 4651 lacrymm
507 4583 566 4635 et
584 4578 749 4635 dolor
779 4578 1094 4636 continuus
1124 4579 1317 4635 cordis
1348 4585 1709 4636 sanctorum.
1745 4578 1855 4634 Ali-
1887 4600 1935 4665 D

202 4676 303 4726 ter
327 4668 715 4724 incurventur
743 4668 814 4724 ad
847 4668 1053 4735 fetum,
1112 4674 1170 4724 et
1222 4668 1479 4740 pariunt,
1542 4675 1599 4724 et
1631 4669 1858 4739 rugitus

210 4756 535 4817 emittunt:
568 4756 669 4812 ubi
714 4758 1126 4829 praedicatores
1147 4756 1412 4813 veritatis
1454 4758 1697 4812 verbum
1729 4756 1862 4812 ﬁdei

210 4845 500 4919 cceperint
527 4844 782 4902 editione
811 4846 1027 4918 eloquii
1076 4846 1410 4918 praedicare,
1459 4846 1613 4903 illico
1658 4847 1731 4901 ab
1761 4846 1864 4901 ad-

210 4933 490 4997 versariis
521 4934 928 5003 incruvantur,
965 4935 1023 4991 id
1080 4940 1190 5000 est,
1248 4936 1533 4991 custodiis
1564 4952 1865 4991 carcerum

213 5022 615 5082 humiliantur
656 5028 831 5097 atque
886 5024 1267 5093 verberibus;
1324 5026 1426 5081 sed
1484 5026 1623 5097 quia
1674 5042 1778 5082 nec
1808 5025 1869 5079 in

211 5111 471 5170 vinculis
500 5113 743 5170 verbum
774 5113 877 5169 Dei
909 5118 999 5170 est
1028 5112 1333 5187 alligatum
1363 5130 1376 5170 :
1421 5113 1539 5169 illic
1572 5113 1871 5170 nihilomi-

216 5221 335 5261 nus
360 5203 423 5259 id
456 5202 690 5275 pOpulis
721 5204 980 5275 pariunt,
1016 5219 1132 5274 quo
1156 5208 1216 5259 et
1239 5203 1350 5275 ipsi
1384 5204 1443 5258 in
1475 5203 1703 5259 Christo
1736 5221 1871 5258 nas-

218 5299 483 5351 cuntur:
544 5291 708 5348 Sicut
759 5291 861 5362 ait,
923 5297 990 5347 ut
1054 5292 1331 5359 diximus,
1392 5292 1450 5347 in
1482 5297 1871 5363 regeneratus,

1926 568 2127 641 gratiae
2185 567 2530 641 suppliciter
2586 566 2989 640 implorantes.
3068 570 3266 637 Aliter,
3346 572 3576 645 rugitus

1927 657 2223 729 emittunt,
2265 657 2404 730 quia
2431 656 2534 729 qui
2572 657 2774 728 adjicit
2829 658 3153 724 scientiam,
3210 660 3414 730 adjicit
3468 662 3578 716 do-

1929 746 2147 802 lorem:
2179 752 2423 820 gemunt
2453 746 2639 801 sancti
2668 746 2993 819 cogitantes
3024 752 3247 819 quanta
3276 754 3414 802 sunt
3433 750 3579 820 peri-

1931 835 2067 893 cula
2094 835 2275 907 hujus
2304 835 2454 907 vitas,
2485 835 2574 891 vel
2602 852 2778 907 quam
2810 834 2981 908 longe
3011 840 3152 892 sunt
3201 854 3235 892 a
3262 836 3575 895 virtutibus

1933 942 2084 997 quas
2113 923 2440 996 requirunt.

2008 1080 2037 1108 ‹‹
2073 1058 2436 1131 Separantur
2463 1057 2569 1113 ﬁlii
2594 1075 2817 1127 earum,
2843 1064 2900 1115 et
2928 1064 3179 1132 pergunt
3208 1061 3277 1116 ad
3302 1065 3536 1133 pastum
3565 1079 3580 1117 :

1938 1147 2338 1220 egrediuntur,
2371 1152 2429 1203 et
2459 1165 2575 1203 non
2605 1152 2981 1204 revertuntur
3010 1151 3081 1205 ad
3113 1167 3232 1206 eas.
3257 1172 3286 1202 »
3319 1152 3583 1207 Parturi-

1937 1236 2097 1293 tione
2127 1236 2471 1310 apostolica,
2522 1237 2630 1292 ﬁlii
2674 1254 2825 1310 quos
2871 1239 3061 1294 sancti
3111 1240 3170 1293 in
3221 1240 3451 1297 Christo
3481 1259 3581 1314 ge-

1940 1326 2197 1393 nuerint,
2243 1327 2365 1382 sive
2394 1342 2429 1381 a
2458 1325 2724 1399 pristinis
2753 1328 3049 1384 erroribus
3075 1329 3221 1397 suis,
3255 1329 3375 1386 sive
3405 1331 3583 1391 etiam

1941 1434 1976 1471 a
2004 1415 2341 1472 carnalibus
2361 1416 2637 1488 operibus
2668 1422 3050 1488 separantur:
3083 1418 3143 1473 in
3178 1419 3395 1490 quibus
3425 1437 3583 1476 nunc

1940 1505 2315 1572 erubescunt,
2347 1509 2414 1560 ut
2436 1505 2565 1577 jam
2597 1521 2715 1561 non
2745 1505 2858 1561 sibi
2912 1505 3128 1574 vivant,
3190 1509 3291 1564 sed
3337 1507 3590 1575 Christo,

1942 1594 2044 1668 qui
2074 1611 2178 1668 pro
2229 1591 2315 1650 eis
2360 1598 2630 1650 mortuus
2680 1599 2790 1662 est,
2850 1601 2907 1651 et
2966 1597 3300 1652 resurrexit.
3334 1597 3593 1670 Pergunt

1943 1686 2015 1741 ad
2046 1688 2320 1757 pastum:
2355 1684 2414 1739 id
2447 1688 2555 1755 est,
2603 1700 2708 1756 per
2736 1684 3043 1740 scientiam
3072 1687 3470 1757 profundioris
3502 1688 3593 1742 in-

1941 1773 2278 1847 telligentia
2344 1773 2607 1845 quotidie
2679 1773 2911 1829 excitati
2961 1775 3341 1831 conversione
3415 1777 3593 1847 proﬁ-

1862 1858 1913 1924 B
1944 1864 2126 1934 ciunt,
2168 1862 2451 1927 dicentes,
2522 1862 2803 1918 animalia
2864 1863 3051 1918 sancti
3115 1863 3235 1919 veri
3302 1865 3597 1936 pastoris:

1942 1954 2211 2010 Dominus
2239 1952 2378 2023 regit
2398 1967 2504 2021 me,
2538 1959 2589 2007 et
2624 1952 2773 2007 nihil
2819 1952 2963 2007 mihi
3018 1952 3202 2008 deerit
3231 1953 3400 2023 (Psal.
3432 1971 3597 2021 xxm,

1948 2043 2038 2115 1):
2068 2047 2124 2098 et
2153 2046 2379 2112 castera,
2412 2057 2540 2112 qua
2590 2045 2923 2113 sequuntur
2973 2042 3035 2096 in
3082 2042 3310 2115 psalmo
3351 2042 3596 2110 eodem;

1946 2131 2031 2187 sic
2058 2131 2324 2202 inquam,
2374 2134 2632 2202 pergunt
2679 2130 2869 2185 sancti
2918 2130 3021 2184 ﬁlii
3067 2130 3597 2203 evangelizantium

1950 2236 2151 2293 pacem
2182 2220 2355 2290 (Rom.
2390 2236 2445 2283 x,
2503 2218 2612 2289 15),
2671 2218 2825 2273 sicut
2872 2219 2994 2288 jam
3052 2218 3192 2284 dixi,
3226 2219 3283 2274 id
3343 2225 3451 2288 est,
3485 2236 3605 2275 cre-

1950 2312 2124 2365 scunt
2153 2312 2327 2380 atque
2359 2306 2690 2379 proﬁciunt.
2723 2308 2808 2362 Ad
2840 2307 3021 2363 istum
3052 2312 3292 2380 pastum
3341 2308 3602 2373 Domini,

1951 2402 2008 2452 et
2029 2396 2101 2451 ad
2128 2396 2279 2451 hanc
2310 2394 2654 2452 alimoniam
2684 2401 3022 2452 sanctarum
3055 2397 3411 2462 animarum,
3442 2401 3501 2452 et
3528 2398 3603 2452 ad

1950 2485 2097 2541 tales
2129 2484 2370 2541 delicias
2428 2484 2789 2556 spirituales,
2844 2485 3225 2557 egrediuntur
3278 2487 3482 2557 utique
3532 2487 3605 2541 ab

1952 2574 2203 2630 infantia
2234 2590 2465 2630 morum
2497 2573 2755 2645 quotidie
2806 2574 3195 2646 proﬁcientes,
3243 2576 3608 2646 proﬁciscen-

1954 2669 2041 2720 tes
2073 2663 2355 2718 virtutum
2388 2662 2595 2719 merito
2628 2663 2685 2717 in
2737 2664 2929 2718 virum
2986 2665 3333 2735 perfectum.
3386 2666 3457 2720 Et
3486 2683 3605 2721 non

1956 2756 2328 2809 revertuntur
2373 2752 2445 2807 ad
2490 2769 2609 2808 eas.
2656 2752 2780 2807 Non
2840 2757 3230 2819 revertuntur,
3292 2757 3359 2807 ut
3389 2753 3605 2808 iterum

1957 2858 2196 2897 necesse
2227 2842 2304 2896 sit
2332 2857 2432 2897 eos
2464 2841 2679 2910 doceri,
2714 2858 2843 2912 quae
2893 2840 3012 2895 sint
3060 2840 3351 2896 elementa
3383 2841 3605 2895 exordii

1957 2947 2299 2987 sermonum
2332 2929 2451 2985 Dei.
2486 2929 2609 2985 Non
2644 2933 3013 2985 revertuntur
3059 2930 3131 2985 ad
3179 2947 3247 2985 ea
3292 2947 3419 3001 qua“:
3452 2933 3605 2985 retro

1958 3024 2115 3091 sunt,
2141 3020 2240 3075 sed
2274 3020 2347 3074 ad
2378 3034 2446 3074 ea
2475 3035 2603 3090 quae
2638 3018 2694 3072 in
2715 3023 2849 3073 ante
2874 3024 3013 3073 sunt
3033 3035 3095 3073 se
3111 3020 3449 3074 extendunt.
3474 3018 3601 3075 Non

1957 3112 2349 3175 revertuntur,
2414 3115 2479 3161 ut
2532 3108 2796 3178 quidam,
2860 3107 3076 3177 quibus
3120 3108 3202 3161 ait
3246 3107 3600 3179 Apostolus:

1871 3226 1914 3294 ρ
1956 3198 2144 3254 Filioli
2199 3198 2328 3263 mei,
2387 3213 2518 3267 quos
2554 3205 2778 3294 “iterum
2828 3198 3090 3267 periurio
3146 3196 3316 3252 donec
3352 3196 3603 3253 Christus

1950 3290 2221 3360 formetur
2250 3289 2311 3341 in
2342 3286 2490 3341 vobis
2519 3285 2717 3355 (Galut.
2772 3302 2851 3347 ιν,
2900 3287 3026 3357 19):
3089 3287 3190 3340 sed
3242 3286 3436 3357 potius
3467 3288 3603 3340 sub-

1952 3382 2095 3432 eunt
2123 3377 2342 3448 gradus
2363 3375 2796 3441 ascensionum,
2852 3374 3224 3429 inambulant
3271 3376 3343 3430 de
3373 3375 3604 3430 virtuti-

1955 3469 2068 3522 bus
2097 3466 2157 3520 in
2190 3465 2484 3520 virtutem.
2516 3464 2871 3535 Hujusmodi
2901 3479 3038 3537 ergo
3069 3463 3173 3518 ﬁlii
3205 3481 3320 3519 non
3354 3468 3603 3536 possunt

1953 3555 2176 3623 audire,
2219 3558 2285 3608 ut
2335 3552 2572 3620 Galatae,
2629 3570 2830 3609 vocem
2881 3553 3235 3625 increpantis
3296 3553 3598 3625 Apostoli:

1960 3645 2154 3700 Vellem
2182 3659 2297 3698 csse
2324 3642 2467 3714 apud
2510 3659 2622 3709 vos,
2652 3651 2711 3698 et
2735 3647 2954 3699 mutare
3008 3659 3188 3698 vocem
3233 3659 3410 3697 meam
3436 3642 3600 3714 (ibid.

1951 3736 2065 3805 20).
2097 3733 2203 3787 Hic
2259 3749 2397 3805 ergo
2447 3748 2640 3787 sermo
2700 3732 2797 3787 Dei
2856 3734 2965 3787 sub
3024 3734 3211 3804 ﬁgura
3237 3748 3603 3804 caprearum,

1956 3830 2013 3880 et
2043 3823 2285 3887 ibicum,
2320 3820 2599 3876 describit
2637 3821 2953 3893 apostolos,
3006 3822 3160 3876 sicut
3202 3823 3329 3890 jam
3377 3821 3516 3888 dixi,
3549 3828 3605 3876 ct

1957 3911 2309 3985 apostolicos
2338 3910 2493 3965 viros
2519 3929 2531 3977 ;
2566 3916 2741 3982 atque
2773 3927 2977 3966 omnes
3004 3911 3268 3965 doctores
3317 3910 3605 3975 Ecclesiae,

1958 4019 2061 4074 per
2110 4017 2360 4072 quorum
2409 4000 2739 4055 doctrinam
2799 3999 3056 4055 Ecclesia
3099 3997 3433 4069 spirituales
3493 3998 3605 4051 sibi

1960 4091 2113 4147 filios
2166 4094 2424 4163 generat.
2480 4090 2547 4143 Et
2578 4105 2945 4161 unaquaeque
2975 4088 3174 4142 anima
3198 4087 3270 4140 de
3301 4087 3472 4140 verbo
3510 4086 3605 4139 Dei

1961 4179 2317 4251 concipiens,
2346 4178 2496 4250 parit
2526 4178 2677 4233 ﬁlios
2730 4181 3013 4233 bonorum
3058 4192 3322 4247 operum,
3356 4191 3485 4244 quae
3516 4178 3609 4229 ta-

1963 4287 2096 4325 men
2129 4285 2305 4323 cervze
2338 4267 2415 4322 sit
2444 4266 2676 4330 similis,
2702 4273 2758 4321 et
2800 4265 2958 4324 ibici.
3012 4264 3147 4318 utin
3185 4264 3487 4319 montibus
3514 4264 3615 4319 ha-

1964 4359 2128 4422 bitet,
2162 4362 2217 4411 et
2245 4356 2305 4410 in
2355 4356 2534 4426 petris
2566 4346 2805 4417 nutriat,
2858 4354 3139 4425 veloxque
3170 4352 3265 4419 sit,
3317 4357 3374 4407 et
3403 4353 3613 4407 alacris

1965 4448 2038 4503 ad
2072 4445 2419 4499 currendam
2448 4444 2603 4499 viam
2638 4444 2885 4498 Domini.
2921 4443 3233 4514 Serpentes
3282 4459 3514 4513 quoque
3545 4443 3616 4495 de

1966 4541 2123 4591 terra
2153 4551 2262 4589 sua
2291 4534 2519 4599 educat,
2554 4538 2612 4587 et
2635 4533 2788 4587 vivat
2820 4532 3001 4587 multo
3060 4537 3340 4602 tempore,
3373 4531 3619 4585 audiens

1970 4623 2356 4699 prophetam:
2390 4623 2736 4693 Adjicientur
2778 4624 2882 4677 tibi
2928 4624 3067 4676 anni
3108 4623 3236 4676 vitae
3289 4628 3399 4673 tua:
3430 4623 3616 4690 (Prov.

1972 4732 2052 4779 1x,
2088 4713 2197 4783 11).
2232 4710 2475 4767 Talibus
2506 4711 2689 4766 cervis
2737 4716 2876 4767 sunt
2925 4716 3153 4765 montes
3202 4707 3435 4775 excelsi,
3469 4724 3619 4778 quos

1974 4801 2209 4858 Domini
2237 4817 2345 4854 vox
2376 4799 2619 4870 perﬁcit,
2651 4807 2707 4856 et
2736 4817 2987 4872 quorum
3020 4799 3198 4872 pedes
3246 4798 3305 4851 in
3345 4813 3621 4851 consum-

1979 4891 2236 4946 matione
2270 4890 2568 4961 perducet.

2056 5048 2076 5072 σι
2115 5022 2259 5087 Quis
2289 5021 2515 5078 dimisit
2543 5040 2828 5094 onagrum
2862 5021 3137 5091 liberum,
3169 5024 3225 5075 et
3247 5019 3479 5075 vincula
3500 5022 3629 5091 ejus

1981 5114 2116 5184 quis
2146 5111 2367 5167 solvit?
2401 5135 2428 5159 ι»
2462 5113 2525 5167 In
2558 5129 2726 5166 cerva
2777 5117 2833 5166 et
2869 5111 3015 5166 ibice
3063 5108 3336 5181 superius
3384 5111 3633 5183 ﬁguram

1982 5200 2250 5257 Ecclesia:
2310 5217 2438 5254 esse
2496 5200 2971 5255 monstravimus.
3032 5201 3197 5255 Nunc
3241 5216 3374 5255 vero
3435 5201 3640 5271 onagri

1988 5290 2246 5355 nomine,
2277 5289 2634 5344 arbitramur
2666 5289 2946 5361 populum
2978 5291 3315 5346 Judarorurn
3350 5307 3519 5362 posse
3552 5290 3640 5345 in-

221 5387 472 5441 sanctus
500 5380 852 5453 Apostolus:
913 5386 982 5438 In
1040 5381 1249 5437 Christo
1293 5384 1423 5437 Iesu
1477 5398 1576 5452 per
1624 5385 1877 5452 Evange-
1987 5378 2194 5451 telligi,
2229 5394 2402 5449 quem
2439 5384 2589 5433 Deus
2621 5379 2693 5432 ob
2725 5378 3194 5435 incredulitatem
3236 5381 3363 5450 ejus
3394 5378 3639 5434 dimise«

223 5476 370 5530 lium
400 5486 499 5540 ego
528 5487 624 5526 vos
652 5473 820 5540 genui
874 5473 924 5538 (I
977 5471 1093 5526 Cor.
1158 5489 1233 5541 ιν,
1294 5472 1418 5542 15);
1488 5471 1766 5542 Deinceps
1806 5470 1879 5524 ad

228 5569 421 5619 Deum
451 5560 512 5615 in
542 5560 914 5616 orationibus
945 5560 1174 5631 rugitus
1204 5560 1678 5633 deprecationum
1710 5559 1884 5616 emit-

223 5654 386 5719 tunt,
418 5646 505 5705 vel
536 5646 642 5720 pro
672 5647 1146 5720 persecutoribus
1188 5648 1315 5704 suis
1362 5649 1546 5705 Deum
1591 5656 1882 5720 rogantes,

1991 5469 2085 5533 rit,
2119 5468 2271 5522 sicut
2301 5467 2420 5522 ait:
2470 5469 2533 5523 El
2585 5468 2799 5522 dimisit
2848 5485 2939 5523 eos
2991 5471 3295 5524 secundum
3351 5469 3637 5524 desideria

1989 5557 2167 5614 cordis
2224 5572 2415 5612 eorum
2468 5557 2644 5629 (Psal.
2708 5574 2871 5623 Lxxx,
2935 5559 3043 5630 13).
3104 5560 3269 5623 Quod
3333 5558 3391 5612 in
3437 5556 3639 5611 multis

1995 5647 2128 5704 aliis
2154 5644 2299 5703 locis
2353 5646 2787 5719 Scripturarum
2845 5646 2998 5704 Deus
3053 5648 3165 5704 hoc
3212 5649 3648 5719 tuturum‘esse
