3980 6184
382 339 506 405 815

1887 345 2306 412 APPENDIX.

3675 355 3803 420 816

392 481 666 538 testatur.
699 476 997 552 Cujusque
1024 477 1261 536 vincula
1315 482 1604 553 prmoepta
1654 496 1783 537 esse
1827 479 2042 555 legalia
2068 484 2127 552 Α
2154 485 2252 556 qui
2279 482 2569 540 inhabitet.
2598 481 2773 553 (Psal.
2809 499 2999 551 vam,
3030 483 3141 557 26).
3176 483 3441 543 Solitudo
3460 485 3667 560 itaque
3688 489 3809 544 fac-

392 587 512 628 non
542 570 796 627 absurde
824 568 1133 627 sentimus.
1165 570 1313 626 Nam
1335 572 1609 627 eumdem
1631 575 2039 628 contumacem

391 660 679 734 populum
729 662 786 715 et
829 659 1128 727 rebellem,
1176 660 1461 733 propheta
1506 660 1588 715 ita
1642 661 1935 733 objurgat,
1983 665 2041 717 et

390 751 677 824 increpat,
709 749 949 806 dicens:
1016 751 1185 805 Vacca
1242 750 1526 805 lasciviens
1571 751 1763 816 Israel,
1821 753 2037 822 confre-

390 841 526 911 gisti
562 843 782 913 jugum,
831 840 1030 911 rupisti
1074 840 1298 894 vincula
1348 838 1502 910 (Osee
1564 856 1641 907 1v,
1710 841 1818 910 16).
1867 844 2036 896 Hunc

383 930 568 1004 igitur
587 929 756 1001 quasi
778 944 1086 1001 onagrum,
1117 928 1492 984 immundum
1518 928 1785 984 videlicet
1814 930 2034 985 animal

386 1037 451 1077 ac
482 1021 694 1077 etl‘rene
724 1018 961 1091 reliquit
985 1017 1292 1085 Dominus,
1323 1022 1388 1073 ut
1417 1018 1489 1073 ab
1518 1035 1585 1075 eo
1620 1019 1767 1090 jugo
1800 1018 2033 1091 imperii

388 1110 503 1178 sui,
534 1109 671 1183 quia
699 1126 931 1182 semper
959 1108 1176 1164 restitit
1214 1108 1468 1177 obedire,
1523 1125 1558 1163 a
1601 1107 1854 1167 vinculis
1884 1126 2029 1181 prm-

383 1204 685 1272 ceptorum
716 1197 930 1255 diaboli
963 1196 1308 1266 solveretur,
1339 1201 1392 1252 et
1426 1198 1753 1253 secundum
1782 1199 2028 1270 Aposto-

382 1290 508 1347 lum
539 1306 742 1347 servus
774 1287 1015 1362 peccati,
1056 1287 1205 1344 liber
1251 1291 1408 1344 esset
1447 1287 1689 1358 justitia:
1738 1289 1915 1361 (Rom.
1947 1306 2025 1358 vr,

380 1381 497 1452 20),
555 1380 641 1436 sic
697 1378 855 1435 enim
909 1378 1036 1450 ipse
1093 1377 1374 1434 Dominus
1430 1378 1502 1432 de
1558 1377 1781 1434 Judazis
1839 1377 1920 1434 ait
1967 1377 2027 1433 in

382 1469 655 1527 Psalmo:
704 1470 1121 1541 Disrumpamus
1166 1468 1386 1524 vincula
1433 1483 1642 1535 eorum,
1680 1474 1733 1522 et
1757 1468 2026 1539 projicie-

378 1559 506 1616 mus
534 1577 567 1615 a
592 1560 750 1616 nobis
786 1559 987 1629 jugum
1016 1559 1262 1627 ipsorum
1307 1557 1479 1629 (Psal.
1541 1575 1605 1622 ιι,
1640 1556 1732 1629 3):
1764 1556 1866 1613 ubi
1896 1557 2026 1628 ipsa

373 1650 633 1711 Trinitas
661 1648 764 1704 Dei
792 1647 901 1704 hoc
931 1647 1147 1703 dixisse
1177 1646 1423 1703 videtur.
1457 1646 1606 1704 Nam
1635 1646 2024 1717 quemadmo-

377 1740 519 1797 dum
551 1738 611 1792 in
642 1735 850 1794 Genesi
881 1735 940 1791 in
975 1736 1198 1792 factura
1227 1734 1486 1791 hominis
1531 1734 1839 1807 pluraliter
1877 1734 2023 1791 dixit

372 1827 526 1884 Deus
554 1843 567 1883 :
597 1826 888 1882 Faciamus
914 1826 1189 1881 hominem
1225 1825 1295 1883 ad
1323 1825 1625 1899 imaginem
1665 1832 1716 1881 et
1747 1822 2022 1901 similitu-
2052 1862 2103 1927 Β

371 1916 563 1972 dinem
580 1914 824 1971 nostram
856 1912 1006 1979 (Gen.
1042 1932 1079 1983 ι,
1111 1915 1202 1984 26)
1230 1932 1241 1970 :
1274 1914 1357 1970 ita
1384 1918 1443 1970 et
1487 1914 1583 1969 hic
1630 1913 1861 1970 locutus
1891 1918 2018 1971 est:
2052 1912 2096 1983 ⁵ζ

367 2006 759 2077 Dirumpamus
804 2004 1027 2060 vincula
1074 2019 1287 2067 eorum,
1340 2012 1390 2059 et
1437 2003 1802 2075 projiciamus
1850 2020 1886 2058 a
1926 2018 2022 2061 no-

369 2094 452 2151 bis
462 2095 665 2167 jugum
706 2096 951 2166 ipsorum
982 2094 1156 2165 (Psal.
1189 2110 1253 2159 II,
1287 2093 1363 2161 3).
1398 2093 1581 2157 Quem
1611 2091 1807 2148 locum
1839 2094 2019 2147 Actus

368 2183 769 2257 apostolorum
816 2183 901 2239 ita
948 2199 1011 2238 se
1059 2182 1275 2238 habere
1324 2182 1633 2238 manifeste
1681 2180 2014 2237 declarant:

367 2274 470 2330 ubi
499 2272 749 2346 apostoli
805 2272 877 2327 ad
933 2272 1119 2327 Deum
1174 2270 1546 2327 elevaverunt
1596 2287 1797 2326 vocem
1842 2287 2015 2326 suam

366 2366 544 2433 atque
575 2361 882 2416 dixerunt:
942 2362 1189 2430 Domine,
1248 2363 1310 2415 tu
1361 2360 1459 2431 qui
1510 2360 1699 2431 fecisti
1746 2361 1943 2415 caelum
1967 2363 2020 2414 et

365 2459 591 2519 terram,
621 2464 802 2516 mare,
837 2456 888 2503 et
918 2452 1111 2504 omnia
1138 2464 1258 2520 quae
1288 2451 1346 2504 in
1375 2450 1454 2506 eis
1485 2453 1630 2516 sunt,
1663 2450 1760 2521 qui
1804 2449 2018 2520 spiritu

362 2541 551 2597 sancto
575 2553 677 2609 per
701 2552 758 2593 os
783 2538 963 2608 patris
993 2538 1167 2592 nostri
1221 2538 1397 2594 David
1447 2539 1612 2609 pueri
1664 2539 1750 2592 tui
1777 2537 2015 2593 dixisti:

365 2630 549 2699 Quare
591 2629 937 2699 fremuerunt
984 2635 1187 2698 gentes,
1248 2635 1302 2682 et
1350 2628 1545 2699 populi
1594 2626 1849 2684 meditati
1888 2635 2019 2683 sunt

360 2716 612 2775 inania?
648 2717 967 2775 Astiterunt
1013 2732 1164 2788 reges
1212 2724 1379 2773 terra
1426 2719 1475 2771 et
1515 2718 1793 2789 principes
1821 2731 2013 2772 conue-

358 2810 565 2864 nerunt
591 2807 656 2863 in
708 2822 904 2873 unum,
961 2805 1226 2862 adversus
1280 2807 1596 2873 Dominum,
1656 2814 1710 2861 et
1760 2804 2014 2862 adversus

364 2896 650 2957 Christum
667 2896 790 2967 ejus
815 2896 952 2967 (Act.
986 2913 1063 2962 1v,
1094 2895 1310 2965 24-27).
1343 2895 1429 2951 Ob
1460 2894 1567 2950 hoc
1594 2893 1775 2967 igitur
1820 2893 2011 2951 scelus

361 2986 519 3060 quod
577 2985 640 3041 in
695 2984 927 3042 Christo
984 2984 1125 3041 Filio
1179 2983 1279 3040 Dei
1335 2983 1719 3044 commissum
1779 2987 1887 3052 est,
1929 2984 2013 3039 ait

254 3138 265 3153 Ι
359 3078 552 3147 Pater,
586 3074 689 3146 qui
719 3078 781 3129 in
810 3073 1030 3147 Spiritu
1061 3090 1168 3129 suo
1197 3073 1307 3129 hoc
1338 3073 1601 3129 futurum
1641 3073 2009 3145 prmdixerat,

365 3164 609 3221 dicens:
640 3164 1038 3236 Dirumpamus
1094 3165 1316 3218 vincula
1373 3179 1587 3234 eorum,
1647 3170 1701 3219 et
1745 3163 2010 3236 projicia-

2150 576 2248 630 tus
2277 578 2367 629 est
2394 572 2647 646 populus
2672 572 2791 639 ille,
2822 577 2881 629 et
2922 589 3174 643 eremus,
3228 575 3369 648 quia
3418 575 3618 633 ablata
3648 577 3805 651 lege,

2147 662 2475 735 prophetia,
2506 661 2850 717 sacerdotio:
2885 662 3172 719 sacriﬁcio
3202 680 3437 735 quoque
3466 682 3532 721 ac
3578 666 3808 722 beneﬁ-

2146 752 2254 807 ciis
2283 752 2516 819 divinis,
2571 750 2768 824 gratias
2825 751 3005 807 etiam
3062 752 3423 824 protectione
3478 754 3693 826 privati
3734 773 3808 813 ac

2144 840 2409 897 destituti
2441 836 2601 896 sunt.

2220 953 2242 979 α
2278 930 2344 985 Et
2366 928 2745 985 tabernacula
2771 930 2899 1000 ejus
2932 930 2993 985 in
3047 934 3203 987 terra
3262 930 3609 1004 salsuginis.
3644 955 3671 985 ο
3728 936 3808 991 Ut

2124 1006 2270 1075 ‘sine
2325 1017 2448 1074 ulla
2494 1035 2598 1091 spe
2647 1018 3057 1091 promissionis
3115 1019 3219 1076 Dei
3280 1021 3502 1078 sterilis
3555 1023 3803 1096 viveret,

2140 1114 2198 1165 et
2252 1109 2655 1165 infructuosus
2715 1114 2932 1164 terram
2997 1108 3320 1182 salsuginis
3366 1109 3586 1167 dicitur
3634 1130 3802 1170 acce-

2140 1198 2341 1270 pisse:
2374 1198 2475 1253 ubi
2524 1202 2733 1270 praeter
2779 1197 3235 1253 amaritudinem
3279 1214 3399 1270 qua
3440 1200 3632 1257 Deum
3664 1219 3803 1275 pro-

2136 1292 2371 1344 vocaret
2399 1288 2471 1343 ad
2504 1287 2890 1352 iracundiam,
2922 1286 3068 1342 nihil
3098 1286 3359 1343 haberet.
3391 1288 3487 1345 Sic
3537 1308 3803 1365 namque

2137 1374 2276 1432 alibi
2303 1377 2374 1432 de
2406 1378 2517 1432 Deo
2576 1375 2718 1432 dicit
2774 1376 3094 1449 propheta:
3153 1379 3398 1434 Posuisti
3448 1382 3704 1450 ﬂumina
3743 1385 3801 1439 in

2134 1465 2429 1533 desertum,
2462 1474 2514 1521 et
2539 1468 2720 1521 exitus
2767 1482 3044 1538 aquarum
3088 1468 3174 1522 in‘
3197 1469 3368 1523 sitim.
3405 1470 3639 1526 Terram
3674 1474 3800 1543 fru-

2132 1557 2387 1626 ctiferam
2414 1557 2478 1610 in
2520 1555 2867 1627 salsuginem
2906 1572 2939 1611 a
2986 1554 3217 1612 malitia
3262 1559 3713 1616 inhabitantium
3740 1566 3799 1617 in

2131 1661 2200 1700 ea
2221 1643 2401 1717 (Psal.
2434 1656 2543 1711 CVI,
2576 1646 2668 1711 33,
2700 1645 2814 1714 34).

2206 1732 2595 1789 «Contemnit
2641 1732 3084 1789 multitudinem
3136 1735 3410 1803 civitatis,
3465 1738 3796 1797 clamorem

2132 1823 2418 1879 exactoris
2444 1840 2561 1879 non
2614 1822 2796 1877 audit.
2833 1844 2864 1872 ››
2884 1822 3142 1879 Ecclesia
3197 1830 3286 1881 est
3341 1826 3464 1882 haec
3509 1828 3792 1897 civitatis,

2131 1930 2260 1985 quae
2277 1916 2508 1969 constat
2536 1928 2606 1968 ex
2635 1911 3017 1969 multitudine
3046 1913 3572 1973 innumerabilium
3612 1936 3794 1993 pepu-

2130 2002 2345 2065 lorum,
2390 2002 2463 2057 de
2521 2018 2639 2073 qua
2698 2001 2980 2057 Dominus
3037 2003 3155 2059 ait:
3217 2005 3335 2060 Non
3388 2015 3565 2076 potest
3592 2012 3793 2065 ciuitas

2128 2090 2395 2148 abscondi
2413 2094 2471 2146 in
2490 2100 2672 2147 monte
2689 2092 2880 2163 posita
2901 2092 3118 2162 (Matth.
3160 2110 3213 2160 ν,
3249 2094 3357 2165 14).
3390 2098 3555 2152 Hanc
3608 2099 3797 2171 igitur

2130 2180 2382 2252 quisque
2409 2180 2653 2237 Judasus
2682 2179 3033 2251 despiciens,
3058 2184 3407 2253 respuendo,
3432 2189 3786 2253 contemnit,

2129 2268 2445 2325 clamorem
2477 2270 2655 2325 etiam
2686 2268 3004 2340 cujuslibet
3032 2271 3486 2343 evangelizantis
3534 2278 3787 2334 verbum

2127 2357 2254 2426 Dei,
2286 2363 2347 2415 et
2394 2358 2682 2430 exigentis
2730 2357 3128 2414 obedientiam
3159 2361 3317 2428 ﬁdei,
3348 2378 3465 2418 non
3499 2366 3697 2432 audit,
3732 2368 3791 2423 id

2126 2451 2234 2515 est,
2267 2447 2503 2503 obedire
2534 2448 2832 2503 detrectat.
2866 2446 2952 2502 Ob
2995 2447 3105 2504 hoc
3152 2448 3332 2521 igitur
3383 2452 3787 2511 incrassatum

2125 2540 2216 2591 est
2244 2551 2346 2591 cor
2373 2551 2598 2603 eorum,
2641 2540 2699 2591 et
2726 2534 2927 2591 oculos
2970 2552 3111 2593 suos
3158 2532 3518 2607 clauserunt,
3567 2548 3641 2598 ut
3672 2561 3789 2600 non

2122 2624 2358 2680 videant
2384 2624 2594 2694 oculis,
2626 2631 2683 2681 et
2728 2625 2972 2681 auribus
3015 2641 3131 2682 non
3190 2628 3451 2693 audiant,
3506 2635 3566 2686 et
3609 2637 3787 2689 corde

2123 2712 2474 2784 intelligant.

2194 2824 2223 2853 ‹‹
2256 2803 2668 2874 Circumspicit
2696 2808 2925 2860 montes
2974 2821 3201 2875 pascuae
3250 2823 3390 2874 sua),
3440 2813 3501 2864 et
3524 2810 3784 2869 virentia

2122 2908 2368 2965 quaeque
2397 2879 2703 2965 perquirit.
2730 2914 2760 2941 ››
2780 2896 3022 2961 Montes,
3056 2895 3341 2966 superbos
3371 2913 3651 2971 quosque
3674 2902 3783 2958 do-

2122 2985 2330 3052 ctores,
2365 2981 2589 3036 scribas
2635 2981 2922 3052 videlicet,
2972 2987 3031 3037 et
3070 2983 3395 3041 Pharisaeos
3441 2985 3599 3059 legis
3631 3007 3775 3056 snas,

2120 3071 2289 3143 quasi
2322 3070 2673 3143 suspiciens,
2703 3071 2908 3143 eisque
2937 3070 3220 3128 honorem
3250 3074 3537 3143 deferens,
3561 3079 3776 3136 adula~

2117 3160 2297 3216 tionis
2344 3161 2572 3216 ambitu
2617 3160 2922 3216 circumit:
2973 3162 3048 3216 ab
3089 3161 3172 3217 eis
3221 3163 3423 3233 procul
3471 3166 3685 3237 dubio,
3718 3172 3776 3225 in

364 3270 555 3315 musa
579 3254 736 3310 nobis
751 3233 959 3324 juqum
987 3255 1247 3325 ipsorum.
1283 3233 1576 3309 Processit
1622 3233 1855 3326 grande
1880 3269 2012 3325 pec-
2043 3233 2087 3300 (ἶ
2126 3251 2344 3322 quibus
2374 3254 2465 3305 est
2510 3250 2775 3306 doctrina
2820 3250 3150 3317 hominum,
3199 3269 3317 3308 non
3363 3233 3679 3326 recedens,
3718 3260 3779 3315 in

369 3348 567 3401 catum
590 3361 658 3400 ac
678 3343 1021 3409 nefandum,
1041 3359 1155 3415 quo
1187 3341 1545 3398 Salvatorem
1577 3341 2015 3411 crucifixerunt,

369 3439 439 3491 ut
457 3432 666 3490 merito
679 3433 751 3488 ab
765 3430 850 3488 eis
866 3431 1530 3504 vinculaprieceptorum
1554 3431 1655 3487 Dei
1678 3431 1710 3485 d
1722 3431 2014 3502 isrumpe-

370 3526 597 3588 rentur,
618 3524 677 3577 et
695 3508 778 3577 ita
794 3519 941 3593 legis
954 3520 1171 3592 jugum
1197 3520 1603 3591 projiceretur.
1634 3520 1796 3585 Quod
1818 3524 2016 3576 autem

362 3611 601 3683 jugum,
624 3612 682 3664 et
707 3608 944 3665 vincula
970 3625 1172 3665 eorum
1204 3609 1359 3666 dicta
1382 3613 1544 3678 sunt,
1575 3625 1710 3665 cum
1760 3609 1860 3665 Dei
1891 3609 2016 3665 fue-

365 3698 490 3754 rint
516 3696 714 3770 potius
740 3713 918 3768 quam
948 3697 1306 3765 Judaaorum,
1334 3698 1550 3770 quibus
1570 3697 1759 3771 legem
1782 3715 1848 3755 ac
1869 3715 2014 3771 pra-

363 3790 535 3859 cepta
562 3786 803 3843 dederat
851 3787 1305 3843 mandatorum:
1356 3786 1468 3843 hoc
1515 3786 1768 3843 maxime
1816 3787 2014 3860 requi-

361 3876 634 3948 rendum,
658 3876 815 3949 quod
845 3875 927 3932 ita
957 3875 1202 3945 dictum,
1235 3876 1376 3947 quia
1420 3876 1608 3932 Judaei
1654 3875 1841 3949 legem
1885 3894 2012 3932 car-

358 3966 572 4025 naliter
598 3965 1013 4038 intelligentes,
1046 3980 1222 4036 quam
1253 3982 1324 4021 ex
1351 3964 1626 4037 operibus
1677 3982 1739 4021 se
1769 3964 2013 4038 implere

359 4055 743 4122 arbitrantur,
801 4054 972 4127 quasi
1030 4070 1201 4110 suam
1258 4055 1586 4123 effecerant,
1660 4055 1812 4109 sicut
1868 4055 2011 4110 dicit

352 4144 706 4217 Apostolus:
741 4144 915 4201 Israel
970 4159 1094 4199 vero
1145 4147 1361 4200 sectans
1418 4144 1592 4212 legem
1638 4144 1893 4214 justitiz,
1946 4161 2010 4199 in

353 4233 531 4303 legem
568 4234 802 4304 iustitiae
827 4250 945 4291 non
973 4234 1220 4305 pervenit
1273 4234 1445 4304 (Rom.
1497 4248 1577 4302 Ix,
1607 4233 1719 4300 31).
1771 4233 2009 4296 Quare?

348 4320 501 4385 Quia
527 4338 645 4377 non
670 4338 739 4378 ex
768 4321 902 4391 ﬁde,
932 4322 1033 4378 sed
1066 4338 1136 4377 ex
1165 4322 1464 4394 operibus.
1498 4321 1566 4376 Et
1609 4321 1737 4376 ideo
1787 4321 1857 4376 de
1891 4320 2003 4377 eis-

349 4409 486 4466 dem
515 4410 808 4483 sequitur,
857 4410 1094 4466 dicens:
1147 4413 1458 4483 Ignorantes
1501 4411 1650 4466 enim
1690 4411 1790 4466 Dei
1828 4412 2004 4482 iusti-

2125 3341 2347 3412 quibus
2364 3338 2542 3395 etiam
2565 3339 2866 3395 montibus
2888 3340 2989 3395 ubi
3010 3357 3073 3396 se
3093 3357 3314 3413 pascua
3342 3344 3603 3403 carnalis
3627 3348 3777 3423 legis

2123 3430 2338 3486 habere
2369 3428 2715 3500 gloriantur,
2748 3428 2995 3484 virentia
3028 3445 3273 3502 quisque
3303 3435 3616 3505 perquirit,
3651 3455 3779 3510 qua:

2125 3520 2196 3574 ad
2244 3518 2483 3573 delicias
2548 3518 2751 3590 utique
2815 3518 3027 3587 carnis,
3096 3525 3155 3574 et
3212 3521 3466 3577 Sabbata
3527 3524 3784 3583 delicata

2124 3607 2440 3680 pertinent,
2510 3615 2566 3662 et
2631 3624 2758 3679 qua:
2836 3607 2998 3663 velut
3057 3607 3398 3667 virescentis
3466 3618 3783 3685 superﬁcie

2123 3695 2270 3768 legis
2334 3696 2621 3764 historiis,
2690 3696 2918 3752 nullum
2984 3697 3243 3754 fructum
3303 3699 3564 3759 habeant
3632 3706 3781 3779 ﬁgu-

2122 3801 2257 3840 raru
2266 3802 2324 3840 m
2334 3827 2346 3839 .

2196 3874 2553 3947 «Numquid
2607 3874 2763 3930 volet
2816 3874 3152 3933 rhinoceros
3211 3877 3428 3935 servire
3480 3882 3617 3951 tibi,
3676 3892 3779 3939 aut

2123 3964 2451 4019 morabitur
2480 3964 2553 4018 ad
2587 3980 2845 4035 praesepe
2873 3968 3042 4019 tuum
3063 3967 3091 4019 ‘t
3124 3988 3151 4015 ››
3178 3965 3327 4034 Sive,
3391 3973 3456 4023 ut
3487 3970 3591 4025 alii
3625 3972 3776 4028 dixe-

2120 4058 2294 4108 runt:
2346 4052 2642 4124 Numquid
2692 4051 2845 4107 volet
2903 4069 3247 4111 monoceros
3295 4058 3515 4113 servire
3552 4060 3717 4116 tibi?
3750 4086 3773 4107 η

2118 4142 2200 4196 Ex
2255 4142 2485 4196 diversa
2531 4140 2787 4196 editione
2847 4142 3324 4200 transferentium
3381 4147 3770 4211 advertimus.

2118 4232 2273 4302 quod
2315 4231 2513 4302 ipsum
2568 4228 2645 4284 sit
2686 4230 3024 4287 rhinoceros
3086 4233 3243 4305 quod
3297 4250 3671 4306 monoceros,
3721 4246 3775 4295 et

2116 4319 2317 4374 Latine
2376 4318 2744 4391 intelligatur
2801 4320 3123 4391 unicornis,
3184 4323 3309 4377 sive
3359 4340 3542 4396 super
3600 4345 3773 4385 nares

2114 4425 2293 4463 cornu
2317 4408 2561 4464 habens.
2587 4409 2738 4464 Sunt
2779 4425 2916 4481 ergo
2957 4410 3367 4480 hujuscemodi
3416 4414 3554 4469 ferae
3586 4416 3650 4470 in
3681 4435 3771 4473 sc-

336 4488 509 4567 tiam,
535 4505 587 4555 et
616 4515 778 4554 suam
831 4508 1141 4570 quaerentes
1191 4503 1447 4569 statuere,
1487 4499 1728 4570 justitiw
1760 4500 1860 4554 Dei
1885 4516 1998 4555 non
2111 4496 2360 4553 litudine
2391 4497 2664 4564 Orientis,
2717 4503 2775 4553 et
2824 4500 2895 4553 ab
2944 4498 3287 4555 hominibus
3337 4518 3765 4577 nonnunquam

342 4596 471 4645 sunt
498 4588 731 4661 subjecti
762 4588 938 4661 (Rom.
969 4605 1022 4643 κ.
1053 4589 1130 4658 3).
1190 4588 1352 4651 Quod
1418 4593 1615 4644 autem
1671 4587 1771 4651 ait,
1825 4605 1991 4643 suam
2028 4606 2078 4670 Ι)
2109 4586 2401 4653 videntur,
2452 4587 2573 4642 sive
2624 4588 2956 4658 capiuntur.
3003 4588 3107 4642 Hic
3166 4589 3347 4660 igitur
3398 4608 3765 4661 monocenos,

339 4676 601 4737 volentes
630 4681 888 4733 statuere
907 4676 1226 4748 justitiam,
1259 4694 1376 4732 non
1406 4676 1545 4748 quia
1600 4676 1691 4732 lex
1742 4677 1816 4732 ab
1845 4677 1993 4749 ipsis
2106 4675 2306 4748 pepuli
2339 4675 2578 4749 gentilis
2606 4675 2924 4747 imaginem
2976 4677 3331 4750 przeﬁgurat,
3380 4681 3558 4759 cujus
3588 4685 3760 4739 etiam

339 4767 419 4824 sit
447 4767 787 4835 constituta,
820 4766 929 4822 hoc
960 4766 1060 4838 ait,
1094 4766 1195 4821 sed
1245 4765 1303 4820 in
1334 4765 1459 4837 lege
1490 4782 1621 4837 quae,
1648 4781 1717 4821 ex
1755 4765 1871 4821 Deo
1903 4770 1993 4821 est
2103 4766 2381 4837 superbia
2411 4765 2775 4837 signiﬁcatur
2824 4766 2882 4820 in
2934 4783 3113 4821 cornu
3140 4783 3153 4820 :
3215 4767 3371 4823 sicut
3399 4771 3757 4840 quibusdam

2101 4855 2525 4926 peccatoribus,
2558 4860 2615 4909 et
2655 4854 2924 4926 superbis
2969 4871 3003 4909 a
3053 4855 3171 4910 Deo
3220 4856 3437 4911 dicitur
3488 4876 3598 4930 per
3629 4862 3757 4918 Prn-

2096 4942 2372 5014 phetam:
2408 4944 2544 4998 Dixi
2588 4945 2820 5015 iniquis,
2872 4943 3051 4999 Nolite
3097 4944 3290 5017 inique
3337 4962 3501 5016 agere
3524 4964 3546 5007 ;
3591 4954 3648 5004 et
3674 4951 3759 5005 de-

2095 5032 2494 5103 linquentibus,
2553 5032 2725 5087 nolite
2778 5033 3027 5088 exaltare
3081 5048 3277 5090 cornu.
3336 5035 3527 5091 Nolite
3581 5040 3757 5094 ariol-

2094 5120 2206 5176 Iere
2237 5123 2297 5175 in
2325 5122 2503 5175 altum
2531 5137 2704 5177 cornu
2750 5124 2990 5177 vestrum
3011 5140 3031 5178 :
3077 5123 3210 5194 quia
3264 5132 3553 5181 veternosa
3601 5137 3757 5199 atque

2090 5211 2322 5283 antiqua
2382 5212 2444 5265 in
2498 5210 2603 5277 his,
2661 5227 2797 5281 quos
2846 5212 2983 5266 Deus
3040 5213 3313 5285 increpat,
3371 5216 3641 5284 superbia
3681 5222 3757 5272 est

2088 5301 2267 5367 (Psal.
2301 5316 2482 5367 LXXIV,
2514 5300 2569 5369 5,
2600 5302 2656 5369 6,
2690 5301 2766 5372 7).
2817 5301 3153 5357 Secundum
3201 5300 3378 5356 aliam
3410 5302 3747 5363 editionem.

2087 5405 2147 5443 1n
2180 5388 2292 5443 hoc
2323 5389 2523 5444 eodem
2556 5388 2682 5445 loco
2712 5387 2925 5460 psalmi
2957 5389 3211 5462 legimus
3239 5407 3251 5443 :
3286 5391 3468 5446 Nolite
3494 5397 3748 5450 ποιέω-ε

2086 5481 2146 5532 in
2210 5478 2484 5532 excelsum
2538 5494 2709 5533 cornu
2755 5488 3020 5543 vestrum,
3079 5479 3354 5550 loquentes
3413 5482 3475 5535 in
3541 5486 3744 5538 cervice

335 4873 508 4913 suam
538 4855 983 4923 constituerant,
1027 4854 1261 4927 quando
1309 4854 1574 4909 eamdem
1626 4854 1815 4926 legem
1863 4854 1989 4911 suis

330 4944 559 5001 viribus
588 4962 651 5002 se
681 4944 927 5019 implere
960 4961 1131 5017 posse
1161 4944 1495 5009 credebant,
1527 4948 1585 4998 et
1630 4942 1846 4999 idcirco
1895 4960 1985 5000 se-

340 5033 601 5089 cundum
630 5034 789 5090 hunc
825 5050 1069 5091 sensum
1099 5033 1437 5090 Judaiorum
1468 5031 1704 5088 vincula
1726 5032 1984 5088 disrum-

332 5121 589 5195 pendaa
637 5123 755 5180 Deo
811 5124 1107 5192 dicuntur,
1167 5126 1225 5178 et
1286 5122 1714 5194 projiciendum
1764 5122 1981 5196 jugum

326 5209 616 5283 ipsorum.

398 5322 429 5350 «
460 5300 564 5357 Cui
593 5301 755 5357 dedit
808 5301 863 5356 in
914 5300 1233 5357 solitudine
1280 5301 1546 5357 domum.
1582 5321 1611 5349 »
1641 5299 1850 5356 Justus
1879 5301 1976 5357 de-

330 5389 568 5446 stitutos
597 5390 658 5446 in
690 5390 1025 5462 solitudine,
1074 5389 1346 5447 videlicet
1392 5390 1749 5462 protectione
1780 5391 1977 5446 defen-

327 5478 512 5536 sionis
541 5496 681 5536 meae
711 5478 977 5535 habitare
1009 5479 1134 5547 feci,
1167 5480 1321 5534 sicut
1370 5479 1547 5533 etiam
1597 5479 1975 5551 postmodum

324 5584 423 5625 ore
452 5568 789 5641 prophetico
822 5568 1053 5623 locutus
1082 5584 1215 5622 sum
1246 5567 1480 5623 dicens:
1539 5570 1663 5623 Fiat
1704 5568 1974 5623 habitatio
2081 5569 2268 5623 veteri.
2304 5567 2367 5622 In
2399 5566 2604 5622 multis
2636 5582 2869 5638 quoque
2900 5566 3033 5622 aliis
3059 5567 3524 5638 Scripturarum,
3555 5586 3733 5626 cornu

322 5674 513 5718 eorum
540 5658 792 5722 deserta;
849 5662 901 5713 et
951 5659 1013 5712 in
1065 5656 1441 5712 tabernaculis
1493 5672 1688 5712 eorum
1742 5673 1855 5712 non
1900 5659 1974 5713 sit
2081 5660 2438 5727 nuncupato,
2470 5654 2723 5727 legimus
2773 5654 3111 5728 superbiam
3137 5655 3478 5713 nominari:
3519 5659 3658 5718 licet
3680 5667 3738 5716 et
