3980 6184
250 403 375 466 81⁸7

1282 411 1799 476 COMMENTAR.
1842 412 1922 473 IN
1967 409 2132 473 JOB.
2179 413 2350 473 CAP.
2395 410 2666 473 XXXIX.

3560 405 3682 470 818

245 539 316 592 in
346 538 562 594 bonam
593 542 818 610 partem
849 555 1029 596 cornu
1060 541 1245 597 soleat
1288 543 1427 611 dici,
1459 548 1524 598 ut
1570 549 1659 600 est
1709 543 1854 600 illud
1891 563 1904 600 :
1936 545 1986 613 Α
2021 544 2500 616 prophetaturus,
2532 546 2735 598 contra
2763 539 3091 596 Jerusalem
3121 542 3504 612 peccatricem
3534 555 3672 616 pro-

247 628 535 682 Exaltabit
586 643 756 682 cornu
796 628 1006 684 Christi
1032 632 1120 685 sui
1150 631 1320 701 (Psal.
1354 649 1584 697 CXLVIII,
1624 633 1730 700 14).
1764 638 1909 688 Nam

247 722 312 771 et
353 718 479 788 ipse
530 717 816 772 Dominus
864 718 1130 775 Christus
1177 727 1414 793 propter
1457 721 1753 793 singulare
1799 723 1910 777 im-

249 806 488 876 perium
539 823 735 875 suum,
768 805 1086 878 aliquando
1127 815 1183 865 et
1214 810 1512 866 unicornis
1543 811 1775 866 dicitur.
1808 818 1908 868 Le-

246 895 455 966 gimus
486 911 719 967 quoque
750 913 969 952 cornua
997 902 1053 952 et
1082 916 1265 970 regna
1293 900 1428 970 dici,
1464 906 1526 955 ut
1554 900 1612 955 in
1645 901 1902 957 Daniele.

241 990 308 1038 et
340 984 690 1057 Apocalypsi
741 987 1094 1044 continetur.
1128 990 1231 1044 Hic
1277 1006 1642 1057 monoceros,
1674 992 1773 1062 qui
1804 1008 1907 1062 per

240 1074 604 1145 sapientiam
657 1075 1019 1132 mundialem
1075 1083 1304 1135 tumore
1352 1080 1638 1151 superbia:
1678 1086 1803 1136 erat
1844 1080 1903 1135 in

240 1163 501 1219 sublime
553 1169 879 1236 porrectus,
927 1168 1219 1239 numquid
1269 1168 1372 1223 tibi
1423 1169 1789 1240 subjicietur,
1824 1171 1904 1227 ait

236 1252 529 1308 Dominus
579 1254 651 1308 ad
693 1255 822 1320 Job,
854 1260 920 1309 ut
948 1271 1051 1327 per
1081 1257 1256 1312 ﬁdem
1288 1257 1348 1313 in
1380 1258 1688 1314 sanctitate
1717 1264 1774 1316 et
1795 1261 1900 1330 ju-

237 1342 411 1398 stitia
439 1343 721 1410 serviens,
745 1344 1088 1400 obedientiae
1116 1345 1266 1402 colla
1295 1347 1625 1414 submittat,
1651 1353 1708 1403 et
1738 1366 1900 1404 man-

235 1435 450 1486 suetus
481 1431 723 1486 ell'ectus
753 1437 928 1504 atque
959 1434 1226 1503 humilis,
1252 1438 1322 1491 ad
1355 1437 1725 1492 Dominicum
1758 1455 1897 1508 prte-

237 1537 386 1592 sepe
415 1525 694 1589 recurrat,
729 1538 794 1576 ac
824 1522 1015 1579 verbis
1047 1525 1143 1580 Dei
1179 1525 1552 1597 hominisque
1584 1527 1892 1599 assumpti,

238 1610 433 1665 sacris
483 1609 713 1665 cibariis
766 1614 1078 1668 saturetur.
1113 1615 1260 1682 Sive,
1295 1615 1583 1686 numquid
1615 1615 1894 1686 subjicie-

233 1701 363 1767 tur,
387 1703 450 1752 ut
479 1698 536 1752 in
565 1698 830 1754 Ecclesiae
862 1717 1002 1756 mea:
1034 1701 1290 1759 claustro
1326 1703 1570 1772 habitet,
1596 1705 1749 1774 quod
1783 1705 1892 1760 erit

231 1785 535 1843 viantibus
566 1789 886 1857 stabulum,
924 1794 1101 1863 atque
1133 1793 1270 1848 huic
1301 1792 1512 1848 saeculo
1544 1793 1888 1849 renuntian-

227 1875 396 1941 tibus
418 1876 674 1933 salutare
695 1879 1027 1952 perfugium
1050 1898 1062 1935 :
1082 1881 1183 1936 ubi
1203 1881 1598 1953 spiritualium
1622 1883 1886 1938 ciborum

226 1961 549 2034 alimoniis,
573 1963 1064 2038 institutionibus,
1087 1972 1143 2024 ct
1173 1969 1508 2026 cmlestibus
1541 1970 1886 2042 pinguescat

221 2049 502 2123 eloquiis,
543 2057 600 2107 et
653 2053 967 2124 impleatur
1016 2057 1074 2110 in
1124 2056 1244 2126 illo,
1293 2060 1446 2129 quod
1477 2059 1587 2114 erit
1617 2076 1721 2131 per
1750 2078 1882 2132 pro-

222 2139 472 2211 phetam
503 2147 707 2212 postea
735 2144 1168 2214 praedicendum
1205 2163 1218 2202 :
1269 2150 1511 2220 Agnovit
1552 2149 1645 2204 bos
1673 2166 1882 2221 posses-

219 2245 412 2284 sorem
462 2247 647 2300 suum,
679 2237 729 2287 et
778 2236 969 2290 asinus
1015 2252 1257 2308 praesepe
1295 2237 1508 2294 domini
1533 2241 1626 2294 sui
1654 2240 1781 2311 (Isa.
1816 2257 1879 2310 II,

223 2319 308 2388 3).
371 2323 435 2374 In
494 2327 863 2379 monocerote
919 2324 1134 2397 quippe
1193 2326 1288 2382 hic
1345 2327 1669 2397 nominato,
1728 2329 1883 2384 sicut

221 2407 295 2461 in
353 2409 638 2481 propheta
703 2429 804 2484 per
868 2414 1126 2483 asinum,
1182 2415 1527 2473 immundus
1593 2422 1650 2473 et
1713 2419 1882 2474 incir-

222 2498 530 2555 cumcisus
589 2500 956 2573 signiﬁcatus
1016 2509 1106 2561 est
1154 2505 1408 2578 populus
1460 2508 1726 2564 omnium
1776 2525 1879 2565 na-

225 2585 484 2642 tionum.

309 2698 337 2724 ‹‹
370 2677 666 2750 Numquid
717 2679 986 2754 alligabis
1040 2683 1407 2741 rhinocerota
1463 2687 1534 2742 ad
1592 2689 1879 2744 arandum

220 2763 354 2820 loro
385 2770 506 2839 tuo,
538 2772 640 2824 aut
667 2771 996 2844 confringet
1025 2773 1225 2844 glebas
1263 2775 1504 2830 vallium
1556 2781 1688 2848 post
1735 2783 1812 2833 te.
1849 2800 1878 2827 »

223 2855 445 2912 Lorum
489 2857 596 2914 hoc
635 2858 759 2915 loco
790 2861 1007 2916 dictam
1040 2863 1230 2935 ipsam
1262 2864 1606 2920 charitatem
1639 2866 1876 2937 Christi,

221 2960 358 3016 quae
389 2951 477 3001 est
505 2947 655 3004 inter
685 2965 889 3006 omnes
929 2951 1173 3008 virtutes
1203 2953 1516 3025 precipua,
1554 2954 1880 3026 intelligere

218 3033 532 3105 debemus,
585 3038 655 3092 de
713 3056 827 3110 qua
883 3041 954 3095 ad
1014 3041 1325 3113 diligentes
1381 3047 1556 3114 atque
1614 3050 1880 3100 amantes

217 3122 436 3192 Deum,
466 3124 546 3180 ait
574 3128 912 3200 Apostolus,
947 3129 1197 3200 Copulati
1244 3134 1303 3186 in
1351 3132 1617 3187 charitate
1660 3133 1873 3204 (Ephes.

215 3227 310 3275 III,
346 3213 434 3283 17)
469 3230 481 3269 :
522 3216 692 3286 cujus
721 3217 970 3273 vinculis
999 3219 1385 3292 colligandos,
1417 3221 1705 3294 propheta
1735 3220 1875 3277 olim

2023 633 2233 705 phetize
2309 651 2428 688 sua:
2503 629 2917 702 hujuscemodi
3002 628 3242 685 titulum
3318 633 3670 705 przeposuit,

2023 723 2222 779 dicens
2261 741 2273 778 :
2325 725 2472 778 Onus
2522 722 2684 776 vallis
2739 719 2963 774 visionis
3004 720 3129 789 (Isa.
3164 736 3301 789 xxu,
3338 722 3410 788 1).
3442 712 3676 778 Talium

2024 812 2204 884 igitur
2218 812 2459 867 vallium
2479 810 2679 884 glebas
2702 824 3043 865 monoceros
3062 808 3673 880 comminuit,quando

2021 901 2318 957 humiliati
2349 900 2610 974 corporis
2639 904 2856 955 terram
2887 899 3144 965 edomat,
3176 902 3235 952 et
3277 897 3668 969 suscipiendis

2019 992 2344 1046 cmlestium
2399 994 2817 1063 praeceptorum
2866 987 3194 1043 seminibus
3247 1003 3316 1042 ac
3355 987 3666 1043 reddendis

2017 1081 2306 1137 fructibus
2354 1085 2641 1153 przeparat
2672 1097 2684 1134 :
2738 1078 2972 1150 quando
3015 1094 3151 1132 cum
3181 1076 3461 1148 Apostolo
3491 1077 3667 1133 casti-

2014 1175 2113 1241 gat
2142 1187 2581 1242 corpussuum,
2606 1173 2663 1223 et
2691 1168 2750 1222 in
2781 1167 3122 1222 servitutem
3145 1166 3394 1238 redigit:
3429 1167 3664 1238 quando

2012 1275 2246 1314 omnem
2298 1258 2713 1315 hebetudinem
2762 1257 3036 1313 obstinati
3089 1255 3301 1327 cordis,
3337 1256 3666 1327 duramque

2011 1347 2395 1403 stoliditatem
2445 1365 2478 1403 a
2526 1363 2587 1402 se
2634 1346 2859 1401 auferre
2913 1345 3234 1415 contendit,
3270 1345 3424 1416 quod
3462 1349 3662 1400 tamen

2008 1437 2235 1492 efﬁcere
2303 1453 2679 1509 nequaquam
2743 1434 2972 1506 poterit,
3031 1435 3114 1490 ait
3179 1433 3484 1502 Dominus,
3544 1434 3661 1489 nisi

2006 1530 2288 1581 rectorem
2341 1530 2400 1580 et
2448 1526 2898 1597 gubernatorem
2945 1540 3120 1578 suum
3179 1522 3517 1578 obedienter
3565 1539 3660 1578 me

2004 1613 2180 1669 fuerit
2229 1618 2486 1670 secutus.
2543 1615 2704 1669 Unde
2755 1613 2836 1668 ait
2883 1613 3167 1668 Dominus
3223 1613 3295 1668 ad
3342 1613 3500 1668 Job:
3553 1616 3660 1668 aut

2003 1702 2330 1775 confringet
2379 1702 2580 1774 glebas
2628 1701 2869 1757 vallium
2909 1706 3043 1774 post
3073 1706 3148 1768 te,
3181 1701 3335 1758 sicut
3363 1701 3654 1757 habemus

1998 1793 2059 1849 in
2108 1793 2337 1863 psalmo
2372 1810 2385 1848 :
2437 1792 2678 1849 Adlwsit
2717 1795 2908 1847 anima
2937 1807 3058 1847 mea
3082 1794 3201 1863 post
3231 1795 3283 1846 te
3311 1791 3482 1860 (Psal.
3519 1808 3648 1860 ιω,

1997 1883 2072 1953 9).
2105 1883 2174 1936 Et
2204 1881 2491 1953 propheta
2519 1882 2590 1936 de
2620 1881 2962 1952 hujusmodi
2988 1898 3001 1934 :
3025 1883 3149 1936 Post
3179 1889 3231 1935 te
3260 1881 3646 1948 ambulabunt,

1995 1971 2207 2042 inquit,
2260 1973 2426 2025 vincti
2480 1970 2825 2041 compedibus
2881 1971 3005 2040 (Isa.
3050 1986 3176 2037 XLV,
3219 1970 3354 2041 l/I):
3410 1969 3510 2024 ubi
3542 1969 3643 2024 ad-

1994 2060 2303 2116 miratione
2349 2059 2560 2131 dignos
2603 2060 2768 2114 Video
2817 2057 2963 2112 tales
3013 2058 3213 2128 pedes,
3253 2057 3356 2128 qui
3403 2059 3639 2128 quando

1991 2149 2182 2222 magis
2211 2148 2523 2221 compediti
2554 2149 2789 2215 fuerint,
2820 2152 2983 2202 tanto
3012 2145 3268 2202 velocius
3299 2145 3427 2201 sine
3455 2145 3638 2202 offen~

1991 2239 2153 2294 sione
2183 2238 2582 2311 egrediuntur.

2063 2351 2091 2378 ‹‹
2123 2327 2420 2399 Numquid
2469 2326 2744 2382 ﬁduciam
2786 2325 3030 2382 habebis
3060 2325 3122 2381 in
3153 2342 3368 2398 magna
3395 2325 3633 2383 fortitu-

1991 2417 2126 2472 dine
2147 2418 2295 2487 ejus,
2319 2422 2376 2472 et
2396 2415 2769 2487 derelinques
2797 2415 2848 2471 ei
2879 2415 3106 2472 labores
3128 2419 3260 2471 tuos
3280 2415 3307 2470 ?
3331 2415 3630 2488 Numquid

1989 2507 2189 2562 credes
2246 2505 2353 2575 illi,
2413 2506 2691 2578 quoniam
2747 2510 3067 2562 sementem
3133 2505 3338 2561 reddat
3391 2505 3520 2571 tibi,
3579 2510 3638 2562 et

1989 2612 2186 2652 aream
2215 2599 2379 2651 tuam
2409 2595 2766 2669 congregat?
2789 2615 2815 2648 ι
2852 2597 2970 2668 Ego
3000 2595 3286 2652 Dominus
3317 2595 3448 2651 novi
3478 2595 3638 2651 forti-

1987 2685 2255 2741 tudinem
2285 2685 2567 2742 claritatis
2614 2687 2764 2757 ejus,
2797 2689 2854 2741 et
2906 2684 3199 2758 patientiae
3253 2701 3319 2740 ac
3366 2684 3634 2756 longani-

1990 2775 2232 2842 mitatis,
2267 2780 2324 2830 et
2352 2776 2568 2832 idcirco
2598 2774 2882 2846 dereliqui
2925 2775 2976 2829 ei
3022 2775 3094 2829 ad
3139 2773 3492 2829 imitandum
3542 2791 3636 2829 me

1989 2880 2194 2919 omnes
2242 2863 2471 2919 labores
2519 2864 2976 2936 dispensationis
3024 2879 3185 2931 meae,
3237 2879 3384 2933 quos
3431 2863 3492 2916 in
3542 2879 3636 2918 me

1975 2953 2275 3024 credendo
2325 2953 2628 3024 intelliget,
2663 2952 2802 3023 quia
2846 2969 2950 3022 pro
2993 2951 3093 3006 illo
3124 2950 3379 3006 sustinui
3409 2950 3634 3023 alapas,

1989 3041 2228 3095 verbera
2250 3056 2315 3094 ac
2341 3046 2514 3112 sputa
2535 3041 2883 3112 suscipiens,
2909 3039 3100 3095 eidem
3129 3037 3385 3094 laboravi
3419 3057 3433 3094 :
3464 3039 3634 3109 eique

1990 3131 2060 3184 ad
2116 3129 2293 3184 caelos
2341 3129 2606 3185 revolans
2649 3128 2913 3201 exempla
2951 3129 3221 3184 laborum
3253 3143 3318 3183 ac
3347 3128 3634 3184 Virtutum

1991 3218 2222 3290 reliqui,
2249 3219 2342 3274 cui
2375 3235 2502 3290 qua
2535 3220 2753 3274 credidi
2785 3225 2959 3291 atque
2990 3217 3280 3289 commisi,
3309 3216 3634 3289 opitulante

215 3302 591 3372 praedixerat,
641 3305 840 3362 dicens
898 3309 969 3363 ad
1024 3314 1255 3364 Deum:
1310 3311 1484 3366 Labor
1532 3313 1772 3381 Egypti,
1823 3296 1950 3366 etC
1989 3308 2099 3363 sibi
2148 3309 2338 3380 gratia
2384 3325 2534 3377 mea,
2591 3309 2796 3363 reddat
2843 3307 3150 3380 multiplex
3201 3323 3424 3378 semen,
3469 3311 3526 3362 et
3571 3307 3634 3362 in

213 3392 519 3457 negotiatio
576 3394 883 3467 lEthiOpiaz,
931 3402 983 3451 et
1041 3397 1266 3454 Sabaim
1321 3399 1434 3454 viri
1485 3400 1753 3455 sublimes
1808 3401 1878 3456 ad

214 3483 274 3533 te
304 3483 639 3552 transibunt,
669 3488 720 3539 et
755 3487 840 3540 tui
879 3495 1060 3557 erunt,
1094 3497 1146 3542 et
1189 3491 1312 3558 post
1361 3497 1415 3544 te
1465 3489 1827 3545 ambulabunt
1856 3509 1875 3546 .·

211 3569 397 3622 rincti
451 3574 680 3626 manicis
730 3578 960 3645 pergent
1015 3576 1143 3647 (Isa.
1200 3594 1337 3648 XLV,
1398 3579 1507 3649 14).
1569 3582 1636 3633 Et
1692 3579 1872 3634 David

211 3659 721 3726 quemadmodum
769 3663 1075 3721 charitatis
1122 3666 1221 3721 Dei
1266 3666 1516 3723 vinculis
1556 3684 1658 3739 per
1697 3667 1871 3723 mini-

210 3750 376 3801 stros
429 3749 585 3803 verbi
645 3750 746 3806 Dei
805 3753 1096 3809 vinciendi
1156 3760 1353 3810 essent
1409 3758 1732 3825 credentes,
1789 3757 1871 3814 ita

210 3833 501 3904 loquitur,
560 3837 809 3895 dicens:
864 3842 941 3896 Ad
996 3844 1302 3914 alligandos
1360 3862 1512 3914 reges
1568 3862 1755 3901 eorum
1809 3848 1868 3902 in

207 3924 453 3980 vinculis
481 3928 682 3996 ferreis
707 3930 880 3999 (Psal.
905 3947 1088 3999 cxux,
1110 3934 1185 4003 8).
1211 3935 1471 3998 Quorum
1498 3934 1865 3992 vinculorum

205 4012 572 4082 nominibus,
607 4016 915 4075 charitatis
959 4019 1177 4076 Christi
1230 4022 1632 4078 fortitudinem
1683 4024 1867 4080 voluit

202 4101 636 4172 demonstrare,
669 4122 796 4178 quae
847 4108 1024 4164 etiam
1077 4110 1243 4166 fortis
1286 4116 1342 4166 et
1392 4116 1598 4183 potens
1638 4113 1696 4167 in
1738 4132 1861 4170 ma-

200 4191 359 4245 nicis
412 4192 636 4264 ferreis,
672 4196 742 4250 ad
789 4213 1049 4253 amorem
1085 4201 1312 4254 Domini
1357 4201 1726 4274 constringit.
1761 4203 1862 4259 Hic

195 4293 342 4350 ergo
387 4281 746 4351 rbinoceros,
778 4284 837 4340 id
890 4292 998 4355 est,
1030 4289 1282 4360 populus
1333 4292 1629 4362 quondam
1682 4292 1856 4347 incir-

195 4368 522 4437 cumcisus,
547 4374 831 4445 praeputio
862 4375 1083 4432 scilicet
1112 4378 1434 4434 carnalium
1466 4380 1852 4452 voluptatum,

194 4461 258 4510 et
289 4457 626 4516 inﬁdelitate
669 4463 1033 4532 immundus,
1069 4464 1176 4521 hoc
1206 4466 1326 4522 loro
1357 4469 1657 4524 charitatis
1688 4471 1853 4526 Chri-

197 4544 279 4600 sti
312 4547 632 4605 fortissimo
663 4550 958 4623 alligatus,
991 4553 1073 4609 ita
1106 4559 1170 4610 ut
1199 4555 1362 4611 nulla
1399 4573 1533 4612 eum
1589 4565 1851 4616 creatura

194 4650 472 4734 separare
502 4638 689 4734 possit
717 4655 751 4695 a
781 4640 1008 4734 Christo
1040 4657 1054 4697 :
1103 4644 1337 4699 conficit
1366 4645 1424 4699 in
1458 4663 1695 4717 corpore
1726 4649 1845 4721 gle-
1878 4670 1926 4734 Β

191 4723 305 4776 bas
357 4725 728 4795 convallium,
770 4729 1049 4786 duritiam
1100 4731 1319 4788 scilicet
1365 4740 1756 4806 peccatorum,
1789 4742 1847 4793 et

189 4810 335 4867 colit
366 4813 421 4868 in
454 4831 693 4888 corpore
722 4833 829 4874 suo
859 4823 1075 4876 terram
1107 4821 1491 4893 Dominicam,
1514 4827 1836 4880 secundum

183 4901 556 4972 Apostolum,
605 4905 704 4976 qui
757 4906 882 4962 ait:
939 4909 1057 4964 Non
1107 4912 1232 4965 estis
1279 4915 1445 4967 vestri
1490 4913 1537 4982 (I
1585 4915 1712 4968 Cor.
1763 4931 1836 4980 VI,

187 4989 302 5058 19).
357 4991 422 5044 Et
469 4992 597 5047 ideo
647 4993 742 5050 hic
797 4996 1128 5068 specialiter
1155 5001 1384 5054 Domini
1435 5005 1522 5055 est
1570 5005 1742 5065 terra,
1777 5003 1835 5058 in

177 5094 308 5148 qua
331 5079 605 5150 primitus
624 5082 688 5135 fit
707 5083 972 5140 omnium
995 5092 1359 5156 peccatorum
1381 5090 1548 5159 quasi
1571 5092 1833 5163 veprium

180 5168 612 5240 spinarumque
671 5173 960 5244 purgatio.
1011 5175 1229 5232 Deinde
1286 5184 1475 5232 aratro
1533 5182 1744 5247 crucis,
1779 5186 1834 5237 et

180 5257 338 5312 ferro
375 5258 681 5314 Dominica:
723 5262 1037 5332 passionis,
1071 5265 1286 5321 duritia
1319 5268 1509 5323 cordis
1541 5271 1831 5340 atteritur,

177 5348 241 5398 ct
270 5345 724 5419 confringantur
768 5349 1010 5405 vallium
1057 5352 1250 5423 glebae.
1286 5355 1538 5410 Vallium
1573 5361 1826 5426 nomine,

179 5432 527 5490 humiliatos
556 5437 807 5507 peccatis
837 5437 1126 5512 homines,
1156 5448 1329 5514 atque
1362 5445 1419 5498 in
1455 5444 1572 5500 ima
1601 5447 1831 5518 deprcs-

175 5539 280 5577 sos
310 5523 630 5595 signiﬁcari
659 5525 950 5593 existimo,
982 5529 1132 5584 sicut
1160 5530 1446 5589 habemus
1477 5535 1533 5588 in
1570 5536 1825 5603 psalmo:

173 5613 448 5668 Ascensus
512 5615 572 5668 in
635 5615 793 5672 corde
856 5632 956 5672 suo
1011 5617 1274 5690 disposuit
1340 5625 1399 5678 in
1464 5625 1607 5679 valle
1667 5627 1830 5695 ﬂetus

163 5701 357 5792 (Psal.
387 5719 618 5777 Lxxqu,
647 5705 727 5785 6).
763 5704 924 5768 Unde
959 5710 1016 5768 et
1044 5707 1226 5770 Isaias
1257 5727 1391 5770 cum
1435 5712 1828 5790 increpatione

1988 3413 2123 3452 area
2155 3396 2418 3452 Ecclesiae
2468 3413 2606 3452 meae
2650 3413 2888 3469 germen
2919 3396 3304 3465 tricesimum,
3337 3395 3634 3468 sexagesi-

1986 3501 2183 3556 mum,
2251 3485 2757 3557 centesimumque
2832 3486 3146 3540 fructificet
3209 3485 3424 3556 (Matth.
3494 3502 3656 3554 XIII,.

1981 3575 2094 3645 23),
2127 3579 2184 3630 et
2233 3591 2430 3630 aream
2477 3579 2641 3630 tuam
2690 3579 3002 3646 congreget
3029 3576 3182 3646 (Luc.
3217 3591 3302 3642 III,
3339 3574 3446 3645 17),
3479 3573 3634 3628 sicut

1983 3663 2251 3734 apostoli,
2305 3669 2362 3719 et
2417 3669 2552 3736 post
2607 3663 2902 3736 apostolos
2961 3663 3132 3720 multi
3190 3663 3375 3718 fecere
3431 3663 3630 3719 docto.

1982 3770 2135 3808 rum.
3457 3797 3464 3804 .

2049 3867 2076 3893 ‹‹
2111 3847 2312 3899 Penna
2358 3844 2728 3914 struthionis,
2762 3843 2975 3899 similis
3013 3847 3101 3899 est
3147 3842 3356 3914 pennis
3401 3841 3627 3898 herodii

1977 3937 2034 3987 et
2064 3933 2378 4004 accipitris.
2403 3956 2430 3983 »
2469 3935 2850 3990 llerodiorum
2881 3949 3094 4005 genera
3124 3931 3236 3986 tria
3264 3948 3392 3987 esse
3421 3931 3626 3986 dicun-

1974 4025 2290 4088 tur,unum
2315 4023 2524 4078 horum
2548 4023 2747 4078 album
2769 4039 2898 4078 esse
2919 4023 3105 4078 colore
3131 4021 3373 4092 quidam
3405 4021 3618 4089 ferunt,

1973 4110 2129 4166 aliud
2181 4128 2313 4168 vero
2353 4113 2520 4184 quasi
2553 4113 2718 4184 gruis
2748 4112 3104 4184 quibusdam
3135 4109 3380 4164 diversis
3409 4108 3617 4164 colori-

1970 4200 2081 4254 bus
2127 4200 2376 4266 varium,
2407 4201 2646 4256 tertium
2695 4215 2927 4272 quoque
2971 4214 3157 4269 genus
3188 4197 3422 4268 nigrum
3453 4197 3616 4252 afﬁr-

1968 4292 2150 4357 mant,
2197 4291 2351 4360 quod
2407 4291 2482 4344 sit
2530 4307 2646 4344 non
2696 4288 2884 4343 solum
2934 4287 3117 4356 velox,
3167 4291 3223 4340 et
3270 4303 3488 4341 saevum
3535 4287 3612 4341 ad

1965 4378 2220 4447 praedam
2247 4395 2260 4432 :
2310 4395 2510 4433 verum
2533 4379 2707 4432 etiam
2735 4378 2792 4431 in
2817 4375 2969 4432 coitu
2997 4376 3604 4446 impatientissimum,

1962 4467 2256 4521 intantum
2289 4474 2352 4522 ut
2381 4468 2440 4522 in
2473 4475 2732 4539 tempore
2765 4467 2952 4523 coitus
2982 4483 3050 4522 ex
3079 4465 3266 4521 oculis
3294 4467 3422 4536 ejus
3469 4483 3604 4520 san-

1960 4555 2092 4627 guis
2123 4555 2364 4611 cbulliat
2392 4574 2404 4612 :
2439 4557 2724 4612 Herodius
2756 4557 2813 4610 in
2847 4556 3073 4627 psalmo
3095 4555 3412 4610 centesimo
3433 4553 3602 4609 tertio

1956 4645 2040 4700 ita
2070 4646 2405 4700 nominatur
2437 4662 2450 4700 :
2485 4647 2708 4701 llerodii
2736 4645 2927 4700 domus
2955 4645 3070 4700 dux
3097 4647 3174 4700 est
3202 4659 3392 4699 eorum
3421 4643 3596 4711 (Psal.

1955 4752 2076 4802 CIII,
2111 4736 2218 4805 17),
2254 4752 2387 4790 cum
2419 4737 2489 4790 de
2521 4735 2696 4807 lignis
2729 4735 2958 4790 Domini
3009 4733 3292 4806 propheta
3340 4731 3596 4803 tropicos

1952 4826 2230 4899 loquitur.
2261 4825 2322 4880 In
2355 4825 2801 4880 Deuteronomio
2833 4840 3064 4896 quoque
3108 4829 3164 4877 et
3211 4823 3269 4876 in
3321 4820 3592 4890 Levitico,

1951 4916 2050 4972 ubi
2082 4933 2153 4972 ne
2183 4931 2316 4971 aves
2347 4915 2664 4970 immunda:
2698 4916 2755 4969 in
2787 4914 2983 4969 cibum
3023 4915 3336 4967 sumantur
3365 4911 3592 4982 Moyses

1945 5005 2235 5076 prohibet,
2297 5011 2353 5059 et
2407 5004 2528 5059 haec
2584 5003 2854 5059 similiter
2909 5002 3166 5074 ponitur.
3225 4999 3587 5072 Accipitrum

1943 5094 2119 5148 etiam
2168 5094 2392 5166 aliquot
2437 5100 2577 5150 sunt
2629 5096 2846 5158 formae,
2893 5092 2980 5148 vel
3029 5107 3260 5164 genera.
3296 5089 3397 5144 His
3449 5106 3585 5162 ergo

1941 5183 2340 5254 rapacissimis
2392 5185 2617 5256 avibus,
2650 5189 2858 5239 venatu
2899 5190 2956 5238 et
2993 5182 3188 5254 praeda
3230 5179 3581 5247 viventibus,

1941 5272 1998 5327 in
2032 5274 2239 5344 pennis
2269 5275 2518 5329 struthio
2549 5281 2939 5346 comparatur,
2972 5277 3124 5329 sicut
3177 5276 3233 5328 et
3281 5270 3377 5326 alii
3425 5269 3584 5326 dixe-

1939 5368 2075 5416 runt
2109 5380 2121 5416 :
2173 5384 2200 5411 ‹‹
2233 5364 2494 5418 Struthio
2527 5364 2722 5433 mista,
2756 5368 2813 5418 et
2842 5362 2949 5418 alis
2983 5360 3318 5417 herodionis
3349 5363 3406 5416 et
3435 5359 3581 5415 acci-

1938 5450 2126 5523 pitris.
2159 5475 2180 5502 ι
2221 5452 2405 5522 Igitur
2435 5453 2824 5507 struthionem
2857 5453 3182 5507 secundum
3213 5449 3580 5523 spiritualem

1938 5539 2384 5612 intelligentiam
2434 5557 2760 5613 sensusque
2807 5541 3055 5608 divinos,
3096 5541 3415 5596 Ecclesiam
3463 5557 3582 5595 non

1940 5630 2194 5685 absurde
2224 5629 2532 5697 sentimus,
2571 5647 2698 5702 qum
2728 5647 2830 5704 per
2859 5630 3155 5686 lavacrum
3186 5629 3581 5704 regeneratio-

1942 5718 2058 5793 nis,
2091 5722 2150 5778 ει
2195 5719 2440 5779 verbum
2489 5720 2713 5780 munda
2752 5721 2813 5778 in
2851 5720 3081 5779 Christo
3111 5721 3314 5778 effecta
3341 5723 3448 5789 est,
3482 5718 3584 5792 qui
