3980 6184
451 390 570 452 819

1946 363 2367 461 ΑΡΡΕΝΒΙΧ.

3658 407 3742 467 Βὶῦ

442 522 695 579 cimilem
721 523 958 594 quidem
990 539 1244 593 pennam
1273 523 1448 579 habet
1480 525 1686 596 pennis
1717 526 1936 591 avium,
1964 542 2090 598 quas
2120 528 2324 594 A-tam
2358 525 2603 600 gloriam
2635 526 2694 582 in
2717 530 3010 583 aeternum
3042 526 3272 597 pariant
3299 545 3464 601 poena
3491 539 3743 604 praesules,

443 614 719 668 sarnibus
767 617 1083 668 vescuntur
1129 617 1184 667 et
1225 614 1533 685 sanguine.
1566 615 1675 669 Sed
1709 614 1818 670 illae
1850 617 2093 688 remigio

443 703 667 758 alarum
725 702 784 757 in
834 702 942 758 hoc
992 719 1121 757 aere
1168 702 1326 757 velut
1371 703 1430 756 in
1474 703 1674 776 pelago
1707 705 1762 759 id
1796 710 2000 777 agunt,
2032 711 2096 760 ut

442 792 511 845 de
543 791 766 845 caeteris
816 792 1020 846 avibus
1071 793 1326 862 praedam
1360 792 1614 863 capiant.
1649 793 1811 849 Unde
1844 796 1954 850 sub
1987 794 2096 849 hac

445 882 634 950 ﬁgura
699 880 920 934 inimici
1005 881 1187 936 nostri
1257 881 1593 952 spirituales
1663 883 2092 955 intelliguntur.

444 968 704 1024 Struthio
753 986 884 1024 vero
934 969 1105 1040 longe
1153 970 1428 1025 dissimili
1477 973 1650 1027 modo
1700 974 1906 1043 pennis
1970 975 2094 1029 suis

448 1059 632 1111 utitur
665 1075 676 1112 :
731 1076 796 1113 eo
851 1061 1009 1129 quod,
1049 1075 1146 1114 eas
1185 1059 1343 1114 velut
1391 1077 1493 1132 per
1525 1063 1719 1127 ﬁdem,
1753 1068 1811 1117 et
1842 1063 2093 1134 speciem

448 1149 699 1202 duorum
748 1153 1234 1204 testamentorum
1287 1150 1699 1222 gubernaculis
1747 1153 1945 1208 vivens
1987 1152 2096 1207 ha-

450 1239 732 1294 bitantem
791 1239 1078 1292 extendat.
1139 1243 1268 1293 Haec
1327 1239 1478 1310 avis,
1537 1241 1619 1295 ait
1675 1241 1956 1297 Dominus
2025 1243 2095 1296 ad

456 1330 482 1382 J
496 1329 565 1382 ob
603 1347 614 1383 :

531 1439 552 1464 α
586 1419 826 1482 Quando
857 1415 1167 1488 dereliquit
1196 1435 1300 1472 ova
1333 1436 1440 1473 sua
1472 1419 1527 1473 in
1560 1423 1735 1487 terra,
1759 1425 1822 1476 tu
1855 1422 2098 1476 forsitan

454 1508 510 1561 in
547 1508 780 1578 pulvere
803 1506 1102 1562 calet'acies
1128 1507 1282 1561 ea?»
1313 1508 1429 1562 Ova
1455 1508 1572 1563 sive
1597 1508 1768 1579 ﬁlios,
1792 1514 1856 1564 ut
1884 1510 1943 1564 in
1967 1511 2101 1566 sub-

455 1597 839 1668 sequentibus
886 1597 1119 1666 dicitur,
1153 1613 1360 1651 novam
1421 1603 1747 1653 creaturam
1808 1605 1984 1671 atque
2039 1600 2100 1655 in

457 1687 688 1739 Christo
720 1691 1078 1755 generatam,
1103 1692 1160 1739 et
1181 1686 1488 1740 candidam
1523 1687 1856 1759 progeniem
1889 1695 2101 1744 sanctae

457 1774 724 1828 Ecclcsia)
756 1774 1078 1844 intelligere
1110 1774 1410 1829 debemus.
1433 1777 1542 1830 Sed
1574 1776 1632 1830 in
1665 1777 1787 1832 ovis
1816 1776 1948 1833 illos
1975 1793 2104 1833 esse

2206 616 2568 687 professione
2590 615 2850 671 veritatis
2867 621 3134 688 acceptae.
3153 617 3219 671 Et
3239 617 3363 673 ideo
3380 620 3515 690 quod
3533 623 3745 692 sequitur,

2207 728 2236 754 «
2273 705 2489 760 frustra
2519 704 2824 772 laboravit,
2859 705 3018 760 nullo
3048 705 3258 761 timore
3289 712 3523 779 cogente,
3551 732 3573 759 »
3609 711 3745 768 Eccle-

2207 793 2356 848 siam
2389 795 2602 866 signat,
2636 812 2762 865 quae
2794 794 2948 851 ﬁlios
2978 812 3116 850 suos
3147 796 3217 850 ad
3249 797 3588 852 tentationem
3612 807 3656 854 et.
3677 819 3746 855 se-

2207 883 2321 938 culi
2372 883 2553 955 hujus
2604 883 2901 939 molestias
2953 889 3262 956 praeparat,
3295 901 3516 957 sperans
3557 889 3748 960 utiquea

2205 976 2320 1028 Deo
2374 989 2478 1044 pro
2531 973 2624 1028 his
2673 973 2844 1028 malis
2896 973 3288 1046 temporariis,
3320 974 3551 1030 ﬁliorum
3577 994 3748 1033 suorum

2206 1060 2476 1133 gloriam,
2511 1069 2568 1118 et
2602 1063 3057 1134 incorruptionis
3089 1062 3497 1120 beatitudinem
3525 1067 3749 1137 sempiter-

2209 1166 2368 1204 nam.
2403 1149 2604 1222 Aliter,
2656 1153 2755 1207 sed
2812 1152 2920 1207 etsi
2973 1151 3258 1207 doluisset
3309 1168 3407 1224 pro
3455 1152 3573 1208 ﬁliis
3614 1169 3750 1208 conse-

2209 1240 2409 1306 cratis,
2468 1240 2686 1296 frustra
2742 1239 3047 1307 doluisset,
3105 1241 3244 1312 quia
3299 1257 3411 1296 non
3464 1241 3669 1297 habebat
3705 1244 3748 1297 ti-

2210 1327 2406 1383 mendi
2439 1345 2668 1396 causas,
2703 1329 2937 1400 quando
2964 1344 3062 1385 eos
3096 1329 3367 1401 perdidit,
3391 1330 3486 1384 sed
3513 1331 3748 1401 acquisivit.

2282 1440 2310 1466 ‹‹
2345 1417 2596 1473 Privavit
2638 1419 2794 1474 enim
2844 1435 2974 1474 eam
3005 1423 3160 1474 Deus
3208 1418 3500 1490 sapientia,
3530 1435 3615 1474 nec
3650 1420 3748 1474 dedit

2210 1505 2294 1559 illi
2325 1505 2796 1578 intelligentiam.
2834 1530 2861 1556 ››
2913 1507 3211 1578 Sapientia
3258 1512 3426 1578 atque
3462 1506 3750 1580 intelligentia

2212 1595 2419 1648 mundi
2451 1595 2631 1666 hujus
2661 1597 2884 1667 privata
2921 1606 3010 1651 est.
3057 1613 3090 1651 a
3139 1601 3254 1652 Deo
3285 1595 3560 1664 Ecclesia;
3602 1605 3746 1652 namet

2211 1682 2522 1755 Apostolus
2567 1685 2676 1740 hoc
2716 1686 2839 1740 ﬁeri
2869 1686 3157 1758 praecipit,
3188 1686 3387 1740 dicens
3420 1701 3432 1740 :
3482 1688 3578 1755 Qui
3600 1689 3682 1741 vult
3700 1703 3748 1739 sa-

2210 1775 2368 1844 piens
2395 1790 2530 1843 esse,
2563 1774 2766 1829 stultus
2796 1776 2916 1844 ﬁat,
2947 1779 3008 1829 ut
3035 1777 3110 1830 sit
3139 1776 3358 1846 sapiens
3381 1791 3399 1827 :
3427 1775 3540 1846 quia
3563 1778 3749 1846 sapientia

460 1863 816 1929 noverimus,
851 1863 951 1934 qui
1001 1863 1265 1918 doctrina
1315 1865 1674 1936 quotidiana,
1727 1866 1896 1937 quasi
1950 1868 2104 1923 fetus
2137 1903 2186 1968 B
2216 1862 2618 1968 ltitiufntnundi
2666 1864 2906 1919 stultitia
2954 1868 3033 1920 est
3079 1863 3230 1937 apud
3279 1865 3444 1918 Deum
3495 1865 3532 1934 (Ι
3576 1864 3666 1920 Cor.
3702 1880 3750 1924 ιιι,

461 1953 701 2024 quidam
733 1951 998 2007 Ecclesiae
1030 1953 1236 2008 matris
1267 1955 1628 2020 nutriuntur,
1663 1961 1729 2010 ut
1757 1957 2108 2028 quandoque

462 2042 533 2096 de
555 2039 854 2096 initiorum
880 2040 1212 2112 frugalitate
1240 2045 1295 2096 et
1324 2041 1761 2114 imperfectione
1792 2047 2109 2116 proceden-

465 2130 650 2194 tes,ad
672 2129 878 2184 ultimu
891 2147 944 2184 m
963 2135 1113 2186 testa
1127 2130 1407 2185 virtutum
1419 2132 1616 2199 ,veluti
1628 2132 1922 2190 distinctis
1935 2138 2111 2205 atque

467 2221 731 2274 formatis
781 2221 1180 2274 membrorum
1232 2222 1636 2293 compagibus,
1671 2223 1940 2289 existant,
1975 2242 2105 2280 cum

466 2327 535 2364 ex
563 2309 820 2364 tenebris
849 2309 1123 2362 vitiorum
1157 2309 1265 2363 hoc
1305 2310 1476 2364 modo
1507 2311 1643 2365 facti
1677 2293 1893 2368 fuerint
1922 2313 2021 2368 lux
2051 2317 2109 2370 in

467 2397 1108 2467 Domino,proﬁcientes
1131 2397 1390 2466 quotidie
1407 2399 1476 2452 ad
1501 2404 1736 2454 aetatum
1763 2417 2111 2474 morumque

438 2525 441 2527 -
469 2486 842 2541 soliditatem.
871 2485 1125 2539 Audiant
1147 2486 1488 2556 prophetam
1511 2488 1581 2542 de
1613 2488 1756 2558 ipsis
1779 2490 2066 2547 dicentem
2094 2511 2107 2548 :

466 2577 591 2630 Dies
615 2574 1042 2648 formabuntur,
1065 2578 1117 2628 et
1142 2590 1297 2629 nemo
1328 2577 1386 2628 in
1412 2575 1490 2630 eis
1512 2577 1677 2645 (Psat.
1703 2594 1971 2649 CXXXVIII,
1999 2582 2108 2650 16),

466 2664 524 2718 id
559 2668 670 2735 est,
691 2661 924 2716 nullum
954 2662 1013 2716 in
1046 2663 1129 2717 eis
1157 2663 1365 2716 vitium
1388 2664 1746 2732 dominatur,
1772 2684 1886 2738 quo
1916 2669 2111 2742 impu-

466 2757 682 2824 gnante
711 2751 1038 2806 vincantur.
1073 2751 1249 2806 Filios
1277 2767 1411 2806 vero
1442 2752 1844 2826 intelligamus
1865 2758 1991 2828 jam
2025 2776 2112 2816 so-

466 2843 566 2919 lito
589 2841 969 2905 robustiores,
986 2841 1097 2895 ﬁde
1121 2857 1187 2896 ac
1212 2841 1524 2897 virtutibus
1546 2845 1921 2916 compositos,
1937 2852 2112 2919 atque

466 2918 746 2987 formatos
797 2947 900 3003 per
947 2931 1311 2985 incrementa
1352 2931 1658 3004 virtutum,
1691 2939 1976 3006 tanquam
2008 2918 2112 3009 per

463 3038 750 3076 annorum
783 3020 994 3075 seriem
1037 3021 1163 3091 jam
1204 3019 1274 3074 de
1304 3021 1462 3075 omni
1495 3021 1834 3079 inﬁrmitate
1863 3025 1988 3080 vitm
2019 3025 2107 3080 in-

461 3109 794 3181 compositae
821 3110 965 3163 nihil
991 3110 1290 3164 habentes.
1321 3109 1387 3164 Hi
1419 3110 1616 3182 igitur,
1641 3111 1793 3168 sicut
1814 3113 1896 3168 ait
1925 3115 2110 3170 Domi-

459 3216 590 3268 nus,
645 3199 701 3252 in
752 3203 907 3253 terra
964 3199 1035 3254 ab
1097 3197 1353 3253 Ecclesia
1405 3199 1836 3272 relinquuntur,
1873 3205 2107 3274 quando

2225 1953 2310 2016 18,
2347 1953 2454 2016 19).

2297 1995 2310 2016 ,
2347 1953 2412 2005 19
2441 1994 2454 2006 .

2295 2064 2316 2090 σι
2351 1953 2495 2096 Cu)m
2548 2046 2783 2114 tempus
2839 2042 3030 2112 fuerit,
3064 2044 3125 2098 in
3171 2044 3355 2102 altum
3385 2045 3499 2100 alas
3525 2043 3672 2115 erigit,
3693 2043 3751 2095 de-

2219 2129 2370 2186 ridet
2396 2147 2613 2202 equum
2645 2136 2704 2186 et
2733 2147 3104 2188 ascensorem
3137 2135 3287 2205 ejus.
3319 2156 3346 2188 ιι
3380 2135 3510 2190 Cum
3538 2130 3750 2204 ingruerit

2221 2220 2321 2285 ait,
2357 2220 2658 2276 molestior
2711 2225 2767 2275 et
2823 2221 3072 2276 nimium
3123 2225 3332 2280 acerba
3382 2222 3590 2278 afﬂictio
3631 2235 3752 2292 perse

2221 2308 2476 2380 quentis,
2509 2307 2589 2364 ibi
2643 2310 2832 2379 major
2883 2311 2954 2364 ad
3005 2311 3195 2366 Deum
3225 2312 3296 2367 de
3345 2310 3620 2367 afﬂictione
3647 2308 3752 2362 obse-

2221 2399 2440 2453 crantis
2489 2398 2751 2464 affectus,
2797 2398 2938 2454 dum
2987 2400 3419 2470 quodammodo
3465 2398 3701 2461 excitatur,
3720 2399 3751 2446 et

2219 2486 2570 2542 humiliatus
2589 2488 2832 2559 erigitur
2854 2487 3180 2546 intentione
3201 2488 3613 2562 vigilantissima
3626 2487 3754 2555 depre

2221 2576 2390 2631 candi
2415 2577 2472 2630 in
2503 2576 2795 2631 excelsum
2822 2576 2998 2632 alacri
3029 2577 3367 2650 nisu,ﬁdem
3394 2594 3543 2634 suam
3565 2581 3610 2631 et
3631 2589 3750 2644 spem.

2220 2665 2376 2722 velut
2397 2683 2618 2737 pennas
2650 2667 2709 2720 in
2741 2666 3030 2737 adjutorio
3061 2668 3264 2739 gratiae
3297 2669 3392 2724 Dei
3423 2666 3577 2722 fultas
3602 2662 3752 2723 sutlert,

2219 2759 2277 2812 et
2328 2771 2460 2810 cum
2515 2754 2722 2809 talium
2771 2755 2997 2810 alarum
3046 2762 3374 2813 sustentata
3419 2754 3570 2812 fuerit
3593 2748 3750 2812 auxilio,

2217 2859 2457 2917 gressus
2485 2844 2740 2914 profecto
2771 2845 2900 2914 ejus
2933 2844 3249 2902 velociores
3277 2845 3580 2901 efﬁciuntur
3602 2845 3647 2896 et
3667 2853 3751 2892 con-

2218 2933 2315 2987 citi
2344 2949 2357 2988 :
2381 2931 2460 2987 ita
2482 2936 2544 2987 ut
2568 2931 2944 3003 insequentes
2966 2950 3028 2989 se
3059 2935 3325 2992 derideat
3348 2933 3606 2994 inimicos,
3624 2929 3666 2983 id
3684 2931 3752 2986 est,

2218 3037 2436 3092 equum
2468 3025 2526 3076 et
2553 3022 2831 3093 equitem,
2859 3024 3013 3092 quod
3041 3027 3137 3079 est
3155 3023 3442 3079 diabolum
3467 3027 3517 3078 et
3543 3017 3752 3074 hominem

2218 3110 2556 3166 ministrum
2587 3109 2831 3176 inimici,
2862 3112 2958 3182 qui
2991 3111 3049 3166 in
3082 3113 3488 3185 perpetrandas
3510 3111 3672 3165 contra
3691 3103 3752 3157 Εο·

2217 3198 2455 3256 clesiam
2487 3200 2938 3271 persecutiones,
2973 3201 3141 3256 sedet
3169 3203 3226 3256 in
3259 3200 3502 3274 quolibet
3530 3211 3648 3268 equo
3672 3207 3752 3250 suo.

457 3287 925 3358 persecutionem
973 3287 1045 3342 ab
1098 3287 1316 3358 impiis,
1359 3292 1416 3343 et
1461 3294 1690 3346 terrena
1737 3292 2102 3362 sapientibus
2135 3275 2176 3342 (ἶ
2218 3289 2274 3344 in
2308 3289 2478 3344 corde
2511 3288 2776 3343 videlicet
2802 3289 3055 3344 hominis
3088 3289 3502 3362 persequentis.

454 3377 776 3449 patiuntur.
812 3376 1156 3446 Relinquere
1203 3377 1358 3431 enim
1411 3394 1508 3432 eos
1556 3378 1813 3435 Ecclesia
1861 3381 2095 3454 dicitur,

453 3468 594 3522 dum
645 3466 1090 3522 adversantibus
1138 3482 1254 3520 non
1306 3466 1572 3523 resistit:
1623 3485 1771 3538 quos
1814 3469 2098 3526 Dominus

452 3556 675 3608 fervore
707 3555 838 3608 fidei
871 3559 928 3608 et
961 3554 1235 3623 patientia
1263 3555 1462 3619 duros,
1497 3561 1672 3627 atque
1711 3558 1771 3611 in
1817 3557 1917 3613 illo
1965 3559 2100 3631 igne

452 3659 626 3712 quem
653 3642 813 3696 misit
834 3642 890 3696 in
913 3647 1149 3708 terram,
1173 3647 1230 3698 et
1253 3644 1309 3698 in
1337 3647 1630 3715 pulverem
1658 3645 1879 3718 lragilis
1907 3649 2100 3704 carnis

454 3747 656 3785 eorum
688 3729 1040 3786 fortissimos
1071 3733 1225 3787 facit.

531 3840 558 3872 α
589 3819 964 3876 Obliviscitur
1013 3823 1163 3888 quod
1198 3838 1299 3893 pes
1332 3823 1629 3880 conculcet
1659 3841 1746 3892 ea,
1781 3830 1883 3881 aut
1911 3825 2103 3882 bestia

457 3911 579 3984 agri
613 3914 949 3965 conterat.»
1007 3910 1380 3966 Obliviscitur
1424 3913 1678 3969 Ecclesia
1721 3919 1888 3970 natos
1939 3931 2098 3981 suos,

457 4002 597 4055 dum
621 3999 704 4054 eis
727 4017 1136 4071 pressurarum
1165 3999 1482 4071 molestias,
1507 4001 1868 4058 adversarios
1891 4004 2103 4060 inferre

458 4106 575 4144 non
610 4087 898 4160 prohibet.
933 4088 1050 4142 Hoc
1080 4087 1206 4143 loco
1238 4087 1624 4145 differentiam
1672 4096 1810 4162 puto
1842 4109 1970 4148 esse
2000 4092 2102 4146 tri-

456 4178 828 4233 bulationum
857 4182 1092 4249 propter
1115 4177 1261 4232 illud
1289 4179 1444 4248 quod
1469 4179 1633 4246 dixit,
1659 4196 1760 4251 pes
1781 4181 2103 4250 conculcet,

459 4272 516 4321 et
545 4266 686 4320 illud
720 4267 875 4336 quod
908 4268 1007 4337 ait,
1041 4272 1098 4322 et
1129 4267 1325 4322 bestiae
1358 4268 1481 4340 agri
1522 4273 1842 4324 conterant.
1878 4271 1948 4326 Et
1997 4271 2107 4327 hoc

462 4355 539 4409 sit
569 4355 839 4409 contritio
871 4355 1210 4424 bestiarum,
1242 4359 1476 4427 quando
1507 4363 1704 4429 aperte
1734 4362 1950 4428 truces,
1973 4361 2104 4416 saevi

462 4450 520 4499 et
543 4443 909 4498 immanitate
932 4462 1160 4499 morum
1179 4447 1522 4502 crudelitate
1539 4447 1762 4503 similes
1786 4448 2108 4505 bestiarum

465 4534 764 4590 Christum
816 4534 1159 4589 confitentes
1191 4551 1378 4606 usque
1407 4536 1479 4591 ad
1512 4537 1872 4592 atrocitatem
1905 4539 2110 4594 mortis

2281 3375 2662 3448 «Numquid
2706 3378 2989 3448 praebebis
3057 3394 3210 3450 equo
3278 3376 3651 3438 fortitudinem,
3692 3373 3750 3423 aut

2208 3466 2602 3521 circumdabis
2633 3465 2778 3521 collo
2811 3469 2941 3537 ejus
2973 3466 3317 3524 hinnitum?
3352 3491 3376 3516 ››
3426 3467 3570 3522 Hunc
3602 3470 3749 3532 equum

2209 3555 2601 3610 adversariam
2657 3559 3005 3626 potestatem
3054 3557 3308 3613 arbitror
3359 3572 3515 3628 posse
3560 3543 3747 3614 intelligi»

2210 3645 2310 3716 qui
2359 3643 2434 3697 sit
2478 3643 2751 3715 pallidus,
2786 3649 2850 3698 ut
2879 3645 2938 3700 in
2969 3646 3320 3719 Apocalypsi
3348 3643 3610 3706 scribitur,
3634 3647 3747 3708 quem

2210 3731 2477 3803 sequitur
2508 3748 2665 3787 mors
2695 3738 2751 3788 et
2785 3733 3047 3790 infernus
3078 3735 3265 3807 (Apoc.
3297 3752 3370 3800 VI,
3399 3734 3468 3799 8).
3519 3731 3579 3785 Et
3615 3724 3689 3797 qui
3713 3720 3747 3772 in

2209 3821 2485 3876 Zacharia
2541 3820 2824 3893 propheta
2880 3823 3095 3877 dicitur
3153 3824 3366 3879 robeus
3415 3820 3574 3894 (Zach.
3615 3831 3669 3878 Iv,
3700 3811 3747 3872 2)·

2215 3910 2500 3966 mortihus
2549 3909 2816 3966 videlicet
2847 3911 3183 3981 hominum,
3214 3917 3270 3969 et
3299 3926 3489 3968 cruore
3515 3912 3748 3978 respersus-

2212 4000 2463 4054 Proinde
2493 4000 2636 4054 dum
2670 4000 3031 4071 permittitur
3060 4002 3302 4073 praeberi
3332 4001 3381 4056 ei
3407 4017 3441 4055 ‘a
3467 3998 3582 4061 Deo,
3607 3989 3750 4046 dicitur

2216 4089 2525 4153 fortitudo,
2595 4090 2682 4144 et'
2730 4089 3083 4145 circumdari
3151 4091 3296 4147 collo
3362 4090 3480 4160 ejus
3537 4077 3748 4172 hinnitus:

2219 4183 2280 4232 ut
2328 4195 2429 4248 per
2481 4177 2843 4248 patientiam,
2876 4184 2933 4233 et
2981 4179 3297 4236 bonitatem
3347 4178 3461 4246 Dei,
3490 4164 3751 4260 thesauri-li?t

2217 4266 2327 4321 sibi
2360 4267 2504 4321 iram
2538 4267 2596 4321 in
2635 4266 2728 4321 die
2781 4267 2878 4321 ira:
2932 4272 2989 4322 et
3038 4268 3400 4325 revelationis
3436 4263 3566 4336 justi
3600 4254 3750 4328 judiCiS

2218 4355 2339 4410 Dei.
2372 4356 2440 4409 Et
2469 4355 2684 4410 idcirco
2715 4356 2774 4410 in
2806 4355 2951 4412 collo
2996 4358 3124 4427 ejus
3179 4357 3522 4431 signiﬁcatur
3564 4343 3751 4431 hinnitus

2219 4443 2525 4516 ευρθνδίὶε,
2561 4461 2676 4516 quo
2722 4450 2945 4502 tumeat
2991 4451 3194 4503 contra
3241 4429 3436 4510 Deum,
3463 4445 3514 4498 et
3554 4429 3752 4502 blaspb8°

2220 4532 2400 4586 miam
2443 4531 2732 4604 loquatur.

465 4625 755 4694 afﬂigunt.
790 4629 898 4678 Pes
928 4640 1059 4679 vero
1105 4603 1563 4680 concu'lcationis
1595 4625 1671 4681 sit
1701 4625 2111 4696 hujuscemodi
2143 4649 2188 4713 D
2293 4644 2325 4713 (ς
2357 4603 2650 4693 Numquid
2677 4622 2989 4680 suscitabis
3009 4640 3144 4680 eum
3167 4623 3332 4696 quasi
3357 4603 3752 4713 locustasﬁ‘llf‘

464 4713 786 4784 tribulatio,
821 4713 1055 4784 quando
1095 4713 1442 4784 opprobriis,
1476 4720 1531 4768 et
1563 4714 1741 4770 nimio
1772 4720 2110 4788 contemptu

423 4835 430 4846 ι
465 4804 812 4876 iniquorum
845 4802 1032 4858 sancti
1064 4819 1486 4874 usquequaque
1517 4803 1927 4872 humiliantur,
1959 4803 2118 4860 velut

471 4895 729 4966 quadam
763 4885 1199 4948 conculcatione
1229 4891 1479 4964 protriti.

549 5007 574 5033 ‹‹
615 4985 864 5038 Duratur
916 4983 984 5038 ad
1033 4981 1184 5037 ﬁlios
1236 4998 1394 5049 suos,
1429 4982 1596 5054 quasi
1646 4999 1759 5038 non
1810 4983 1929 5039 sint
1977 4984 2116 5041 sui:

480 5076 696 5130 frustra
726 5071 1028 5137 laboravit,
1054 5071 1211 5126 nullo
1243 5071 1450 5127 timore
1479 5078 1736 5144 cogente.
1766 5095 1792 5121 »
1824 5074 2123 5129 Praesenti-

482 5171 594 5224 bus
617 5163 869 5218 ﬂliorum
902 5180 1140 5222 suorum
1170 5161 1668 5228 tribulationibus,
1693 5162 1947 5219 Ecclesia
1975 5164 2124 5218 dura

484 5262 540 5314 et
569 5257 749 5327 impia
778 5243 1025 5322 videtur,
1051 5253 1326 5324 quoniam
1355 5269 1468 5307 non
1501 5251 1852 5324 ingemiseit,
1875 5257 1932 5307 et
1964 5252 2125 5324 plan-

483 5349 566 5421 git
596 5344 902 5418 angustias
934 5343 1353 5414 interitumque
1384 5346 1675 5396 natorum.
1704 5342 1764 5394 In
1788 5342 1958 5411 cujus
1981 5342 2125 5413 ﬁgu—

481 5454 606 5493 ram
657 5441 862 5490 sancta
911 5439 1096 5489 mater
1124 5432 1585 5487 Machabazorum
1635 5445 1814 5501 super
1865 5428 2121 5486 ﬁliorum

479 5543 722 5583 suorum
774 5525 1126 5581 cruciatibus
1177 5520 1504 5576 exsultabat
1555 5519 1626 5591 (Il
1667 5519 1834 5574 ΜαοΙι.
1869 5535 1986 5585 VIII,
2020 5519 2121 5574 30-

475 5617 586 5690 41),
602 5615 834 5671 videbat
855 5615 1069 5685 quippe
1092 5613 1150 5665 in
1173 5611 1402 5683 spiritu,
1418 5611 1569 5666 sicut
1589 5613 1646 5665 et
1667 5608 1759 5664 hic
1782 5612 1984 5665 sancta
2005 5625 2122 5665 ma-

467 5711 556 5768 ter
578 5704 833 5768 Ecclesia
861 5719 964 5778 per
983 5702 1157 5758 ﬁdem
1182 5697 1440 5773 quotidie
1468 5696 1917 5772 contemplatur,
1939 5713 2121 5770 quan.

2222 4728 2280 4766 re
2313 4710 2692 4782 locustarum,
2718 4713 3084 4769 adversarius
3109 4719 3304 4769 noster
3322 4710 3517 4767 dicitur
3539 4697 3751 4759 suscitari.

2227 4800 2458 4872 quando
2489 4801 2558 4856 de
2591 4800 2732 4856 locis
2764 4801 2887 4857 suis
2916 4802 2989 4857 ad
3022 4802 3349 4881 partiendas
3374 4788 3752 4881 regionesmlqlui

2226 4891 2538 4945 vastandas
2561 4891 2760 4962 praeire
2782 4872 3181 4958 diciturisicut
3201 4891 3280 4946 ait
3298 4890 3363 4944 de
3382 4888 3483 4942 Deo
3499 4872 3750 4937 Psalmista:

2228 4980 2401 5046 Dixit,
2434 4984 2484 5034 et
2516 4982 2661 5034 venit
2691 4981 2895 5036 (ocima
2926 4981 3097 5051 (Psat.
3130 4997 3236 5050 CIV,
3266 4979 3371 5045 34).
3403 4973 3499 5030 Sed
3528 4969 3648 5024 hanc

2231 5069 2590 5132 citationem,
2625 5068 2964 5125 instantiam
3011 5067 3296 5124 efﬁciendi
3326 5062 3500 5137 operis
3526 5069 3628 5112 esse
3651 5044 3752 5137 ανδ)-

2231 5162 2370 5212 tror.
2410 5159 2566 5214 Unde
2595 5158 2809 5213 dicitur
2837 5160 2909 5213 ad
2944 5157 3292 5214 Pharaonem
3328 5133 3439 5208 z—In
3467 5149 3554 5203 hoc
3577 5133 3755 5212 ipsum“

2232 5249 2492 5312 excitavi,
2545 5251 2605 5301 ut
2669 5247 2949 5302 ostendam
3005 5249 3067 5303 in
3130 5256 3179 5302 te
3243 5246 3477 5300 virtutem
3530 5242 3681 5287 meam,
3721 5217 3752 5312 fl

3618 5301 3748 5368 ’Emt-

2231 5339 2593 5391 annuntz‘etur
2638 5353 2833 5392 nomen
2862 5353 3046 5392 meum
3089 5338 3146 5392 in
3192 5334 3436 5412 universa
3460 5325 3623 5386 terrai

2233 5443 2308 5494 Ix,
2344 5427 2451 5498 16).

2305 5539 2331 5566 (ι
2363 5487 2557 5571 Gloria
2589 5517 2816 5572 narium
2853 5517 2982 5588 ejus
3014 5521 3214 5573 terror.
3245 5536 3272 5564 ι)
3321 5510 3436 5566 Sive
3464 5493 3619 5593 "Ulli
3643 5487 3716 5593 dfo

2230 5611 2367 5662 runt
2401 5622 2413 5659 :
2471 5604 2652 5661 Gloria
2694 5583 2918 5677 pectora
2963 5607 3080 5680 ejus
3109 5601 3351 5662 audacia.
3382 5594 3445 5652 Ut
3471 5583 3743 5680 inimicflflj

2694 5657 3104 5762 adversarium
3133 5704 3322 5767 suum,
3352 5681 3562 5760 ωἱλίίθιη
3585 5657 3743 5776 9°“in

3673 5485 3747 5538 ἱκο-
