3980 6184
378 291 497 350 821
1405 291 1925 354 COMMENTAR.
1973 295 2051 356 ΙΝ
2091 295 2258 356 JOB.
2303 294 2474 356 CAP.
2521 298 2805 358 XXXIX.
3680 305 3796 364 8‘22

379 421 622 492 Christi,
654 419 784 493 ipso
815 420 991 477 etiam
1041 420 1302 478 anhelitu
1349 425 1529 479 terret
1578 442 1592 480 :
1643 423 1738 479 hic
1772 430 1862 481 est
1890 426 2034 482 odor
2059 429 2115 496 Α
2143 425 2460 483 criminum
2486 426 2622 499 igne
2643 427 3218 501 conﬂagrans,atque
3239 430 3298 485 in
3321 431 3622 488 hominem
3645 433 3803 490 furo-

381 511 614 582 mortis,
647 510 743 566 hic
773 515 864 566 est
892 511 1135 583 spiritus
1164 511 1516 570 furibundus
1540 513 1820 586 angelans
1847 515 1907 571 in
1931 515 2035 572 ho-
2145 533 2206 572 re
2233 515 2462 571 invidia
2491 516 2839 583 fremens,ut
2855 517 2983 588 jam
3015 518 3246 574 sorbeat
3275 519 3565 578 illecebris
3597 539 3800 595 pecca-

381 601 563 656 minis
622 616 846 669 necem,
906 604 1228 656 retrorsum
1285 603 1545 676 respicit,
1579 604 1677 676 qui
1718 605 1930 661 iterum
1961 607 2033 660 ad
2143 608 2414 676 torem,et
2434 606 2774 662 devoratum
2807 607 2865 661 in
2899 624 3108 679 corpus
3131 609 3368 679 perdita
3400 613 3794 685 congregatio-

377 693 623 761 peccata
670 688 1045 755 convertitur,
1088 688 1206 745 sive
1257 689 1733 747 tribulationibus
1765 693 1937 759 cedit,
1972 697 2035 748 ut
2143 695 2235 750 nis
2265 711 2383 750 sua
2408 695 2742 765 transferat,
2776 712 2890 767 quo
2923 712 3162 768 corpore
3205 697 3491 769 propheta
3537 700 3683 756 dixit
3729 718 3791 757 se

380 779 442 834 in
475 778 785 852 Evangelio
806 778 1094 834 Dominus
1125 795 1229 850 per
1258 780 1594 852 parabolam
1627 781 1919 838 edisserit.
2142 784 2287 840 forte
2317 785 2775 856 absorbendum,
2809 785 2922 840 nisi
2957 786 3237 841 Dominus
3267 791 3422 842 esset
3451 787 3512 842 in
3552 804 3651 857 eo;
3709 789 3790 845 ita

454 890 483 919 ‹‹
515 871 754 924 Terram
789 867 1011 940 ungula
1041 868 1258 926 fodit.»
1293 870 1445 938 Sive,
1478 875 1545 925 ut
1577 869 1674 926 alii
1706 871 1978 928 dixerunt
2014 915 2027 928 .
2138 872 2454 946 inquiens:
2490 875 2615 930 Nisi
2644 876 2905 930 Dominus
2948 879 3085 931 esset
3134 877 3193 930 in
3234 877 3410 947 nobis,
3454 879 3595 947 forte
3640 879 3788 934 vivos

369 958 590 1030 fodiens
619 961 681 1013 in
709 973 896 1030 campo
928 957 1293 1029 luxuriat,-id
1325 964 1414 1015 est
1447 959 1708 1016 carnales
1738 961 2027 1029 homines,
2137 963 2545 1019 absorbuissent
2609 979 2706 1020 nos
2766 965 2937 1035 (Psal.
2998 981 3229 1032 cxxxm,
3288 965 3426 1036 2,3).
3485 964 3592 1019 Hic
3649 980 3785 1038 ergo

371 1053 433 1104 et
461 1053 692 1104 terrena
737 1047 1034 1120 sapientes
1063 1047 1385 1117 conculcet,
1419 1054 1477 1104 et
1508 1050 1769 1122 proterit,
1803 1055 2034 1120 etcum
2135 1052 2466 1108 contrarius
2498 1056 2693 1109 noster
2722 1053 2849 1124 ipse
2871 1057 2979 1120 est,
3004 1053 3098 1108 cui
3133 1055 3281 1109 Deus
3312 1053 3545 1110 locutus
3575 1055 3784 1122 est,di-

371 1155 472 1194 eos
530 1137 950 1209 humiliaverit,
982 1137 1214 1210 sibique
1245 1137 1592 1208 subdiderit,
1644 1139 1781 1195 facit
1828 1157 1927 1196 eos
1958 1159 2027 1198 ea
2135 1156 2272 1196 cens
2305 1157 2318 1196 :
2357 1145 2584 1197 Terram
2611 1141 2969 1197 manducabis
2997 1143 3249 1198 omnibus
3276 1143 3468 1199 diebus
3497 1145 3622 1199 vita
3675 1148 3784 1199 tua

363 1226 718 1282 contritione
749 1227 1048 1298 contritos,
1085 1226 1277 1299 qualis
1318 1231 1408 1282 est
1458 1228 1750 1296 contritio,
1784 1231 1842 1285 et
1873 1229 2023 1285 infe-
2135 1229 2286 1301 (Gen.
2319 1247 2406 1296 III,
2440 1231 2548 1299 14).
2582 1230 2654 1286 Et
2681 1231 2894 1287 idcirco
2924 1230 3049 1303 ipse
3078 1236 3137 1288 et
3165 1231 3307 1288 socii
3347 1233 3496 1303 ejus,
3548 1236 3615 1288 ut
3662 1233 3779 1288 ini-

307 1361 312 1366 .
365 1314 560 1372 licitas
586 1316 647 1371 in
679 1315 790 1372 viis
820 1315 1128 1372 hominum
1160 1315 1578 1388 impiorum.In
1609 1317 2020 1385 hujuscemodi
2132 1318 2268 1374 mici
2301 1319 2551 1387 Domini,
2573 1322 2792 1376 terram
2821 1318 3063 1393 lingent.

361 1403 876 1478 igiturlatitudine
896 1405 1358 1474 vitiorum,velut
1379 1407 1439 1462 in
1461 1424 1669 1480 campo
1691 1407 2016 1477 luxurians,
2200 1429 2228 1456 ‹‹
2261 1407 2376 1464 Nec
2409 1411 2637 1480 reputat
2664 1409 2818 1464 tuba
2867 1425 3076 1465 sonare
3123 1409 3475 1482 clangorem.
3515 1433 3536 1460 ιι
3573 1412 3634 1466 Id
3666 1416 3774 1484 est,

364 1494 519 1550 fodit
546 1495 619 1551 ad
650 1495 1050 1551 subtrahenda
1073 1495 1414 1552 hominibus
1436 1497 1820 1554 fundamenta
1841 1499 2022 1554 virtu-
2127 1496 2548 1569 prophetarum
2571 1501 2629 1553 et
2658 1497 3059 1570 apostolorum
3091 1498 3549 1571 increpationem
3572 1501 3774 1556 audire

364 1587 598 1651 tum,ut
627 1585 684 1640 in
716 1585 949 1641 ruinam
981 1585 1270 1642 subducta
1290 1586 1581 1642 soliditate
1607 1588 2012 1659 procumbaut.
2125 1585 2430 1656 detrectat,
2467 1587 2684 1659 quibus
2715 1587 2932 1643 dicitur
2961 1605 2973 1643 :
3008 1588 3159 1643 Sicut
3195 1589 3324 1643 tuba
3368 1591 3561 1646 exalia
3588 1605 3771 1646 vocem

443 1697 470 1724 ‹‹
498 1674 760 1730 Exsultat
790 1676 1123 1732 audacter.»
1156 1676 1383 1732 Gaudet
1407 1677 1698 1749 superbus
1729 1695 2011 1750 prasum-
2121 1678 2278 1732 tuam
2309 1679 2434 1746 (Isa.
2471 1694 2623 1745 LVIII,
2661 1678 2745 1749 1):
2771 1678 2873 1733 sed
2904 1677 3093 1750 magis
3123 1677 3386 1746 saviens,
3419 1679 3576 1735 unde
3594 1696 3769 1736 verus

358 1763 580 1835 ptionis
612 1764 874 1834 audacia,
907 1766 1291 1838 quoadusque
1320 1765 1644 1838 perniciose
1675 1772 1875 1824 contra
1904 1767 2008 1824 ho-
2039 1810 2086 1876 B
2121 1764 2344 1821 Pharao
2377 1765 2516 1820 dicit
2567 1783 2580 1821 :
2629 1766 2958 1836 Persequens
2997 1765 3472 1835 comprehendam,
3519 1766 3767 1838 departi-

358 1852 551 1876 ...ε---
585 1859 808 1876 ..η-..-Λ
2124 1854 2213 1876 1.-..
2267 1856 2431 1876 __--l_'_
2495 1854 2675 1876 112⁸---Λ
2724 1872 2795 1876 ____
2846 1855 2900 1876 n\
2962 1859 3008 1876 ,Α
3043 1860 3234 1876 ___L____
3296 1856 3348 1876 I'_
3389 1855 3480 1876 ιι-
3512 1855 3654 1876 1__3_
3699 1857 3756 1876 Δ-

355 1852 552 1909 mines
584 1859 829 1927 pugnat.
2039 1852 2086 1876 ”
2119 1854 2214 1910 bor
2256 1856 2436 1927 spolia
2492 1854 2692 1923 (Exod.
2724 1872 2817 1924 xv,
2846 1855 2922 1926 9),
2956 1859 3012 1910 et
3038 1860 3260 1911 catera.
3295 1856 3356 1910 In
3389 1855 3482 1910 his
3512 1855 3656 1912 locis
3689 1857 3761 1911 de

427 1965 456 1991 ‹‹
489 1945 554 1998 In
588 1959 899 2000 occursum
929 1945 1119 2017 pergit
1147 1945 1410 2002 armatis.
1445 1967 1474 1996 »
1505 1947 1640 2011 Qua
1671 1946 1792 2002 sint
1841 1964 2006 2003 arma
2115 1944 2332 2014 quibus
2380 1943 2659 2012 diximus,
2710 1943 2808 1999 alii
2857 1943 3285 1999 transtulerunt
3317 1960 3328 1998 :
3363 1945 3538 2015 Super
3576 1947 3758 2017 ipsum

349 2036 694 2089 sanctorum
747 2038 948 2090 contra
990 2033 1318 2104 spiritualia
1367 2035 1659 2107 nequitia,
1691 2036 2003 2108 Apostolus
2111 2035 2260 2088 enim
2291 2033 2490 2102 gaudet
2527 2048 2691 2090 arcus
2735 2037 2785 2087 et
2835 2032 3080 2102 gladius,
3112 2033 3324 2101 lancea,
3353 2033 3535 2101 hasta,
3565 2037 3616 2087 et
3644 2039 3758 2088 tre-

349 2121 664 2190 diligenter
701 2128 934 2180 enarrat
982 2125 1197 2197 (Ep/ws.
1248 2142 1326 2194 v1,
1375 2126 1585 2198 13-18).
1639 2126 1851 2182 Contra
1893 2128 2000 2185 hos
2109 2137 2259 2178 more
2287 2131 2341 2178 et
2371 2122 2660 2178 iracundia
2690 2124 2885 2178 evertit
2915 2126 3119 2178 terram
3147 2139 3165 2176 :
3194 2137 3297 2179 nec
3343 2122 3539 2188 credit,
3591 2122 3758 2179 donec

344 2209 533 2282 igitur
560 2213 904 2284 hujusmodi
937 2214 1119 2270 armis
1148 2213 1413 2284 indutus,
1446 2215 1506 2270 in
1538 2232 1848 2272 occursum
1870 2234 1998 2289 per-
2106 2213 2415 2282 elanguerit
2447 2213 2674 2268 buccina
2699 2231 2718 2268 :
2751 2212 2850 2268 ubi
2880 2212 3152 2268 eumdem
3201 2229 3440 2267 sensum
3485 2211 3754 2268 existimo

346 2316 484 2372 gere
515 2302 747 2371 dicitur,
780 2305 1016 2375 quando
1048 2321 1240 2361 arcem
1272 2305 1488 2362 mentis
1517 2322 1851 2380 expugnare
1873 2325 1998 2364 mo-
2105 2303 2411 2371 contineri,
2445 2303 2767 2359 secundum
2803 2317 2977 2373 quem
3010 2318 3118 2357 nos
3147 2302 3624 2373 exposuimus.1n
3657 2319 3755 2358 ar-

341 2389 520 2462 liens,
554 2392 862 2449 adversum
913 2409 1152 2449 murum
1201 2395 1508 2465 virtutum,
1541 2397 1751 2453 arietes
1799 2398 1913 2468 abji

2185 2434 2199 2458 ,
2231 2396 2288 2448 et
2316 2391 2529 2464 gladio,
2563 2396 2623 2447 et
2652 2392 2875 2447 cateris
2915 2389 3094 2446 armis
3125 2390 3370 2459 inimici,
3403 2407 3608 2448 omnes
3646 2393 3747 2448 ad-

339 2479 643 2550 vitiorum,
712 2486 770 2537 et
845 2483 916 2539 ad
996 2484 1344 2540 tentandum
1407 2485 1746 2553 Dominum,
1814 2504 1995 2544 ausus
2101 2481 2468 2538 inventiones
2498 2481 2623 2552 ejus
2658 2479 3049 2552 intelligenda
3082 2485 3244 2549 sunt,
3275 2497 3402 2552 qua
3434 2480 3493 2535 in
3519 2498 3586 2537 eo
3612 2497 3750 2554 gau-

341 2568 460 2625 fuit
487 2570 547 2626 in
578 2588 889 2628 occursum
921 2573 1050 2644 ejus
1079 2573 1274 2630 venire
1304 2574 1363 2629 in
1393 2591 1608 2647 eremo,
1640 2580 1698 2631 et
1739 2578 1992 2654 persin-
2101 2572 2278 2627 deant
2305 2587 2440 2627 cum
2470 2569 2564 2627 his
2595 2571 2806 2644 modis,
2841 2569 3011 2643 quasi
3042 2570 3223 2626 armis
3253 2569 3617 2628 interﬁciunt
3647 2571 3748 2628 ho-

340 2659 517 2731 gulas
550 2661 811 2718 civitates
858 2661 1140 2735 apostolis
1191 2663 1489 2720 Christum
1538 2666 1993 2737 pradicantibus
2099 2661 2339 2718 minem.

343 2751 710 2820 occurrebat,
753 2753 990 2824 quando
1021 2753 1106 2808 eis
1155 2754 1576 2811 commotiones
1634 2756 1989 2813 seditionum
2170 2773 2197 2801 (ί
2259 2750 2367 2806 Ubi
2424 2751 2676 2806 audierit
2732 2749 3062 2820 buccinam,
3117 2748 3280 2817 dicit,
3333 2749 3474 2805 vah!
3536 2750 3745 2806 Procul

339 2839 546 2911 populi
577 2840 925 2908 suscitabat,
949 2842 1102 2898 sicut
1132 2843 1308 2900 etiam
1339 2843 1397 2899 in
1431 2845 1674 2901 Actibus
1705 2846 1992 2918 apostolo-
2098 2841 2376 2896 odoratur
2405 2839 2646 2908 bellum,
2679 2839 3142 2894 exhortationem
3173 2839 3414 2905 ducum,
3446 2842 3503 2893 et
3552 2839 3742 2895 ulula-

338 2944 477 2982 rum
525 2927 800 3000 legimus.
858 2930 1021 2986 Unde
1070 2934 1126 2986 et
1173 2932 1244 2987 ad
1297 2932 1584 3003 quosdam
1615 2933 1828 2989 Paulus
1860 2934 1985 2992 ait;
2095 2932 2224 2984 tum
2252 2928 2846 2994 exercitus.»Quando
2870 2927 3745 2998 audierit,inquit,adversarius

331 3016 550 3072 Ostium
577 3020 721 3073 mihi
747 3028 1000 3091 apertum
1046 3028 1125 3076 est
1165 3038 1451 3090 magnum,
1506 3026 1556 3078 et
1605 3023 1847 3091 evidens,
1897 3026 1989 3080 sed
2097 3021 2294 3074 noster
2323 3018 2423 3074 Dei
2454 3018 2785 3084 buccinam,
2809 3016 2867 3071 id
2900 3020 3010 3085 est,
3032 3032 3516 3088 unumquemque
3546 3016 3744 3072 docto-

325 3106 640 3164 adversarii
666 3110 831 3165 multi
859 3109 907 3181 (I
936 3110 1056 3165 Cor.
1090 3127 1205 3178 XVI,
1239 3112 1315 3182 9).
1348 3115 1416 3166 Et
1446 3110 1651 3166 multis
1682 3111 1812 3167 aliis
1842 3111 1984 3169 locis
2095 3125 2218 3163 rem
2252 3106 2516 3163 Ecclesia
2547 3107 2953 3162 adhortantem
2985 3104 3416 3161 commilitones
3464 3122 3624 3178 suos,
3657 3122 3744 3162 εθ-

323 3195 404 3251 de
433 3196 542 3252 hac
573 3199 1007 3255 adversantium
1039 3199 1482 3272 impugnatione
1506 3217 1621 3257 non
1653 3205 1978 3274 tacet,quas
2010 3189 2053 3256 C
2091 3198 2350 3252 cundum
2383 3200 2737 3269 praceptum
2768 3195 3092 3268 imperiale,
3127 3199 3302 3267 atque
3341 3194 3625 3267 divinum,
3677 3200 3744 3251 ut

321 3285 596 3343 diabolus
626 3287 998 3344 immittebat.
2084 3292 2288 3343 contra
2319 3286 2719 3343 adversarium
2750 3303 2926 3342 suum
2961 3289 3117 3340 stent
3146 3285 3326 3340 fortes
3367 3285 3425 3339 in
3469 3285 3667 3356 pralio
3723 3302 3737 3343 :

396 3397 425 3424 ‹‹
459 3376 791 3433 Contemnit
819 3394 1115 3450 pavorem,
1148 3395 1253 3435 nec
1299 3379 1454 3435 cedit
1498 3378 1711 3452 gladio.
1751 3401 1774 3429 ι
1809 3380 1972 3444 Quod
2082 3376 2342 3449 stupenti
2372 3377 2572 3433 animo
2602 3381 2661 3431 et
2689 3373 3016 3442 scrutabili,
3050 3374 3410 3446 auribusque
3445 3374 3734 3446 attonitis,

304 3464 390 3520 ad
433 3464 767 3538 imperium,
800 3470 856 3522 et
886 3467 1312 3525 invocationem
1345 3468 1470 3537 Dei,
1503 3467 1774 3525 diabolus
1821 3469 1969 3525 effu-
2081 3467 2163 3522 ait
2195 3483 2208 3522 :
2240 3466 2400 3522 Vah!
2458 3471 2738 3539 tanquam
2772 3465 2821 3520 si
2852 3465 3070 3520 diceret
3103 3482 3116 3521 :
3177 3465 3327 3528 Quid
3375 3464 3591 3520 audio?
3623 3464 3734 3520 hac

299 3557 499 3624 getur,
534 3555 913 3612 manifestum
939 3561 1058 3625 est;
1090 3558 1190 3613 sed
1225 3558 1274 3613 si
1304 3558 1375 3614 ad
1409 3557 1864 3626 contumaciam,
1915 3563 1971 3614 et
2079 3557 2393 3628 quisquam
2425 3555 2730 3628 prasumit
2757 3553 3020 3625 audacia,
3055 3557 3120 3609 ut
3148 3558 3350 3609 contra
3375 3570 3468 3609 me
3521 3552 3731 3609 saltem

297 3640 671 3707 voluntatem
704 3642 866 3702 illius
898 3634 1360 3718 iniquissimam,
1394 3664 1460 3702 ac
1491 3648 1814 3720 procaciter
1856 3648 1968 3702 im-
2077 3646 2290 3718 cogitet
2322 3645 2476 3701 bella
2506 3643 2898 3701 constituere?
2929 3642 3034 3698 Ubi
3057 3653 3193 3716 ergo
3214 3642 3440 3698 dictum
3462 3641 3726 3709 est,Vahl

299 3730 806 3801 pudentissimam
841 3735 1242 3803 attendamus,
1273 3736 1603 3809 intrepidus
1634 3753 1750 3792 non
1780 3742 1964 3792 terre-
2075 3734 2176 3789 alii
2207 3735 2478 3790 dixerunt
2498 3733 2827 3805 Euge,quod
2851 3733 3196 3799 secundum,
3224 3737 3288 3787 ut
3309 3730 3728 3802 consequentia

301 3823 427 3887 tur,
461 3838 575 3877 non
609 3823 901 3879 erubescit
931 3824 1163 3881 etiamsi
1196 3824 1390 3898 gladio
1424 3826 1560 3882 ferri
1592 3826 1695 3882 Dei
1726 3827 1966 3883 territus
2073 3822 2184 3879 loci
2219 3824 2412 3893 fuerit,
2446 3824 2567 3880 sive
2593 3823 2654 3878 in
2685 3823 2928 3891 bonum,
2962 3822 3081 3878 sive
3107 3821 3166 3877 in
3197 3823 3420 3878 malum
3471 3821 3722 3892 capitur,

305 3909 509 3977 fuerit,
542 3915 599 3966 et
628 3912 884 3986 fugatus,
916 3919 974 3970 et
1004 3915 1314 3971 revertitur
1342 3914 1576 3983 iterum,
1613 3932 1718 3971 nec
1759 3916 1960 3971 confu-
2073 3918 2132 3969 et
2179 3913 2238 3969 in
2289 3914 2573 3970 Psalterio
2628 3931 2642 3969 :
2689 3912 3110 3984 Con/nudantur
3138 3920 3193 3967 et
3220 3919 3592 3981 revereantur,
3625 3911 3724 3979 qui

300 4001 470 4054 tatus
500 4001 782 4057 abscedit.
2069 4002 2261 4059 dicunt
2289 4004 2450 4076 mihi,
2498 4005 2666 4075 Euge,
2715 4019 2848 4074 euge
2898 4002 3066 4073 (Psal.
3101 4017 3292 4070 xxx1x,
3327 3999 3720 4070 16)._Proinde

385 4108 407 4136 ι
443 4088 629 4161 Super
657 4091 853 4162 ipsum
885 4093 1119 4148 sonabit
1158 4093 1454 4166 pbaretro,
1483 4095 1738 4151 vibrabit
1767 4094 1958 4164 hasta,
2068 4093 2128 4147 in
2160 4092 2270 4148 hoc
2299 4092 2424 4149 loco
2454 4091 2754 4148 irridentis
2786 4091 3066 4156 animo,et
3085 4088 3506 4145 subsannantis
3528 4088 3716 4156 vultu,

297 4180 362 4232 et
393 4176 651 4250 clypeus.
681 4201 707 4228 »
738 4180 854 4237 Cur
876 4181 1054 4238 habet
1072 4182 1407 4254 pharetram
1430 4184 1743 4240 inimicus?
1774 4185 1847 4240 Ut
1875 4185 1958 4240 vi-
2068 4198 2214 4255 euge
2245 4181 2739 4238 dicitur.Subtilis
2759 4179 2914 4236 enim
2937 4186 2994 4234 et
3017 4177 3504 4250 vigilantissimus
3524 4177 3719 4232 inimi-

297 4265 516 4323 delicet
552 4269 824 4326 sedentes
872 4271 930 4326 in
980 4288 1048 4328 ea
1096 4272 1305 4342 Judai,
1363 4273 1630 4346 gentiles,
1680 4273 1955 4340 haretici,
2067 4289 2193 4340 cus,
2226 4276 2283 4328 et
2328 4271 2577 4326 nimium
2629 4269 2896 4336 callidus,
2949 4269 3048 4340 qui
3097 4266 3553 4323 sollicitudinem
3584 4283 3714 4339 per-

293 4355 358 4409 in
393 4357 609 4428 quibus
669 4364 808 4414 sunt
857 4360 1083 4433 sagitta
1132 4362 1361 4430 mortis,
1421 4379 1685 4418 errorum
1735 4363 1958 4419 scilicet
2066 4361 2241 4416 dendi
2292 4377 2527 4416 omnem
2573 4364 2790 4416 terram
2841 4358 3037 4426 habet,
3069 4374 3205 4413 cum
3238 4357 3487 4414 senserit
3517 4357 3715 4430 aliqua

291 4443 540 4500 lethalia
567 4447 864 4520 dogmata,
880 4449 1159 4522 sagittent
1179 4449 1239 4505 in
1272 4450 1519 4506 obscuro
1552 4457 1738 4508 rectos
1760 4454 1952 4509 corde.
2063 4450 2250 4522 initia,
2283 4451 2401 4506 sive
2431 4451 2602 4521 signa
2632 4449 2899 4522 quadam
2933 4448 2992 4503 in
3025 4447 3281 4513 homine,
3336 4447 3628 4518 quomodo
3659 4447 3714 4502 ei

292 4531 484 4631 Habet
530 4534 762 4592 hastam
812 4539 970 4593 unde
1017 4538 1366 4595 criminibus
1414 4540 1754 4612 caterisque
1796 4542 1952 4598 vitiis
1983 4565 2031 4631 Ι)
2062 4540 2308 4612 ejusque
2338 4539 2496 4595 vitiis
2533 4537 2928 4595 resistendum
2963 4537 3058 4604 sit,
3091 4536 3252 4592 velut
3280 4536 3712 4631 sagina,adver-

292 4622 594 4679 confodiat
646 4630 1000 4696 peccatores,
1051 4627 1322 4700 sagittas,
1373 4629 1708 4686 subtiliores
1760 4630 1949 4699 dolos,
1983 4622 2025 4631 ”
2061 4634 2257 4686 santes
2289 4628 2400 4685 sibi
2431 4628 2747 4701 praevenire
2769 4627 3072 4683 contendit
3103 4642 3115 4682 :
3150 4643 3222 4681 ne
3248 4629 3484 4696 sumpta
3504 4627 3710 4680 contra

291 4709 553 4780 hastam,
605 4713 818 4770 delicta
869 4716 1121 4772 trabalia
1180 4720 1354 4789 atque
1402 4718 1722 4774 mortifera.
1766 4718 1951 4776 Habet
2059 4718 2359 4774 diabolum
2391 4717 2720 4774 sanctitatis
2761 4733 2926 4772 arma
2973 4715 3331 4770 defendant:
3369 4729 3440 4768 ne
3470 4729 3712 4768 venera-

293 4798 587 4872 clypeum,
621 4820 736 4875 quo
767 4803 1003 4860 malitia
1035 4805 1418 4878 plenitudine,
1453 4811 1642 4863 totum
1694 4808 1947 4864 militum
2058 4807 2216 4863 tione
2237 4807 2396 4879 digni
2420 4809 2582 4875 ﬁant,
2603 4823 2736 4862 cum
2759 4806 2878 4862 Rex
2899 4810 3149 4861 aternus
3171 4803 3486 4859 advenerit.
3509 4802 3710 4858 Ulula-

291 4905 540 4945 suorum
568 4897 817 4964 occupat
845 4898 1068 4965 pectus,
1105 4912 1218 4967 quo
1251 4910 1322 4950 ne
1354 4894 1484 4951 telis
1514 4897 1823 4952 verborum
1847 4898 1948 4952 Dei
2058 4901 2154 4952 tus
2178 4912 2331 4966 vero,
2364 4897 2483 4951 sive
2512 4898 2746 4962 sonitus,
2781 4901 2844 4949 ut
2875 4893 2973 4948 alii
3006 4890 3588 4961 dixerunt,exercitus
3609 4907 3710 4946 ve-

291 4985 790 5052 compungantur,
823 4983 1041 5038 excutit
1069 5000 1156 5052 ea,
1191 4984 1526 5052 frustratur,
1559 4985 1951 5058 expalmatzex
2059 4985 2105 5039 ri
2131 4984 2504 5056 imperatoris
2537 4983 2632 5039 ille
2662 4987 2770 5049 est,
2805 4983 3037 5053 quando
3069 4997 3132 5036 se
3162 4979 3409 5036 invicem
3441 4996 3556 5035 uno
3588 4980 3709 5052 spi-

289 5085 410 5140 quo
441 5085 592 5140 equo
616 5071 1036 5144 transﬁgurato
1084 5072 1144 5127 in
1194 5077 1468 5146 angelum
1521 5073 1668 5129 lucis
1711 5075 1783 5145 (II
1825 5073 1946 5130 Cor.
2058 5074 2197 5143 ritu,
2231 5089 2465 5144 unaque
2496 5072 2800 5137 charitate,
2822 5075 2878 5126 et
2908 5071 3020 5126 ﬁde
3051 5070 3441 5141 cohortantes,
3476 5070 3710 5141 conspi-

289 5157 821 5230 xx,14),splendore
853 5162 1107 5232 quodam
1141 5162 1407 5229 terribili,
1441 5162 1674 5218 vibrant
1705 5165 1873 5220 basta
1894 5169 1951 5219 et
2059 5165 2198 5219 ratis
2219 5164 2276 5217 in
2297 5161 2730 5218 unumtimoris
2746 5160 3714 5232 Dominiviribus,alloquuntur,ut

293 5245 557 5318 clypeus,
577 5252 634 5303 et
665 5249 955 5304 mendacii
988 5249 1220 5322 eloquio
1252 5252 1510 5322 abrupta
1542 5252 1947 5308 hareticorum
2059 5253 2242 5308 donec
2277 5255 2533 5307 transeat
2562 5250 2989 5321 iniquitas,sint
3023 5255 3458 5322 perseverantes
3480 5249 3540 5304 in
3562 5266 3708 5321 pra-

295 5341 575 5390 resonant
606 5338 1009 5409 pravitates,et
1037 5339 1131 5396 hic
1153 5345 1389 5412 propter
1418 5341 1846 5397 indesinentem
1871 5343 1952 5396 in-
2060 5342 2169 5409 lio;
2203 5341 2342 5412 quia
2374 5339 2655 5396 charitate
2687 5340 2840 5412 regis
2872 5339 2963 5394 sui
2995 5339 3190 5394 infusa
3219 5340 3280 5394 in
3311 5356 3374 5394 se
3405 5355 3507 5410 per
3533 5338 3709 5410 Spiri-

239 5479 248 5486 ,
295 5425 627 5481 tensionem
661 5443 957 5498 usumque
987 5428 1325 5484 blandiendi
1353 5430 1577 5486 vibrare
1608 5431 1903 5486 dicuntur.
2057 5435 2186 5487 tum
2220 5435 2516 5497 sanctum,
2548 5429 2647 5501 qui
2669 5429 2844 5485 datus
2874 5433 2962 5484 est
2991 5429 3094 5499 eis,
3126 5446 3228 5501 pro
3260 5429 3540 5485 alterutro
3569 5434 3708 5486 sunt

375 5537 404 5565 ‹‹
439 5515 690 5572 Fervens
738 5520 796 5572 et
844 5516 1098 5574 fremens
1147 5519 1344 5574 sorbet
1372 5523 1604 5576 terram.
1639 5543 1668 5569 »
1703 5521 1952 5577 Fervens
2062 5521 2326 5577 membra
2355 5519 2620 5576 sollicita.

298 5608 392 5666 est
421 5602 582 5664 vitiis
613 5604 908 5682 diabolus,
931 5605 1209 5667 inimicus
1239 5613 1665 5683 sanctorum,et
1686 5609 1952 5671 omnium
2141 5631 2164 5662 α
2211 5608 2508 5685 Numquid
2558 5608 2869 5668 suscitabis
2919 5626 3053 5670 eum
3101 5611 3271 5686 quasi
3320 5611 3620 5676 locustae?
3671 5633 3702 5672 »
