3980 6184
429 335 548 396 823

1928 328 2356 394 sponsum.
3664 324 3755 405 au

431 467 612 530 Quem
645 466 717 521 de
745 464 871 521 loco
902 465 973 522 ad
1004 465 1198 523 locum
1229 456 1522 524 transilire
1552 465 1681 536 feci,
1713 471 1770 523 et
1814 467 1886 523 de
1932 483 2078 538 prm-
2102 463 2167 531 Α
2193 470 2464 540 nocentes,
2511 474 2591 524 ut.
2619 466 2782 523 edant
2823 482 3016 524 carnes
3065 482 3245 524 πιθα·
3270 468 3440 537 (Psal.
3482 466 3614 542 x'xn,
3631 472 3677 542 1,
3702 475 3756 541 2).

434 554 608 623 senti,
654 554 878 611 scilicet
922 556 1127 611 mundi
1183 555 1586 623 delectatione,
1618 557 1691 612 ad
1724 555 2081 612 desiderium

432 645 614 701 futuri
647 645 843 701 saeculi
874 645 1258 713 inﬂammavi,
1288 645 1372 701 sic
1403 647 1609 717 utique
1637 646 1955 702 suscitatus
1993 648 2085 700 est

432 736 504 790 de
536 751 775 807 corpore
806 735 1195 803 infidelitatis,
1228 735 1384 792 velut
1415 735 1524 804 sol,
1559 751 1693 792 cum
1725 734 1883 791 calor
1911 736 2080 791 adve-

2193 554 2440 613 Proinde
2468 556 2746 629 quoniam
2778 556 2839 612 in
2869 557 2980 613 hac
3011 555 3209 613 salute
3238 556 3479 613 luminis
3503 558 3587 615 Dei
3610 572 3757 633 apere:

2192 644 2253 699 Si
2279 647 2574 702 consistant
2625 647 2894 703 adversus
2941 663 3031 703 me
3072 650 3292 716 castra,
3341 663 3452 704 non
3492 648 3669 705 timebit
3697 668 3761 709 cor

2189 748 2394 789 meum.
2425 738 2501 790 Et
2526 737 2579 791 si
2599 740 2889 808 consurgat
2934 737 2996 791 in
3043 752 3134 792 me
3178 738 3471 809 praelium,
3496 754 3593 794 non
3627 740 3761 795 cedam

433 824 540 880 nit.
574 829 693 881 Has
718 829 913 880 autem
945 824 1301 881 mutationes
1350 842 1465 881 non
1508 824 1772 881 locorum
1801 840 1932 880 esse
1958 840 2086 879 cor-
2138 888 2143 891 _
2190 822 2381 895 gladio
2411 823 2575 895 (Ibid.
2606 825 2683 898 2),
2718 841 2833 897 quo
2865 829 3115 881 mortem
3166 825 3424 882 libenter
3464 842 3558 899 pro
3596 827 3760 886 Christo

429 909 728 986 'poralium
760 916 1260 983 noverimus,nam
1284 915 1527 971 aﬂ‘ectus
1555 919 1696 970 sunt
1718 914 2081 970 animorum.

507 1027 536 1053 ‹‹
571 1004 768 1060 Gloria
798 1004 1028 1059 narium
1060 1005 1191 1075 ejus
1230 1008 1437 1059 terror.
1493 1022 1519 1056 ιι
1572 1003 1646 1059 Ut
1691 1007 1905 1061 terreat
1952 1019 2082 1076 pec-

438 1097 683 1163 catores,
717 1094 848 1149 odio
878 1093 1102 1150 habens
1152 1095 1303 1165 quod
1358 1096 1516 1164 sunt,
1567 1098 1624 1150 et
1671 1093 1871 1151 dicens
1899 1093 1983 1150 eis
2015 1095 2085 1148 de

437 1184 561 1238 Deo
587 1201 601 1236 ς
635 1184 760 1238 Nisi
788 1185 1034 1239 conversi
1059 1185 1302 1253 fueritis,
1334 1183 1581 1252 gladium
1625 1199 1786 1239 suum
1834 1184 2086 1240 υἱὸναὸἰὲ

442 1272 610 1344 (Psal.
644 1290 743 1338 vn,
771 1274 881 1343 13),
914 1277 970 1327 et
1009 1278 1214 1328 cratera
1265 1288 1279 1328 :
1334 1273 1405 1327 de
1451 1272 1635 1345 gloria
1678 1273 1909 1328 narium
1958 1275 2087 1345 ejus

443 1365 552 1428 est,
592 1360 836 1433 spiritus
883 1362 1036 1417 enim
1092 1362 1184 1417 Dei
1235 1365 1324 1416 cst
1370 1361 1428 1416 in
1473 1361 1717 1417 naribus
1748 1363 1897 1434 ejus,
1931 1362 2087 1434 quod

443 1454 501 1504 et
530 1453 771 1504 sanctus
800 1450 909 1505 Job
939 1449 1082 1504 dixit
1115 1465 1128 1506 :
1163 1448 1414 1520 Spiritus
1462 1449 1560 1504 Dei
1608 1453 1698 1507 est
1742 1450 1802 1505 in
1847 1451 2091 1506 naribus

446 1539 614 1595 meis.
650 1540 766 1595 lloc
806 1542 1124 1609 unguento,
1176 1537 1385 1610 spiritu
1435 1539 1639 1610 utique
1686 1539 1804 1611 Dei,
1855 1540 2094 1612 perfusa

446 1631 536 1683 est
563 1627 841 1697 Ecclesia,
876 1628 1028 1682 sicut
1056 1626 1260 1681 scribit
1287 1627 1542 1682 Joannes
1573 1627 1983 1699 apostoluszEt
2001 1646 2094 1685 vos

405 1701 415 1721 ’
443 1718 756 1772 unctionem
779 1714 985 1769 habetis
1024 1731 1057 1768 a
1110 1720 1294 1769 sancta
1323 1716 1373 1787 (I
1399 1717 1554 1771 Joan.
1588 1734 1651 1784 ιι,
1680 1718 1793 1785 20).
1842 1718 2092 1774 Proinde

2193 911 2391 967 subire
2421 918 2650 986 exopto.

2265 1022 2294 1051 α
2327 1003 2511 1075 Super
2542 1004 2738 1076 ipsum
2784 1002 3019 1060 sonabit
3065 1002 3374 1076 pharetra,
3400 1003 3626 1061 vibrabit
3645 1005 3761 1064 hasta

2195 1094 2254 1145 et
2275 1090 2573 1164 clypeus.»
2605 1094 2792 1166 Super
2819 1092 3168 1150 exteriorem
3196 1096 3262 1149 et
3289 1109 3612 1166 corporeum
3632 1096 3761 1152 homi-

2196 1196 2352 1251 nem,
2381 1182 2451 1238 de
2480 1198 2598 1254 quo
2626 1183 2709 1238 ait
2737 1182 3017 1255 propheta
3051 1198 3065 1238 :
3097 1184 3171 1238 Et
3201 1181 3396 1239 subtus
3420 1199 3506 1240 me
3524 1186 3761 1241 conturbda

2196 1275 2275 1327 est
2306 1271 2568 1328 hebetudo
2624 1288 2748 1328 mea
2792 1273 3014 1345 (Jerem.
3061 1288 3228 1341 xxxx,
3277 1272 3372 1344 20)
3402 1288 3418 1328 :
3449 1273 3600 1345 quasi
3630 1290 3758 1330 arum

2200 1360 2458 1415 animam
2491 1360 2806 1429 credimus,
2856 1361 2955 1416 ubi
3013 1360 3437 1434 unusquisque
3489 1364 3758 1417 sanctorum.

2202 1453 2402 1520 utpote
2454 1448 2512 1504 in
2572 1450 2848 1506 interiore
2906 1450 3149 1507 homine
3196 1467 3308 1507 suo
3353 1454 3616 1523 tanquam
3664 1451 3758 1505 intra

2200 1538 2532 1611 pharetram
2591 1539 2766 1595 habet
2820 1538 3065 1613 sagittas
3116 1538 3486 1612 eloquiorum
3533 1539 3639 1605 Dei,
3671 1554 3758 1610 quis

2202 1629 2274 1684 ad
2306 1629 2626 1684 cavendum
2656 1629 2899 1701 profert,
2929 1628 3048 1685 sive
3076 1630 3235 1685 dum
3262 1645 3362 1685 eas
3390 1628 3647 1702 frequenti
3681 1645 3758 1684 cur.

2202 1716 2485 1789 raptione,
2512 1715 2684 1772 veluti
2716 1717 2833 1791 tela
2862 1718 3188 1791 pungentis
3216 1718 3419 1774 educit
3458 1718 3516 1773 in
3558 1717 3759 1781 medium,

446 1805 542 1859 hic
572 1805 643 1903 de
675 1819 789 1875 quo
818 1802 1255 1903 loquimur,hoc
1286 1803 1411 1859 loco
1443 1804 1513 1859 de
1544 1805 1695 1861 bono
1728 1807 2089 1880 ﬂagrabatin
2122 1836 2171 1903 B
2202 1820 2591 1877 percussurus
2621 1806 2827 1879 utique
2846 1823 3048 1863 earum
3069 1807 3294 1864 ictibus
3316 1806 3757 1879 eosquimeritosd

445 1891 724 1948 interiore
756 1908 932 1948 sensu
966 1892 1224 1948 hominis
1254 1893 1345 1948 sui
1379 1911 1392 1949 :
1424 1894 1484 1948 in
1516 1910 1633 1966 quo
1665 1912 1843 1952 sensu
1885 1914 2091 1954 secun-

449 1983 591 2036 dum
621 1980 938 2037 voluntatis
964 1982 1435 2051 arbitrium,aliis
1464 1983 1609 2039 odor
1634 1986 1841 2042 mortis
1861 1986 1921 2043 in
1946 2004 2097 2045 mor-

448 2075 589 2137 tem,
650 2069 781 2127 aliis
837 2072 982 2127 odor
1033 2066 1162 2126 vita:
1219 2073 1279 2127 in
1336 2072 1514 2128 vitam
1564 2074 1646 2145 (II
1699 2074 1820 2132 Cor.
1866 2094 1933 2145 II,
1984 2078 2094 2149 16),

450 2159 728 2231 quoniam
760 2161 953 2216 refuso
983 2177 1161 2233 super
1181 2161 1562 2230 Christum,id
1597 2167 1882 2237 est,myro
1913 2167 2047 2223 ﬁdei
2076 2170 2094 2203 ί

453 2266 487 2305 a
513 2252 715 2305 sancta
744 2248 1003 2305 Ecclesia
1033 2249 1289 2321 repletus
1319 2254 1409 2305 est
1442 2251 1942 2311 munduszomnes
1962 2256 2100 2312 ﬁde-

445 2338 594 2394 lium
638 2337 858 2410 populi,
891 2339 1094 2394 eodem
1146 2355 1310 2394 sacro
1361 2338 1677 2396 chrismate
1722 2343 1885 2398 uncti
1936 2349 2096 2400 sunt.

446 2431 693 2499 Propter
723 2428 875 2498 quod
901 2431 957 2482 et
987 2428 1183 2499 ipsum
1214 2432 1610 2500 unguentum,
1634 2432 1789 2501 quod
1821 2436 1958 2488 ante
1979 2433 2102 2489 Sal-

446 2517 667 2573 vatoris
697 2516 968 2571 notitiam
998 2517 1152 2571 intra
1182 2515 1463 2572 alabastri
1507 2518 1629 2574 vasi
1682 2522 1986 2593 angustias
2016 2527 2099 2579 te-

449 2607 719 2671 nebatur,
753 2605 947 2678 pistici
980 2622 1195 2660 nomen
1226 2605 1478 2661 inditum
1509 2611 1637 2662 erat
1667 2609 1860 2680 (Joan.
1894 2629 1993 2675 xn,
2022 2614 2099 2685 3),

462 2699 528 2750 ut
583 2694 918 2750 noverimus
976 2695 1349 2750 credentibus
1406 2695 1675 2767 populos,
1725 2698 1880 2756 sicut
1933 2701 2100 2773 dixit,

459 2782 776 2840 chrismate
820 2788 1209 2839 consecratos.
1269 2783 1388 2838 Hac
1446 2783 1626 2854 igitur
1680 2784 1866 2858 gloria
1907 2790 2103 2848 odoris

457 2872 657 2944 hujus,
690 2872 861 2944 quasi
890 2876 1110 2929 terrore
1139 2871 1531 2945 generationis
1569 2874 1941 2944 perfunditur
1970 2896 2103 2936 sen-

454 2980 557 3019 sus
587 2962 849 3018 interior.

526 3075 555 3103 «
589 3054 830 3109 Terram
861 3052 1083 3126 ungula
1112 3054 1280 3110 fodit.
1314 3055 1557 3112 Exsulat
1603 3057 1898 3127 audacter,
1946 3062 2001 3115 et
2041 3059 2100 3115 in

451 3158 762 3199 occursum
792 3143 982 3215 pergit
1014 3142 1312 3199 armatis.»
1344 3146 1641 3218 Quidquid
1680 3148 1740 3203 in
1773 3164 1836 3204 se
1864 3149 2100 3221 potissi-

451 3249 616 3287 mum
648 3230 824 3285 habet
847 3232 918 3286 ad
951 3232 1292 3287 substantias
1326 3237 1837 3310 perseverantiam,
1883 3254 1950 3294 eo
1979 3238 2100 3293 uti-

448 3338 561 3393 que
619 3320 771 3378 bono
825 3321 1059 3377 virtutis
1105 3326 1321 3377 terram
1370 3324 1589 3380 scindit
1638 3330 1697 3381 et
1750 3332 2094 3384 commovet.

446 3411 571 3467 Non
602 3411 761 3467 enim
803 3410 1024 3482 patitur
1073 3415 1139 3465 ut
1186 3410 1378 3466 solum
1430 3414 1737 3482 gradiatur
1782 3414 2097 3484 incultum,

446 3501 547 3554 sed
581 3500 779 3554 studet
811 3504 876 3553 ut
914 3515 1051 3571 ager
1096 3499 1198 3553 fiat
1244 3499 1489 3573 frugifer
1532 3506 1589 3557 et
1631 3502 1884 3575 opimus.
1936 3504 2098 3561 Unde

447 3591 504 3641 et
535 3591 668 3641 ante
702 3587 880 3641 Deum
914 3587 1189 3643 audacter
1217 3588 1492 3661 exsultat,
1543 3594 1611 3646 ut
1651 3592 1853 3647 audiat
1894 3593 1968 3648 de
2011 3610 2094 3665 se,

448 3674 603 3730 sicut
630 3674 701 3728 de
750 3676 976 3731 caeteris
1028 3675 1140 3731 dici
1175 3694 1188 3732 :
1229 3679 1507 3735 Venientes
1548 3686 1728 3735 autem
1773 3683 1992 3738 venient
2035 3684 2096 3738 in

447 3762 833 3835 exsultatione,
862 3763 1115 3821 tollentes
1140 3767 1452 3839 manipulos
1468 3783 1594 3824 suos
1621 3768 1796 3839 (Psal.
1829 3787 1991 3844 cxxv,
2018 3773 2095 3845 6).

448 3854 710 3926 Itemque
739 3853 978 3909 audiat:
1014 3855 1173 3910 Serve
1203 3856 1353 3924 bone,
1386 3858 1519 3928 quia
1544 3874 1712 3929 super
1750 3875 1930 3931 pauca
1976 3863 2092 3933 fui-

450 3945 527 3999 sti
569 3943 770 4016 ﬁdelis,
801 3960 979 4016 supra
1007 3944 1184 3999 multa
1226 3948 1277 4000 te
1326 3947 1654 4002 constituam
1703 3948 1911 4019 (Matth.
1960 3967 2093 4018 xxv,

449 4034 542 4103 21,
582 4033 695 4104 23).
738 4033 803 4087 In
849 4049 1159 4089 occursum
1218 4035 1410 4106 pergit
1461 4036 1728 4102 armatis,
1783 4040 2097 4109 antequam

452 4121 586 4178 telis
633 4122 908 4179 vitiorum
941 4122 1060 4178 sive
1102 4122 1572 4196 persecutionum
1612 4141 1646 4179 a
1692 4124 2099 4197 spiritualibus

456 4212 729 4269 hostibus
768 4214 1070 4284 obruatur,
1118 4212 1179 4267 in
1243 4211 1363 4268 acie
1417 4211 1704 4269 virtutum
1752 4214 2099 4287 consistens,

454 4299 745 4356 irruentes
773 4301 833 4355 in
867 4319 930 4357 sc
958 4301 1233 4374 praevenit
1266 4290 1578 4369 inimicos,
1612 4318 1705 4359 ne
1743 4303 1942 4377 aliquo
1983 4304 2102 4361 ictu

458 4389 941 4461 concupiscentiae
988 4391 1075 4446 vel
1131 4391 1307 4447 etiam
1360 4391 1700 4448 difﬁdentiae
1743 4392 2101 4452 vulneretur.

460 4479 555 4536 Sic
586 4495 843 4551 namque
872 4478 931 4534 in
963 4496 1272 4535 occursum
1303 4480 1494 4553 pergit
1522 4486 1723 4537 contra
1764 4481 1965 4540 hostes
2010 4502 2103 4541 ar-

2204 1894 2450 1951 salutem
2483 1895 2731 1951 debeant
2752 1894 3068 1951 vulnerari.
3106 1897 3302 1970 Super
3340 1897 3549 1968 ipsum,
3575 1895 3761 1966 inquam,

2202 1982 2568 2056 eloquiorum
2601 1984 2701 2039 Dei
2733 1989 2968 2042 resonat
2996 1984 3302 2058 pharetra,
3352 1987 3500 2059 quod
3543 1988 3694 2039 tamen
3725 1983 3758 2037 in

2198 2072 2593 2129 commotione
2622 2073 2701 2129 sit
2730 2073 3115 2132 ambulantis.
3168 2074 3281 2130 Ubi
3327 2072 3643 2146 intelligitur
3663 2070 3759 2142 quod

2204 2163 2258 2219 is
2288 2166 2438 2219 recte
2466 2161 2679 2234 psallat
2706 2168 2779 2218 et‘
2793 2163 3073 2236 corripiat
3100 2163 3529 2238 delinquentes,
3566 2163 3696 2232 cujus
3725 2159 3757 2212 in

2206 2252 2498 2307 anteriora
2553 2252 2814 2323 quotidie
2866 2253 3166 2325 profectus
3222 2258 3318 2309 est
3371 2250 3680 2315 sanctitatis;
3709 2247 3758 2302 sic

2209 2340 2363 2397 enim
2395 2339 2729 2413 Apostolus,
2761 2356 3015 2413 magnus
3044 2346 3109 2398 et
3139 2346 3349 2413 potens
3379 2356 3555 2413 equus
3590 2334 3757 2399 Domini.

2211 2431 2293 2485 ait
2325 2446 2338 2484 :
2375 2431 2552 2486 Unum
2575 2435 2763 2486 autem
2788 2430 3013 2502 quidem
3039 2446 3174 2503 quas
3192 2433 3339 2488 retro
3356 2433 3484 2486 sunt
3502 2427 3757 2491 obliviscaris,

2209 2519 2280 2574 ad
2324 2535 2386 2575 ea
2432 2535 2556 2575 vero
2603 2535 2722 2590 qua:
2770 2522 2829 2576 in
2876 2526 3011 2576 ante
3057 2529 3193 2578 sunt
3243 2518 3525 2577 extendens
3563 2512 3755 2586 (Philipp.

2213 2624 2297 2675 in,
2350 2608 2459 2680 13).
2498 2607 2640 2664 Sive
2682 2613 2749 2664 ut
2793 2609 3027 2666 brevius
3064 2614 3133 2665 et
3181 2608 3540 2667 manifestius
3579 2604 3755 2660 dicam:

2212 2696 2488 2752 Pharetra
2506 2697 2626 2753 haec
2654 2697 2818 2754 locus
2838 2704 2931 2755 est
2951 2699 3240 2769 cordis,in
3260 2716 3379 2772 qua
3397 2707 3683 2755 sermonum
3699 2686 3757 2743 Dei

2210 2784 2438 2857 sagittae
2466 2786 2711 2842 conditae
2741 2790 2882 2843 sunt
2907 2791 2965 2843 et
2990 2788 3287 2859 repositas.
3338 2788 3408 2844 Et
3447 2784 3694 2857 signante!-
3711 2775 3757 2832 ait

2212 2873 2498 2930 Dominus
2528 2890 2706 2944 super
2734 2875 2955 2947 ipsum,
2985 2876 3043 2931 id
3075 2880 3173 2933 est
3201 2868 3439 2948 equum,
3468 2884 3645 2930 sonare
3659 2867 3755 2922 huc

2212 2963 2570 3035 pharetram,
2601 2964 2757 3035 quod
2804 2968 2895 3020 est
2940 2981 3125 3037 super
3167 2965 3502 3022 exteriorem
3544 2958 3753 3017 hominem

2211 3054 2361 3122 ejus,
2410 3052 2683 3124 pharetra
2730 3054 2923 3110 cordis
2978 3053 3145 3111 illius
3203 3055 3411 3111 referta
3461 3047 3641 3107 divinis
3680 3042 3754 3098 ela-

2213 3142 2389 3215 ίῐυίίεν
2420 3146 2645 3214 regnat,
2679 3143 2844 3214 dum,
2873 3147 2938 3199 ut
2965 3142 3221 3203 bellator
3248 3141 3471 3199 Domini
3497 3141 3547 3196 et
3572 3132 3696 3193 tortis
3719 3130 3753 3183 in

2214 3231 2410 3304 praelia
2440 3231 2608 3304 (Psat.
2664 3249 2823 3298 Lxm,
2852 3232 2929 3304 8),
2963 3231 3326 3306 evangelizat
3352 3229 3570 3286 verbosi
3610 3221 3755 3278 virtute

2208 3320 2412 3376 multa.
2473 3321 2659 3392 Super
2703 3320 2859 3376 hunc
2910 3338 3133 3394 equum
3187 3312 3752 3377 nihilominusvibratur

2207 3408 2379 3466 hasta
2407 3413 2464 3465 et
2492 3407 2750 3482 clypeus.
2785 3409 2964 3466 Hasta
2990 3414 3086 3466 est
3112 3408 3366 3483 vigilans
3414 3402 3574 3462 animi
3611 3397 3749 3483 virtus,

2208 3497 2328 3554 sive
2385 3498 2737 3567 constantia,
2794 3515 2923 3570 quae
2997 3482 3266 3571 increpat
3319 3496 3633 3570 peccator“.
3674 3482 3749 3538 δίνθ

2210 3587 2344 3643 vitia
2401 3586 2461 3642 in
2521 3603 2582 3643 se
2639 3587 3026 3644 confodienda
3080 3582 3648 3653 mortiﬁcat.Clypel13
3668 3583 3750 3664 VP“?

2207 3681 2440 3732 scutum
2474 3676 2606 3732 ﬁdei
2638 3680 2746 3745 est,
2799 3676 2857 3731 in
2905 3693 3021 3749 quo
3078 3676 3279 3734 omnia
3333 3672 3445 3731 tela
3493 3659 3746 3749 ηθαυίεξίωί

2208 3767 2380 3838 ignea
2412 3755 2618 3839 possit
2672 3748 3044 3839 exstinguere
3092 3767 3317 3841 (Ephes.
3359 3780 3434 3833 v1,
3478 3758 3575 3828 l6).
3601 3753 3653 3809 Et
3673 3748 3747 3841 hec

2209 3834 2450 3929 ρντοριθιῖ
2473 3834 2902 3913 indesinentem
2933 3834 3108 3914 usum
3162 3834 3432 3918 bellandi,
3477 3847 3662 3902 vibrare
3693 3834 3746 3889 di-

2209 3951 2444 4011 cuntur,
2479 3962 2610 4017 quae
2640 3945 2760 4002 sint
2789 3944 2992 4017 utique
3015 3945 3076 4002 in
3109 3940 3505 4003 exercitatione
3538 3937 3746 4017 Ρτωρπξ·

2208 4038 2288 4089 ta.
2322 4009 2467 4089 Nam
2496 4009 2810 4090 dotalibus
2839 4009 3020 4090 armis
3043 4032 3397 4108 fulgentibus
3416 4028 3489 4083 ita
3513 4009 3744 4113 dicitur!!!

2211 4124 2388 4180 lucem
2417 4123 2601 4191 iacula
2629 4126 2726 4177 tua
2750 4123 2927 4195 ibunt,
2972 4124 3035 4179 in
3077 4122 3412 4194 splendorem
3452 4109 3745 4173 coruscam”

2210 4227 2482 4268 annorum
2509 4218 2726 4269 tuorum
2757 4212 2981 4283 (Hebae.
3013 4228 3099 4283 III,
3132 4214 3206 4281 4).

2286 4322 2314 4349 ‹‹
2348 4301 2594 4356 Fervens
2620 4304 2678 4355 et
2707 4301 2962 4357 fremens
3008 4302 3206 4359 sorbet
3254 4302 3528 4355 terram.»
3570 4284 3742 4341 Perveni

2213 4390 2328 4446 fide
2358 4390 2417 4444 in
2448 4390 2655 4461 spiritu
2687 4393 2746 4444 et
2781 4390 3034 4446 fremens
3064 4394 3131 4447 ut
3158 4387 3427 4449 Salvator,
3456 4376 3557 4465 qui,

2213 4480 2272 4534 in
2303 4478 2459 4535 vitiis
2481 4456 2791 4535 mortuum
2840 4478 3223 4551 spiritualiter
3265 4471 3508 4537 suscitat,
3535 4456 3740 4551 fretnilln‘

460 4569 577 4624 mis
622 4536 898 4624 vitiorum
949 4536 1523 4641 insectationumque
1569 4536 2103 4629 munitosiS'ecuwn-
2132 4569 2180 4637 D
2211 4568 2423 4642 spiritu
2481 4571 2667 4637 (Joan.
2712 4585 2792 4636 x1,
2848 4536 2961 4641 53).
3019 4568 3107 4627 Ita
3151 4567 3264 4635 hi0.
3319 4563 3552 4632 ίηςυαων
3600 4536 3742 4642 ﬁt???

459 4660 601 4715 dum
651 4657 811 4714 hunc
856 4674 1096 4714 sensum
1142 4661 1384 4714 sanctus
1428 4658 1606 4715 David
1637 4658 1718 4715 ait
1749 4676 1764 4716 :
1797 4662 2106 4734 Persequar
2214 4662 2417 4715 contra
2446 4657 2717 4714 inimicos
2746 4674 2898 4725 suos,
2931 4657 3052 4715 sive
3080 4656 3242 4727 vitia,
3266 4651 3377 4710 sive
3402 4645 3555 4704 etiam
3575 4631 3739 4734 apeﬁ‘f

414 4814 419 4817 ,
456 4749 711 4805 inimicos
735 4764 905 4817 meos,
934 4750 987 4804 et
1014 4747 1464 4819 comprehendam
1488 4764 1577 4805 eos
1608 4748 1776 4820 (Psal.
1816 4758 1955 4820 xvii,
1987 4754 2100 4823 38),

457 4843 515 4896 et
544 4842 768 4896 czetera.

531 4952 560 4979 ‹‹
591 4928 924 4986 Contemnit
951 4944 1247 5001 pavorem,
1272 4944 1379 4984 nec
1408 4926 1563 4984 cedit
1597 4926 1811 5001 gladio.
1847 4950 1876 4980 »
1908 4930 2103 4995 Quan-

458 5015 695 5073 taslibet
724 5019 805 5074 ait
834 5020 1027 5074 minas
1057 5017 1433 5091 cum‘grandi
1480 5020 1719 5089 terrore,
1770 5018 1851 5074 ita
1875 5024 1941 5075 ut
1968 5037 2102 5076 cum

458 5121 729 5179 pavorem
776 5107 1037 5164 incutere
1084 5107 1330 5181 cupiunt
1369 5106 1612 5174 inimici,
1646 5106 1965 5180 loquatur:
2000 5110 2102 5166 Do-

457 5197 644 5251 minus
690 5197 1031 5253 illuminatz'o
1075 5213 1199 5253 mea
1245 5205 1296 5253 et
1350 5197 1502 5253 salus
1542 5212 1682 5264 mea,
1732 5214 1890 5269 quem
1940 5200 2101 5256 time-

459 5286 556 5341 bo?
586 5287 847 5342 Dominus
877 5289 1138 5355 defensor
1174 5289 1298 5342 vitae
1326 5301 1466 5343 mea?
1511 5303 1530 5341 :
1580 5303 1616 5340 a
1647 5288 1868 5343 nemine
1908 5289 2103 5358 formi-

453 5375 590 5432 dabo
658 5376 1084 5446 adversantium,
1160 5375 1289 5430 dum
1370 5377 1698 5447 appropiant
1774 5393 1939 5449 super
2014 5394 2102 5434 me

525 5504 541 5538 ¹
580 5501 793 5576 Vitiose
823 5502 1107 5576 hactenus
1136 5499 1437 5576 obtinebat
1463 5502 1629 5558 Μίνω
1669 5501 1816 5571 ﬁdei.
1847 5519 1949 5575 pro
1981 5519 2096 5576 quo

450 5575 597 5633 nihil
628 5574 1032 5646 dubitabimus
1059 5587 1237 5646 myrro,
1271 5573 1325 5625 id
1380 5578 1470 5646 est
1514 5573 1865 5646 unguentof
1895 5573 2097 5633 rescri-

448 5650 604 5711 bere.
654 5646 788 5707 Vid.
837 5645 1066 5723 Prolog.
1120 5643 1361 5701 Hieron.
1414 5643 1474 5700 in
1522 5643 1703 5705 libros
1753 5646 2011 5724 Samuel,
2037 5653 2096 5712 et

2210 4751 2614 4821 persecutores
2665 4763 2679 4803 :
2732 4752 2791 4803 et
2838 4717 2923 4804 ita
2977 4748 3174 4805 sorbet
3214 4717 3416 4801 terram
3463 4717 3737 4821 animi"?

2214 4814 2342 4894 eam
2375 4837 2447 4893 de
2475 4835 2690 4893 carnali
2722 4838 3157 4894 conversatione
3199 4834 3259 4890 in
3305 4814 3617 4900 spiritualem
3649 4814 3737 4900 οοιιξ

2212 4926 2402 4982 vertit.
2434 4925 2528 4982 Sic
2557 4926 2756 4997 itaque
2783 4925 3059 4993 fremens,
3092 4920 3313 4995 sibique
3339 4898 3733 5023 ριυξίοξυξξξᾛ

2214 5015 2614 5114 indignatione
2644 5016 2923 5084 irascens,
2971 5015 3167 5072 sorbet
3214 5023 3352 5074 eam,
3398 4987 3730 5114 sientqtiithug:

2212 5074 2376 5160 illam
2406 5105 2463 5160 in
2496 5084 2740 5176 spiritus
2765 5105 2856 5160 sui
2887 5103 3301 5161 atl'ectationem
3327 5074 3728 5201 ινξωεωίξξξὲὺξῖξ

2213 5155 3256 5251 gs'i‘il.“.;.;'.;;.;a{n;‘castra.
3283 5185 3337 5241 in
3371 5155 3707 5272 incurri—litigi:

2212 5288 2349 5350 tate,
2383 5283 2563 5356 quieti
2595 5288 2652 5340 et
2677 5250 2928 5340 modesti
2958 5283 3217 5357 spiritus.
3239 5272 3333 5349 qui
3359 5270 3436 5327 est
3460 5263 3509 5317 in
3535 5250 3727 5315 οοιιερθθ

2210 5379 2272 5431 tu
2310 5374 2405 5431 Dei
2438 5373 2717 5446 locuples.

2208 5497 2455 5572 Malach.
2505 5498 2565 5554 in
2625 5497 2759 5570 fine,
2792 5498 2908 5572 {ubi
2955 5494 3386 5572 pretiosissimum
3415 5471 3527 5555 ﬁdei
3566 5458 3717 5534 mW'

2206 5571 2469 5629 nominat
2498 5587 2510 5628 :
2546 5575 2605 5629 et
2633 5586 2761 5647 qum
2791 5570 2873 5629 ibi
2902 5570 3287 5634 observamus.
