3980 6184
269 380 280 386 -
297 350 424 415 825

1313 354 1831 420 COMMENTAR.
1876 358 1953 420 ΙΝ
1997 356 2162 421 JOB.
2207 357 2381 420 CAP.
2423 355 2684 421 XXXIX.

3601 357 3724 421 826

380 507 410 535 α
435 484 561 541 .Nec
590 489 824 557 reputat
851 486 1004 544 tubae
1052 504 1258 545 sonare
1305 489 1659 562 clangorem.
1691 511 1718 544 ι)
1771 492 1970 549 Tanta
1983 494 2040 561 Α
2065 493 2254 548 vivere
2297 491 2564 560 desistat,
2599 496 2656 547 et
2701 492 2802 562 qui
2832 490 3045 546 veteris
3093 488 3351 548 hominis
3379 491 3616 549 exuvias
3661 494 3722 548 in

305 573 492 632 animi
523 575 739 632 virtute
768 575 1055 645 induitur,
1087 582 1151 633 ut
1197 578 1423 635 nullum
1455 585 1733 636 terrorem
1764 583 1958 638 adver-

303 664 602 722 sariorum
661 665 952 734 formidet,
1003 668 1237 739 quando
1285 670 1355 724 ad
1417 687 1649 726 omnem
1700 671 1956 727 sonitum

305 754 685 813 inimicorum
714 756 1154 826 provocantium
1187 758 1262 813 sit
1292 766 1550 830 paratus.

373 867 402 895 ‹‹
458 845 566 900 Ubi
623 843 875 901 audierit
928 846 1258 916 buccinam,
1315 849 1476 916 dicit,
1525 850 1700 921 Euge.
1755 850 1957 906 Procul

305 935 589 991 odoratur
619 934 860 1002 bellum,
891 936 1354 994 exhortationem
1403 941 1643 1006 ducum,
1676 943 1733 995 et
1763 940 1958 995 ulula-

305 1029 436 1080 tum
469 1025 777 1080 exercitus.
810 1049 841 1074 ››
873 1026 977 1090 Qui
1010 1043 1142 1082 cum
1174 1029 1424 1084 audierit
1455 1029 1572 1084 alta
1615 1045 1750 1085 voce
1785 1031 1960 1085 Evan-

305 1114 530 1188 gelium
584 1114 907 1186 praedicari,
954 1117 1170 1186 gaudet
1211 1123 1267 1172 et
1306 1118 1577 1190 exsultat,
1611 1119 1762 1191 quod
1813 1121 1962 1190 Euge

308 1204 626 1276 significat.
681 1204 956 1259 Omnium
1007 1207 1450 1278 praepositorum
1515 1210 1584 1264 de
1647 1210 1960 1280 Scripturis

314 1293 633 1349 Dominicis
672 1293 1130 1350 fortissimorum
1180 1298 1436 1352 virorum
1487 1299 1746 1370 exempla
1782 1301 1958 1371 profi-

215 1409 218 1415 -
310 1381 583 1450 tentium,
618 1381 796 1437 totius
845 1399 1078 1455 quoque
1119 1385 1383 1441 Ecclesiae
1427 1389 1958 1460 congregationem,

310 1487 444 1542 quae
473 1470 759 1526 exercitus
790 1471 889 1526 Dei
937 1471 1170 1539 dicitur,
1208 1474 1546 1531 unanimem
1580 1482 1754 1548 atque
1789 1479 1961 1534 unius

313 1558 455 1614 ﬁdei
503 1576 709 1614 sonum
763 1577 896 1615 cum
951 1561 1219 1629 audierit,
1253 1563 1418 1630 dicit,
1449 1566 1626 1634 Euge,
1657 1572 1715 1621 et
1763 1566 1960 1622 iaztum

315 1665 456 1704 cum
506 1649 904 1706 exhortatione
953 1651 1194 1720 ducum,
1229 1653 1404 1709 etiam
1455 1654 1744 1710 ululatum
1797 1658 1962 1712 audit

316 1738 626 1794 exercitus.
661 1738 926 1795 Ululatus
957 1745 1151 1797 autem
1184 1742 1292 1797 hoc
1314 1742 1438 1799 loco
1469 1743 1563 1799 ille
1596 1746 1962 1818 significatus

313 1831 426 1926 est,
459 1828 690 1898 quando
743 1829 1054 1931 bellatores
1111 1832 1169 1885 in
1201 1831 1322 1887 acie
1375 1838 1596 1890 stantes
1627 1836 1957 1907 pugnatari,
1992 1867 2040 1931 B

310 1932 379 1971 se
410 1916 656 1972 invicem
713 1917 1109 1974 cohortantur.
1147 1921 1256 1976 Sed
1289 1922 1431 1976 dicit
1461 1922 1672 1994 aliquis
1706 1943 1718 1980 :
1749 1928 1961 1991 Quem-

310 2005 635 2060 admodum
685 2006 808 2061 fieri
851 2012 1043 2078 potest
1090 1999 1156 2063 ut
1199 2026 1317 2064 una
1367 2012 1686 2084 eademque
1719 2031 1810 2069 res
1863 2032 1965 2087 per

310 2094 565 2166 figuram
597 2111 753 2149 nunc
797 2095 856 2150 in
906 2095 1119 2151 bonam
1170 2102 1416 2169 partem,
1451 2117 1606 2155 nunc
1637 2102 1695 2156 in
1747 2103 1962 2158 malam

311 2182 686 2256 intelligitur,
717 2183 870 2239 sicut
902 2184 996 2240 hic
1026 2203 1133 2242 nos
1169 2187 1434 2254 fecimus,
1464 2194 1528 2244 ut
1557 2189 1714 2246 hunc
1744 2207 1960 2262 equum
1991 2203 1998 2208 '

312 2289 418 2345 per
460 2271 797 2345 allegoriam
839 2273 1115 2342 diximus,
1168 2280 1224 2330 et
1272 2276 1330 2331 in
1376 2276 1597 2332 malum
1630 2284 1686 2333 et
1742 2280 1961 2334 bonum

314 2378 489 2433 posse
518 2362 755 2417 sentire.
787 2363 868 2417 Ad
917 2363 1025 2419 hoc
1073 2366 1416 2436 respondeo,
1451 2367 1549 2422 ubi
1599 2368 1726 2424 sine
1755 2369 1964 2440 epitasi

314 2449 552 2521 aliquod
615 2467 824 2506 nomen
883 2452 1120 2524 ponitur
1172 2454 1230 2508 in
1289 2454 1629 2526 Scripturis,
1689 2462 1754 2512 ut
1801 2462 1961 2528 puta,

313 2555 490 2594 mons
520 2543 772 2608 tantum,
808 2545 864 2595 et
913 2558 1028 2596 non
1077 2542 1312 2597 additur
1355 2543 1404 2598 ei
1435 2549 1498 2598 ut
1545 2545 1776 2600 dicatur
1813 2563 1966 2602 mons

314 2627 454 2683 Sion
502 2628 673 2699 (Psal.
719 2646 914 2696 Lxxm,
959 2632 1036 2701 2),
1071 2635 1170 2686 aut
1214 2648 1370 2690 mons
1415 2637 1696 2706 corruptus
1742 2635 1959 2706 (Jerem.

314 2733 393 2784 ιι,
425 2717 536 2786 25),
571 2733 686 2772 non
719 2718 793 2772 ab
844 2735 904 2773 re
934 2719 1224 2787 existimo,
1259 2720 1399 2792 quin
1451 2723 1730 2793 expositio
1763 2724 1834 2779 de
1863 2742 1963 2780 ea-

314 2805 451 2860 dem
482 2821 542 2860 re
590 2806 648 2861 in
682 2810 992 2879 utramque
1041 2813 1266 2880 partem
1311 2811 1388 2864 sit
1436 2809 1636 2866 libera.
1672 2811 1778 2867 Ubi
1830 2830 1962 2868 vero

312 2911 452 2949 cum
505 2894 734 2966 epitasi,
788 2901 851 2950 ut
903 2897 984 2952 leo
1031 2897 1096 2952 de
1143 2900 1288 2953 tribu
1335 2899 1475 2955 Juda
1547 2902 1729 2973 (Apoc.
1779 2919 1834 2973 v,
1883 2903 1960 2973 5),

313 2988 420 3038 aut
466 2989 618 3040 certe
665 2985 808 3040 sedet
857 2987 916 3041 in
958 2987 1178 3042 insidiis
1229 2990 1367 3043 sicut
1415 2989 1494 3044 leo
1542 2991 1712 3055 (Psat.
1747 3009 1802 3061 x,
1856 2993 1958 3059 9):

309 3072 398 3128 ibi
430 3076 531 3128 aut
560 3072 847 3146 Christus,
881 3075 1007 3130 sine
1040 3075 1158 3131 ulla
1187 3077 1558 3133 cunctatione
1589 3079 1962 3152 intelligitur,

311 3167 421 3216 aut
438 3161 704 3219 diabolus
727 3164 1094 3221 adversarius
1119 3170 1334 3222 noster.
1353 3167 1499 3234 Et,si
1523 3166 1730 3238 placet,
1754 3169 1961 3224 demus

313 3250 555 3322 aliquod
610 3253 966 3325 exemplum,
1021 3255 1114 3310 ubi
1166 3255 1237 3309 de
1286 3256 1491 3311 arbore
1523 3235 1606 3310 -in
1653 3235 2034 3329 Evangelioc

317 3340 608 3396 Dominus
654 3341 736 3397 ait
783 3343 1103 3415 discipulos
1151 3361 1337 3400 suos:
1380 3347 1443 3400 Si
1487 3345 1788 3402 habueritis
1842 3350 1964 3419 qui-

317 3427 448 3484 dem
471 3430 636 3499 ﬁdem
663 3432 801 3486 sicut
829 3448 1071 3500 granum
1115 3435 1346 3503 sinapis,
1377 3434 1570 3489 dicetis
1602 3434 1728 3490 huic
1755 3438 1964 3504 arbori,

315 3517 615 3574 Eradicare
642 3522 691 3574 et
739 3523 1149 3592 transptantare
1195 3525 1252 3578 in
1290 3525 1454 3588 mari,
1488 3526 1537 3579 et
1587 3525 1794 3581 obediet
1818 3528 1966 3582 vobis

317 3607 530 3674 (Matth.
573 3625 709 3672 xvu,
766 3610 1014 3680 19).'Ubi
1071 3612 1307 3683 quidam
1351 3611 1782 3683 intellexerunt,
1830 3616 1967 3687 quia

315 3696 466 3752 ﬁdes
506 3697 866 3755 credentium
897 3700 1151 3758 eradicet
1195 3701 1524 3773 inimicum,
1558 3707 1732 3776 atque
1761 3705 1968 3762 evellat

316 3786 389 3841 de
419 3789 571 3842 terra
612 3787 901 3859 Ecclesiae,
932 3794 1083 3846 terra
1128 3790 1350 3848 scilicet
1377 3792 1591 3847 Judaeze
1622 3799 1796 3866 atque
1827 3812 1966 3851 con-

312 3873 610 3943 fessionis,
626 3883 680 3932 et
707 3879 766 3932 in
787 3895 947 3935 mare
969 3879 1340 3951 populorum,
1361 3881 1668 3938 hominum
1701 3883 1968 3940 videlicet

314 3963 659 4036 impiorum,
716 3969 1084 4037 transferat;
1145 3973 1202 4024 et
1258 3969 1342 4023 illi
1406 3969 1542 4024 mali
1603 3971 1846 4043 spiritus
1904 3974 1962 4030 in

315 4053 630 4125 Evangelio
660 4055 767 4111 hoc
799 4056 992 4127 ipsum
1025 4058 1356 4129 significare
1395 4065 1665 4131 possunt,
1697 4061 1798 4132 qui
1829 4079 1964 4119 cum

318 4141 662 4201 hominibus
711 4145 1054 4218 immundis,
1101 4157 1157 4202 et
1203 4148 1608 4220 peccatoribus
1655 4167 1963 4222 porcorum

318 4230 558 4288 nomine
589 4233 884 4306 indicatis,
920 4236 978 4291 in
1010 4253 1168 4293 mare
1199 4237 1541 4310 praecipitati
1573 4245 1712 4294 sunt
1741 4242 1962 4312 (Matth.

314 4337 420 4388 vn,
450 4322 484 4376 3
527 4366 542 4390 ,
571 4323 683 4395 32).
717 4323 823 4379 Ubi
872 4342 1004 4382 vero
1037 4327 1302 4382 eamdem
1350 4328 1617 4384 arborem
1648 4331 1965 4387 Dominum

317 4409 638 4483 significari
687 4413 1016 4481 voluerunt,
1059 4415 1140 4471 ita
1189 4416 1555 4488 interpretati
1609 4423 1768 4490 sunt,
1811 4423 1966 4492 quod

315 4501 733 4573 praedicatione
787 4503 1206 4576 apostolorum,
1274 4504 1374 4577 qui
1431 4504 1677 4578 gratiam
1745 4508 1961 4565 Christi

317 4596 376 4646 et
402 4591 677 4647 virtutem
709 4592 844 4649 ﬁdei
887 4597 1291 4664 susceperunt,
1323 4595 1497 4650 arbor
1544 4594 1810 4652 Christus
1860 4602 1966 4654 Do-
1994 4613 2042 4678 D

314 4682 518 4738 minus
544 4682 871 4738 eradicetur
899 4683 1332 4754 quodammodo
1353 4683 1424 4738 de
1456 4682 1557 4739 illa
1571 4689 1741 4757 gente
1768 4686 1962 4743 Judaa-

316 4787 512 4843 orum,
561 4771 620 4826 in
669 4788 786 4843 qua
829 4771 984 4828 velut
1032 4773 1213 4845 stirpe
1259 4773 1488 4845 generis
1534 4775 1858 4844 tenebatur,
1909 4781 1966 4832 et

315 4859 788 4932 transplantatur
815 4862 875 4917 in
907 4877 1068 4918 mare
1109 4860 1397 4934 gentium,
1431 4861 1584 4918 sicut
1612 4863 1738 4936 ipse
1768 4863 1966 4920 Domi-

318 4965 437 5004 nus
466 4949 686 5006 eisdem
715 4950 935 5008 Judazis
983 4950 1215 5009 locutus
1261 4955 1366 5021 est,
1397 4952 1597 5009 dicens
1630 4971 1643 5009 :
1675 4955 1970 5024 Auferetur

316 5056 352 5094 a
384 5038 533 5094 vobis
555 5055 785 5108 regnum
813 5043 940 5113 Dei,
969 5044 1016 5097 et
1039 5041 1265 5099 dabitur
1286 5043 1444 5115 genti
1469 5043 1696 5113 facienti
1721 5047 1969 5115 fructum

316 5128 439 5200 ejus
469 5128 679 5199 (Matth.
711 5147 826 5196 xxx,
861 5132 972 5202 43).

393 5240 422 5266 ‹‹
456 5217 753 5290 Numquid
788 5235 891 5292 per
919 5220 1264 5293 sapientiam
1286 5225 1448 5278 tuam
1479 5222 1795 5294 plumescit
1817 5223 1968 5279 acci-

318 5307 491 5379 piter,
526 5309 860 5380 expandens
890 5309 1012 5366 alas
1058 5329 1196 5368 suas
1227 5313 1299 5367 ad
1346 5316 1616 5369 austrum
1639 5312 1665 5366 ‘I
1697 5336 1719 5365 ι
1759 5313 1969 5368 Conse-

317 5413 506 5468 quens
555 5403 644 5453 est
688 5404 753 5453 ut
799 5399 952 5455 hunc
1002 5401 1337 5474 accipitrem
1390 5401 1449 5457 in
1499 5402 1713 5458 bonam
1744 5407 1968 5474 partem

318 5486 741 5559 intelligamus,
797 5493 1068 5544 sanctum
1134 5490 1377 5563 scilicet,
1441 5491 1538 5563 qui
1617 5491 1967 5563 sapientiam

316 5592 423 5650 per
459 5577 896 5634 conversionem
946 5580 1254 5652 acceperit,
1288 5583 1354 5636 ut
1394 5580 1639 5654 praedari
1669 5585 1726 5638 et
1769 5597 1970 5654 rapere

337 5682 434 5732 am
467 5678 675 5747 cesset,
713 5671 992 5732 carnibus
1036 5669 1212 5732 etiam
1259 5669 1632 5734 secularium
1680 5686 1966 5734 sensuum

2071 581 2364 654 baptismo
2415 581 2768 654 deposuerit,
2834 579 3227 652 plumescens,
3284 583 3723 653 quodammodo

2069 675 2339 727 renovata
2371 672 2447 727 sit
2495 671 2646 727 sicut
2677 670 2886 742 aliqua:
2929 671 3209 740 juventus
3257 671 3385 740 ejus
3415 673 3590 741 (Rsal.
3621 690 3721 743 cu,

2065 763 2160 831 5);
2198 761 2449 817 maxime
2493 777 2626 815 cum
2661 759 3110 832 promissionem
3161 758 3385 815 habens
3415 763 3720 832 praesentis

2067 851 2196 904 vitae
2228 854 2284 905 et
2314 851 2521 905 futurae
2555 852 2600 920 (1
2629 851 2760 904 Tim.
2797 867 2869 920 ιν,
2902 850 2978 916 8),
3003 865 3129 918 qua
3161 848 3220 902 in
3253 847 3362 904 alis
3393 848 3722 919 significata

2069 944 2176 1006 est,
2210 941 2280 994 ad
2313 945 2602 1002 austrum,
2639 940 2794 996 unde
2842 937 2998 994 calor
3042 938 3176 994 fidei
3210 943 3317 1005 est,
3352 955 3414 994 se
3466 940 3721 1006 verterit,

2071 1029 2225 1084 unde
2257 1028 2556 1084 Christum
2590 1027 2821 1084 venisse
2841 1027 3139 1099 cognovit:
3162 1027 3316 1099 quod
3351 1031 3407 1082 et
3436 1027 3724 1100 propheta

2071 1117 2153 1172 ita
2181 1118 2513 1174 faciendum
2561 1118 2906 1190 praedixerat
2957 1117 3157 1172 dicens
3191 1133 3204 1172 :
3238 1118 3378 1172 Deus
3422 1116 3489 1172 ab
3533 1118 3727 1172 Austro

2071 1208 2265 1278 veniet,
2313 1213 2366 1262 et
2411 1212 2634 1263 sanctus
2683 1207 2750 1262 de
2795 1212 2978 1262 monte
3020 1206 3275 1261 umbroso
3320 1215 3373 1262 et
3423 1207 3725 1278 caliginoso

2072 1297 2291 1367 (Ila-bac.
2317 1314 2400 1367 In,
2430 1298 2506 1367 3).
2533 1295 2819 1352 Bethleem
2865 1312 3120 1367 namque
3163 1294 3452 1350 civitatem
3489 1297 3724 1352 Domini

2072 1385 2541 1456 respicientibus,
2569 1383 2894 1439 Jerusalem
2943 1384 3002 1437 in
3035 1384 3296 1452 meridie,
3332 1385 3488 1455 quod
3541 1389 3631 1440 est
3662 1384 3720 1439 in

2069 1476 2305 1543 Austro,
2337 1474 2589 1545 positam
2621 1473 2865 1528 scimus.
2899 1473 2965 1527 Et
2988 1473 3313 1528 secundum
3344 1473 3597 1544 tropicos
3630 1474 3722 1528 in-

2069 1562 2334 1618 tellectus
2365 1563 2522 1618 hunc
2554 1562 2810 1618 calidum
2839 1566 3099 1625 ventum,
3124 1566 3189 1616 ut
3217 1567 3480 1618 aromata
3509 1561 3723 1634 gratia-

2071 1668 2200 1706 rum
2254 1652 2534 1721 ferveant,
2583 1668 2840 1724 sponsus
2889 1651 3119 1721 invitat,
3176 1651 3425 1707 dicens:
3464 1653 3726 1720 Exsurge,

2070 1741 2289 1812 Apuito,
2320 1749 2370 1796 et
2399 1743 2543 1806 veni,
2574 1742 2788 1812 Auster,
2815 1742 2996 1812 perﬂa
3026 1745 3250 1795 hortum
3287 1757 3491 1811 meum,
3523 1750 3574 1796 et
3598 1756 3727 1812 per-

2068 1830 2144 1899 ﬂa
2189 1834 2441 1886 aromata
2490 1847 2615 1886 mea
2665 1831 2842 1902 (Cant.
2878 1847 2954 1896 ιν,
2991 1829 3098 1900 16).
3151 1828 3260 1884 Ubi
3313 1846 3451 1901 ergo
3501 1829 3728 1885 dictum

2073 1924 2184 1983 est,
2205 1920 2541 1991 expandens
2565 1919 2688 1974 alas
2711 1935 2850 1974 suas
2873 1919 2944 1973 ad
2978 1923 3283 1984 Austrum,
3310 1918 3406 1973 alii
3431 1917 3728 1986 dixerunt,

2071 2012 2340 2080 expansis
2382 2011 2577 2081 pennis
2628 2008 2949 2072 immobilis,
2993 2012 3044 2062 et
3091 2008 3390 2078 respiciens
3437 2007 3722 2062 Austrum.

2073 2097 2458 2154 Intentionem
2491 2114 2629 2170 ergo
2657 2095 3098 2168 perseverantia:
3140 2095 3279 2151 dicit
3307 2095 3457 2166 ejus,
3490 2095 3590 2166 qui
3623 2112 3726 2167 per

2073 2184 2325 2242 calorem
2403 2186 2654 2242 duorum
2732 2187 3241 2241 'l‘estamentorum
3311 2184 3726 2256 gubernaculis

2071 2274 2292 2345 vivens,
2335 2273 2708 2347 splendorem
2758 2279 2988 2330 aeternae
3033 2273 3416 2329 beatitudinis
3465 2277 3723 2329 contem-

2073 2361 2288 2434 piatur.

2147 2493 2174 2518 «
2208 2470 2504 2542 Numquid
2526 2471 2597 2527 ad
2631 2476 2986 2543 praeceptum
3018 2473 3187 2526 tuum
3210 2469 3531 2525 elevabitur
3560 2469 3726 2542 aqui-

2073 2557 2175 2613 la?
2209 2581 2236 2607 »
2266 2558 2595 2631 Aliquando
2628 2560 2684 2614 in
2716 2561 2929 2616 bonam
2980 2564 3205 2632 partem
3239 2558 3438 2632 aquila
3486 2557 3724 2624 dicitur,

2073 2653 2130 2702 et
2181 2664 2282 2719 pro
2332 2647 2460 2719 ipso
2527 2649 2666 2718 Deo,
2713 2649 2942 2704 dicente
3004 2649 3198 2721 Moyse
3260 2665 3274 2702 :
3331 2649 3486 2704 sicut
3533 2649 3728 2718 aquila

2068 2739 2300 2807 protegit
2347 2738 2542 2792 nidum
2583 2755 2767 2802 suum,
2811 2741 2861 2793 et
2912 2753 3076 2809 super
3117 2735 3305 2808 pullos
3333 2753 3458 2792 suos
3503 2737 3728 2806 conﬁdit

2073 2826 2248 2895 (Deut.
2273 2843 2449 2895 xxxu,
2472 2828 2580 2898 11),
2597 2832 2661 2882 ut
2678 2827 2951 2898 superius
2973 2823 3248 2881 diximus.
3265 2826 3368 2880 Hic
3387 2841 3523 2880 vero
3545 2841 3579 2878 a
3605 2824 3722 2880 Deo

2073 2919 2332 2985 potestas
2353 2915 2688 2970 adversaria
2709 2914 2907 2986 aquila
2932 2913 3167 2982 dicitur,
3189 2929 3319 2985 qua
3336 2930 3404 2969 ex
3425 2911 3718 2984 permissu

2073 3003 2171 3058 Dei
2216 3003 2364 3059 elata
2397 3004 2456 3058 in
2493 3004 2852 3076 superbiam,
2887 3001 3139 3058 multum
3174 3002 3382 3075 possit,
3413 3002 3566 3057 sicut
3596 3017 3720 3073 pro-

2072 3092 2249 3164 pheta
2278 3093 2358 3147 ait
2392 3108 2404 3148 :
2437 3095 2501 3148 Et
2547 3095 2655 3149 erit
2702 3094 2858 3164 quasi
2904 3094 3093 3165 aquila
3136 3109 3302 3164 super
3350 3093 3577 3148 domum
3627 3091 3724 3146 Dei

2076 3180 2224 3250 Osee,
2278 3198 2402 3252 vm,
2458 3183 2530 3253 1).
2581 3183 2879 3255 Ρτορῒιεῐεε
2925 3198 3158 3254 quoque
3211 3180 3415 3236 multis
3463 3181 3523 3235 in
3581 3178 3723 3235 locis

2075 3271 2508 3342 Scripturarum
2539 3289 2780 3328 suarum
2813 3288 2946 3328 eum
2970 3271 3460 3344 superbissimum
3493 3274 3720 3335 notant,

2075 3360 2132 3415 id
2164 3364 2252 3415 est
2280 3360 2580 3416 diabolum
2613 3377 2626 3416 :
2662 3365 2719 3417 et
2745 3361 2882 3416 inde
2910 3366 3000 3416 est
3043 3361 3200 3432 quod
3249 3360 3332 3416 eis
3363 3365 3420 3415 et
3467 3374 3719 3431 magnus

2074 3449 2308 3518 dicitur,
2367 3466 2432 3505 eo
2492 3451 2648 3521 quod
2697 3450 2917 3506 levetur
2982 3455 3218 3505 tumens
3266 3465 3444 3520 super
3492 3451 3721 3503 montes

2074 3537 2404 3609 Aquilonis,
2436 3542 2494 3594 et
2523 3555 2700 3611 super
2730 3543 2888 3594 astra
2916 3537 3043 3594 cceli
3088 3542 3267 3610 ponat
3295 3538 3494 3594 sedem
3528 3552 3719 3606 suam,

2075 3628 2316 3699 cupiens
2347 3644 2408 3683 se
2438 3644 2736 3700 exaequare
2766 3627 3068 3684 Altissimo
3100 3630 3223 3699 (Isa.
3263 3643 3379 3698 xxv,
3415 3627 3501 3694 13,
3536 3625 3644 3696 14).

2152 3759 2172 3784 α
2208 3735 2276 3789 Et
2306 3735 2364 3790 in
2398 3735 2598 3790 arduis
2629 3739 2804 3808 ponet
2849 3734 3052 3790 nidum
3085 3750 3280 3791 suum.
3316 3755 3344 3783 »
3377 3733 3442 3788 In
3490 3730 3719 3802 magnis

2076 3825 2408 3896 quibusque
2437 3829 2494 3880 et
2524 3825 2919 3880 eminentibus
2965 3823 3161 3880 seculi
3211 3823 3414 3895 hujus,
3448 3836 3514 3878 ac
3544 3820 3718 3876 malis

2074 3913 2416 3968 hominibus
2447 3914 2643 3970 sedem
2662 3913 2772 3970 sibi
2791 3913 3119 3982 constituit,
3143 3918 3207 3968 ut
3236 3913 3295 3967 in
3314 3913 3418 3980 eis,
3437 3910 3597 3967 velut
3616 3911 3718 3964 du-

2075 4019 2176 4058 rus
2207 4002 2483 4058 dominus
2521 4008 2580 4058 et
2621 4020 2719 4060 rex
2765 4008 2898 4059 trux
2945 4020 3010 4060 ac
3061 4001 3526 4075 potentissimus,
3559 4013 3718 4054 com-

2073 4096 2354 4147 moretur.

2147 4223 2173 4249 ‹‹
2211 4199 2272 4254 In
2304 4200 2485 4271 petris
2513 4203 2728 4255 manet.
2766 4221 2792 4248 ››
2825 4199 2886 4254 In
2922 4198 3166 4254 excelsis
3221 4196 3490 4252 videlicet
3534 4193 3720 4260 duris,

2077 4294 2132 4345 et
2161 4289 2218 4343 in
2254 4288 2476 4344 malitia
2507 4288 2755 4344 fortibus
2781 4292 2978 4343 manet
3008 4291 3064 4342 et
3094 4284 3336 4342 habitat.

2149 4419 2176 4445 ‹‹
2211 4397 2279 4450 Et
2309 4395 2367 4450 in
2400 4395 2712 4466 praeruptis
2745 4393 3014 4451 silicibus
3057 4397 3475 4450 commoratur.
3513 4415 3540 4444 »
3572 4397 3721 4447 Prae-

2077 4488 2257 4556 ruptie
2319 4481 2514 4538 silices
2567 4481 2978 4555 intelliguntur
3024 4482 3377 4555 blasphemi,
3435 4483 3536 4556 qui
3586 4483 3726 4537 sunt

2075 4571 2324 4628 nimium
2356 4572 2520 4628 duris
2551 4577 2608 4629 et
2635 4571 2939 4628 indomitis
2971 4572 3264 4641 cordibus,
3298 4577 3473 4656 atque
3502 4571 3561 4626 in
3594 4569 3722 4624 rui-

2073 4679 2209 4717 nam
2242 4679 2410 4718 suam
2462 4661 2739 4718 inclinato
2790 4666 3161 4742 peccatorum
3210 4661 3466 4733 pondere
3515 4659 3721 4730 depen-

2072 4752 2294 4808 dentes.

2149 4865 2177 4891 «
2209 4840 2733 4913 Atqueinaccessis
2765 4840 3031 4913 rupibus.
3060 4863 3080 4890 ι
3113 4840 3428 4897 Inaccessze
3465 4855 3598 4896 vero
3622 4855 3718 4894 ru-

2078 4947 2177 5003 pes
2211 4936 2350 4986 sunt
2382 4931 2651 4986 homines
2673 4930 2923 5002 porrecti
2956 4931 3014 4985 in
3037 4929 3243 5002 altum,
3267 4929 3451 4985 nimia
3478 4927 3724 4985 elatione

2079 5019 2270 5074 cordis
2303 5020 2416 5086 sui,
2448 5021 2518 5075 ad
2565 5037 2817 5091 quorum
2867 5019 3225 5092 superbiam,
3259 5036 3384 5091 quae
3431 5019 3516 5074 eis
3546 5034 3726 5090 supra

2079 5113 2315 5164 caeteros
2343 5110 2522 5179 quasi
2555 5109 2850 5181 singulare
2897 5109 2967 5164 ad
3018 5109 3320 5181 proprium
3369 5107 3593 5164 malum
3627 5107 3722 5176 sit,

2079 5196 2276 5252 nullus
2308 5198 2563 5253 accedat.

2152 5327 2178 5354 ‹‹
2212 5304 2351 5360 Inde
2399 5303 2828 5377 contemplatur
2873 5319 3090 5360 escam.
3123 5327 3151 5354 ››
3185 5305 3291 5362 Per
3338 5305 3470 5362 illos
3523 5305 3725 5378 utique

2079 5411 2227 5466 quos
2259 5395 2536 5466 superbia
2565 5393 2813 5449 nimium
2845 5393 3028 5450 elatos
3061 5395 3341 5468 diximus,
3364 5412 3513 5468 quos
3543 5394 3725 5450 haere-

2080 5485 2362 5551 siarchas,
2424 5489 2524 5540 aut
2576 5485 2828 5552 Judaaos,
2888 5484 3007 5540 sive
3068 5486 3363 5558 sapientes
3409 5484 3628 5553 saeculi,
3670 5484 3726 5538 id

2079 5579 2167 5631 est
2218 5574 2620 5648 philosophos,
2672 5573 3097 5647 intelligimus;
3153 5576 3414 5649 perditos
3462 5589 3729 5648 quosque

2080 5665 2223 5724 dum
2250 5681 2350 5724 eos
2381 5663 2682 5723 erroribus
2711 5664 2836 5723 suis
2867 5665 2927 5722 in
2974 5663 3217 5742 laqueos
3247 5667 3309 5724 in
3337 5680 3532 5726 escam
3560 5677 3730 5722 suam
