3980 6184
459 369 578 432 82Ἰ

463 501 618 574 capit
648 501 972 557 secundum
1003 503 1374 575 prophetam,
1409 504 1509 575 qui
1540 505 1745 560 eodem
1775 504 1847 560 de
1878 504 2108 562 diabolo
2137 507 2194 573 Α

458 593 542 647 ita
572 590 652 647 ait
684 607 696 646 :
736 592 879 647 Esca:
907 592 1022 662 ejus
1053 593 1240 648 electae
1269 593 1490 663 (IIabac.
1524 611 1563 660 ι,
1597 595 1706 665 16).

533 704 562 731 ‹‹
597 681 666 735 Et
697 681 767 734 de
799 679 972 752 longe
1019 681 1173 736 oculi
1205 683 1332 752 ejus
1385 683 1768 754 prospiciunt.
1807 707 1828 733 ι)
1875 684 2112 756 Sagacis

459 771 627 826 valde
676 774 852 841 atque
897 769 1189 841 pervigilis
1239 772 1555 827 adversarii
1607 772 1791 828 nostri
1825 774 2110 841 animum,

463 862 535 915 ad
596 860 980 930 inquirendas
1059 860 1212 915 vires
1272 865 1610 917 sanctorum
1679 863 2113 929 dimicantium,

462 949 701 1005 nomine
753 948 1056 1004 oculorum
1102 949 1413 1021 appellavit
1462 951 1638 1006 Deus.
1701 953 1863 1016 Quod
1915 957 2111 1008 autem

463 1039 567 1108 ait,
596 1039 661 1094 de
690 1040 868 1108 longe,
895 1039 1109 1094 mentis
1133 1039 1260 1110 ejus
1293 1040 1542 1095 intuitus
1565 1041 1768 1096 subtili
1791 1042 2112 1098 intentione

463 1128 763 1200 prospicit,
795 1144 861 1183 eo
910 1128 1062 1199 quod
1112 1129 1286 1184 etiam
1336 1129 1394 1183 in
1436 1133 1736 1201 posterum
1787 1132 2109 1187 exercitatae

462 1217 694 1273 malitias
726 1217 918 1290 sagaci
951 1217 1284 1288 suspicione
1305 1219 1620 1290 prevideat
1651 1237 1664 1274 :
1700 1237 1815 1275 non
1846 1219 2108 1276 locorum

461 1307 656 1378 spatia
685 1306 1065 1378 intelligenda
1082 1312 1239 1375 sunt,
1267 1308 1366 1363 sed
1391 1307 1556 1362 initia
1574 1308 1978 1380 dispositionis
1999 1310 2109 1364 hu-

462 1413 648 1451 mana:
680 1397 752 1452 ad
803 1401 956 1452 recte
1001 1396 1334 1452 vivendum.
1368 1397 1505 1464 Hoc,
1540 1397 1804 1469 inquam,
1838 1400 1909 1453 de
1937 1398 2109 1471 longe

429 1528 442 1538 ,ρ
463 1486 762 1558 prospicit,
784 1486 940 1557 quod
973 1490 1060 1541 est
1081 1487 1150 1541 ab
1174 1487 1318 1558 ipsis
1349 1487 1552 1557 utique
1581 1488 1832 1542 exordiis
1872 1487 2108 1544 subtilis

460 1575 725 1647 spiritus,
758 1580 813 1630 et
842 1577 913 1630 ad
937 1591 1110 1630 omne
1141 1574 1364 1630 malum
1383 1575 1633 1630 nimium
1664 1575 1900 1632 mobilis
1924 1576 2108 1631 intui-

459 1669 578 1732 tus,
607 1669 672 1719 ut
703 1663 822 1718 illic
878 1668 1194 1736 antequam
1227 1668 1470 1719 conatus
1501 1665 1758 1720 hominis
1807 1664 2015 1721 saltem
2047 1665 2106 1719 in

459 1753 656 1823 aliquo
706 1751 1073 1824 roborentur,
1123 1752 1473 1825 pullulantia
1521 1755 1671 1810 bona
1725 1755 2006 1827 reprimat
2052 1758 2109 1809 et

459 1841 811 1913 exstinguat,
844 1845 899 1896 et
929 1842 1345 1914 interemptum
1378 1843 1675 1900 hominem
1709 1844 1881 1900 faciat
1932 1845 2108 1900 fetere

459 1934 717 2002 peccato.

537 2042 559 2069 ι
605 2019 755 2074 Pulli
813 2021 940 2090 ejus
997 2021 1268 2077 lambunt
1326 2023 1696 2094 sanguinem,
1748 2024 2104 2106 et.ubicun-

458 2125 571 2180 que
601 2110 846 2166 cadaver
875 2111 1067 2180 fuerit,
1101 2112 1302 2167 statim
1353 2113 1536 2168 adest.
1571 2137 1598 2163 ››
1633 2112 1782 2168 Pulli
1812 2114 1938 2183 ejus
1970 2117 2108 2169 sunt

456 2197 560 2252 filii
591 2200 740 2270 ejus,
763 2199 851 2255 vel
882 2200 1023 2256 socii
1056 2202 1204 2272 ejus,
1229 2202 1330 2273 qui
1361 2202 1422 2256 in
1445 2203 1876 2274 conspiratione
1908 2207 2100 2274 tyran-

453 2287 610 2342 nidis
641 2304 775 2344 cum
822 2305 887 2344 eo
920 2290 1229 2345 adversum
1260 2290 1443 2346 Deum
1493 2291 1679 2346 moliti
1710 2297 1850 2347 sunt
1878 2292 2102 2364 iniqui-

452 2380 654 2432 tatem.
693 2377 758 2431 Hi
812 2377 991 2450 igitur
1039 2379 1217 2434 livore
1263 2379 1515 2450 invidiae,
1551 2379 1814 2436 sitientes
1863 2381 2102 2453 sangui-

454 2483 588 2521 nem
619 2465 927 2522 hominum
958 2468 1247 2523 lambunt.
1279 2472 1348 2524 Et
1369 2469 1524 2540 quod
1558 2470 1659 2537 ait,
1683 2469 1782 2524 ubi
1814 2471 1987 2525 fuerit
2008 2487 2102 2526 ca-

453 2555 645 2625 daver,
705 2556 903 2610 statim
953 2557 1140 2623 adest,
1184 2555 1282 2610 alii
1331 2557 1622 2626 dixerunt,
1681 2563 1734 2614 et
1788 2560 1883 2613 ubi
1930 2561 2105 2629 fuerit

454 2643 707 2712 cadaver,
739 2645 926 2700 statim
970 2647 1333 2717 reperiuntur
1363 2665 1382 2702 :
1414 2647 1568 2718 quod
1619 2647 1737 2702 sive
1768 2648 1839 2702 de
1868 2653 2103 2704 auctore

455 2732 617 2805 mali,
651 2734 770 2789 sive
798 2735 870 2789 de
891 2733 1246 2792 satellitibus
1275 2735 1403 2808 eius
1424 2736 1671 2807 dicatur,
1697 2736 1796 2792 ubi
1828 2737 2100 2806 adfuerit,

453 2821 574 2879 illic
621 2827 924 2895 peccatum
975 2823 1130 2880 illico
1179 2824 1457 2897 gignitur,
1491 2827 1646 2897 quod
1677 2825 1738 2881 in
1787 2827 1984 2883 anima
2021 2827 2104 2882 ita

454 2911 649 2978 feteat,
683 2913 836 2968 sicut
861 2914 1076 2970 vulnus
1105 2914 1165 2969 in
1195 2931 1452 2986 corpore.
1509 2927 1514 2934 ‘

532 3023 560 3051 «
593 3002 662 3056 Et
708 3003 922 3073 adjecit
967 3004 1270 3075 Dominus,
1319 3009 1376 3059 et
1423 3003 1653 3060 locutus
1701 3009 1791 3060 est
1820 3007 1892 3061 ad
1940 3006 2099 3062 Job:

455 3091 756 3162 Numquid
807 3091 906 3163 qui
935 3093 1235 3148 contendit
1283 3110 1416 3148 cum
1450 3095 1581 3164 Deo,
1613 3099 1734 3150 tam
1767 3095 1934 3150 facile
1965 3112 2102 3151 con-

455 3179 746 3250 quiescit?
766 3181 978 3253 Utique
1001 3181 1101 3253 qui
1125 3182 1318 3254 arguit
1339 3182 1543 3250 Deum,
1563 3184 1734 3239 debet
1754 3185 2103 3257 respondere

1957 366 2381 433 APPENDIX.

2139 1886 2188 1951 B

3676 376 3764 434 8'28

2295 528 2323 555 «
2356 504 2593 560 Manum
2624 519 2814 559 meam
2854 517 3068 574 ponam
3101 515 3286 572 super
3314 515 3378 555 os
3425 515 3612 556 meum.
3637 502 3765 561 Unum

2223 593 2452 650 locutus
2481 611 2634 664 sum,
2667 592 2823 665 quod
2854 591 3080 646 utinam
3123 606 3245 645 non
3296 588 3568 656 dixissem,
3594 595 3639 646 et
3674 591 3767 648 alte-

2223 701 2374 755 rum,
2408 684 2622 756 quibus
2657 682 2810 737 ultra
2839 698 2955 736 non
2988 680 3227 736 addam.
3256 701 3284 728 ‹‹
3315 679 3394 734 Eo
3415 680 3549 750 quod
3575 696 3712 735 unum
3732 689 3766 736 et

2221 772 2378 828 aliud
2410 774 2653 828 verbum
2687 771 2914 840 dixerit,
2947 787 3049 842 pro
3095 769 3320 840 quibus
3363 768 3587 839 potuerit
3610 767 3766 825 laedere.

2221 862 2326 917 llla
2354 879 2482 917 esse
2511 861 2798 927 existimo,
2816 860 2965 915 sicut
2995 858 3276 930 superius
3297 855 3674 929 comprehendi,
3687 875 3766 928 qua

2218 951 2301 1006 ita
2330 951 2473 1006 dixit
2504 968 2517 1006 :
2552 953 2730 1020 Elegit
2765 949 3123 1021 suspendium
3151 948 3352 1002 anima
3389 963 3521 1013 mea,
3549 951 3591 1001 et
3616 957 3765 1001 mortem

2219 1056 2338 1096 ossa
2372 1057 2495 1096 mea
2542 1041 2676 1111 (Job.
2728 1057 2829 1105 vn,
2865 1039 2949 1110 15)
2981 1054 2995 1093 :
3027 1038 3114 1104 Et,
3149 1037 3215 1092 Si
3263 1036 3521 1106 ﬂagellat,
3549 1035 3702 1090 occidat
3717 1053 3766 1090 se-

2217 1132 2347 1198 mel,
2378 1134 2431 1186 ct
2476 1146 2586 1185 non
2633 1130 2696 1186 de
2739 1130 2919 1201 poenis
2967 1129 3329 1183 innocentum
3376 1125 3545 1181 rideat
3581 1125 3682 1192 (Job.
3717 1142 3764 1188 ιι,

2219 1219 2334 1290 23).

2847 1307 3076 1363 CAPUT
3116 1306 3233 1360 XL.

2289 1420 2316 1448 ‹‹
2353 1399 2726 1469 Respondens
2776 1400 2969 1453 autem
3023 1396 3317 1452 Dominus
3360 1393 3487 1463 Job,
3517 1394 3579 1448 de
3618 1391 3763 1447 turbine

2218 1488 2379 1543 dixit.
2428 1511 2456 1538 ››
2509 1489 2569 1543 Id
2620 1492 2726 1555 est,
2759 1487 2849 1543 vel
2897 1484 3323 1557 increpationis
3375 1483 3595 1555 impetu,
3637 1482 3761 1536 velde

2217 1577 2542 1650 perturbati
2573 1578 2724 1633 aeris
2756 1593 2821 1632 ac
2853 1575 3101 1631 nubium
3132 1574 3411 1630 obscuro.

2296 1687 2318 1714 α
2351 1666 2601 1739 Accinge
2634 1666 2786 1721 sicut
2815 1666 2902 1721 vir
2931 1665 3171 1721 lumbos
3205 1669 3365 1732 tuos,
3398 1660 3702 1732 interrogabo
3721 1669 3759 1714 te.

2216 1761 2273 1811 et
2304 1756 2496 1812 indica
2527 1756 2693 1811 mihi.
2716 1776 2743 1809 ιο
2773 1756 2922 1823 Sive,
2944 1759 3010 1810 ut
3031 1753 3131 1810 alii
3155 1754 3432 1809 dixerunt
3455 1769 3465 1806 :
3495 1752 3760 1821 Nequaquam

2216 1848 2312 1902 sed
2338 1849 2570 1919 acoinge
2616 1847 2757 1901 sicut
2786 1847 2872 1901 vir
2923 1845 3132 1900 lumbos
3165 1847 3309 1911 tuos,
3337 1846 3393 1898 et
3440 1845 3645 1908 caetera;
3669 1836 3760 1907 quod

2216 1941 2307 1992 est
2339 1953 2351 1991 :
2385 1935 2528 1990 Nolo
2561 1940 2624 1990 ut
2652 1939 2867 2001 taceas,
2899 1934 2981 1989 ait
3026 1939 3205 2002 Deus,
3243 1931 3396 1988 sicut
3426 1931 3540 2003 ipse
3568 1926 3762 1998 disponis,

2215 2027 2315 2081 sed
2345 2025 2538 2098 potius
2568 2023 2828 2096 loquere,
2859 2027 2916 2079 et
2947 2024 3104 2095 quod
3136 2023 3447 2093 'interrogo
3475 2023 3542 2085 te,
3569 2013 3761 2086 responde

2217 2115 2384 2169 mihi.
2420 2114 2925 2178 Quemadmodum
2975 2116 3175 2167 autem
3213 2113 3366 2166 Deus
3411 2102 3762 2167 hominibusiln—

2215 2207 2451 2274 quatur,
2485 2221 2618 2259 cum
2670 2202 2746 2258 sit
2775 2203 2899 2273 ipse
2949 2201 3217 2274 Spiritus,
3253 2198 3453 2254 multis
3481 2190 3761 2267 signiﬁcatio-

2215 2293 2388 2348 nibus
2428 2293 2636 2348 divina
2685 2292 2854 2348 nobis
2887 2290 3150 2346 indicant
3201 2289 3451 2354 Litterae,
3483 2291 3543 2340 ut
3582 2287 3705 2337 Pater
3721 2279 3759 2331 de

2214 2383 2370 2437 nube
2401 2383 2473 2437 ad
2519 2382 2731 2437 Filium
2779 2380 3042 2453 loquitur
3073 2379 3296 2452 (Matth.
3327 2394 3458 2444 xvn,
3489 2375 3557 2446 5),
3581 2376 3629 2462 et
3647 2366 3758 2462 M0351:

2213 2472 2273 2526 in
2306 2471 2546 2527 ﬂamma
2595 2470 2749 2543 ignis
2780 2470 2978 2542 (Exod.
3021 2487 3104 2538 III,
3141 2470 3222 2538 4),
3254 2472 3313 2523 et
3361 2460 3596 2521 Ezechiel
3619 2458 3759 2514 sedenti

2212 2576 2347 2615 cum
2381 2559 2710 2616 senioribus
2752 2559 2948 2626 Israel,
2983 2559 3048 2614 fit
3095 2573 3294 2621 sermo
3346 2551 3574 2620 Domini,
3599 2552 3642 2603 et
3660 2543 3758 2601 solus

2213 2649 2484 2705 audiebat
2531 2667 2656 2722 quae
2713 2649 3055 2704 dicebantur
3102 2665 3140 2704 a
3188 2640 3433 2704 Domino
3480 2636 3658 2712 (Ezech.
3691 2648 3757 2696 xiv:

2214 2739 2346 2802 1-3;
2381 2757 2472 2806 xx,
2511 2740 2533 2792 1
2569 2739 2759 2810 seqq.).

2285 2850 2314 2878 «
2358 2827 2655 2898 Numquid
2704 2825 2936 2882 irritum
2985 2825 3165 2882 facies
3210 2823 3496 2897 judicium
3541 2812 3758 2874 meum.et

2213 2916 2633 2972 condemnabis
2664 2932 2777 2984 me,
2802 2919 2867 2970 ut
2887 2915 3241 2987 justiﬁceris
3261 2914 3288 2969 ‘2
3323 2935 3343 2962 ο
3379 2913 3493 2976 Quo
3519 2914 3756 2994 sensu

2213 3009 2341 3062 ctus
2378 3007 2486 3062 Job
2537 3005 2747 3061 dixerit
2775 3021 2843 3060 ea
2871 3021 2996 3075 quae
3040 3020 3226 3077 supra
3255 2997 3562 3070 conscripta
3585 2992 3700 3053 sunt,
3721 2992 3752 3038 in

2213 3095 2324 3152 hoc
2357 3096 2480 3151 loco
2514 3095 2796 3151 Dominus
2843 3094 3207 3150 manifestat.
3241 3093 3386 3148 Nam
3417 3103 3538 3144 cum
3577 3083 3757 3173 iactet)?

2213 3186 2391 3255 tione,
2425 3188 2660 3257 prOpter
2690 3184 2800 3239 hoc
2849 3183 3045 3254 ipsum
3096 3183 3174 3238 ab
3207 3199 3273 3238 eo
3323 3176 3583 3250 arguitur,
3609 3175 3756 3239 quium

457 3268 529 3324 ei.
565 3291 588 3321 ι
627 3269 772 3325 Tota
803 3270 1098 3327 altercatio
1131 3287 1258 3343 qua
1301 3272 1361 3326 in
1392 3272 1795 3344 superioribus
1826 3274 1962 3330 libri
1993 3275 2103 3330 hu-
2135 3258 2178 3325 C
2216 3276 2345 3346 ejus
2370 3274 2649 3345 injuriam
2681 3276 2739 3328 et
2787 3271 3271 3344 suggillationem
3325 3285 3384 3325 se
3407 3261 3679 3337 justiﬁcare
3699 3265 3759 3303 γοα

452 3359 554 3428 jus
594 3359 938 3428 contexitur,
972 3360 1032 3416 in
1081 3361 1190 3416 hoc
1221 3360 1346 3416 loco
1399 3379 1433 3416 a
1483 3361 1730 3416 Domino
1762 3363 2108 3431 declaratur,

461 3465 594 3504 cum
627 3449 752 3520 ipse
780 3448 922 3504 dicit
952 3466 965 3504 :
1001 3450 1301 3521 Numquid
1343 3449 1442 3521 qui
1474 3450 1775 3506 contendit
1806 3468 1937 3507 cum
1971 3452 2110 3508 Deo.

462 3537 625 3592 Unde
657 3541 895 3608 apparet
925 3539 1062 3609 quia
1089 3543 1294 3594 contra
1321 3543 1526 3606 Deum,
1552 3540 1807 3612 quadam
1834 3557 2112 3612 praesum-

459 3625 676 3696 ptionis
725 3626 969 3682 audacia
1013 3644 1082 3683 ex
1129 3627 1345 3684 ﬁducia
1396 3629 1562 3684 bonae
1617 3629 1986 3686 conscientia:
2035 3636 2112 3688 sit

459 3713 712 3782 locutus,
746 3731 862 3770 non
894 3720 1092 3773 tamen
1121 3717 1548 3790 blasphemavit
1576 3724 1782 3788 Deum,
1809 3720 1961 3776 sicut
1981 3723 2111 3793 qui-

458 3801 713 3858 busdam
740 3803 986 3861 videtur.
1022 3807 1128 3862 Ubi
1159 3811 1215 3863 et
1243 3807 1294 3864 si
1325 3809 1590 3880 asperius
1614 3808 1812 3881 aliqua
1843 3811 2008 3880 dixit,
2037 3812 2109 3866 ad

457 3890 616 3947 idem
665 3893 1008 3966 respiciens,
1039 3897 1109 3952 ad
1139 3897 1295 3969 quod
1342 3898 1519 3967 Deus,
1543 3900 1744 3970 justus
1774 3904 1865 3955 est
1897 3918 1910 3956 :
1945 3904 2108 3957 teno-

427 3997 582 4038 rem
627 3984 871 4055 justitim
923 3986 1018 4042 Dci
1071 3987 1411 4058 respiciens,
1453 3989 1683 4044 locutus
1731 3993 1838 4056 est,
1873 4007 1988 4045 non
2037 3992 2108 4046 ad

458 4071 992 4144 blasphemandum
1026 4077 1228 4148 Deum,
1263 4077 1418 4132 unde
1458 4076 1627 4132 illum
1662 4079 1988 4134 secundum
2010 4080 2108 4150 ju-

460 4165 619 4217 stum
645 4163 936 4234 judicium
967 4167 1096 4237 ejus
1136 4166 1509 4238 requirendo,
1542 4166 1711 4239 quasi
1760 4168 2110 4240 constringit

457 4253 515 4305 et
570 4251 730 4322 dicit,
782 4258 848 4309 ut
894 4260 1112 4328 parcat,
1163 4255 1251 4312 vel
1309 4272 1443 4312 eum
1498 4256 1786 4327 injustum
1836 4257 2105 4313 declaret.

459 4339 647 4400 Quare
676 4357 810 4398 eum
843 4343 995 4400 circa
1024 4362 1086 4401 se
1108 4347 1280 4417 juxta
1304 4345 1658 4417 injustitiam
1682 4347 1943 4416 judicare
1975 4364 2108 4403 sen-

457 4427 588 4496 tiat,
642 4445 776 4486 cum
832 4447 967 4488 eum
1016 4435 1233 4505 optime
1290 4436 1516 4490 noverit
1559 4437 1811 4506 justum.
1861 4438 2110 4509 Accepta

454 4517 636 4590 igitur
661 4519 774 4576 Job
807 4521 1029 4578 ratione
1071 4541 1105 4577 a
1138 4526 1269 4592 Deo,
1303 4524 1363 4579 in
1412 4525 1504 4580 his
1539 4525 1910 4582 sermonibus
1961 4543 2108 4598 quos

455 4607 688 4665 locutus
718 4615 826 4680 est,
861 4611 1000 4683 quia
1028 4613 1226 4669 omnia
1259 4614 1463 4686 utique
1522 4632 1647 4687 quae
1678 4620 1950 4681 creasset,
1985 4616 2111 4687 ipse
2139 4635 2186 4700 Ι)

455 4699 811 4770 gubernaret
856 4704 913 4756 et
966 4706 1207 4774 regeret,
1238 4719 1271 4757 a
1300 4719 1414 4774 quo
1465 4704 1642 4758 etiam
1691 4704 1930 4760 omnino
1963 4704 2109 4759 nihil

459 4789 750 4865 injustum
783 4790 967 4858 ﬁeret,
992 4791 1292 4847 convictus
1324 4792 1478 4847 sicut
1509 4792 1603 4847 hic
1634 4797 1829 4865 aperte
1860 4795 2106 4850 demon-

454 4861 696 4947 stratur,
732 4879 943 4935 silebat
975 4897 988 4935 :
1023 4880 1124 4936 sed
1175 4879 1523 4935 admonetur
1575 4897 1609 4936 a
1639 4861 1882 4937 Domino
1934 4886 2109 4954 atque

457 4967 847 5040 compellitur,
880 4973 946 5025 ut
974 4969 1114 5042 quia
1136 4970 1417 5027 adversus
1439 4987 1575 5026 eum
1607 4971 1923 5042 contendit,
1945 4988 2108 5028 eum—

458 5070 571 5125 que
605 5053 846 5130 arguere
876 5064 1139 5128 conatur,
1175 5061 1298 5132 ipse
1343 5061 1414 5116 ad
1463 5061 1820 5133 interrogata
1867 5078 2108 5134 respon-

462 5145 614 5200 deat.
645 5147 712 5202 Et
741 5146 824 5203 ait
852 5150 1100 5222 scriptor
1129 5151 1262 5206 libri
1294 5150 1473 5222 hujus
1505 5168 1518 5206 :

528 5254 556 5282 «
591 5234 971 5307 Respondeas
1027 5244 1225 5296 autem
1277 5241 1386 5296 Job
1436 5240 1683 5296 Domino
1737 5240 1881 5296 dixit
1930 5257 1941 5295 :
1998 5241 2104 5306 Qui

451 5321 654 5380 leviter
689 5325 920 5383 locutus
971 5346 1125 5397 sum,
1160 5330 1510 5402 respondere
1560 5331 1702 5403 quid
1754 5348 1996 5403 possum
2018 5332 2045 5385 “.7
2077 5352 2104 5380 »

456 5415 668 5470 Beatus
714 5421 909 5473 autem
956 5419 1083 5488 Job,
1135 5435 1458 5491 agnoscens
1509 5437 1570 5476 se
1619 5420 1841 5489 leviter,
1881 5425 1938 5476 et
1989 5437 2105 5476 non

454 5511 861 5564 consummate
890 5507 1177 5580 locutum,
1199 5509 1340 5564 dicit
1361 5509 1598 5566 omnino
1631 5527 1691 5566 se
1720 5511 1834 5566 Deo
1865 5527 2105 5582 respon-

452 5594 588 5652 dere
633 5613 748 5655 non
799 5614 992 5670 posse.
1041 5597 1284 5672 Propter
1329 5598 1486 5672 quod
1518 5599 1722 5673 cupiat
1770 5615 1832 5656 se
1873 5597 2102 5657 silentio

451 5686 744 5758 cohibere,
778 5687 933 5747 sicut
963 5687 1046 5748 ait
1077 5703 1092 5749 :

2218 3364 2413 3432 luerit,
2458 3363 2599 3418 dum
2650 3379 2786 3418 eum
2833 3377 2903 3417 ex
2948 3361 3094 3433 ipsis
3145 3357 3491 3416 cruciatibus
3534 3346 3760 3440 sitiat]???

2219 3454 2331 3509 sibi
2361 3452 2561 3524 inique
2607 3451 2862 3507 inflictos
2913 3451 3149 3522 asserit,
3183 3445 3466 3522 justitiam
3508 3436 3761 3509 injustitiam

2220 3545 2406 3600 vocat.
3737 3600 3742 3608 ,

2291 3657 2319 3681 ‹‹
2354 3633 2422 3688 Et
2453 3631 2500 3687 si
2534 3631 2716 3687 habes
2764 3629 3075 3686 brachium
3131 3630 3287 3686 sicut
3313 3626 3478 3689 Deus,
3507 3620 3556 3673 et
3596 3617 3766 3702 VOFﬁsl'

2219 3721 2343 3776 mili
2376 3725 2566 3785 tonas,
2612 3721 2914 3776 circumda
2943 3720 3051 3775 tibi
3083 3721 3392 3799 decorem.
3422 3713 3474 3766 8t
3495 3707 3548 3799 in
3589 3694 3757 3799 sub]?

2218 3811 2461 3884 erigere,
2479 3814 2537 3865 et
2565 3813 2688 3866 esto
2719 3809 3031 3883 gloriosus,
3047 3783 3107 3865 et
3124 3803 3402 3881 speciosis
3421 3797 3626 3854 induere
3647 3783 3759 3884 vesti:

2219 3865 2351 3956 bus).
2383 3900 2664 3973 Disperge
2695 3899 2979 3971 superbos
3010 3898 3070 3954 in
3114 3899 3310 3954 furore
3340 3897 3454 3958 tuo,
3485 3890 3534 3940 et
3559 3865 3756 3973 (fonfuffle

2217 4007 2337 4056 eos,
2396 3994 2452 4045 et
2489 3957 2826 4060 ‘reslgiciens
2884 4004 3119 4044 omnem
3177 3983 3526 4056 arrogantem
3574 3957 3755 4060 humilia-

2219 4079 2460 4152 Respice
2490 4057 2732 4135 cunctos
2763 4077 3070 4150 superbos,
3097 4080 3156 4133 et
3194 4067 3473 4131 confunde
3491 4076 3588 4152 eos,
3608 4057 3754 4152 etcf)“:

2216 4138 2578 4239 tere.impios
2618 4167 2678 4222 in
2728 4166 2854 4222 loco
2885 4183 3012 4222 suo.
3045 4163 3348 4223 Absconde
3392 4171 3483 4212 eas
3513 4151 3563 4204 in
3602 4138 3757 4242 Pulli?

2217 4256 2416 4324 simul,
2440 4261 2497 4312 et
2529 4256 2707 4311 facies
2733 4272 2936 4312 eorum
2967 4256 3239 4327 demerge
3269 4253 3325 4306 in
3369 4249 3567 4302 foveam
3596 4230 3757 4353 :aetpig;

2218 4346 2536 4402 confitebor
2567 4346 2723 4417 quod
2755 4345 2983 4426 salvare
3003 4348 3060 4400 te
3091 4343 3279 4417 possit
3306 4338 3522 4393 dextera

2217 4434 2558 4504 Behemotb,
2584 4407 2790 4506 .quem‘
2804 4434 2913 4490 feci
2943 4407 3163 4501 tecum,
3205 4431 3396 4487 fenum
3428 4411 3573 4506 ειυδῗί

2218 4524 2433 4580 medet.
2463 4545 2492 4575 »
2525 4494 2641 4579 Hoc
2672 4527 2762 4579 est
2791 4522 2982 4579 dicere
3007 4539 3021 4578 :
3050 4494 3342 4591 Numquid
3375 4494 3755 4614 Ροίθθξῗξνξξεὲῗ

2219 4614 2532 4684 daemones,
2574 4629 2826 4685 quorum
2875 4608 3352 4667 tribulationibus
3375 4583 3753 4710 Ωθξρυξίξδέξῒὲ

2220 4703 2558 4772 contereris,
2587 4718 2918 4775 expugnare
2943 4705 2999 4757 et
3030 4690 3400 4774 diepergere?
3429 4684 3530 4794 βξο
3551 4677 3751 4794 333:1:

2223 4752 2558 4772 ’⁷’“’““⁷’”’”7
2591 4752 2914 4775 ⁷’“Γ’”Ο-“’“”
2949 4752 2998 4757 ⁷⁷
3037 4752 3262 4774 ’““’⁷ι”’“υ
3575 4760 3586 4772 ο

2221 4794 2402 4848 Deum
2429 4792 2779 4848 contendere
2809 4791 3070 4858 deberes,
3099 4790 3146 4846 si
3179 4785 3280 4844 tibi
3305 4752 3747 4891 essetfortﬂ‘iigil:

2219 4887 2333 4938 Deo
2364 4885 2470 4951 est,
2504 4885 2561 4938 et
2607 4897 2715 4936 vox
2746 4880 2976 4953 imperii
3023 4879 3110 4935 tui
3159 4879 3264 4934 hoc
3311 4861 3507 4926 mundo
3551 4851 3749 4972 ίῗτῗῗέἕίῖ

2217 4973 2550 5028 insonaret:
2585 4971 2979 5027 circumdares
3004 4969 3178 5026 etiam
3201 4963 3299 5021 tibi
3323 4953 3610 5067 (13.00”sz

2217 5061 2374 5130 tatis;
2409 5060 2647 5116 honoris
2697 5076 2932 5132 quoque
2974 5062 3031 5115 et
3064 5033 3744 5150 sub]imitatifaeisffniii);

2217 5149 2528 5216 exaltatus,
2543 5155 2599 5205 et
2611 5149 2886 5204 omnibus
2905 5145 3230 5204 sanctitatis
3247 5117 3743 5242 virtutigll’fﬁgggzi

2217 5239 2499 5310 speciosis
2519 5239 2780 5295 vestibus
2793 5242 2849 5293 te
2863 5238 3347 5327 munires,omnf35
3365 5208 3742 5330 ni?_‘lg?:li':::;:.

2216 5328 2426 5400 perbos
2443 5329 2606 5400 justo
2621 5328 2844 5399 judicio
2878 5331 3000 5395 tuo,
3024 5325 3180 5382 velut
3200 5297 3736 5420 indignf‘j‘fﬁ'fn'zx.

2217 5386 2313 5473 dia
2331 5386 2670 5489 dissipares,
2695 5422 2751 5473 et
2769 5434 2866 5474 eos
2888 5417 2946 5471 in
2966 5415 3157 5472 locum
3182 5419 3364 5467 suum,
3385 5394 3435 5450 id
3453 5386 3628 5489 951110;

2216 5523 2339 5562 rem
2361 5506 2706 5573 inferorum,
2730 5507 3066 5575 detrudens,
3093 5502 3417 5575 contereres,
3438 5491 3642 5575 (11111”:

2215 5605 2552 5654 sanctorum
2601 5595 2824 5652 lumine
2868 5604 3186 5668 separatos,
3217 5588 3270 5642 in
3321 5569 3672 5696 liu‘l‘genrge;

2213 5687 2621 5762 absconderes,
2638 5685 2776 5762 sive,
2793 5689 2858 5747 ut
2872 5655 2971 5746 alii
2987 5655 3266 5752 dixerunt,
3281 5655 3560 5730 τοιτυάθτθε
