3980 6184
291 379 414 448 829

1379 385 1901 451 COMMENTAR.
1943 387 2024 448 IN
2067 383 2234 449 JOB.
2280 388 2450 450 CAP.
2494 388 2619 448 XL.

3598 385 3720 454 830

289 524 488 576 terra:
522 519 780 576 simulet
810 520 984 576 facies
1032 536 1258 590 eorum,
1303 521 1360 576 id
1393 525 1482 577 est
1524 522 1782 578 animam
1814 539 1950 578 cum
1980 522 2036 589 Α
2067 538 2199 577 sum
2248 521 2749 595 signiﬁcaverunt,
2799 519 2950 576 hanc
3009 519 3275 579 arborem
3332 525 3716 595 nominando,

287 608 690 666 intellectibus
721 609 866 676 suis,
889 613 1191 682 tamquam
1216 611 1519 666 oculorum
1542 611 1868 668 luminibus
1890 613 1948 667 in

289 701 520 756 foveam
538 698 749 754 inferni
769 699 1156 771 demergeres,
1179 700 1236 755 id
1257 705 1362 768 est,
1389 718 1565 773 quam
1584 701 1949 774 impossibile

288 794 401 859 est,
435 792 500 843 ut
531 787 652 842 haec
674 787 847 842 homo
868 787 1104 857 habeas,
1129 794 1246 844 tam
1275 789 1523 845 stultum
1550 796 1658 855 est,
1689 795 1756 845 ut
1780 789 1950 862 quasi

288 895 362 932 ex
393 875 603 949 aequali
635 881 836 932 contra
875 877 1058 932 Deum
1111 877 1392 950 loquaris,
1440 896 1473 934 a
1502 896 1616 951 quo
1647 879 1952 934 humiliter

286 983 530 1039 sperare
561 965 1024 1022 misericordiam
1049 967 1245 1033 debes,
1280 973 1344 1023 ut
1363 985 1430 1023 ex
1451 970 1579 1040 ejus
1611 969 1862 1039 dextera,
1889 969 1947 1024 id

285 1060 400 1126 est,
426 1054 661 1121 virtute,
683 1058 886 1109 contra
907 1071 1026 1122 eos,
1047 1073 1194 1128 quos
1213 1056 1327 1111 dixi
1347 1059 1653 1130 superbos,
1679 1074 1950 1130 arrogan-

284 1149 380 1200 tes
430 1145 763 1217 impiosque
811 1143 1073 1201 salveris.
1124 1147 1266 1202 Ecce
1314 1147 1422 1201 hoc
1465 1147 1663 1219 ipsum
1696 1147 1945 1216 noveris,

288 1234 499 1289 fortem
519 1233 842 1300 diabolum,
861 1237 918 1289 et
935 1235 1408 1306 potentissimum
1431 1235 1736 1291 inimicum
1755 1242 1946 1300 tuum,

288 1339 467 1394 quem
501 1323 574 1378 ob
598 1322 1096 1379 immanissimum
1120 1325 1302 1380 trucis
1335 1326 1516 1380 animi
1540 1326 1815 1392 furorem,
1851 1331 1950 1380 Be-

288 1411 530 1467 bemoth
563 1412 800 1467 nomine
831 1411 1028 1468 feralis
1074 1413 1271 1468 bestiae
1321 1415 1673 1486 nuncupavi,
1708 1416 1860 1486 apud
1892 1421 1948 1470 te

289 1499 455 1555 velut
482 1501 709 1565 bovem,
743 1500 962 1556 animal
1010 1501 1277 1557 videlicet
1319 1507 1714 1568 mansuetum,
1748 1504 1944 1558 fenum

2059 628 2186 682 qua:
2220 612 2328 667 sub
2363 628 2479 667 uno
2511 610 2727 683 stipite,
2760 626 2996 682 procero
3019 610 3250 682 fastigio
3284 612 3342 668 in
3372 613 3556 671 altum
3586 632 3717 687 por-

2060 700 2291 772 rigitur.

2129 811 2157 840 «
2190 790 2357 844 Nervi
2419 788 2822 845 testiculorum
2871 788 2998 858 ejus
3056 789 3312 860 perplexi
3369 797 3530 846 sunt.
3567 815 3594 842 »
3652 793 3712 849 ln

2059 879 2275 946 nervis,
2308 878 2543 934 vincula
2589 878 2858 950 quaedam
2912 877 3234 934 fortissima
3283 896 3348 934 ac
3377 879 3716 937 illecebrosa

2056 967 2422 1039 voluptatum
2455 969 2671 1040 quibus
2703 967 2971 1022 homines
3015 968 3279 1023 carnales
3310 967 3594 1040 implicat,
3625 970 3712 1023 di-

2058 1073 2187 1112 cere
2217 1057 2450 1112 videtur
2506 1057 2672 1123 mihi,
2732 1057 2802 1112 de
2859 1056 3074 1128 quibus
3133 1057 3288 1112 vitiis
3321 1062 3377 1112 et
3433 1057 3716 1130 prOpheta

2057 1145 2304 1218 culpans
2335 1145 2604 1201 homines
2652 1145 2803 1200 inter
2831 1149 3037 1200 caetera
3085 1145 3183 1212 ait,
3217 1147 3297 1201 ita
3339 1147 3578 1202 dicens:
3611 1148 3716 1202 De-

2057 1235 2328 1290 clinantes
2384 1245 2563 1290 autem
2621 1235 2688 1289 ad
2734 1235 3090 1304 obligatione:
3140 1237 3320 1307 (Psal.
3380 1253 3566 1307 cxxrv,
3618 1237 3714 1308 5):

2057 1325 2155 1378 ubi
2207 1323 2554 1396 simpliciter
2596 1340 2740 1395 pene
2789 1323 3324 1396 inexstinguibilem
3354 1325 3714 1398 voluptatem

2057 1413 2118 1467 in
2152 1415 2434 1469 membris
2479 1412 2755 1468 humanis
2787 1429 2820 1467 a
2867 1413 3150 1485 propheta
3198 1414 3517 1486 significari
3550 1419 3713 1486 puto,

2057 1502 2150 1557 cui
2183 1502 2465 1575 voluptati
2497 1519 2630 1558 caro
2661 1507 2862 1558 nostra
2885 1502 3114 1576 captiva
3141 1504 3571 1574 succumberet,
3601 1504 3715 1559 nisi

291 1589 596 1644 comedere
619 1589 1946 1659 faciam,noncarnesutleonem.Quiacarnes
2047 1593 2217 1662 juxta
2286 1591 2630 1664 Apostolum
2702 1591 2804 1647 Dei
2873 1591 3063 1662 gratia
3107 1593 3441 1648 subveniret
3478 1593 3552 1664 (II
3591 1595 3714 1649 Cor.

183 1747 198 1756 ί
292 1678 528 1749 quando
558 1680 965 1747 comeduntur,
1003 1697 1116 1735 non
1150 1680 1214 1734 ﬁt
1245 1681 1371 1736 sine
1405 1681 1649 1736 viventis
1682 1681 1942 1736 interitu.

289 1767 454 1821 Circa
483 1772 534 1822 te
554 1783 688 1823 vero
711 1784 824 1823 non
857 1768 940 1822 ita
960 1773 1049 1823 est
1077 1769 1367 1839 sicutjam
1391 1770 1529 1835 dixi,
1553 1771 1650 1840 qui
1675 1771 1944 1840 jussione

2056 1699 2154 1748 xu,
2188 1681 2332 1748 7-9).

2127 1700 2154 1748 Ι,
2188 1683 2291 1734 7-9
2321 1723 2332 1736 .

2127 1794 2154 1821 ‹‹
2188 1683 2334 1826 Oss)a
2380 1771 2509 1842 ejus
2553 1770 2711 1825 velut
2763 1769 2975 1826 fistula
3023 1771 3174 1836 aeris,
3228 1770 3504 1843 cartilago
3554 1771 3712 1828 illius

287 1856 522 1928 imperii
545 1856 680 1927 mei,
704 1856 810 1912 hoc
833 1858 1006 1912 modo
1030 1858 1296 1930 praecepi,
1323 1859 1522 1914 dicens
1547 1877 1560 1915 :
1582 1860 1723 1915 Ecce
1745 1859 1802 1914 in
1827 1877 1947 1914 ma-
1977 1895 2025 1958 B
2057 1859 2223 1932 quasi
2254 1859 2488 1914 laminae
2521 1860 2732 1914 ferrem.
2765 1881 2792 1907 ››
2826 1859 2926 1913 His
2949 1859 3350 1914 membrorum
3375 1860 3714 1916 nominibus

283 1963 369 2001 nu
402 1951 502 2000 tua
530 1951 621 2001 est
665 1945 873 2014 vivere,
924 1945 1182 2002 animam
1232 1949 1360 2019 ejus
1407 1965 1590 2004 serva.
1627 1949 1946 2004 Bebemoth

285 2051 547 2106 namque
587 2036 852 2090 doctores
873 2035 1164 2105 Ecclesiae,
1188 2037 1804 2108 quillebraaaslitteras
1816 2055 1948 2093 con-

281 2125 564 2197 tigerunt,
599 2125 659 2178 in
694 2124 963 2180 Latinum
994 2127 1153 2196 quasi
1178 2127 1365 2197 plures
1394 2127 1755 2198 interpretati
1785 2131 1944 2183 sunt.

281 2213 537 2270 Proinde
566 2213 842 2270 inimicus
871 2213 1139 2270 diabolus
1171 2231 1302 2270 cum
1326 2220 1445 2272 toto
1477 2233 1715 2288 corpore
1735 2215 1950 2272 satelli-

287 2310 419 2359 tum
451 2319 692 2359 suorum
723 2303 832 2359 hoc
861 2303 985 2359 loco
1016 2321 1049 2359 a
1072 2309 1185 2360 Dco
1208 2305 1578 2360 describitur.
1601 2308 1782 2370 Quem
1817 2325 1947 2379 pro-

287 2399 418 2466 pter
432 2391 825 2464 pluralitatem
845 2393 1101 2448 nominis
1118 2393 1307 2466 ipsius
1325 2394 1548 2467 antiqui
1571 2395 1650 2449 ita
1667 2393 1946 2468 interpre-

283 2482 394 2537 tati
427 2485 600 2536 sunt:
635 2481 735 2536 Sed
764 2498 881 2538 ecce
928 2483 1108 2538 bestia:
1157 2500 1293 2554 quas
1321 2485 1429 2552 [cci
1473 2484 1621 2555 apud
1650 2487 1722 2552 te,
1754 2487 1945 2555 fenum

282 2573 433 2626 sicut
461 2571 552 2627 bos
579 2570 769 2636 edunt,
800 2571 858 2626 id
891 2575 1000 2638 est,
1028 2576 1083 2626 et
1107 2572 1214 2626 hoc
1247 2572 1505 2644 potentia
1526 2573 1769 2628 dextera:
1803 2591 1942 2629 meae

282 2661 509 2716 factum
542 2664 648 2728 est,
675 2664 738 2715 ut
768 2661 1156 2717 substantiam
1180 2666 1342 2717 tuam
1374 2666 1432 2716 ct
1464 2661 1791 2729 facultates,
1817 2681 1942 2736 qua:

283 2751 363 2805 ob
405 2749 667 2822 pretiosas
692 2751 905 2805 mentis
923 2754 1036 2804 tuae
1077 2750 1310 2806 divitias
1354 2751 1483 2806 feno
1506 2757 1938 2823 comparantur,

281 2841 347 2894 in
381 2843 726 2911 potestatem
759 2839 1089 2912 acciperent
1125 2840 1504 2896 devorandas.
1556 2841 1620 2894 Et
1652 2841 1778 2897 ideo
1807 2841 1943 2898 vilia

282 2945 532 3001 qumque
552 2931 609 2983 et
628 2928 972 3000 temporalia
993 2929 1097 2984 tibi
1122 2928 1383 2996 abstulit,
1414 2945 1539 3000 quae
1561 2930 1676 2984 feni
1705 2931 1941 2986 nomine

281 3016 615 3088 signiﬁcata
637 3022 810 3071 sunt:
846 3033 958 3071 non
991 3033 1116 3087 quae
1142 3033 1355 3088 magna
1375 3021 1432 3072 et
1454 3017 1718 3088 grandia,
1748 3018 1802 3072 id
1828 3022 1939 3084 est,

278 3103 492 3158 animae
523 3105 1112 3177 ornamenta,quibus
1135 3110 1189 3161 te
1215 3105 1528 3176 spoliatum
1563 3106 1939 3178 blasphemiae

277 3194 459 3248 ruina
506 3195 937 3266 comprimeret,
987 3194 1145 3267 quali
1204 3200 1436 3267 peccato
1485 3200 1644 3250 totus
1691 3197 1864 3251 homo
1907 3214 1940 3252 a

277 3281 518 3338 diabolo
550 3283 877 3338 devoratur.
911 3285 999 3338 Ita
1024 3299 1160 3356 ergo
1186 3285 1258 3338 de
1285 3300 1350 3339 eo
1378 3284 1520 3338 dicit
1553 3285 1722 3340 Deus.

361 3393 390 3421 α
421 3372 716 3428 Fortitudo
747 3374 875 3444 ejus
908 3374 963 3427 in
1016 3372 1237 3428 lumbis
1285 3375 1431 3444 ejus,
1485 3377 1541 3428 et
1569 3373 1754 3430 virtus
1784 3374 1944 3430 illius

279 3461 346 3515 in
379 3460 657 3517 umbilico
686 3462 905 3517 ventris
937 3463 1086 3532 ejus.
1119 3486 1140 3514 1
1190 3463 1252 3517 In
1285 3461 1504 3519 lumbis
1535 3467 1593 3518 et
1625 3463 1940 3534 umbilicis,

279 3550 503 3606 ventris
524 3549 810 3624 voluptas,
835 3551 922 3607 vel
947 3551 1138 3607 carnis
1165 3551 1396 3607 luxuria
1420 3551 1789 3624 intelligitur,
1814 3569 1942 3624 quae

273 3637 566 3694 membris
604 3638 960 3711 genitalibus
983 3644 1114 3711 post
1134 3639 1305 3711 primi
1325 3640 1583 3695 hominis
1607 3640 1837 3712 lapsum
1862 3641 1945 3695 in-

273 3734 439 3784 serta
467 3732 576 3794 est,
600 3733 662 3783 ut
686 3745 865 3800 supra
886 3729 1127 3783 modum
1151 3728 1298 3801 legis
1323 3728 1609 3784 naturalis
1639 3729 1739 3784 illa
1761 3747 1942 3786 mem-

270 3818 408 3880 bra,
440 3820 495 3872 et
525 3818 757 3888 quando
792 3834 903 3872 non
935 3817 1055 3872 vult
1102 3817 1296 3883 homo,
1340 3818 1648 3873 incentivis
1680 3818 1943 3874 libidinis

271 3905 593 3960 titillentur
615 3924 628 3973 ;
653 3910 712 3962 et
737 3906 816 3961 ita
836 3905 1202 3977 voluptatum
1221 3910 1560 3973 sectatores,
1585 3906 1817 3962 diabolo
1837 3909 1944 3963 for-

278 3995 588 4050 titudinem
613 3995 862 4067 propriis
885 3994 1041 4050 vitiis
1065 3995 1489 4064 ministrantes,
1508 3995 1578 4051 de
1599 4000 1760 4068 parte
1784 3996 1944 4054 illius

199 4143 212 4149 _
269 4090 334 4140 et
366 4089 666 4139 consortes
700 4085 1056 4155 efficiuntur,
1089 4089 1152 4139 ut
1181 4085 1298 4139 sint
1328 4084 1595 4140 membra
1621 4085 1768 4158 ejus,
1802 4103 1944 4158 ί]υο-

273 4189 411 4228 rum
445 4177 725 4244 tanquam
759 4172 1015 4245 corporis
1051 4173 1143 4228 sui
1177 4173 1301 4246 ipse
1340 4178 1429 4229 est
1458 4178 1654 4245 caput.

360 4285 382 4311 α
416 4261 743 4334 Contringit
785 4263 1035 4318 caudam
1067 4280 1236 4319 suam
1291 4263 1461 4335 quasi
1493 4264 1723 4320 cedrus.
1760 4286 1789 4314 ν
1821 4265 1940 4321 Hoc

277 4350 429 4406 mihi
458 4351 649 4406 dicere
678 4351 926 4419 videtur,
985 4353 1140 4424 quod
1170 4368 1274 4407 nec
1324 4352 1383 4408 in
1425 4353 1762 4409 novissimis
1793 4355 1938 4424 suis,

279 4458 411 4512 quae
433 4439 492 4495 in
514 4441 699 4495 cauda
719 4441 1146 4512 signiﬁcantur,
1175 4441 1251 4496 sit
1271 4442 1342 4496 ad
1362 4442 1548 4497 Deum
1573 4458 1938 4513 reversurus,

281 4530 442 4602 quod
473 4534 580 4596 est,
612 4546 916 4601 nunquam
948 4546 1051 4602 pro
1085 4529 1392 4602 tyrannide
1425 4547 1533 4586 sua
1563 4532 1855 4603 superbus
1886 4537 1942 4589 et

2059 1948 2374 2016 indicatur,
2405 1948 2561 2018 quod
2595 1947 2866 2003 diabolus
2895 1964 3028 2002 cum
3060 1948 3185 2002 suis
3228 1949 3413 2004 durus
3444 1948 3539 2016 sit,
3574 1949 3714 2021 rigi-

2057 2038 2190 2106 dus,
2225 2035 2487 2109 pertinax
2519 2041 2577 2091 et
2605 2035 2960 2091 inflexibilis.
2995 2036 3055 2090 In
3113 2037 3347 2092 ossibus
3379 2054 3629 2106 namque
3659 2043 3718 2094 et

2057 2125 2417 2196 cartilagine,
2452 2125 2610 2179 intus
2659 2129 2717 2179 et
2745 2123 2906 2189 foris,
2959 2125 3017 2178 in
3072 2125 3420 2195 cogitatione
3446 2124 3720 2181 videlicet

2056 2219 2113 2269 et
2141 2231 2332 2286 opere,
2365 2213 2620 2285 perfecta
2648 2213 2777 2283 ejus
2808 2213 3245 2268 demonstratur
3273 2213 3515 2270 malitia.
3551 2215 3716 2278 Quod

2055 2309 2249 2360 autem
2282 2303 2503 2358 dictum
2537 2307 2644 2373 est,
2670 2301 2950 2374 cartilago
2983 2303 3112 2372 ejus
3134 2303 3302 2374 quasi
3334 2301 3565 2358 laminae
3600 2304 3714 2360 fer-

2055 2409 2186 2458 reaz,
2221 2391 2318 2447 alii
2351 2392 2642 2458 dixerunt,
2677 2414 2704 2441 «
2741 2391 2930 2462 Spina:
2953 2393 3084 2462 ejus
3105 2392 3324 2446 ferrum
3356 2399 3413 2446 et
3444 2392 3655 2461 fusile;
3686 2416 3714 2443 »

2056 2486 2118 2536 ut
2151 2481 2536 2552 intelligatur,
2567 2480 2708 2552 quia
2739 2497 3041 2552 nunquam
3072 2497 3134 2536 se
3164 2480 3436 2537 diabolus
3465 2497 3568 2554 per
3597 2500 3712 2555 poe-

2054 2570 2361 2627 nitentiam
2396 2571 2511 2626 Deo
2544 2569 2959 2626 humiliaverit.

2125 2685 2151 2710 ‹‹
2192 2662 2316 2732 [pse
2347 2664 2434 2714 est
2457 2659 2812 2730 principium
2845 2659 3074 2715 viarum
3109 2659 3225 2714 Dei.
3253 2660 3361 2725 Qui
3395 2660 3531 2715 fecit
3560 2678 3720 2728 eum,

2051 2748 2366 2821 applicabit
2395 2747 2656 2820 gladium
2689 2748 2841 2818 ejus.
2865 2771 2892 2799 ››
2929 2748 3045 2803 Hoc
3078 2749 3135 2802 in
3159 2748 3284 2804 loco
3318 2743 3374 2802 in
3409 2765 3536 2804 esse
3572 2747 3717 2804 mihi

2049 2839 2279 2893 videtur
2309 2854 2542 2906 sensus,
2595 2839 2750 2910 quod
2783 2839 2854 2892 ad
2904 2839 3026 2893 vias
3065 2838 3164 2893 Dei
3215 2837 3630 2901 ambulandas,
3663 2845 3720 2895 et

2049 2944 2153 2999 per
2201 2927 2592 2982 obedientiam
2642 2932 2930 2998 praecepta
2981 2926 3286 2982 Dominica
3327 2927 3714 2997 observanda,

2048 3016 2144 3071 hic
2173 3017 2325 3071 inter
2357 3020 2592 3072 caeteras
2623 3020 2918 3071 creaturas
2970 3015 3197 3086 primus
3231 3033 3265 3070 a
3312 3015 3429 3070 Deo
3461 3016 3540 3071 sit
3571 3033 3716 3072 con-

2048 3105 2228 3175 ditus,
2262 3110 2318 3160 et
2346 3105 2482 3160 inde
2523 3105 2743 3160 dictum
2777 3104 2872 3172 sit,
2916 3105 3042 3175 ipse
3083 3104 3438 3176 principium
3472 3110 3561 3160 est
3591 3105 3718 3161 via-

2048 3211 2178 3249 rum
2214 3193 2462 3249 Domini.
2497 3193 2644 3250 Nam
2675 3194 2732 3248 in
2777 3191 3072 3248 Ezechiele
3118 3193 3400 3264 propheta
3429 3193 3488 3248 in
3521 3194 3714 3266 capite

1969 3266 2011 3332 C
2054 3282 2318 3354 lapidum
2362 3283 2682 3354 ignitorum
2734 3282 3004 3348 refertur,
3055 3283 3211 3352 quod
3263 3282 3490 3352 primus
3539 3283 3716 3338 fuerit

2055 3371 2320 3427 omnium
2370 3375 2735 3443 angelorum,
2785 3374 2842 3426 et
2889 3387 3104 3426 corona
3155 3371 3210 3425 in
3264 3387 3441 3426 manu
3474 3371 3709 3427 Domini

2055 3461 2268 3532 (Ezeck.
2304 3478 2478 3528 xxvn,
2533 3462 2599 3514 12
2627 3461 2820 3532 seqq.).
2871 3459 3001 3515 Sive
3033 3460 3116 3515 ita
3163 3460 3276 3516 dici
3319 3464 3529 3532 potest,
3561 3465 3625 3515 ut
3655 3461 3715 3515 in

2055 3549 2156 3605 illa
2203 3549 2524 3606 aeternitate
2577 3566 2686 3604 sua
2741 3551 2890 3604 Deus
2943 3565 3174 3621 semper
3223 3565 3490 3618 manens,
3541 3549 3710 3622 quasi

2053 3656 2327 3712 egressus
2357 3639 2417 3694 in
2471 3639 2758 3694 facturam
2808 3641 3206 3694 creaturarum
3254 3637 3505 3710 videtur,
3537 3642 3593 3693 et
3623 3638 3708 3692 hae

2053 3729 2172 3784 sint
2200 3729 2303 3784 viae
2334 3729 2481 3798 ejus,
2528 3733 2592 3782 ut
2636 3727 2956 3783 invisibilia
2985 3744 3053 3782 ex
3101 3726 3435 3784 visibilibus
3467 3745 3711 3800 appare-

2055 3821 2200 3873 rent.
2249 3817 2372 3872 Sive
2431 3833 2797 3888 unaquaaque
2849 3820 3117 3872 creatura
3173 3816 3266 3872 via
3314 3816 3412 3872 Dei
3467 3822 3575 3884 est,
3609 3834 3714 3889 per

2053 3923 2230 3979 quam
2263 3907 2334 3962 ad
2366 3906 2466 3962 Dei
2498 3906 2616 3961 itur
2643 3905 3056 3987 cognitionem,
3109 3905 3251 3960 dum
3275 3904 3508 3977 cognita
3537 3905 3610 3960 ab
3641 3922 3706 3960 eo

2052 3996 2439 4068 cognoscitur.
2471 3996 2597 4051 Sive
2616 3995 2720 4049 viae
2752 3995 2851 4051 Dei
2883 3995 2993 4049 illae
3020 3999 3181 4061 sunt,
3204 3995 3437 4065 quando
3471 3994 3713 4048 cuilibet

2052 4089 2326 4141 creaturas
2374 4084 2732 4152 rationabili,
2756 4085 2909 4140 Deus
2931 4083 3101 4154 quasi
3122 4083 3193 4138 ad
3216 4098 3346 4138 eam
3367 4082 3604 4138 veniens
3625 4082 3714 4136 in-

2052 4175 2318 4230 notescit.
2352 4174 2599 4230 Proinde
2620 4173 2713 4228 hic
2745 4173 3064 4228 Bebemoth
3093 4171 3447 4243 principium
3478 4171 3706 4226 viarum

2052 4263 2153 4319 Dei
2177 4264 2418 4330 dicitur,
2448 4280 2514 4319 eo
2545 4263 2699 4334 quod
2732 4262 2961 4333 primus
2993 4261 3200 4328 factus,
3255 4259 3351 4316 Dei
3382 4260 3474 4316 sui
3505 4260 3706 4333 cogni-

2050 4350 2268 4406 tionem
2299 4368 2334 4405 a
2363 4367 2478 4420 quo
2511 4350 2783 4406 conditus
2813 4353 2902 4404 est
2930 4349 3173 4421 accepit.
3197 4349 3481 4405 Dominus
3510 4356 3706 4406 autem

2050 4438 2318 4495 Christus
2352 4440 2411 4494 in
2455 4437 2742 4510 principio
2790 4438 3018 4493 viarum
3068 4438 3163 4494 Dei
3205 4443 3436 4494 creatus
3467 4439 3714 4495 refertur

2047 4531 2231 4599 (Prov.
2299 4545 2422 4595 vm,
2471 4527 2585 4597 22),
2617 4530 2684 4582 ut
2733 4544 2767 4582 a
2813 4526 3242 4582 reconciliando
3288 4529 3579 4583 mundum
3611 4545 3714 4599 per

282 4618 507 4690 impius
538 4619 880 4692 paenitebit;
933 4619 1034 4675 sed
1084 4617 1368 4674 exaltatus
1417 4623 1482 4674 ut
1530 4621 1760 4690 cedrus,
1802 4638 1940 4678 voce
1971 4639 2018 4704 Ι)
2051 4616 2399 4690 sanguinem
2432 4633 2630 4683 suum,
2686 4616 2840 4672 viam
2872 4617 3286 4672 mandatorum
3328 4617 3514 4688 patris
3542 4616 3714 4688 quasi

286 4706 516 4762 Domini
541 4709 703 4778 juste
725 4707 1050 4780 judicantis
1080 4711 1167 4764 est
1207 4708 1664 4780 confringendus
1693 4715 1750 4765 et
1783 4727 1940 4766 com-

283 4795 664 4851 minuendus.
713 4797 1144 4868 Constringitur
1193 4797 1348 4852 enim
1399 4797 1562 4870 ligno
1618 4798 1938 4854 durissimo

281 4890 697 4957 comparatus:
732 4886 950 4941 duritia
997 4885 1221 4942 scilicet
1264 4886 1474 4957 cordis,
1519 4903 1591 4942 ne
1629 4886 1938 4960 intelligat,

281 4973 503 5030 stultus
527 4975 814 5042 efficitur;
851 4979 906 5030 et
938 4979 1283 5043 excaecatus,
1328 4992 1400 5031 ne
1438 4975 1631 5032 videat
1660 4993 1850 5048 usque
1884 4977 1940 5032 in

279 5064 484 5118 ﬁnem.
517 5063 668 5134 Sive,
705 5087 731 5112 ‹‹
758 5065 1108 5137 constringit
1154 5064 1404 5121 caudam
1435 5081 1606 5120 suam
1641 5088 1668 5114 »
1701 5065 1783 5120 ita
1813 5081 1943 5122 sen-

277 5153 462 5208 titur:
526 5153 808 5226 propheta
861 5153 1145 5210 fallaciter
1200 5153 1499 5227 loquitur:
1566 5155 1939 5212 mendacium

279 5242 470 5298 cauda
492 5247 580 5298 est
601 5243 924 5298 secundum
947 5248 1283 5300 sanctorum
1310 5242 1727 5316 prophetarum
1748 5250 1942 5301 aucto-

281 5332 537 5387 ritatem.
593 5331 711 5386 Hoc
763 5331 944 5403 igitur
972 5332 1292 5389 Bebemoth
1324 5337 1603 5398 tanquam
1647 5332 1939 5399 inimicos,

279 5425 566 5491 tanquam
598 5421 789 5476 socios
819 5425 877 5476 et
907 5421 1210 5479 ministros
1243 5439 1381 5478 suos
1417 5422 1477 5478 in
1509 5422 1780 5496 copulam
1813 5425 1942 5478 uni-

287 5514 406 5565 tate
433 5509 544 5564 sibi
592 5509 1040 5582 conspirationis
1089 5512 1380 5584 astringit,
1414 5513 1484 5567 de
1532 5511 1747 5584 quibus
1787 5513 1937 5568 anti-

288 5597 393 5670 qui
425 5595 695 5654 dixerunt
722 5595 1086 5669 interpretes,
1116 5620 1144 5648 «
1191 5598 1373 5655 erexit
1401 5599 1648 5655 caudam
1675 5615 1843 5655 suam
1876 5604 1941 5655 ut

291 5703 713 5764 cypressum,»
745 5687 845 5750 ubi
871 5686 1179 5750 elationem
1207 5688 1422 5751 mentis
1443 5704 1645 5750 eorum
1671 5688 1732 5750 in
1759 5689 1939 5754 excel-

2051 4723 2227 4780 opera
2254 4706 2382 4777 ejus
2413 4706 2776 4778 graderetur,
2810 4705 2965 4776 quod
3013 4705 3071 4759 in
3114 4703 3401 4776 principio
3433 4704 3715 4784 pradica-

2048 4795 2225 4852 tionis
2243 4795 2534 4866 Evangelii
2553 4793 2992 4850 demonstravit.
3017 4794 3180 4859 Quod
3201 4797 3397 4849 autem
3431 4793 3716 4850 Dominus

2049 4885 2168 4941 ait:
2203 4887 2309 4953 Qui
2351 4886 2478 4956 fecit
2523 4900 2648 4938 eum
2694 4881 3000 4955 applicabit
3045 4881 3293 4952 gladium
3334 4885 3478 4954 ejus,
3512 4882 3568 4936 id
3603 4887 3712 4950 est,

2051 4975 2149 5047 qui
2175 4973 2309 5030 fecit
2339 4973 2682 5040 Bebemoth,
2733 4971 3051 5044 applicabit
3097 4971 3150 5026 ei
3192 4969 3459 5043 gladium
3501 4971 3711 5042 ipsius,

2050 5063 2108 5119 id
2139 5068 2247 5129 est,
2272 5062 2425 5118 malo
2446 5079 2560 5134 quo
2586 5061 2731 5117 alios
2757 5060 3053 5116 interemit
3082 5059 3206 5132 ipse
3231 5060 3528 5132 punietur,
3559 5061 3714 5116 sicut

2050 5157 2105 5208 et
2136 5153 2206 5207 de
2235 5153 2362 5223 ejus
2386 5150 2679 5208 similibus
2710 5149 2963 5222 Spiritus
3001 5154 3244 5205 sanctus
3277 5150 3333 5204 in
3365 5148 3593 5222 psalmo
3626 5149 3709 5204 lo-

2051 5245 2222 5297 cutus
2255 5246 2380 5296 est:
2426 5241 2678 5295 Gladium
2721 5241 3153 5309 evaginaverunt
3198 5246 3506 5309 peccatores
3537 5240 3714 5311 (Psal.

2048 5348 2237 5397 xxxvx,
2288 5332 2395 5401 14),
2425 5333 2518 5385 ct:
2573 5329 2796 5385 Gladius
2852 5345 3038 5387 eorum
3086 5330 3253 5386 intret
3300 5331 3361 5384 in
3402 5345 3496 5386 cor
3527 5345 3717 5385 eorum

2049 5421 2205 5492 (Ibid.
2243 5421 2352 5488 15).
2386 5419 2653 5477 Notanda
2700 5423 2895 5475 tamen
2926 5423 3014 5476 est
3042 5419 3101 5474 in
3130 5419 3239 5474 hoc
3280 5419 3406 5475 loco
3440 5435 3713 5475 commu-

2047 5511 2189 5566 tatio
2220 5525 2630 5582 personarum.
2678 5509 2824 5564 Nam
2866 5514 2925 5566 et
2967 5509 3241 5582 superius
3290 5508 3577 5565 Dominus
3608 5507 3708 5578 ait,

2049 5599 2204 5673 quod
2237 5597 2554 5654 Bebemoth
2604 5597 2854 5654 bestiam
2885 5598 3012 5670 ipse
3058 5597 3261 5655 fecerit
3308 5598 3468 5670 (vers.
3516 5598 3625 5669 10),
3657 5612 3689 5652 e

2047 5704 2202 5756 nunc
2233 5688 2376 5747 dicit
2414 5687 2572 5765 quod
2622 5686 2773 5751 alius
2825 5703 2962 5753 eum
3004 5687 3303 5760 creaverit,
3327 5686 3411 5748 ita
3437 5686 3688 5750 dicendo
