3980 6184
421 347 536 409 831

1935 347 2354 409 APPENDIX.
3668 350 3753 409 882

393 523 400 536 .
431 482 561 553 Ipse
591 484 680 536 est
710 479 1066 552 principium
1095 479 1323 536 viarum
1374 480 1495 549 Dei,
1531 482 1630 554 qui
1684 483 1818 538 fecit
1847 482 2082 551 omnia;
2113 483 2172 550 Α
2199 481 2331 549 bus,
2364 483 2428 534 ut
2457 479 2675 535 dictum
2706 481 2816 546 est,
2849 479 2907 533 id
2931 481 3020 534 est
3052 475 3471 548 peccatoribus.
3499 476 3587 548 qui
3610 477 3656 532 in
3676 484 3756 535 ter-

429 571 584 641 quod
617 569 699 625 ita
728 570 936 642 exponi
968 574 1179 641 potest,
1230 570 1367 642 quia
1396 571 1567 626 Pater
1613 571 1671 627 in
1715 571 1857 627 Filio
1889 572 2089 627 omnia

429 658 582 724 fecit,
617 658 774 713 sicut
823 659 1111 729 Propheta
1160 661 1239 714 ait
1287 663 1357 716 ad
1410 664 1594 718 Deum
1641 663 1860 717 :Omnia
1906 664 1965 715 in
1995 679 2089 716 sa-

424 749 640 819 pientia
690 749 874 818 fecisti
922 748 1096 814 (Psal.
1150 768 1264 821 Cll],
1316 755 1427 826 24).
1479 752 1590 806 ΑΙὶἰ
1634 752 1941 806 dixerunt:
1975 754 2090 822 Ipse

431 838 506 891 est
530 837 758 890 initium
786 837 1039 905 ﬁgmenti
1077 839 1336 895 Domini:
1385 843 1540 912 quod
1571 840 1854 895 illudatur
1884 841 1954 895 ab
1987 858 2086 894 an-

431 924 578 996 gelis
607 925 756 995 ejus,
804 924 861 979 id
909 930 997 982 est
1043 930 1279 985 sanctis.
1329 932 1414 985 Ab
1465 932 1556 985 his
1606 947 1741 1002 ergo
1783 929 2085 994 illudatur,

432 1014 666 1084 quando
694 1030 796 1086 per
844 1016 1092 1086 gratiam
1143 1020 1330 1075 sancti
1381 1021 1655 1092 Spiritus,
1711 1023 1767 1074 et
1810 1019 2083 1074 meritum

433 1103 758 1158 sanctitatis
818 1105 928 1160 eis
960 1106 1255 1176 subditur,
1315 1114 1371 1164 et
1418 1109 1779 1165 invocatione
1831 1107 2086 1163 nominis

431 1192 644 1248 Christi
695 1194 764 1248 ab
815 1194 1072 1250 obsessis
1123 1200 1464 1270 corporibus
1513 1201 1823 1271 eﬁ'ugatur.
1875 1198 1962 1252 Ab
2003 1198 2084 1252 eis

433 1281 637 1352 utique
670 1281 770 1352 qui
800 1283 1155 1353 deponentes
1186 1303 1416 1343 omnem
1450 1287 1734 1342 malitiam
1767 1291 1824 1342 et
1853 1303 2086 1342 omnem

434 1369 632 1425 dolum
655 1375 713 1425 et
731 1370 1186 1442 simulationem,
1207 1378 1530 1431 secundum
1548 1377 1758 1431 Isaiam
1779 1376 2083 1447 [Petrum],

431 1459 611 1530 geniti
661 1459 914 1516 infantes
961 1461 1020 1516 in
1069 1462 1298 1519 Christo
1349 1470 1487 1521 sunt
1534 1467 1585 1536 (Ι
1627 1468 1776 1520 Petr.
1829 1483 1891 1533 ιι,
1949 1465 2084 1536 12),

432 1548 502 1602 de
534 1547 750 1618 quibus
801 1548 1023 1620 [Isaias]
1074 1547 1439 1624 prophetavit
1482 1572 1613 1609 cum
1645 1554 1858 1609 virtute
1889 1553 2085 1626 gratiae

429 1631 643 1690 Christi
676 1642 879 1692 contra
904 1639 1300 1697 adversarium
1332 1660 1532 1698 eorum
1559 1643 1856 1698 diabolum
1884 1643 1943 1696 in
1975 1642 2086 1714 spi-

429 1725 543 1778 ritu
578 1723 975 1795 providentize,
1025 1727 1258 1785 dicens:
1296 1735 1358 1786 Et
1409 1733 1762 1788 delectabitur
1801 1734 1988 1802 infans
2017 1733 2086 1786 ab

428 1812 615 1879 ubere,
643 1830 808 1885 super
851 1818 1126 1884 [oramine
1173 1821 1402 1890 aspidis,
1443 1826 1497 1876 et
1550 1823 1605 1876 in
1657 1838 1962 1877 cavernam
1995 1837 2084 1876 re-
2114 1857 2162 1922 B

436 1900 549 1922 ...ηιξ
628 1903 718 1922 --ηε
777 1903 862 1922 -ι¹Ι
920 1909 954 1922 ,n
1006 1909 1015 1922 ι
1149 1908 1171 1922 n
1279 1911 1310 1922 -.
1960 1911 2015 1922 ο..
2067 1914 2077 1922 .

430 1900 574 1972 guli,
621 1903 721 1974 qui
773 1903 1098 1962 ablactatus
1147 1908 1339 1976 fuerit,
1390 1927 1632 1966 manum
1674 1928 1842 1966 suam
1894 1911 2085 1966 mittet

434 1991 545 2061 (Isa
583 2009 661 2059 x1,
693 1993 804 2064 87).
858 1995 925 2050 Et
973 1997 1275 2068 Dominus,
1327 2016 1462 2055 cum
1511 2002 1582 2056 de
1630 2002 1757 2072 ejus
1798 2005 1918 2056 toto
1952 2017 2082 2055 coro

427 2095 566 2151 pore
596 2079 953 2152 loqueretur,
988 2085 1069 2139 ait
1099 2087 1168 2142 ad
1194 2104 1291 2144 eos
1323 2106 1469 2160 quos
1500 2090 1838 2146 innocentes
1868 2094 1926 2145 et
1956 2107 2081 2161 par-

423 2167 591 2225 vulos
640 2169 875 2239 fecerat,
925 2173 1170 2232 dicens:
1218 2179 1348 2233 Ecce
1391 2179 1538 2234 dedit
1584 2180 1732 2235 vobis
1761 2183 2082 2250 potestatem

426 2258 689 2314 calcandi
715 2276 882 2331 super
908 2269 1208 2334 serpentes,
1239 2281 1288 2321 et
1326 2270 1652 2339 scorpiones,
1684 2276 1735 2324 et
1761 2269 1905 2323 nihil
1930 2269 2082 2323 vobis

426 2348 696 2404 nocebunt
724 2349 871 2420 (Luc.
905 2368 961 2418 x,
992 2353 1104 2422 29).

499 2458 527 2485 ‹‹
549 2435 694 2491 Huic
712 2441 939 2494 montes
960 2438 1172 2495 herbas
1195 2442 1474 2498 fecerunt.
1500 2444 1714 2500 Omnes
1735 2444 1933 2500 bestias
1956 2444 2080 2516 agri

426 2524 628 2579 ludent
659 2525 758 2580 ibi.
794 2548 823 2576 »
855 2527 922 2580 Hi
947 2533 1176 2583 montes
1197 2530 1255 2585 in
1281 2530 1510 2588 climate
1535 2533 1839 2603 Aquilonis
1863 2535 2078 2589 consti-

426 2613 537 2668 tuti
570 2618 729 2682 sunt,
779 2614 880 2670 ubi
928 2618 1221 2688 superbus
1273 2618 1541 2676 diabolus
1585 2622 1785 2677 sedere
1824 2639 1886 2677 se
1916 2623 2074 2689 dicit,

425 2701 698 2774 inquiens
728 2719 742 2760 :
775 2705 1078 2762 Ascendam
1106 2723 1270 2779 super
1317 2709 1665 2765 altitudinem
1699 2711 1956 2780 nubium,
1989 2728 2078 2768 ero

423 2793 626 2848 similis
672 2791 957 2850 Altissimo
1005 2797 1132 2861 (Isa.
1178 2815 1290 2865 xxv,
1347 2800 1454 2867 14).
1490 2802 1643 2864 Quos
1693 2805 1940 2868 montes,
1976 2819 2078 2857 su-

426 2884 636 2954 perbos
667 2899 934 2954 quosque
961 2873 1035 2940 et
1063 2885 1312 2942 nimium
1361 2887 1544 2945 elatos
1571 2888 1858 2957 homines,
1892 2907 1959 2946 ac
1988 2895 2074 2945 tu-

427 2987 650 3028 morem
698 2973 890 3029 cordis
935 2973 1092 3030 illius
1140 2975 1460 3046 imitantes,
1513 2995 1628 3033 non
1660 2978 1912 3034 absurde
1942 2995 2079 3035 sen-

426 3060 630 3116 timus.
665 3065 728 3116 In
761 3061 854 3118 his
884 3061 1064 3135 igitur
1093 3064 1385 3136 habitans,
1428 3066 1839 3138 temporariam
1863 3069 2078 3140 jucun-

427 3150 690 3216 ditatem,
741 3167 868 3222 quae
925 3152 1240 3209 herbarum
1295 3155 1575 3211 vocabulo
1624 3155 1916 3228 appellata
1967 3162 2078 3224 est,

2199 587 2323 625 ram
2343 569 2507 641 proni
2526 585 2629 624 seu
2644 572 2946 638 vergentes
2964 566 3023 622 in
3042 567 3311 631 Tartara,
3331 564 3522 620 ccelum
3537 568 3757 638 suspicere

2199 677 2312 714 non
2347 664 2613 730 possunt.

2271 770 2298 796 ‹‹
2321 749 2437 802 Sub
2472 749 2681 803 umbra
2724 745 2942 802 dormit
2989 745 3048 800 in
3079 748 3306 800 secreto
3353 743 3565 811 calami,
3590 744 3638 799 in
3660 745 3756 801 locis

2196 837 2602 892 humentibus.
2640 859 2668 886 »
2699 837 2861 900 Quod
2897 835 3116 890 umbrae
3163 849 3472 905 corporum
3500 833 3617 900 sint,
3641 851 3756 889 nemo

2198 926 2426 981 dubitat
2450 943 2462 981 :
2498 927 2596 981 sed
2634 927 2842 981 umbra
2871 925 2930 980 in
2953 923 3277 996 Scripturis
3297 923 3501 977 divinis
3527 921 3756 992 aliquando

2196 1016 2426 1086 requies
2457 1019 2514 1070 et
2561 1015 2926 1088 refrigerium
2972 1013 3345 1084 intelligitur,
3389 1011 3660 1082 aliquando
3681 1029 3756 1083 poe-

2197 1122 2301 1159 na).
2330 1104 2492 1160 Unde
2516 1104 2746 1175 dicitur,
2773 1107 2973 1159 umbra
3002 1105 3221 1158 mortis.
3248 1100 3562 1172 Aliquando
3588 1101 3756 1166 umbra,

2197 1198 2430 1265 peccata
2461 1210 2588 1250 esse
2618 1194 2969 1259 referuntur,
3002 1209 3126 1264 quae
3175 1195 3458 1262 tanquam
3489 1189 3662 1244 umbra
3683 1206 3757 1243 cor-

2197 1283 2343 1354 pori,
2376 1283 2476 1349 ita,
2510 1283 2683 1338 morti
2712 1282 2900 1337 vicina
2929 1281 3066 1336 sint.
3101 1281 3166 1334 In
3203 1278 3453 1351 peccatis
3482 1294 3599 1348 ergo
3624 1278 3754 1333 diabo-

2196 1371 2288 1427 lus
2319 1372 2563 1437 habitat,
2597 1377 2656 1426 et
2686 1371 2996 1443 requiescit
3043 1371 3103 1424 in
3136 1373 3364 1425 secreto
3411 1367 3751 1438 cogitationum,

2197 1461 2315 1516 sive
2345 1461 2522 1516 etiam
2557 1459 2893 1516 lumborum
2921 1477 2932 1515 :
2965 1460 3120 1514 unde
3165 1462 3225 1514 et
3264 1457 3389 1512 loca
3417 1457 3674 1512 humentia
3692 1473 3749 1527 ap-

2196 1549 2506 1620 pellantur.
2559 1549 2686 1604 Sive
2735 1550 2791 1603 in
2845 1549 3106 1616 secretis,
3158 1547 3219 1602 id
3270 1551 3360 1602 est
3405 1546 3461 1600 in
3492 1544 3750 1600 absconditis

2196 1639 2319 1704 Dei,
2354 1655 2484 1710 quae
2514 1639 2668 1693 Deus
2698 1638 2899 1710 utique
2927 1655 3044 1692 non
3092 1635 3363 1708 requirit,
3397 1640 3451 1691 et
3476 1633 3612 1688 velut
3634 1649 3678 1688 se
3699 1633 3748 1686 in-

2195 1727 2373 1800 digna
2403 1744 2518 1782 non
2549 1727 2782 1782 visitat:
2819 1728 2888 1782 de
2920 1727 3136 1798 quibus
3178 1724 3530 1781 absconditis
3555 1721 3752 1794 prepheia

2195 1817 2278 1872 ait
2325 1817 2397 1870 ad
2446 1817 2667 1872 Deum:
2727 1819 2802 1871 De
2845 1816 3177 1871 absconditis
3227 1817 3342 1870 tuis
3384 1810 3672 1884 adimpletus
3707 1813 3750 1863 est

2197 1910 2379 1960 venter
2425 1921 2610 1960 eorum
2671 1904 2846 1976 (Psal.
2906 1922 3017 1971 xw,
3091 1904 3194 1974 .4).
3252 1906 3490 1957 Peccata
3530 1915 3640 1970 ergo
3672 1904 3750 1952 tau-

2193 2011 2370 2065 quam
2418 1994 2668 2049 tenebrzn
2718 1995 3158 2049 absconduntur
3211 2011 3245 2048 a
3292 1991 3506 2047 lumine
3552 1988 3747 2044 veritatis.

2192 2085 2340 2153 Sive,
2374 2089 2439 2138 ut
2463 2084 2588 2154 jam
2623 2083 2900 2149 diximus,
2932 2083 3057 2138 loco
3100 2086 3329 2140 remoto
3361 2078 3539 2135 cordis
3564 2075 3749 2132 diabolus

2191 2174 2439 2241 habitat,
2471 2174 2624 2244 quod
2657 2189 2756 2228 cor
2783 2190 3034 2228 vacuum
3057 2173 3274 2227 timore
3306 2171 3398 2226 Dei
3421 2172 3563 2241 patet
3583 2164 3746 2220 vanitati

2191 2267 2249 2317 et
2277 2262 2462 2329 luxui,
2513 2267 2689 2334 atque
2735 2262 3002 2317 omnium
3051 2261 3342 2317 illecebris
3383 2258 3638 2313 vitiorum.
3667 2253 3744 2306 Hec

2191 2352 2346 2407 enim
2379 2352 2590 2408 umbra
2618 2351 2798 2407 solem
2845 2351 3136 2420 nesciens,
3189 2353 3248 2406 et
3277 2348 3478 2404 calami
3506 2347 3680 2402 secreta
3699 2340 3744 2394 si-

2190 2441 2493 2514 gniﬁcant.
2524 2441 2634 2498 Alii
2683 2441 2992 2496 dixerunt:
3049 2440 3161 2495 Sub
3201 2436 3516 2496 omnimodis
3540 2432 3743 2488 arboribus

2189 2531 2392 2586 dormit
2419 2547 2568 2585 secus
2607 2530 2861 2602 juncum,
2902 2533 2952 2586 et
2996 2530 3280 2585 calamum
3324 2532 3375 2583 et
3415 2519 3740 2581 caricem.0m-

2188 2619 2457 2675 nimodas
2502 2620 2736 2676 arbores
2787 2618 2948 2686 dicit,
2998 2635 3126 2691 quae
3179 2623 3377 2673 tamen
3425 2627 3603 2701 omnes
3622 2607 3742 2701 infrit-

2189 2712 2402 2764 ctuosa:
2459 2713 2616 2776 sunt,
2671 2725 2787 2764 non
2836 2708 3120 2765 habentes
3173 2704 3483 2763 medullam
3526 2697 3742 2756 cbaritatis

2188 2797 2311 2864 Dei,
2340 2813 2445 2852 nec
2476 2797 2762 2852 bonorum
2794 2813 3037 2869 operum
3069 2797 3319 2852 fructus.
3689 2872 3695 2880 ι

2262 2908 2289 2936 ‹‹
2323 2887 2639 2958 Protegunt
2661 2888 2880 2942 umbrae
2915 2887 3188 2942 umbram
3211 2887 3358 2956 ejus.
3391 2904 3417 2934 »
3442 2880 3642 2936 Peccata
3661 2885 3742 2941 elus

2190 2992 2366 3048 super
2413 2977 2678 3032 omnium
2730 2976 3047 3049 impiorum
3095 2979 3355 3049 peccata,
3404 2976 3458 3027 et
3501 2965 3742 3038 impietates

2189 3065 2472 3134 eminent,
2524 3082 2669 3137 quas
2722 3067 3078 3138 protectione
3128 3067 3383 3138 quadam
3430 3054 3630 3115 malitiae
3668 3062 3741 3103 3118

2189 3155 2451 3210 defendit
2479 3158 2536 3210 et
2565 3155 2837 3227 contegit.
2887 3154 2998 3210 Alii
3047 3155 3129 3210 ita
3161 3154 3465 3209 dixerunt:
3494 3140 3741 3202 Inumbran-

429 3237 488 3293 in
519 3239 604 3294 eis
653 3240 1007 3312 depascitur,
1057 3247 1114 3298 et
1143 3243 1202 3298 in
1253 3243 1404 3299 malo
1450 3245 1694 3302 virentis
1734 3263 1799 3301 ac
1829 3246 2078 3318 vigentis
2110 3231 2153 3298 C
2191 3252 2282 3298 tur
2329 3245 2389 3298 in
2439 3260 2504 3304 eo.
2547 3245 2766 3300 arbores
2810 3260 3070 3316 magnae:
3125 3244 3231 3300 ubi
3277 3243 3384 3297 hoc
3433 3233 3559 3293 mihi
3583 3230 3741 3318 Videtur

428 3327 488 3382 in
519 3328 602 3384 eis
631 3327 947 3402 voluptatis
977 3331 1158 3387 noxiae
1191 3333 1529 3401 delectatur,
1558 3334 1616 3388 in
1658 3335 1871 3406 quibus
1901 3335 2076 3391 etiam

430 3418 729 3474 montibus
759 3436 961 3476 omnes
1011 3422 1209 3477 bestiae
1250 3423 1374 3494 agri
1428 3422 1661 3479 ludunt.
1693 3424 1895 3480 Bestiae
1947 3426 2073 3480 istae

427 3507 571 3562 socii
601 3515 738 3563 sunt
768 3513 824 3564 et
871 3508 1128 3565 ministri
1179 3510 1432 3568 diaboli:
1475 3513 1545 3568 de
1586 3513 1802 3584 quibus
1833 3513 1915 3569 ait
1944 3531 2078 3586 pro-

427 3594 624 3665 pheta,
658 3613 832 3652 orans
879 3598 951 3652 ad
998 3604 1217 3654 Deum:
1272 3600 1349 3655 Ne
1388 3601 1574 3656 tradas
1614 3603 1797 3658 bestiis
1828 3605 2076 3659 animam

425 3676 768 3752 conﬁtentem
819 3687 922 3741 tibi
971 3687 1148 3760 (Psal.
1208 3707 1400 3758 LXXIII,
1461 3691 1570 3762 19).
1621 3692 1772 3764 Ager
1813 3708 1947 3748 vero
1982 3693 2076 3750 hic

425 3773 687 3829 mundus
719 3778 824 3844 est,
855 3779 1182 3834 secundum
1225 3781 1632 3835 auctoritatem
1677 3782 1925 3854 Domini,
1961 3800 2078 3855 qua

425 3860 568 3918 dicit
624 3862 681 3918 in
739 3864 1081 3938 Evangelio:
1139 3868 1283 3938 Ager
1337 3871 1520 3924 autem
1575 3879 1655 3926 est
1712 3871 1801 3927 hic
1839 3874 2078 3929 mundus

425 3952 637 4023 (Matth.
687 3970 812 4022 xm,
858 3955 969 4024 38).
1024 3957 1087 4012 In
1136 3957 1353 4014 talibus
1397 3958 1575 4031 igitur
1622 3961 1940 4034 montibus,
1975 3963 2077 4034 qui

425 4041 638 4099 herbas
667 4043 929 4114 luxurire,
962 4062 1078 4102 non
1109 4047 1345 4103 arbores
1379 4048 1709 4105 fructiferas
1739 4051 1954 4123 ferunt,
1987 4053 2073 4107 hac

423 4133 642 4206 bestiae,
675 4134 1016 4192 adversariae
1049 4135 1320 4193 videlicet
1349 4141 1684 4209 potestates,
1713 4155 1828 4194 non
1861 4140 2077 4196 haben-

422 4227 512 4278 tes
568 4224 818 4297 rigorem
875 4225 1184 4296 virtutum,
1232 4225 1446 4282 luduut
1501 4228 1661 4284 ﬂuxu
1723 4228 2074 4302 lasciviaque

421 4311 721 4382 vitiorum,
748 4319 805 4369 et
834 4315 892 4369 in
943 4317 1218 4372 omnibus
1259 4333 1459 4373 eorum
1511 4319 1832 4387 montibus,
1866 4320 1923 4374 in
1956 4337 2076 4375 sce-

421 4398 642 4456 leribus
673 4418 739 4456 ac
768 4403 1034 4460 nefandis
1065 4405 1409 4462 criminibus
1429 4407 1697 4463 videlicet
1725 4407 2070 4480 gloriantur.

419 4488 531 4544 Alii
562 4490 634 4546 de
661 4489 769 4546 hoc
815 4491 940 4548 loco
990 4494 1299 4551 dixerunt:
1340 4497 1703 4553 Ascendet-unt
1735 4501 1795 4553 in
1833 4510 2073 4556 montem

416 4585 766 4652 praeruptum
791 4582 921 4651 fecit
947 4585 1215 4654 gaudium
1253 4586 1700 4658 quadrupedibus
1729 4589 1787 4643 in
1824 4591 2068 4645 Tartaro.
2103 4605 2149 4672 D

420 4669 678 4726 Montem
743 4677 1103 4744 preruptum
1177 4674 1365 4745 ipsius
1435 4677 1718 4748 superbiae
1774 4677 2068 4734 diabolicm

415 4759 688 4816 verticem
717 4760 1114 4833 signiﬁcatum
1146 4764 1380 4836 puto,in
1405 4782 1578 4837 quem
1611 4767 1860 4823 nimium
1892 4783 1953 4824 se
1982 4785 2073 4823 ex-

416 4848 638 4922 tulerit,
671 4851 755 4907 ita
785 4856 850 4907 ut
879 4852 951 4907 de
981 4869 1047 4909 eo
1075 4870 1261 4925 usque
1305 4856 1361 4909 in
1411 4854 1530 4911 ima
1558 4857 1828 4913 caderent
1858 4858 2070 4913 infero-

415 4956 568 4996 rum.
601 4939 757 4997 Fecit
785 4958 921 5015 ergo
951 4943 1252 5015 gaudium,
1288 4944 1345 4999 id
1387 4948 1493 5015 est,
1527 4945 1687 5001 dedit
1716 4946 2069 5016 consolatio-

417 5029 676 5101 nem,vel
691 5030 784 5087 his
799 5032 899 5103 qui
913 5033 1201 5104 superbiae
1215 5034 1344 5104 ejus
1357 5036 1808 5103 consentientes,
1825 5037 1894 5092 de
1908 5036 2068 5093 caelis

417 5120 585 5191 ejecti
616 5125 756 5177 sunt
806 5122 1084 5192 Tartaris,
1139 5123 1478 5196 deputandi,
1515 5123 1600 5180 vel
1634 5125 1726 5181 his
1757 5126 2069 5197 peccatori-

414 5209 547 5277 bus,
582 5211 681 5282 qui
730 5227 834 5283 per
881 5227 1015 5267 eum
1050 5211 1108 5265 in
1154 5213 1446 5283 profunda
1487 5213 1657 5268 inferi
1698 5221 2062 5280 corruerunt,

413 5299 525 5354 sub
556 5316 810 5370 quorum
840 5317 1092 5373 persona
1121 5303 1193 5358 ad
1239 5302 1435 5374 ipsum
1468 5303 1823 5359 daemonium
1856 5306 2066 5376 princi-

410 5403 546 5461 pem
577 5388 660 5444 ita
690 5406 882 5446 sermo
930 5391 1304 5462 propheticus
1347 5392 1644 5465 loquitur:
1688 5396 1751 5448 Et
1780 5398 1839 5448 tu
1867 5395 2061 5449 vulne-

409 5483 568 5536 ratus
595 5495 652 5534 es
677 5481 819 5535 sicut
846 5487 895 5535 et
942 5496 1045 5536 nos
1072 5481 1352 5550 nostrique
1399 5483 1602 5538 similis
1637 5486 1819 5555 factus
1848 5500 1901 5539 es
1933 5485 2059 5552 (Isa.

409 5585 525 5637 xxv,
586 5569 695 5642 10).
755 5568 1025 5625 Detracta
1080 5573 1168 5626 est
1224 5571 1295 5626 ad
1344 5571 1559 5628 inferos
1619 5573 1896 5645 superbia
1938 5577 2059 5642 tua,

412 5659 666 5722 concidit
685 5659 928 5720 cadaver
957 5661 1129 5720 tuum
1153 5675 1168 5719 :
1195 5658 1332 5718 fecit
1359 5661 1644 5734 gaudium
1669 5662 2059 5738 quadrupedi-

2189 3332 2426 3400 dixisse,
2460 3333 2616 3404 quod
2648 3333 2916 3404 quamvis
2947 3331 3194 3405 maligni
3241 3329 3490 3403 spiritus,
3521 3320 3590 3377 vel
3614 3318 3739 3372 homi-

2189 3438 2292 3477 nes
2321 3422 2576 3477 ministri
2607 3421 2843 3490 diaboli,
2895 3423 3173 3494 superbia
3215 3421 3333 3478 sint
3377 3411 3582 3478 excelsi,
3606 3411 3736 3494 tamen

2188 3515 2423 3583 superet
2489 3528 2587 3567 eos
2665 3491 3066 3577 magnitudine
3145 3510 3476 3567 delictorum
3527 3491 3734 3595 diabolus,

2188 3602 2329 3672 quia
2355 3599 2708 3657 scelestioris
2732 3601 2997 3658 criminis
3023 3601 3290 3658 inventor
3308 3601 3411 3663 est,
3431 3605 3584 3664 quam
3603 3583 3735 3639 imita-

2184 3693 2277 3744 tor
2307 3689 2546 3760 peccati.
3654 3757 3688 3763 ,ι

2263 3757 2782 3835 «Circumdabunt
2827 3796 2962 3835 eum
3020 3779 3228 3836 salices
3274 3771 3545 3833 torrentis.
3587 3785 3610 3812 ι)
3650 3757 3733 3853 ξιῖθ

2183 3871 2380 3939 stirpes
2409 3873 2459 3924 et
2488 3870 2810 3940 virgultum,
2856 3874 2921 3924 ut
2967 3869 3064 3925 alii
3107 3870 3395 3924 dixerunt,
3434 3854 3645 3916 Mundus
3665 3847 3731 3898 iste

2184 3957 2447 4014 mortalis
2475 3962 2711 4031 propter
2739 3957 2995 4015 velocem
3039 3957 3450 4014 volubilitatem
3480 3940 3731 4031 suam,

2186 4047 2367 4103 renlis
2396 4021 2632 4103 nomine
2680 4047 3046 4120 appellatur:
3100 4051 3252 4104 sicut
3304 4050 3357 4100 et
3400 4021 3730 4130 Pr‘fphemiif:

2185 4151 2317 4190 cum
2351 4137 2421 4191 de
2451 4114 2987 4208 passione-Domini
3035 4135 3433 4210 prophetaret:
3464 4127 3529 4181 De
3555 4114 3726 4210 terrena

2183 4226 2244 4279 in
2272 4227 2363 4280 via
2395 4206 2537 4281 bibet
2587 4227 2758 4297 (Psal.
2811 4243 2922 4296 cxx,
2973 4206 3055 4299 7):
3103 4206 3524 4297 Dispensatione
3549 4206 3727 4299 11811192?

2183 4313 2283 4369 illa
2313 4330 2430 4385 qua
2459 4315 2531 4370 ad
2557 4287 2665 4372 nos
2692 4316 2889 4372 venire
2909 4287 3184 4387 dignatus
3204 4317 3308 4380 est,
3335 4311 3390 4364 in
3413 4314 3562 4360 cruce

2182 4375 2421 4460 calicem
2475 4403 2645 4473 bibit,
2705 4406 2776 4460 de
2821 4422 2936 4477 quo
2971 4375 3124 4460 dicit
3184 4404 3251 4459 ad
3296 4375 3724 4504 'Pat'rem

2178 4497 2350 4564 potest
2396 4464 2644 4551 transeat
2688 4511 2723 4549 α
2752 4464 2858 4550 ἠε⁸
2887 4495 3038 4550 calix
3093 4496 3192 4550 iste
3247 4486 3436 4563 (Matth.
3476 4487 3618 4534 xxvn,
3637 4464 3717 4564 139i:

2180 4583 2368 4654 Hujus
2398 4599 2534 4656 ergo
2568 4584 2770 4640 mundi
2821 4583 3180 4651 hominibus,
3236 4577 3328 4651 qui
3370 4573 3492 4667 sun.t

2180 4643 2552 4744 pedcatordm
2579 4677 2636 4729 et
2665 4673 2907 4746 perﬁdia
2927 4643 3284 4729 inﬁdelitatis
3315 4644 3619 4746 amarissittIi

2183 4778 2362 4832 quam
2392 4763 2549 4834 folia,
2583 4764 2808 4818 fructus
2837 4763 3121 4818 bonorum
3169 4768 3411 4845 operum-
3435 4731 3718 4845 me“???ij

2180 4826 2450 4909 diabolus
2474 4826 2887 4925 circumdatur,
2913 4853 3016 4924 qui
3045 4853 3217 4908 etiam
3239 4850 3295 4903 in
3316 4839 3535 4906 collegas
3553 4826 3704 4880 conﬁt)r

2178 4941 2447 5016 tiumque
2467 4944 2821 5014 junguntur.

2252 5033 2448 5088 «Ecce
2479 5033 2814 5089 absorbebit
2859 5034 3124 5099 ﬂuvium,
3173 5034 3360 5120 etnof1

2177 5120 2353 5177 habet
2383 5122 2659 5177 ﬁduciam
2689 5123 2844 5193 quod
2877 5123 3085 5177 inﬂuat
3111 5096 3376 5216 IJorda'nis

2177 5209 2376 5267 Multis
2434 5211 2492 5266 in
2547 5211 2689 5268 locis
2748 5211 3201 5283 Scripturarum,
3263 5183 3705 5300 ﬂammifﬂlﬁ

2173 5315 2362 5370 genus
2393 5299 2720 5356 humanum
2765 5301 3079 5372 signiﬁcari
3127 5291 3449 5388 noverimus)
3481 5271 3648 5388 ἐξηξὲςο

2173 5359 2208 5370 υ
2819 5359 2852 5372 υ
3579 5359 3583 5361 ⁷
3689 5361 3698 5383 Ι

2172 5388 2301 5460 ipsa
2350 5395 2608 5461 potestas
2657 5391 2986 5446 adversaria
3032 5389 3146 5445 ait:
3198 5384 3396 5495 “castra
3397 5359 3698 5495 Sin/33:1ng

2171 5494 2264 5548 ι⁵90
2307 5460 2418 5550 feci
2461 5483 2840 5551 memetipsum
2884 5479 3094 5551 (Ezech.
3142 5463 3394 5565 xxrx,.9).
3433 5460 3573 5575 01):);
3594 5460 3696 5575 51‘):

2171 5566 2366 5641 ﬂuvio,
2399 5569 2655 5626 humano
2683 5569 2946 5626 videlicet
2973 5567 3190 5642 generi,
3221 5564 3276 5668 in
3303 5543 3694 5668 ξῗλῖἶῗίῗὲἒὶἔξίξ,

2168 5632 2540 5736 κίοναίωοιιθ
2566 5659 2830 5722 ﬂuminis
2859 5657 3184 5730 deﬂuentia,
3209 5643 3462 5712 desideria
3486 5632 3574 5691 cup

3173 5034 3227 5086 et
3256 5040 3360 5082 non
3389 5003 3653 5072 mirabitur,
3675 4988 3711 5040 εί
