3980 6184
266 348 390 413 833

1369 346 1887 409 COMMENTAR.
1930 345 2011 409 IN
2051 348 2218 411 JOB.
2261 351 2431 413 CAP.
2478 354 2605 416 XL.

3572 372 3693 432 834

269 492 422 551 tum,
463 479 888 548 delectationis,
921 479 1341 572 praesentisque
1393 496 1654 572 amorem
1699 480 1926 548 mundi,
1957 482 2013 549 Α
2042 482 2273 572 dicatur
2302 486 2472 557 cujus
2503 486 2740 542 malitiae
2771 493 2947 563 atque
2975 493 3247 565 potentias
3273 513 3527 572 congrue
3558 503 3657 559 dia

269 574 359 630 ita
386 572 676 637 insinuat,
707 577 774 627 ut
805 587 940 626 eum
972 570 1284 625 absorbere
1314 570 1519 643 possit,
1554 575 1611 626 et
1639 572 1798 627 velut
1840 572 1930 626 in-

268 666 439 721 ferus
468 661 788 735 deglutire;
820 659 903 715 sic
933 675 1191 731 namque
1212 659 1542 715 humanum
1574 676 1760 733 genus
1793 678 1932 733 pra:—

270 771 413 826 ceps
437 752 495 807 in
520 749 857 824 supradicta
882 748 1021 803 vitia
1050 749 1283 816 deﬂuet,
1308 752 1373 803 ut
1389 749 1577 821 possit
1597 750 1670 804 ab
1692 749 1930 805 inimico

270 844 449 901 facile
480 839 762 897 devorari.
825 838 989 902 Quod
1037 847 1234 893 autem
1283 838 1401 893 ait:
1444 838 1613 893 Habet
1669 838 1933 909 ﬁduciam

270 934 419 1009 quod
450 934 650 1003 inﬂuat
686 928 944 997 Jordanis
992 928 1055 982 in
1086 943 1141 983 0s
1169 929 1322 997 ejus:
1370 927 1646 983 Jordanis
1696 929 1929 999 ﬂuvius,

271 1021 560 1096 baptismi
592 1018 851 1075 continet
867 1019 1302 1072 sacramentum
1329 1034 1342 1084 ;
1372 1017 1514 1071 dum
1537 1017 1596 1072 in
1615 1017 1742 1090 ipso
1765 1017 1931 1072 Chri-

273 1119 412 1171 stus
478 1110 764 1166 Dominus
849 1106 1179 1178 baptizatur
1250 1106 1464 1177 (lllatth.
1546 1123 1630 1174 III,
1721 1107 1930 1174 14-16),

272 1206 550 1259 nostrum
582 1197 877 1271 baptisma
916 1199 1321 1252 consecratum
1352 1199 1458 1251 est.
1492 1196 1670 1265 Cujus
1720 1212 1932 1251 secun-

273 1295 423 1349 dum
458 1290 735 1361 mysticos
764 1286 1113 1353 intellectus,
1140 1289 1369 1341 montes
1400 1290 1456 1340 et
1485 1285 1688 1353 colles,
1719 1287 1931 1342 arietes

271 1389 337 1439 et
361 1382 496 1455 agni
538 1378 734 1435 ovium
787 1375 1113 1432 exultanta
1160 1374 1307 1431 facie
1363 1375 1463 1430 Dei
1520 1375 1699 1430 Jacob
1759 1376 1927 1447 (Psal.

271 1490 440 1542 6x111,
470 1470 629 1541 5-7);
662 1467 761 1539 qui
805 1464 1010 1539 junior
1057 1466 1236 1520 frater
1281 1465 1591 1530 credendo,
1641 1465 1931 1521 seniorem

273 1563 524 1617 fratrem
554 1554 919 1613 incredulum
951 1552 1350 1626 supplantavit
1381 1554 1531 1625 (Gen.
1589 1569 1765 1621 xxvn,
1816 1554 1929 1621 36).

273 1652 365 1708 De
394 1650 563 1721 cujus
589 1644 859 1701 Jordanis
888 1648 1063 1715 terra,
1095 1642 1155 1697 id
1185 1646 1273 1698 est
1318 1642 1598 1709 Ecclesia,
1651 1642 1933 1714 propheta

274 1759 354 1797 ex
382 1754 631 1812 persona
678 1735 967 1791 credentis
1007 1749 1068 1790 se
1101 1732 1242 1787 dicit
1273 1733 1587 1787 Dominum
1615 1732 1928 1788 recordari.

2041 571 2210 628 holus
2244 579 2562 646 coaptetur.
2597 577 2914 635 Behemoth
2954 586 3149 637 autem
3201 602 3266 641 eo
3311 571 3467 659 quod
3516 593 3689 649 multi

2040 678 2174 716 cum
2234 680 2300 719 eo
2345 664 2463 719 sint
2509 665 2857 738 appellatur.
2899 669 3044 724 Nam
3098 672 3413 732 Behemoth
3465 679 3685 754 Latine,

2042 754 2201 822 quasi
2226 754 2414 821 plures
2446 772 2654 811 sonare
2685 756 2919 813 dicitur.
2955 759 3114 815 Unde
3146 760 3270 833 ipse
3307 764 3555 841 intelligi
3587 789 3688 843 po-

2041 844 2156 895 test
2186 859 2321 897 cum
2356 844 2531 899 sociis
2562 850 2618 899 et
2641 846 2947 918 ministris,
2976 853 3033 903 et
3055 856 3229 919 recte,
3249 854 3418 924 quasi
3440 856 3688 931 dicatur,

2044 930 2144 1001 qui
2175 949 2209 986 a
2238 933 2354 987 Deo
2386 950 2502 988 non
2534 940 2689 990 sunt.
2725 936 3036 992 Leviathan
3066 954 3199 994 vero
3255 930 3693 1004 additamentum

2044 1020 2283 1091 quidam
2309 1022 2475 1077 aiunt
2495 1023 2883 1096 interpretari.
2908 1025 3053 1089 Quia
3071 1044 3206 1101 ergo
3234 1029 3293 1085 in
3316 1033 3553 1090 veritate
3575 1053 3689 1093 non

2044 1109 2203 1164 stetit
2234 1113 2417 1180 (Joan.
2450 1129 2573 1177 vm,
2617 1114 2728 1184 44),
2787 1120 2843 1170 et
2889 1117 3174 1174 excedens
3216 1124 3690 1197 praesumptionis

2043 1199 2287 1255 modum
2321 1201 2485 1257 addit
2514 1203 2624 1259 sibi
2657 1204 3020 1275 superbiam,
3049 1209 3218 1279 quasi
3251 1226 3431 1283 supra
3463 1218 3686 1270 naturae

2044 1287 2263 1343 bonum
2295 1289 2356 1344 in
2386 1295 2676 1347 tumorem
2718 1297 2776 1347 et
2823 1296 3094 1352 morbum
3125 1297 3395 1355 elationis
3444 1306 3687 1362 excedit.

2043 1376 2290 1433 Proinde
2312 1378 2778 1436 additamentum
2801 1382 2991 1438 dictus
3014 1390 3103 1440 est
3126 1403 3139 1441 :
3163 1389 3509 1448 vocabulum
3530 1395 3689 1451 enim

2043 1467 2263 1521 factum
2296 1467 2366 1522 de
2422 1466 2685 1524 crimine:
2748 1472 2977 1542 operuit
3024 1476 3416 1537 conditionem
3468 1487 3688 1539 naturas

2042 1555 2230 1645 bonae,
2255 1572 2432 1627 quam
2467 1562 2615 1613 Deus
2645 1559 2835 1614 bonus
2858 1568 3171 1621 creaverat.
3204 1566 3271 1622 Et
3319 1569 3502 1628 Isaias
3558 1590 3694 1645 pro-

2043 1643 2220 1715 pheta
2268 1645 2338 1700 de
2382 1662 2447 1701 eo
2494 1646 2846 1703 vaticinatur
2885 1649 3220 1709 dicenszln
3271 1656 3359 1712 die
3404 1660 3521 1729 illo,
3559 1643 3693 1718 eive

2043 1733 2335 1806 passionis
2366 1735 2579 1791 Christi
2610 1741 2893 1811 tempore,
2928 1740 3049 1796 sive
3082 1743 3139 1798 in
3183 1745 3433 1803 adventu
3470 1749 3683 1819 judicii

270 1834 327 1887 Α
357 1828 589 1885 ειη-ξειο
619 1825 823 1898 utique
853 1826 1049 1920 mepte
1079 1822 1308 1920 modico
1329 1821 1639 1920 incipiens.
1673 1821 1773 1893 qui
1803 1838 1934 1894 pro-
1961 1855 2012 1920 B
2042 1823 2173 1893 ejus
2198 1839 2210 1878 :
2244 1824 2308 1878 In
2338 1825 2434 1879 die
2462 1841 2599 1897 ergo
2648 1824 2746 1881 illo
2801 1828 3055 1885 visitabit
3100 1831 3362 1889 Dominus
3404 1838 3467 1892 in
3510 1840 3694 1911 gladio

272 1925 413 1999 pter
443 1917 779 1991 passionem
810 1912 1080 1969 modicus
1104 1912 1291 1967 factus
1323 1915 1433 1979 est,
1469 1911 1796 1966 minoratus
1841 1916 1932 1967 est
1961 1911 2009 1920 “’
2040 1927 2142 1967 suo
2166 1912 2303 1968 duro
2332 1917 2384 1968 et
2428 1914 2629 1985 grandi
2685 1922 2737 1969 et
2791 1917 2948 1985 forti,
3010 1934 3177 1991 super
3224 1923 3534 1983 Leviathan
3581 1945 3696 1985 ser-

272 2010 357 2065 ab
386 2005 612 2080 angelis
642 2005 824 2076 (Hebr.
862 2018 924 2058 ll.
947 2002 1025 2072 7),
1059 2000 1382 2056 obediendo
1429 1999 1577 2070 patri
1627 2016 1813 2071 usque
1856 2000 1928 2055 ad
2035 2007 2262 2071 pentem
2291 2011 2507 2069 vectem,
2541 2005 2598 2057 ei
2621 2020 2788 2075 super
2804 2006 3105 2061 Leviathan
3133 2020 3433 2082 serpentem
3478 2019 3692 2074 tortuo-

272 2101 534 2155 mortem
565 2095 829 2168 (Philipp.
866 2109 927 2158 ιι,
958 2092 1033 2161 8).
1069 2089 1173 2144 Hic
1204 2105 1341 2161 ergo
1373 2088 1688 2144 Behemoth
1747 2088 1933 2143 nimia

272 2186 472 2244 elatus
491 2182 840 2249 temeritate,
865 2179 1143 2235 ﬁduciam
1165 2178 1332 2250 gerit,
1356 2182 1420 2232 ut
1442 2177 1782 2248 praedictum
1801 2177 1931 2233 Jor-

272 2278 517 2344 danem,
541 2274 912 2329 sacramenta
940 2267 1207 2323 videlicet
1235 2265 1504 2322 Ecclesiae
1555 2265 1928 2337 ﬁgurantem,

272 2383 383 2423 ore
412 2381 518 2420 suo
540 2360 794 2426 hauriat,
824 2365 883 2414 et
907 2356 1147 2413 vorandi
1179 2355 1453 2427 cupidus,
1488 2372 1595 2411 suo
1626 2371 1761 2410 cum
1792 2372 1930 2410 ven-

272 2461 372 2510 tre
422 2451 751 2509 concludat.
806 2448 869 2504 Id
926 2451 1037 2513 est,
1091 2444 1269 2500 etiam
1319 2460 1418 2500 eos
1476 2460 1625 2515 quos
1686 2444 1931 2515 sanguis

272 2542 498 2600 Christi
530 2558 633 2614 per
662 2554 874 2611 aquam
908 2534 1389 2609 regenerationis,
1424 2549 1603 2605 quam
1654 2533 1929 2588 Jordanis

270 2633 472 2706 typice
501 2628 815 2704 portendit,
848 2630 906 2682 et
934 2624 1231 2680 ablutione
1262 2622 1516 2693 Spiritus
1548 2622 1732 2677 sancti
1764 2621 1928 2677 rede-

274 2723 415 2790 mit,
466 2721 537 2776 de
591 2718 750 2774 illius
810 2718 1099 2788 potestate
1154 2729 1221 2767 ac
1276 2711 1595 2767 durissimo
1627 2711 1931 2766 dominatu

274 2810 513 2885 quaerit,
548 2813 615 2863 ut
642 2822 848 2862 rursus
879 2820 1018 2859 suos
1038 2802 1233 2871 faciat,
1262 2817 1367 2856 seu
1389 2799 1616 2856 occulta
1631 2800 1928 2867 suasione,

276 2917 392 2956 seu
426 2895 855 2971 oppugnatione
884 2892 1216 2948 manifesta.

365 3012 386 3038 ι
423 2990 485 3043 In
514 2985 700 3042 oculis
728 2986 856 3054 ejus
887 2980 1055 3053 quasi
1086 2981 1262 3035 hamo
1294 2979 1484 3050 capiet
1511 2995 1668 3033 eum.
1692 3000 1720 3028 »
1741 2978 1934 3034 Verba

276 3081 409 3136 haec
438 3077 628 3133 Patris
659 3076 730 3129 de
762 3072 905 3129 Filio
936 3075 1075 3127 sunt
1105 3067 1607 3124 secundumillam
1630 3066 1935 3123 allocutio-

276 3185 446 3238 nem,
475 3168 547 3222 de
576 3182 692 3238 qua
720 3161 994 3234 superius
1033 3158 1311 3230 diximus,
1366 3156 1465 3212 ubi
1513 3158 1594 3211 ait
1644 3157 1813 3211 Pater
1864 3159 1937 3215 de

2040 2107 2185 2158 sum,
2216 2099 2268 2146 et
2292 2092 2499 2147 occidet
2528 2100 2722 2161 cetum,
2756 2095 2854 2164 qui
2884 2096 2944 2148 in
2967 2098 3115 2151 mari
3141 2102 3221 2154 est
3250 2100 3377 2171 (Isa.
3405 2120 3578 2174 xxxn,
3617 2108 3688 2179 1).

2043 2180 2367 2235 secundum
2400 2182 2506 2236 hoc
2536 2181 2731 2252 ipsum
2764 2186 2872 2251 est,
2906 2185 3061 2254 quod
3096 2184 3248 2243 alius
3281 2191 3564 2262 propheta
3613 2196 3694 2251 si-

2043 2269 2264 2324 militer
2292 2271 2375 2324 ait
2404 2271 2475 2324 ad
2510 2270 2727 2326 Deum:
2764 2273 2838 2327 Tu
2858 2275 3198 2344 conﬁrmasti
3226 2280 3286 2332 in
3344 2282 3547 2338 virtute
3596 2289 3694 2342 tua

2040 2376 2215 2415 mare.
2250 2360 2323 2414 Tu
2353 2362 2680 2432 confregisti
2733 2370 2897 2431 caput
2952 2362 3251 2421 draconum
3302 2385 3466 2442 super
3523 2390 3697 2445 aquas

2004 2449 2211 2521 -(Psal.
2275 2466 2468 2516 LXXIII,
2531 2449 2638 2521 14).
2698 2450 2804 2505 Hic
2862 2451 2987 2523 ipse
3065 2454 3337 2512 diabolus
3410 2463 3693 2533 tanquam

2044 2542 2221 2610 caput
2251 2554 2385 2593 cum
2454 2538 2577 2594 suis
2622 2540 2904 2594 membris
2958 2541 3330 2617 describitur,
3379 2552 3437 2603 et
3481 2566 3693 2625 corpus

2044 2628 2195 2696 ejus,
2247 2631 2303 2682 et
2365 2644 2624 2699 squamae
2674 2629 3069 2686 indissolubili
3119 2634 3327 2705 copula
3373 2639 3695 2710 conjunctae

2045 2720 2381 2770 narrantur.
2419 2718 2579 2770 Hunc
2626 2734 2762 2789 ergo
2813 2718 3129 2775 Leviathan
3181 2723 3493 2781 draconem
3542 2731 3698 2803 typi—

2045 2822 2205 2872 cum,
2236 2805 2318 2859 ait
2346 2805 2631 2860 Dominus
2664 2806 2734 2861 ad
2766 2806 2874 2863 Job
2902 2826 2914 2865 :
2966 2810 3048 2865 Ne
3092 2811 3151 2864 in
3211 2813 3382 2884 aquis
3429 2819 3694 2889 gentium

2045 2894 2402 2964 dominetur,
2434 2899 2496 2948 tu
2532 2895 2774 2950 forsitan
2806 2897 2876 2952 de
2907 2899 3055 2953 mari
3102 2900 3455 2972 pepulerum
3502 2910 3692 2962 extra-

2048 2982 2182 3038 here
2212 2986 2397 3054 potes,
2429 2998 2604 3052 quem
2636 2983 2809 3039 hamo
2840 2985 3076 3042 virtutis
3109 3004 3271 3057 meae,
3303 2994 3367 3045 ut
3396 3008 3576 3066 supra
3606 2996 3695 3050 di-

2049 3075 2211 3125 ctum
2241 3074 2349 3135 est,
2384 3086 2488 3142 per
2518 3070 2693 3125 fidem
2725 3073 3085 3129 credentium
3146 3078 3449 3135 extrahere
3492 3085 3549 3137 et
3596 3098 3693 3138 ex-

2047 3158 2269 3214 siccare
2301 3157 2587 3229 disposui.
2620 3159 2954 3216 Secundum
2987 3162 3143 3219 hunc
3166 3170 3408 3222 sensum
3431 3173 3520 3225 est
3546 3169 3689 3227 illud

274 3276 376 3327 eo,
405 3225 539 3313 clum
566 3225 616 3310 ei
648 3254 719 3308 de
748 3225 981 3307 diabolo
1033 3265 1225 3305 sermo
1248 3225 1438 3304 esset:
1488 3247 1607 3317 Ipse
1654 3251 1737 3301 est
1779 3248 1937 3317 prin-
1965 3225 2009 3292 (ἶ
2049 3248 2206 3320 quod
2239 3252 2296 3302 et
2320 3225 2601 3303 Dominus
2634 3248 2715 3302 ait
2748 3249 2805 3303 in
2838 3250 3183 3323 Evangelio:
3229 3254 3357 3310 Cum
3400 3259 3562 3326 fortis

271 3349 492 3420 cipium
517 3347 739 3401 viarum
774 3343 872 3397 Dei
925 3341 1089 3411 (vers.
1153 3337 1261 3409 ti).
1308 3341 1476 3391 Hunc
1522 3334 1702 3406 igitur
1747 3335 1931 3391 Behe-

273 3437 473 3504 moth,
529 3435 702 3489 homo
756 3428 935 3486 divini
984 3426 1248 3482 numinis
1298 3441 1471 3480 carne
1533 3423 1792 3479 hominis
1838 3442 1931 3479 as-

272 3521 505 3594 sumpti
532 3519 798 3588 vestitus,
830 3516 890 3570 in
914 3513 1098 3570 oculis
1130 3515 1259 3584 ejus
1289 3512 1477 3583 capiet
1528 3528 1687 3576 eum,
1739 3512 1935 3584 inquit

268 3615 454 3669 Pater
484 3610 555 3666 de
587 3607 749 3674 Filio,
785 3605 941 3677 quod
974 3601 1273 3658 diabolum
1304 3605 1461 3657 esset
1516 3605 1812 3672 capturus.
1868 3603 1931 3657 In

272 3700 490 3769 oculis,
522 3698 623 3763 ait,
654 3695 712 3750 id
732 3695 899 3750 estin
932 3693 1060 3764 ipso
1089 3690 1484 3762 intelligentiae
1535 3689 1779 3759 lumine,
1830 3690 1933 3745 ubi

272 3796 371 3848 est
400 3790 564 3844 visus
600 3784 919 3856 sapientiai,
969 3785 1191 3836 natura:
1242 3778 1627 3836 rationabilis.
1684 3779 1793 3847 Ibi,
1842 3780 1932 3835 in-

272 3896 484 3955 quam,
515 3875 711 3931 divina
741 3871 1029 3945 sapientia
1059 3873 1288 3941 captus,
1322 3869 1464 3923 dum
1497 3884 1600 3939 per
1640 3867 1931 3924 callidita-

272 3977 403 4025 tem
436 3983 603 4023 suam
635 3969 804 4033 atque
834 3959 1152 4016 versutiam
1178 3974 1293 4012 non
1319 3957 1475 4012 videt
1495 3958 1670 4027 cujus
1695 3973 1931 4012 carnem

276 4075 444 4114 mors
473 4053 862 4111 devorandam
899 4046 1305 4121 apprehendit.
1365 4047 1701 4101 Secundum
1750 4047 1933 4119 igitur

273 4149 439 4204 hunc
470 4144 712 4200 modum
745 4147 950 4212 captus
971 4143 1059 4193 est
1091 4136 1382 4192 diabolus.

356 4258 379 4287 ι
417 4238 481 4291 Et
520 4237 580 4290 in
636 4232 861 4287 sudibus
907 4228 1213 4302 per/orabit
1258 4242 1423 4282 nares
1469 4227 1608 4298 ejus.
1640 4248 1668 4275 »
1708 4228 1774 4281 Id
1824 4232 1932 4295 est,

273 4327 573 4382 furentem
606 4321 888 4378 saivitiam
923 4323 1097 4389 atque
1128 4317 1187 4371 in
1237 4320 1575 4371 sanctorum
1626 4316 1933 4371 interitum

274 4415 658 4471 anhelantem
709 4409 973 4466 Christus
1004 4407 1290 4463 Dominus
1321 4410 1520 4460 noster
1576 4408 1836 4459 conteret
1878 4409 1936 4459 et

274 4503 688 4580 proturbabit:
723 4503 959 4555 sanctos
1012 4512 1145 4550 vero
1178 4499 1414 4566 propter
1468 4494 1698 4565 lignum
1742 4494 1935 4550 crucis

2042 3345 2225 3392 matus
2254 3336 2486 3391 custodit
2517 3339 2723 3391 atrium
2768 3354 2948 3405 suum,
2984 3342 3044 3394 in
3098 3358 3232 3413 pace
3279 3353 3409 3401 sunt
3459 3364 3525 3402 ea
3570 3364 3696 3420 qua?

2041 3426 2281 3498 possidet
2311 3426 2462 3494 (Luc.
2495 3442 2572 3496 x1,
2604 3427 2715 3494 21),
2748 3431 2805 3481 et
2853 3436 3075 3486 caetera.
3139 3431 3203 3486 In
3253 3433 3441 3505 primo
3494 3443 3691 3494 autem

2044 3517 2293 3571 adventu
2321 3512 2537 3570 Christi
2571 3516 2788 3570 factum
2815 3522 2904 3572 est
2931 3535 3033 3589 per
3060 3521 3309 3591 gratiam
3342 3525 3695 3599 redemptio-

2046 3606 2138 3660 nis
2169 3606 2319 3672 eius,
2354 3608 2422 3659 ut
2468 3605 2539 3659 de
2597 3604 2870 3661 societate
2922 3608 3137 3664 diaboli
3190 3615 3247 3665 et
3294 3611 3695 3672 dominatione

2044 3692 2243 3765 populi
2267 3696 2628 3747 eruerentur.
2663 3693 2727 3747 In
2761 3696 3019 3750 secundo
3052 3714 3188 3754 vero
3234 3701 3485 3759 adventu
3542 3706 3695 3777 ejus,

2045 3782 2238 3838 omnis
2270 3782 2486 3837 diaboli
2520 3786 2777 3853 potestas
2820 3788 2908 3839 est
2938 3786 3275 3858 auferenda,
3325 3794 3693 3866 quandoqui-

2045 3872 2181 3925 dem
2213 3887 2392 3937 mare,
2426 3871 2534 3926 hoc
2564 3876 2655 3926 est
2676 3873 2981 3941 saeculum,
3034 3893 3149 3933 non
3205 3879 3336 3949 erit,
3387 3896 3693 3954 genusque

2046 3961 2340 4015 sociorum
2372 3958 2532 4014 illius
2563 3961 2636 4015 de
2683 3966 2840 4016 terra
2882 3963 3176 4035 peribunt.
3228 3968 3471 4031 Quando
3518 3970 3694 4027 etiam

2047 4052 2338 4122 quaeretur
2371 4048 2649 4104 delictum
2682 4050 2863 4121 illius,
2897 4056 2954 4107 et
2982 4070 3098 4108 non
3146 4054 3477 4113 invenietur
3522 4058 3693 4130 (Psal.

2046 4156 2103 4205 χ,
2138 4140 2246 4209 15),
2275 4138 2524 4193 Domino
2557 4144 2838 4210 regnante
2866 4140 2924 4194 in
2951 4147 3259 4210 aeternum,
3310 4149 3367 4200 et
3399 4146 3455 4201 in
3506 4165 3696 4204 saecu-

2045 4228 2169 4283 lum
2201 4226 2399 4282 saeculi
2430 4228 2577 4299 (Luc.
2615 4244 2678 4297 ιι,
2728 4228 2840 4299 3'3),
2892 4229 3171 4302 absorpta
3221 4240 3409 4290 morte
3461 4240 3696 4294 mortis-

2046 4333 2160 4388 que
2191 4316 2591 4370 inventoribus
2624 4316 2683 4370 in
2718 4318 3161 4376 resurrectionis
3215 4322 3457 4380 victoria
3496 4327 3545 4399 (Ι
3574 4329 3695 4384 Cor.

2046 4422 2139 4472 xv,
2164 4406 2278 4471 54).
2314 4404 2475 4469 Quod
2509 4408 2704 4460 autem
2737 4406 2795 4460 in
2828 4406 2939 4461 hoc
2995 4406 3145 4465 libro
3196 4410 3279 4467 ait
3326 4413 3504 4484 Deus,
3561 4416 3699 4488 quia

2046 4494 2221 4550 hamo
2270 4493 2533 4548 extrahet
2580 4493 2918 4560 Leviathan,
2958 4513 3061 4568 per
3107 4499 3291 4556 alium
3350 4504 3698 4576 prophetam

277 4613 400 4651 non
437 4592 691 4650 absurde
721 4588 816 4644 hic
847 4585 1260 4657 intelligendos
1290 4589 1429 4655 puto
1456 4600 1468 4651 ;
1494 4582 1577 4637 sic
1606 4583 1802 4657 itaque
1831 4584 1937 4638 hu-
1966 4594 2023 4660 ι)
2046 4582 2190 4637 illud
2250 4581 2532 4654 loquitur,
2593 4582 2827 4639 dicens:
2888 4586 3213 4658 Expandam
3262 4606 3427 4663 super
3477 4603 3531 4649 te
3586 4604 3701 4650 rete

276 4683 472 4740 miliat
504 4686 562 4737 et
592 4676 907 4749 confringit
945 4671 1935 4744 Dominusinimicum,omnemque

272 4773 567 4843 impetum
599 4766 827 4823 invidia:
859 4763 1169 4829 saevientis,
1203 4761 1343 4815 dum
1394 4776 1529 4815 eum
1562 4776 1667 4831 per
1696 4761 1932 4815 eosdem

274 4866 519 4919 sanctos
552 4859 712 4930 ligno
746 4873 865 4911 suae
898 4852 1089 4909 crucis
1119 4849 1396 4905 retundit.

360 4975 380 4998 σι
418 4952 498 5005 Αη
531 4949 862 5003 exthrahere
880 4944 1081 5014 poteris
1110 4939 1411 4996 Leviathan
1468 4938 1663 4993 hamo?
1688 4962 1714 4987 ››
1766 4942 1937 4993 Com-

277 5038 536 5096 mutavit
559 5038 807 5108 figuram
840 5030 1195 5104 ainigmatis,
1220 5035 1287 5085 ut
1317 5028 1615 5083 diabolum
1643 5044 1816 5099 quem
1840 5044 1937 5082 su—

278 5129 481 5200 perius
511 5122 829 5181 Behemoth
862 5120 1149 5176 translato
1209 5118 1445 5174 nomine
1496 5118 1723 5172 dixerat
1774 5117 1937 5189 (vers.

281 5220 393 5287 10),
428 5215 698 5272 eumdem
748 5228 905 5265 nunc
954 5209 1269 5264 Leviathan
1330 5205 1617 5278 appellet;
1669 5207 1770 5261 sed
1821 5205 1940 5261 illic

279 5323 419 5363 eum
452 5303 622 5375 quasi
675 5300 923 5356 bestiam
970 5298 1133 5363 dicit,
1194 5314 1321 5369 quae
1373 5300 1559 5350 terras
1608 5295 1937 5362 inhabitet;

285 5397 379 5451 hic
410 5410 543 5449 vero
575 5392 656 5446 ita
686 5390 852 5445 illum
888 5387 1169 5455 nominat,
1203 5387 1304 5458 qui
1330 5385 1489 5440 velut
1518 5384 1579 5438 in
1614 5385 1783 5455 aquis
1816 5402 1940 5439 ma-

285 5485 370 5541 ris
400 5481 706 5539 consistat.
766 5479 926 5533 Unde
956 5482 1013 5532 et
1068 5475 1167 5529 alii
1222 5493 1324 5547 pro
1384 5473 1695 5529 Leviathan
1746 5474 1941 5528 draco-

286 5589 417 5629 nem
447 5570 740 5625 dixerunt.
774 5567 937 5622 Unde
958 5564 1139 5620 videri
1178 5568 1369 5636 potest
1390 5563 1545 5635 quod
1579 5562 1941 5617 horrendum

293 5660 495 5719 nescio
525 5658 667 5731 quid
697 5674 884 5730 genus
940 5654 1261 5710 draconum
1298 5653 1375 5710 sit
1406 5652 1562 5724 quod
1623 5650 1940 5708 Leviatban

2043 4687 2227 4726 meum
2275 4675 2332 4726 in
2364 4672 2720 4727 multitudine
2746 4674 3103 4746 populorum,
3135 4682 3186 4733 et
3217 4681 3507 4736 extraham
3556 4690 3608 4738 te
3636 4685 3698 4738 in

2047 4778 2253 4832 sagena
2276 4778 2395 4817 mea
2426 4762 2641 4833 (Ezech.
2674 4779 2813 4834 xvn,
2847 4765 2959 4836 20).
2996 4765 3164 4821 Hami
3195 4784 3330 4824 vero
3361 4773 3419 4824 et
3467 4786 3697 4843 sagenze

2050 4851 2437 4906 differentiam
2471 4851 2619 4907 hanc
2650 4868 2777 4908 esse
2808 4853 3077 4910 existimo
3108 4860 3173 4911 ut
3202 4856 3445 4914 hamum
3502 4860 3699 4933 ipsum

2050 4938 2410 4994 Salvatorem
2443 4939 2657 4996 Filium
2688 4942 2808 5012 Dei,
2859 4958 3032 4997 carne
3083 4946 3358 5002 vestitum
3407 4946 3702 5023 intelliga-

2051 5028 2207 5100 mus)
2241 5045 2456 5100 sagena
2488 5034 2685 5085 autem
2716 5030 2831 5085 dici
2890 5036 3082 5103 potest
3137 5033 3322 5090 missa
3368 5037 3699 5108 praedicatio

2049 5117 2367 5188 Evangelii,
2402 5133 2529 5188 qua:
2556 5136 2590 5173 a
2620 5116 2761 5174 solis
2782 5124 2914 5174 ortu
2945 5137 3132 5193 usque
3163 5123 3235 5178 ad
3296 5140 3566 5184 occasum
3616 5128 3703 5186 la-

2050 5206 2282 5261 tissimo
2316 5205 2505 5276 spatio
2537 5207 2615 5261 sit
2643 5224 2921 5279 expansa,
2952 5208 3105 5264 sicut
3152 5216 3209 5265 et
3248 5213 3533 5284 propheta
3580 5217 3698 5274 ait:

2051 5296 2281 5363 Magnus
2336 5296 2601 5350 Dominus
2659 5297 2832 5364 (Psal.
2892 5315 3061 5365 XLVII,
3118 5300 3196 5371 2),
3247 5306 3304 5356 et
3346 5307 3570 5361 caetera.
3632 5308 3701 5364 Et

2053 5384 2326 5454 deinceps
2358 5384 2460 5450 ait,
2501 5385 2742 5440 dilatans
2769 5386 3192 5445 exsultationem
3234 5394 3511 5453 universae
3540 5404 3701 5454 terra

2052 5472 2236 5543 (Ibid)
2267 5475 2400 5535 Quae
2435 5489 2653 5544 sagena
2709 5475 3139 5545 przedicationis
3182 5479 3421 5551 Christi,
3474 5485 3700 5541 Veteris

2050 5561 2407 5617 Testamenti
2440 5562 2665 5633 figuris,
2702 5567 2760 5617 et
2787 5564 3284 5637 signiﬁcationum
3336 5570 3697 5645 imaginibus

2055 5650 2375 5722 multisque
2404 5650 2696 5722 ejusmodi
2725 5653 3037 5726 Scriptura
3090 5658 3466 5729 testimoniis,
3513 5660 3697 5720 veluti
