3980 6184
295 325 413 386 835

1785 319 2208 381 APPENDIX.

3588 312 3704 376 836

293 460 464 516 nodis
521 457 764 529 illigatis
822 459 912 512 est
961 454 1145 512 solide
1221 456 1514 528 roborata,
1589 472 1768 528 quam
1832 455 1943 510 ceti
1972 455 2029 520 Α
2058 451 2290 508 ancillis
2319 451 2530 508 tuis?»
2564 456 2628 507 1n
2650 455 2904 516 tantum,
2935 448 3018 505 ait
3069 446 3376 516 Dominus,
3435 446 3716 505 humilia-

297 548 490 617 multi,
522 553 580 601 et
609 547 892 601 dracones
924 545 1252 612 smvissimi,
1273 547 1477 600 mundi
1508 545 1682 601 istius
1704 542 1870 616 impii
1893 547 1948 598 et

298 641 585 710 potentes,
638 634 903 690 scindere
935 639 991 690 et
1023 651 1293 705 rumpere
1340 638 1730 701 tentaverunt,
1772 633 1946 703 idque

298 745 413 782 non
445 729 763 797 potuerunt
792 725 1041 795 efﬁcere,
1074 724 1214 796 quia
1236 724 1471 778 firmum
1495 723 1946 778 fundamentum

298 817 397 871 Dei
430 815 584 880 fecit,
620 818 676 868 et
726 812 970 869 convelli
1025 829 1398 884 nequaquam
1450 816 1658 884 potest.
1706 812 1851 876 Quia
1899 810 1949 865 si

297 911 452 961 Deus
483 920 586 975 pro
619 903 809 967 nobis,
844 902 977 974 quis
1009 907 1211 958 contra
1248 918 1354 957 nos
1403 903 1575 973 (Rom.
1630 918 1750 966 vm,
1810 900 1898 970 31)
1921 898 1948 952 ?

298 993 548 1050 Proinde
584 992 910 1048 secundum
941 991 1093 1045 hanc
1115 989 1535 1061 expositionem
1559 989 1712 1044 idem
1738 1005 1947 1044 sensus

300 1085 360 1138 in
393 1083 567 1137 hamo
604 1086 662 1136 et
693 1098 910 1153 sagena
941 1079 1324 1151 dignoscitur.
1360 1079 1504 1133 Cum
1537 1095 1672 1151 ergo
1704 1077 1950 1132 dixisset

302 1171 588 1227 Dominus
646 1170 716 1224 ad
773 1170 904 1239 Job,
967 1168 1276 1224 Extrahere
1341 1167 1558 1239 poteris
1637 1166 1947 1222 Leviathan

302 1261 479 1316 hamo
501 1260 527 1313 ?
559 1259 640 1314 ait
670 1258 719 1313 ei
746 1276 758 1312 :

377 1371 404 1398 ‹‹
434 1353 501 1402 Et
532 1349 667 1402 fune
696 1347 905 1418 ligabis
956 1347 1219 1419 linguam
1277 1346 1443 1415 ejus?
1478 1369 1498 1394 »
1560 1345 1949 1408 Quemadmo-

304 1441 447 1494 dum
477 1454 546 1492 ex
575 1437 843 1507 pluribus
879 1435 1180 1507 particulis
1238 1434 1629 1506 subtegminis
1662 1434 1818 1489 funis
1868 1434 1952 1488 in-

304 1527 537 1591 texitur,
567 1532 631 1579 ut
671 1526 771 1579 ﬁat
800 1525 1100 1580 vinculum
1156 1542 1269 1595 quo
1303 1524 1531 1596 possint
1560 1524 1760 1594 aliqua
1788 1522 1950 1578 colli-

302 1615 469 1686 gari;
503 1613 587 1668 ita
643 1618 699 1667 et
737 1613 1007 1667 diabolus
1038 1613 1108 1667 de
1155 1612 1534 1666 multitudine
1581 1616 1952 1684 peccatorum

302 1719 566 1771 suorum,
602 1701 766 1773 quasi
796 1703 865 1756 de
895 1700 1305 1756 resticulorum
1337 1701 1665 1773 particulis,
1721 1700 1956 1755 vincula

305 1792 419 1848 sibi
451 1790 869 1862 sacrilegorum
901 1791 1058 1844 velut
1090 1791 1225 1845 fune
1257 1790 1662 1862 blasphemiis,
1689 1789 1956 1862 etlingua

306 1880 465 1935 illius
497 1879 753 1952 colligat,
793 1883 854 1932 ut
905 1879 981 1933 sit
1027 1895 1092 1934 os
1140 1879 1506 1934 obstructum
1559 1883 1734 1952 atque
1791 1878 1957 1950 oppi-

302 1970 490 2024 latum
523 1967 820 2040 loquentis
853 1968 1225 2038 iniquitatem
1257 1969 1432 2039 (Psat.
1467 1984 1604 2034 an,
1640 1970 1748 2039 l2).
1782 1969 1852 2022 Et
1897 1968 1955 2022 in

308 2057 632 2114 Proverbiis
664 2056 1015 2127 Salomonis,
1050 2058 1121 2112 de
1153 2057 1449 2112 similibus
1503 2058 1630 2128 ejus
1673 2057 1956 2129 scriptum

306 2155 426 2204 est:
467 2147 712 2203 Vinculis
738 2151 1081 2216 peccatorum
1135 2163 1361 2202 suorum
1409 2148 1783 2218 unusquisque
1827 2162 1958 2201 con-

306 2238 600 2307 stringitur
630 2237 812 2305 (I’rov.
844 2254 898 2303 ν,
948 2237 1061 2306 2'2).
1112 2240 1179 2290 Et
1237 2236 1373 2292 inde
1416 2241 1505 2292 est
1555 2237 1710 2306 quod
1761 2239 1813 2290 et
1850 2237 1957 2290 Do-

309 2326 509 2380 minus
539 2324 596 2378 in
629 2324 938 2396 Evangelio
999 2324 1230 2395 pigrum
1281 2331 1338 2380 et
1387 2323 1653 2380 inutilem
1704 2340 1956 2386 servum,

309 2414 508 2486 ligatis
541 2413 817 2468 manibus
877 2417 933 2468 et
989 2413 1261 2484 pedibus,
1311 2412 1668 2467 mittendum
1720 2412 1862 2466 dicit
1900 2411 1959 2466 in

311 2503 580 2558 tenebras
625 2502 939 2558 exteriores
967 2503 1172 2572 (Matth.
1226 2519 1356 2566 xxv,
1387 2502 1499 2572 30),
1554 2501 1610 2554 id
1661 2506 1773 2564 est,
1827 2503 1958 2554 vin-

311 2591 459 2647 culis
490 2596 863 2663 peccatorum
897 2606 1162 2653 suorum,
1199 2607 1325 2660 quae
1376 2594 1651 2660 operatus
1698 2594 1805 2655 est,
1867 2605 1956 2644 sc-

312 2682 573 2736 cundum
605 2680 872 2735 divinum
896 2679 1191 2749 judicium
1227 2679 1442 2750 ligatus
1473 2677 1725 2732 mittitur
1755 2678 1812 2732 in
1844 2693 1961 2749 pm-

313 2787 456 2826 nas:
493 2769 647 2842 quod
682 2774 738 2824 et
768 2769 890 2839 ipse
924 2767 1208 2823 Dominus
1251 2768 1310 2821 in
1345 2768 1596 2838 quodam
1659 2765 1782 2821 loco
1833 2783 1956 2821 ma-

313 2857 694 2913 nifestissime
741 2855 1185 2922 demonstravit,
1243 2857 1477 2927 quando
1540 2855 1836 2927 ﬂagellum
1887 2855 1958 2909 de

311 2947 645 3001 Judaeorum
681 2943 972 3000 resticulis
1005 2945 1156 3008 fecit,
1207 2961 1422 3016 eosque
1478 2944 1614 2999 inde
1656 2943 1958 3016 ﬂagellans

314 3035 385 3090 de
412 3035 629 3106 templo
661 3033 833 3104 cjccit
862 3035 1038 3104 (Joan.
1076 3051 1135 3098 ιι,
1171 3035 1280 3102 15).

2057 541 2217 597 bitur
2246 541 2514 597 draconis
2562 540 2732 596 istius
2764 540 3065 607 fortitudo,
3098 542 3155 594 et
3201 537 3438 594 omnino
3489 555 3598 610 pro
3631 539 3718 593 ni-

2059 630 2178 686 hilo
2207 631 2352 698 erit;
2414 635 2479 686 ut
2521 629 2859 685 illudendus
2903 628 3210 694 habeatur,
3262 632 3316 682 et
3369 627 3717 683 illudendus

2059 721 2277 776 sanctis
2305 721 2531 792 angelis
2557 719 3051 791 deputetur,sicut
3070 723 3129 772 et
3149 717 3464 789 suprajam
3484 717 3718 772 dictum

2060 814 2167 865 est.
2203 810 2363 872 Quod
2396 813 2590 864 autem
2624 807 2791 880 quasi
2815 807 2936 863 avis
2960 806 3510 878 illudiperhibetur,
3534 807 3717 878 quasi

2058 915 2150 954 res
2176 916 2354 971 parva
2383 903 2438 953 et
2469 898 2716 954 minima
2759 898 2830 952 ad
2863 895 3182 969 potentiam
3243 895 3344 950 Dei
3393 895 3713 962 habeatur,

2057 989 2180 1043 avis
2211 988 2446 1043 nomine
2475 986 2656 1042 voluit
2685 987 3122 1041 demonstrare:
3157 984 3432 1056 quodque
3465 983 3718 1057 alligan-

2058 1077 2169 1131 dus
2201 1076 2434 1132 ancillis
2465 1076 2698 1144 dicitur,
2737 1075 2881 1130 illud
2913 1079 3004 1130 est
3029 1075 3184 1145 quod
3233 1074 3360 1146 ipse
3422 1074 3715 1129 Dominus

2058 1167 2118 1220 in
2171 1165 2478 1237 Evangelio
2530 1165 2609 1220 ait
2666 1166 2737 1219 ad
2799 1163 3120 1235 discipulos
3169 1180 3345 1219 suos:
3401 1165 3541 1218 Ecce
3591 1163 3716 1218 dedi

2057 1257 2208 1310 vobis
2231 1260 2564 1327 potestatem
2592 1254 2844 1309 calcandi
2865 1270 3030 1325 super
3057 1263 3327 1324 serpentes
3364 1257 3416 1308 et
3466 1256 3718 1324 scorpio-

2057 1360 2174 1411 nes,
2215 1350 2266 1399 et
2294 1361 2458 1415 super
2484 1359 2701 1399 omnem
2735 1345 2987 1398 virtutem
3017 1343 3254 1407 inimici,
3285 1347 3338 1397 et
3384 1341 3542 1396 nihil
3564 1344 3721 1398 vobis

2059 1434 2277 1489 nocebit
2295 1436 2444 1501 (Luc.
2477 1451 2531 1500 x,
2570 1433 2677 1503 19).
2709 1431 2802 1486 Sic
2833 1431 3031 1503 itaque
3083 1430 3355 1503 alligatur
3401 1435 3590 1503 atque
3647 1430 3719 1486 il-

2061 1522 2288 1578 luditur
2319 1540 2352 1578 a
2383 1523 2600 1578 sanctis
2631 1521 2942 1576 animabus
2972 1520 3094 1589 Dei,
3127 1537 3254 1592 quae
3296 1525 3439 1575 sunt
3489 1519 3720 1576 ancilla:

2062 1611 2312 1677 Christi;
2347 1612 2486 1666 dum
2521 1611 2590 1666 ab
2622 1610 2705 1666 eis
2737 1610 2848 1682 ipsi
2889 1615 2946 1664 et
2990 1610 3118 1681 ejus
3151 1609 3327 1665 sociis
3366 1609 3726 1682 imperatur,

2063 1706 2120 1756 ct
2149 1701 2220 1756 de
2243 1700 2586 1772 corporibus
2617 1700 2689 1753 ab
2721 1716 2786 1754 eo
2818 1699 3075 1754 obsessis
3107 1699 3268 1754 abire
3296 1697 3726 1772 compellitur:

2067 1789 2278 1861 cuique
2308 1807 2410 1861 per
2442 1790 2779 1844 universum
2830 1788 3120 1843 mundum
3180 1787 3442 1859 quotidie
3492 1790 3732 1861 captiva

2070 1879 2332 1934 aufertur
2362 1879 2694 1950 captivitas,
2725 1877 3018 1949 quomodo
3049 1882 3106 1932 et
3135 1877 3462 1933 secundum
3494 1881 3730 1950 Apoca-

2068 1967 2281 2040 lypsim
2307 1983 2410 2038 per
2439 1965 2596 2022 mille
2629 1984 2812 2022 annos
2842 1966 3116 2040 alligatus
3167 1965 3382 2022 dicitur
3406 1968 3600 2038 (Apoc.
3634 1986 3729 2034 xx,

2069 2058 2145 2128 2),
2180 2057 2336 2128 quod
2367 2074 2397 2110 a
2431 2061 2594 2128 parte
2625 2056 2695 2110 ad
2736 2060 2927 2110 totum
2960 2055 3330 2128 intelligitur,
3389 2057 3729 2112 secundum

2070 2144 2402 2218 apostolum
2453 2145 2552 2216 qui
2585 2145 2697 2199 ait:
2743 2145 2951 2212 Filioti,
3012 2146 3311 2201 novissima
3358 2146 3496 2200 hora
3546 2156 3637 2201 est
3686 2150 3737 2215 (Ι

2067 2237 2222 2291 Joan.
2280 2253 2343 2306 ιι,
2405 2235 2538 2304 18),
2597 2250 2666 2289 ex
2721 2237 2985 2304 tempore
3034 2234 3316 2290 adventus
3371 2234 3608 2290 Domini
3671 2236 3729 2290 in

2070 2340 2241 2379 carne
2299 2329 2520 2380 nostra.
2601 2325 2799 2394 Itaque
2847 2322 3124 2395 alligatus
3183 2328 3300 2379 est:
3351 2339 3422 2378 ne
3482 2325 3733 2380 seducat

2070 2413 2286 2470 Christi
2319 2414 2508 2486 gratia
2539 2418 2595 2468 et
2617 2411 3016 2485 redemptione
3047 2412 3380 2468 salvandos.
3412 2412 3530 2467 Alii
3567 2413 3730 2469 dixe-

2072 2508 2245 2558 runt:
2276 2503 2544 2574 Alligabis
2574 2519 2698 2558 eum
2729 2504 2870 2558 sicut
2891 2519 3170 2574 passerem
3199 2503 3500 2572 infantulo,
3566 2505 3726 2576 quod

2069 2597 2179 2659 est,
2213 2593 2283 2647 ab
2315 2591 2603 2647 infantulo
2637 2596 2905 2647 teneatur
2949 2595 3235 2665 praecepto
3292 2591 3521 2663 imperii
3585 2593 3726 2657 mei,

2069 2685 2127 2735 et
2153 2679 2312 2735 velut
2341 2678 2556 2752 ligatus
2583 2678 2644 2734 in
2675 2683 3022 2751 potestatem
3052 2681 3335 2736 tradetur.
3366 2680 3469 2735 Hic
3500 2687 3599 2737 est
3631 2681 3728 2736 ille

2068 2767 2263 2823 infans
2294 2769 2364 2822 de
2395 2784 2510 2839 quo
2540 2767 2718 2824 Isaias
2750 2769 2868 2824 ait:
2900 2769 3091 2840 Infans
3141 2770 3210 2824 ab
3239 2771 3406 2826 ubere
3449 2772 3512 2825 in
3563 2773 3723 2838 fora-

2067 2859 2220 2912 mine
2262 2847 2513 2928 aspidum
2571 2874 2796 2912 manum
2835 2860 3014 2913 mittet
3065 2859 3192 2929 (Isa.
3254 2875 3333 2924 x1,
3364 2858 3459 2929 8):
3493 2859 3602 2930 qui
3636 2861 3724 2914 in-

2069 2947 2198 3002 fans
2230 2945 2531 3018 propheta,
2564 2947 2833 3017 quamvis
2866 2947 2942 3002 sit
2962 2950 3198 3002 centum
3225 2964 3515 3002 annorum
3549 2965 3723 3020 puer,

2068 3052 2168 3105 per
2199 3035 2412 3091 Christi
2445 3037 2693 3109 gratiam
2725 3036 3030 3102 morietur,
3085 3036 3145 3090 id
3203 3040 3310 3103 est,
3362 3043 3611 3092 sanctus
3671 3045 3730 3093 et

387 3147 413 3172 ‹‹
448 3122 745 3193 Numquid
777 3138 958 3192 pones
990 3122 1276 3176 circulum
1303 3123 1361 3176 in
1387 3123 1628 3178 naribus
1676 3123 1824 3192 ejus,
1859 3126 1960 3177 aut
2066 3125 2348 3182 innocens
2377 3126 2449 3180 ad
2482 3125 2664 3180 Deum
2688 3126 2759 3182 de
2788 3125 2896 3180 hoc
2927 3124 3137 3181 saeculo
3177 3126 3508 3198 emigrabit.
3553 3127 3726 3183 Hunc

316 3210 547 3266 armilla
590 3211 913 3281 perforabis
963 3210 1262 3265 maxillam
1314 3212 1534 3280 ejus?»
1589 3213 1718 3268 Sive
1776 3219 1959 3278 capta-
1989 3199 2034 3265 C
2071 3233 2207 3285 ergo
2246 3215 2529 3270 infantem
2583 3215 2842 3286 accipere
2897 3215 3177 3270 debemus
3227 3233 3717 3288 unumquemque

318 3301 529 3368 butum,
573 3303 636 3354 ut
665 3298 762 3354 alii
825 3300 1132 3355 dixerunt:
1194 3303 1263 3354 Et
1315 3300 1548 3356 armilla
1602 3302 1961 3372 perforabis:

315 3389 456 3455 sive,
513 3393 576 3443 ut
627 3388 725 3443 alii
786 3387 1076 3456 dixerunt,
1121 3390 1330 3461 forcipe
1387 3391 1682 3461 pertundes
1750 3391 1966 3445 labrum

314 3481 450 3545 eius.
483 3477 698 3533 Circuli
731 3475 1046 3549 captapuli,
1083 3477 1318 3550 forcipis
1372 3484 1428 3534 et
1486 3478 1726 3534 armilla:
1776 3480 1966 3535 nomi-

318 3567 514 3628 nibus,
564 3565 979 3637 intelliguntur
1039 3583 1337 3622 sermones
1392 3568 1598 3622 divina:
1671 3570 1964 3640 potentiae,

318 3653 533 3722 quibus
565 3655 854 3724 superbus
885 3658 1058 3724 atque
1088 3655 1471 3728 blasphemus
1501 3656 1847 3714 humiliatus
1878 3664 1968 3714 est

317 3759 351 3796 a
381 3741 497 3796 Deo
529 3745 586 3797 et
615 3743 870 3798 attritus.
1288 3764 1290 3766 ν

391 3855 418 3880 ‹‹
454 3831 752 3903 Numquid
786 3831 1201 3904 multiplicabit
1229 3835 1299 3888 ad
1343 3839 1398 3890 te
1448 3851 1668 3906 preces,
1729 3840 1830 3890 aut
1878 3836 1966 3892 lo-

319 3924 530 3992 quetur
557 3919 664 3974 tibi
697 3920 994 3976 mollia?»
1028 3921 1176 3987 Sive,
1224 3927 1288 3976 ut
1345 3923 1442 3976 alii
1493 3923 1802 3978 dixerunt:
1862 3926 1967 3979 Aut

315 4012 568 4082 toquetur
594 4009 698 4064 tibi
728 4010 971 4065 blande?
1002 4009 1119 4065 Soli
1151 4011 1289 4078 Deo,
1323 4013 1494 4081 cujus
1525 4017 1854 4068 creaturam
1907 4031 1967 4069 se

315 4116 442 4155 csse
475 4099 793 4172 cognoscit,
818 4104 906 4154 est
938 4099 1231 4167 subditus,
1265 4105 1442 4171 atque
1473 4101 1524 4155 ei
1547 4105 1772 4156 tantum
1791 4119 1967 4174 quem

315 4189 443 4259 ipsa
472 4187 830 4244 conscientia
859 4193 1048 4261 pavet,
1091 4189 1325 4244 animus
1359 4190 1487 4260 ejus
1520 4191 1811 4262 superbus
1866 4191 1966 4245 ads

318 4277 552 4331 dicitur.

390 4387 418 4413 ι(
451 4365 749 4436 Numquid
783 4366 948 4422 feriet
977 4372 1170 4422 tecum
1211 4373 1447 4439 pactum
1471 4375 1528 4425 et
1557 4370 1810 4442 accipies
1832 4389 1967 4428 eum

318 4471 553 4510 servum
586 4453 1012 4526 sempiternum
1039 4457 1067 4511 ?
1097 4477 1125 4506 »
1156 4456 1310 4514 Licet
1367 4459 1444 4514 sit
1490 4459 1723 4516 rebellis
1784 4467 1839 4516 et
1878 4464 1968 4518 ni-

2076 3311 2438 3375 sanctorum,
2472 3305 2572 3376 qui
2602 3305 2670 3358 de
2697 3304 2872 3369 fonte,
2903 3304 2958 3358 id
2991 3309 3081 3359 est
3109 3305 3180 3360 de
3202 3310 3366 3360 utero
3399 3305 3613 3361 matris
3633 3307 3731 3361 Ec»

2076 3394 2286 3462 clesite,
2318 3399 2601 3465 tanquam
2619 3394 2813 3447 infans
2837 3398 2948 3448 Deo
2970 3398 3209 3450 renatus
3231 3397 3341 3458 est,
3365 3397 3729 3466 etpraacepta

2075 3482 2326 3550 Domini,
2359 3482 2517 3537 velut
2546 3481 2762 3537 lacteos
2795 3481 2955 3538 cibos
2985 3482 3056 3537 de
3085 3483 3215 3553 ejus
3235 3482 3520 3538 uberibus
3543 3484 3726 3555 sugit.

2147 3597 2174 3621 ‹‹
2204 3571 2522 3626 Concident
2551 3587 2686 3625 eum
2717 3570 2909 3637 amici,
2945 3570 3208 3626 divident
3238 3570 3408 3626 illum
3465 3574 3729 3644 negotia:

2074 3665 2299 3716 tores.»
2333 3660 2520 3714 Amici
2550 3665 2606 3714 et
2661 3660 3049 3731 negotiatores
3099 3660 3220 3727 isti,
3270 3660 3458 3716 sancti
3521 3661 3732 3716 intelli-

2076 3749 2248 3823 gendi
2280 3752 2438 3815 sunt,
2473 3764 2676 3803 omnes
2727 3749 2904 3803 etiam
2958 3749 3220 3805 veritatis
3275 3749 3722 3820 praedicatores:

2077 3838 2290 3911 quibus
2322 3837 2588 3893 Christus
2619 3837 2798 3892 Filius
2821 3837 2922 3892 Dei
2952 3837 3072 3892 ait:
3115 3839 3206 3892 Vos
3234 3839 3404 3892 amici
3433 3841 3546 3894 mei
3599 3841 3724 3894 estis

2076 3929 2259 3999 (Joan.
2291 3944 2382 3993 xv,
2419 3927 2526 3996 14).
2563 3928 2826 3997 Itemque
2857 3927 2925 3981 de
2967 3927 3178 3981 iisdem
3229 3943 3332 3998 per
3379 3928 3722 3998 parabolam

2077 4016 2255 4072 dicit:
2293 4016 2491 4072 Simile
2537 4020 2614 4070 est
2646 4032 2875 4086 regnum
2903 4016 3162 4071 caelorum
3209 4017 3425 4070 homini
3480 4019 3719 4087 negotia-

2078 4107 2206 4172 tori,
2237 4107 2505 4176 quazrenti
2536 4106 2726 4159 bonam
2761 4107 3123 4175 margaritam
3155 4104 3372 4175 (Matth.
3434 4124 3560 4172 xm,
3619 4108 3721 4172 45),

2079 4201 2136 4250 et
2165 4200 2389 4249 caetera.
2425 4195 2531 4258 Qui
2558 4210 2805 4265 regnum
2862 4193 2983 4261 Dei,
3039 4199 3095 4248 et
3125 4199 3352 4249 aeternae
3390 4195 3524 4249 vitae
3585 4213 3725 4267 pra:-

2086 4282 2272 4336 mium
2297 4281 2450 4336 velut
2481 4281 2968 4352 pretiosissimam
3001 4281 3380 4355 margaritam
3415 4283 3474 4336 in
3507 4282 3726 4338 venali-

2077 4372 2191 4426 bus
2223 4376 2654 4442 proposuerunt
2685 4371 2925 4436 mundo,
2961 4375 3026 4424 ut
3047 4371 3456 4442 unusquisque
3480 4372 3726 4426 credito-

2082 4476 2212 4513 rum
2242 4459 2456 4514 vendat
2512 4475 2878 4531 quzecunque
2934 4458 3228 4524 habuerit,
3280 4458 3727 4514 delectationem

319 4543 504 4599 mium
535 4543 822 4610 tumidus,
857 4544 1088 4616 cogitur
1115 4550 1312 4601 tamen
1367 4553 1545 4619 atque
1601 4550 1967 4622 compellitur
1995 4567 2046 4632 D
2083 4547 2302 4604 scilicet
2331 4548 2458 4602 vitae
2490 4547 2817 4620 praisentis,
2851 4546 2942 4602 his
2975 4546 3373 4602 mercimoniis
3413 4554 3731 4602 commutet

317 4633 506 4706 ipsius
538 4637 760 4689 natura:
792 4633 966 4700 bono,
999 4635 1155 4706 quod
1187 4635 1238 4690 ei
1271 4636 1332 4690 in
1354 4636 1760 4693 testimonium
1787 4640 1964 4710 justas

317 4723 716 4780 damnationis
747 4723 876 4795 ejus
897 4740 966 4778 ex
996 4728 1161 4796 parte
1192 4741 1308 4779 non
1341 4725 1512 4796 perit,
1550 4732 1613 4781 ut
1651 4727 1967 4783 Dominum

317 4817 635 4868 creatorem
668 4828 866 4882 suun),
897 4811 1103 4867 saltem
1139 4816 1205 4866 ut
1234 4830 1437 4870 servus
1469 4814 1684 4880 malus,
1716 4832 1845 4871 esse
1894 4817 1972 4871 fa-

319 4907 529 4957 teatur.
560 4903 679 4958 Hoc
707 4905 798 4958 est
827 4906 1064 4974 pactum
1088 4901 1207 4956 sive
1237 4906 1653 4958 testamentum
1714 4905 1868 4976 quod
1919 4905 1972 4961 ei

320 5005 455 5044 cum
487 4991 602 5046 Deo
634 4991 783 5047 inire
815 4995 1171 5064 praeceptum
1203 4996 1310 5047 est.
1345 4991 1506 5047 Unde
1537 4997 1594 5047 et
1615 4993 1740 5064 ipse
1772 4994 1972 5049 Domi-

324 5094 437 5132 nus
470 5077 578 5134 ait:
621 5081 690 5134 Et
744 5080 995 5152 accipies
1040 5097 1177 5136 eum
1231 5098 1464 5136 servum
1518 5084 1965 5154 sempiternum.

320 5167 438 5222 Hoc
469 5167 625 5222 enim
658 5168 821 5224 nulla
850 5169 1149 5226 voluntate
1181 5170 1363 5225 animi
1399 5171 1554 5242 facit,
1613 5173 1713 5227 sed
1763 5173 1969 5228 divine:

322 5255 630 5328 potestatis
672 5257 938 5330 imperio,
1000 5264 1056 5314 et
1113 5260 1243 5316 ideo
1275 5265 1450 5315 aDeo
1503 5278 1703 5316 servus
1758 5262 1974 5318 dicitur

322 5343 736 5417 sempiternus,
770 5347 910 5417 quia
940 5349 1310 5420 adoptionem
1361 5349 1615 5406 ﬁliorum
1675 5352 1794 5419 Dei,
1854 5353 1973 5408 sive

323 5433 646 5507 primatum
680 5434 848 5490 illum
881 5437 1152 5510 angelicae
1182 5439 1508 5511 dignitatis,
1540 5458 1843 5513 nunquam
1897 5442 1972 5497 sit

323 5527 688 5596 recepturus.

399 5635 427 5663 α
456 5615 755 5688 Numquid
777 5614 989 5672 illudes
1019 5615 1070 5671 ei
1103 5616 1273 5687 quasi
1298 5617 1408 5690 avi,
1443 5622 1544 5674 aut
1573 5617 1786 5691 ligabis
1835 5635 1973 5676 eum

2081 4642 2136 4694 et
2166 4642 2321 4693 emat
2351 4653 2502 4692 eam.
2539 4637 2723 4709 Igitur
2747 4653 2780 4690 a
2809 4636 3166 4708 supradictis
3203 4636 3414 4691 amicis
3445 4642 3504 4691 et
3554 4653 3730 4709 nego-

2082 4725 2393 4781 tiatoribus
2425 4742 2639 4798 corpus
2671 4725 2852 4795 hujus
2883 4725 3153 4780 draconis
3185 4725 3511 4780 conciditur
3558 4733 3732 4797 atque

2084 4815 2385 4881 dividitur,
2419 4816 2560 4870 dum
2590 4831 2690 4886 per
2720 4814 2952 4868 eosdem
2988 4815 3058 4868 ad
3094 4813 3270 4868 fidem
3317 4813 3560 4883 Christi,
3610 4831 3732 4887 per-

2085 4905 2344 4960 ditorum
2375 4905 2504 4974 ejus
2537 4902 2850 4957 multitudo
2883 4920 3059 4974 quam
3094 4903 3350 4975 plurima
3405 4910 3732 4973 separatur.

2083 4995 2230 5048 Nam
2264 4992 2436 5047 multi
2469 4993 2539 5047 de
2571 4992 2907 5063 potentibus
2938 4993 3086 5061 ejus,
3121 4997 3177 5046 et
3205 4993 3263 5046 in
3296 4991 3520 5046 malitia
3582 4992 3736 5046 forti-

2085 5085 2196 5139 bus
2229 5083 2299 5136 ab
2331 5083 2460 5152 ejus
2487 5081 2801 5147 consortio,
2827 5079 3004 5135 veluti
3039 5081 3308 5135 membra
3339 5081 3497 5136 illius
3558 5097 3739 5136 secer—

2086 5177 2327 5236 nuntur,
2362 5170 2511 5225 sicut
2543 5175 2599 5225 et
2630 5169 2898 5224 Habacuc
2931 5168 3217 5240 propheta
3269 5170 3350 5224 ait
3404 5169 3476 5223 ad
3537 5170 3732 5224 Domi-

2085 5279 2227 5316 num
2253 5279 2265 5316 :
2302 5260 2619 5317 Praestitisti
2647 5261 2706 5314 in
2737 5264 2954 5330 stupore
2985 5261 3186 5312 mentis
3215 5261 3401 5329 capita
3428 5261 3737 5329 potentium

2085 5351 2306 5422 (llubac.
2342 5367 2424 5415 IlI,
2460 5350 2584 5420 13):
2622 5354 2677 5403 et
2707 5349 2777 5403 de
2813 5347 3032 5418 quibus
3064 5365 3302 5402 rursum
3330 5347 3411 5400 ait
3441 5347 3508 5402 ad
3546 5347 3738 5401 Domi-

2084 5458 2226 5494 num
2257 5458 2268 5494 :
2312 5439 2510 5493 Misisti
2536 5441 2590 5492 in
2625 5439 2813 5506 capi/tt
2843 5438 3198 5490 inimicorum
3234 5440 3462 5490 mortem
3497 5437 3689 5503 (lbid.)
3715 5453 3727 5487 :

2084 5534 2330 5584 mortem
2366 5528 2567 5598 utique
2611 5527 2904 5590 vitiorum,
2940 5532 3002 5580 ut
3041 5527 3168 5597 jam
3203 5543 3316 5581 non
3349 5525 3461 5580 sibi
3512 5526 3726 5590 vivant,

2084 5618 2184 5675 sed
2215 5618 2266 5674 ei
2318 5618 2418 5692 qui
2470 5633 2571 5688 pro
2620 5615 2789 5688 ipsis‘
2817 5621 3088 5672 mortuus
3136 5620 3226 5671 est
3274 5621 3332 5671 et
3389 5615 3724 5670 resurrexit.
