3980 6184
235 327 365 391 837
412 384 414 386 .

1329 283 1846 392 COMMENTAR.
1890 331 1971 391 1N
2011 331 2175 394 JOB.
2223 334 2395 395 CAP.
2440 336 2598 398 XLI.

3545 343 3668 406 838

234 463 374 519 Haec
404 460 596 533 capita
624 459 1000 516 inimicorum
1033 459 1152 527 Dei,
1187 460 1244 515 id
1285 465 1375 517 est
1404 461 1754 533 populorum
1785 461 1897 516 im-
1923 464 1982 531 Α
2011 481 2118 520 suo
2147 465 2300 520 Deus
2329 467 2454 521 ﬁeri
2487 467 2628 522 sinit
2661 484 2672 522 :
2716 473 2818 524 aut
2843 470 2913 524 ad
2946 471 3414 530 exercitationem
3446 477 3659 547 proba-

230 552 473 624 piorum
506 549 942 622 principes,ipsi
975 554 1113 606 sunt
1136 549 1314 621 hujus
1346 550 1674 622 spiritualis
1697 552 1898 620 draco-

234 642 337 697 nis
367 655 534 712 reges
564 644 620 693 et
651 639 899 708 nobiles,
947 639 1048 710 qui
1081 639 1404 694 secundum
1454 639 1899 695 translationem

235 730 579 796 nominum,
639 733 696 782 et
745 729 994 800 ﬁguram
1053 729 1205 800 tropi
1267 728 1528 799 alterius,
1562 729 1837 801 alligandi
1870 748 1904 784 a

239 817 541 891 praedictis
567 815 772 871 amicis
824 820 879 869 et
911 816 1373 888 nogotiatoribus
1423 834 1550 872 esse
1581 817 1855 872 dicuntur
1887 834 1900 871 :

243 909 399 966 sicut
433 906 611 961 David
647 905 925 976 propheta
956 906 1037 960 ait
1071 924 1082 960 :
1121 908 1184 962 Ut
1237 908 1469 977 alligent
1526 923 1674 977 rcges
1705 925 1904 962 eorum

242 1000 308 1053 in
341 996 591 1060 manicis,
615 999 663 1049 el
696 995 900 1050 nobiles
931 1011 1123 1050 eorum
1147 998 1202 1050 in
1235 998 1473 1051 vmculis
1499 999 1700 1059 ferreis
1730 998 1900 1066 (Psal.

242 1104 432 1155 cxmx,
481 1085 558 1156 8).
610 1085 710 1138 llic
740 1100 875 1155 ergo
923 1101 1089 1156 reges
1120 1089 1178 1140 et
1222 1085 1468 1153 nobiles,
1521 1085 1634 1158 ipsi
1683 1091 1822 1141 sunt
1850 1091 1908 1142 et

252 1177 560 1241 dracones,
621 1177 678 1228 et
729 1174 994 1228 membra
1050 1173 1210 1229 illius
1264 1175 1555 1244 draconis,
1587 1175 1658 1230 de
1688 1176 1906 1248 quibus

247 1263 610 1320 draconibus
643 1261 724 1316 ait
755 1262 1038 1334 propheta
1064 1263 1135 1317 ad
1175 1268 1358 1318 Deum
1395 1282 1406 1319 :
1464 1265 1536 1319 Tu
1590 1266 1908 1335 con/registi

260 1355 450 1424 capita
478 1351 778 1408 draconum
806 1367 974 1422 super
1000 1369 1192 1423 aquas.

318 1462 350 1492 ‹‹
382 1441 681 1512 Numquid
714 1440 988 1512 implebis
1020 1457 1267 1512 sagenas
1299 1441 1449 1514 pelle
1479 1443 1628 1512 ejus,
1677 1447 1734 1498 et
1763 1460 1906 1515 gur—

238 1531 510 1604 gustium
541 1530 792 1600 piscium
842 1529 1030 1601 capite
1077 1529 1256 1584 illius.
1312 1552 1341 1579 »
1387 1530 1602 1586 Omnes
1639 1532 1740 1602 qui
1768 1548 1904 1586 con-

238 1618 522 1675 sensione
547 1617 779 1673 malitias
803 1618 940 1673 etin
964 1618 1290 1674 imitatione
1317 1620 1618 1675 adhaerent
1647 1621 1902 1687 diabolo,

238 1713 404 1764 recte
454 1707 632 1779 pelles
682 1708 812 1777 ejus
865 1723 992 1762 esse
1041 1708 1334 1763 dicuntur.
1373 1711 1529 1774 Quos
1570 1709 1701 1765 ideo
1734 1710 1905 1781 pellis

242 1797 484 1853 nomine
552 1797 804 1851 arbitror
863 1795 1070 1860 dictos,
1134 1814 1199 1852 eo
1251 1799 1404 1868 quod
1483 1799 1903 1855 indissociabili

243 1885 608 1942 connexione
667 1886 717 1940 ei
772 1886 1071 1957 conjuncti
1123 1891 1282 1953 sunt,
1337 1892 1392 1941 et
1446 1888 1702 1958 separari
1737 1890 1808 1944 ab
1840 1906 1906 1944 eo

245 1991 582 2046 nunquam,
614 1980 717 2029 aut
747 1979 900 2029 certe
928 1974 1023 2028 vix
1065 1959 1334 2046 possunt.
1367 1975 1444 2030 De
1475 1976 1566 2031 his
1596 1994 1733 2049 ergo
1765 1977 1907 2033 dicit

251 2065 542 2120 Dominus
573 2080 821 2136 sagenas
852 2063 1184 2134 implendas
1215 2081 1362 2120 esse.

327 2177 356 2204 α
390 2154 577 2209 Pones
609 2170 784 2224 super
803 2170 937 2208 eum
963 2169 1202 2207 manum
1226 2159 1409 2208 tuam.
1434 2159 1720 2211 Memento
1747 2155 1906 2224 belli;

258 2260 371 2300 nec
402 2243 556 2299 ultra
587 2243 768 2298 addas
798 2243 980 2314 loqui.
1023 2265 1051 2291 »
1083 2243 1178 2298 Sic
1208 2244 1352 2298 mihi
1386 2243 1614 2299 videtur
1644 2245 1860 2301 dixisse
1893 2264 1905 2301 :

257 2332 428 2387 Victo
485 2348 587 2403 per
625 2347 717 2386 me
763 2331 1092 2386 adversario
1140 2337 1263 2402 tuo,
1322 2350 1502 2404 pones
1559 2351 1738 2406 super
1775 2352 1909 2390 eum

258 2437 505 2476 manum
538 2424 794 2488 tuam,ut
824 2420 1016 2492 possis
1044 2420 1095 2476 ei
1126 2426 1182 2476 et
1211 2427 1271 2476 tu
1301 2420 1566 2478 illudere.
1597 2423 1699 2478 Vel
1731 2441 1910 2496 pones

255 2527 442 2582 super
470 2527 607 2564 eum
650 2526 894 2564 manum
953 2515 1140 2581 tuam,
1194 2511 1363 2582 quasi
1414 2512 1642 2578 dixerit,
1702 2514 1749 2568 si
1783 2515 1910 2586 ejus

248 2601 526 2673 potentia:
557 2604 614 2655 et
641 2600 876 2655 virtutis
908 2605 965 2654 te
996 2617 1124 2656 esse
1163 2601 1488 2666 arbitraris,
1524 2619 1704 2673 pones
1735 2620 1912 2675 super

249 2707 392 2745 eum
425 2706 666 2744 manum
697 2691 1056 2761 tuam,quod
1090 2695 1197 2758 est,
1232 2691 1278 2745 si
1312 2692 1666 2762 potes,efiice
1697 2692 1910 2748 virtute

252 2778 530 2850 potentia:
561 2783 695 2847 tuae,
729 2784 796 2833 ut
823 2783 876 2834 te
907 2779 1321 2834 contremiscat
1350 2785 1408 2834 et
1438 2785 1645 2850 paveat
1673 2782 1827 2836 sicut
1857 2787 1913 2837 et

252 2884 353 2922 me
384 2867 476 2922 cui
513 2867 620 2922 soli
672 2868 780 2922 hoc
827 2868 998 2923 debet
1044 2885 1056 2922 ε
1102 2869 1202 2923 sed
1252 2869 1391 2939 quia
1432 2869 1490 2923 id
1539 2887 1911 2942 nequaquam

253 2957 444 3012 fecere
476 2960 683 3028 potest,
717 2962 784 3011 ut
814 2956 918 3011 tibi
951 2957 1124 3012 draco
1155 2957 1251 3012 hic
1309 2974 1560 3030 magnus
1609 2965 1665 3014 et
1697 2961 1755 3014 in
1787 2977 1912 3014 ma-

255 3045 392 3101 litia
421 3049 626 3116 potens
657 3047 958 3116 subjectus
993 3046 1069 3100 sit
1114 3063 1126 3102 :
1162 3052 1455 3102 memento
1494 3047 1553 3102 in
1587 3047 1694 3103 hac
1725 3049 1912 3104 tribu-

253 3133 477 3190 latione
550 3152 852 3205 pcenarum
911 3141 1148 3191 tuarum
1201 3141 1402 3190 contra
1432 3153 1607 3208 quam
1638 3137 1825 3192 ferum
1857 3143 1913 3193 et

1917 1843 1964 1906 B

2010 555 2347 625 tionemque
2378 560 2737 625 sanctorum,
2771 564 2873 612 aut
2913 560 2985 613 ad
3033 559 3370 630 iniquorum
3402 582 3658 636 poenam.

2012 641 2153 706 Quis
2179 642 2333 696 enim
2367 644 2632 699 resistere
2665 650 2856 716 potest
2883 647 3068 700 vultui
3103 665 3228 703 meo
3249 650 3276 702 ?
3303 650 3409 706 Ubi
3442 653 3551 709 hoc
3583 655 3661 709 vi-

2013 730 2182 784 detur
2213 731 2450 796 dixisse,
2507 735 2659 803 quod
2711 735 2832 789 solo
2884 736 3145 806 aspectui
3181 739 3506 809 majestatis
3535 743 3657 814 Dei,

2014 819 2207 873 omnis
2239 825 2505 876 creatura
2557 823 2724 878 cedat
2771 829 2827 878 et
2875 829 3102 880 tremat.
3153 827 3294 892 Quis
3344 834 3478 885 ante
3504 833 3664 888 dedit

2014 908 2159 962 mihi
2192 913 2256 962 ut
2301 911 2540 966 reddam
2587 913 2637 966 ei
2676 912 2704 966 ?
2752 913 2950 968 omnia
2997 931 3123 985 quae
3175 918 3284 972 sub
3330 918 3472 974 ccelo
3503 928 3662 987 sunt,
3757 945 3762 948 -

2017 1015 2146 1052 mea
2176 1004 2332 1053 sunt.
2367 999 2490 1054 Non
2525 1001 2702 1068 enim,
2757 1002 2857 1073 ait,
2911 1021 2944 1057 a
2973 1021 3270 1076 quoquam
3313 1013 3663 1078 potestatem

2015 1087 2232 1159 accepi,
2284 1105 2459 1159 quam
2509 1089 2828 1161 aliquando
2864 1093 3108 1148 forsitan
3140 1111 3256 1148 non
3304 1095 3612 1152 habuerim
3647 1115 3660 1153 :

2019 1180 2081 1230 ut
2109 1176 2160 1230 ei
2192 1177 2359 1248 quasi
2383 1194 2486 1248 pro
2510 1177 2618 1233 hoc
2649 1179 2930 1236 beneficio
2956 1182 3177 1254 gratias
3210 1200 3404 1255 agam,
3435 1191 3536 1241 aut
3565 1187 3666 1242 ali-

2017 1265 2157 1335 quid
2189 1265 2240 1319 ei
2271 1266 2670 1322 retributionis
2711 1268 3070 1340 impendam.
3123 1272 3458 1329 Secundum
3509 1276 3667 1332 hunc

2016 1372 2257 1410 sensum
2289 1361 2345 1410 et
2389 1356 2702 1427 Apostolus
2756 1358 3011 1428 loquitur
3062 1378 3075 1414 :
3118 1361 3220 1414 Aut
3258 1364 3402 1432 quis,
3448 1363 3664 1435 inquit,

2015 1443 2162 1498 dedit
2195 1445 2301 1511 illi,
2335 1449 2385 1498 et
2415 1446 2753 1502 relribuetur
2775 1449 2829 1501 ei
2859 1449 3029 1514 (Rom.
3061 1467 3139 1519 x1,
3171 1451 3312 1522 35)?
3344 1451 3450 1506 Ubi
3482 1453 3540 1507 in
3573 1453 3666 1508 his

2013 1533 2204 1588 verbis
2236 1533 2390 1588 Deus
2421 1533 2681 1590 adfuisse
2712 1551 2942 1606 semper
2973 1543 3355 1594 monstratur.

2089 1645 2115 1670 ‹‹
2151 1621 2276 1676 Non
2309 1639 2542 1693 parcam
2575 1623 2626 1678 ei
2657 1623 2848 1679 verbis
2881 1627 3216 1696 potentibus
3268 1635 3324 1683 et
3355 1631 3426 1684 ad
3461 1631 3665 1703 depre-

2017 1709 2268 1764 candum
2303 1711 2661 1782 compositis.
2695 1733 2722 1760 »
2758 1712 2876 1767 Hoc
2908 1714 3178 1769 fortassis
3208 1716 3280 1771 de
3311 1717 3564 1784 diabolo,
3597 1721 3670 1774 de

2018 1799 2187 1868 cujus
2217 1799 2410 1854 verbis
2459 1799 2554 1854 hic
2600 1799 2884 1872 loquitur,
2925 1802 3250 1876 intelligere
3302 1822 3620 1877 possumus
3656 1826 3668 1862 :

2018 1888 2127 1942 etsi
2161 1888 2237 1942 sit
2268 1887 2499 1944 rebellis
2530 1889 2586 1942 in
2619 1889 2802 1944 Deum
2835 1896 2891 1944 et
2923 1897 3439 1964 contumax,suum
3472 1900 3668 1951 tamen

2017 1980 2279 2031 tremens
2312 1976 2528 2031 sentiat
2559 1983 2899 2046 creatorem,
2953 1984 3009 2034 et
3057 1981 3326 2052 quamvis
3358 1983 3672 2040 immemor

2022 2065 2374 2120 conditionis
2407 2083 2545 2136 suae,
2578 2071 2773 2121 tamen
2823 2072 3105 2139 tanquam
3139 2085 3340 2126 servus
3389 2089 3668 2144 nequam,

2021 2155 2230 2210 saltem
2263 2159 2498 2210 coactus
2534 2157 2840 2211 Dominum
2874 2175 3046 2212 suum
3072 2159 3373 2216 obsecrare
3403 2161 3666 2217 simulat.

2096 2268 2116 2293 α
2151 2243 2292 2306 Quis
2321 2244 2600 2298 revelabit
2648 2245 2855 2300 faciem
2901 2245 3230 2302 indumenti
3287 2249 3462 2320 ejus?
3491 2272 3520 2300 «
3570 2251 3668 2306 Hic

2019 2333 2364 2388 indumento
2401 2333 2650 2388 velatam
2684 2334 2887 2388 faciem
2921 2335 3137 2391 diaboli
3175 2336 3283 2393 Job
3333 2337 3492 2409 dicit,
3527 2345 3670 2410 puta

2019 2440 2080 2477 se
2114 2422 2496 2494 transfigurat
2554 2422 2610 2476 in
2657 2421 2931 2494 angelum
2977 2422 3126 2478 lucis
3175 2425 3245 2495 (II
3294 2425 3413 2480 Cor.
3447 2427 3668 2497 211,14).

2021 2510 2331 2566 Revelatur
2361 2515 2555 2566 autem
2588 2510 2762 2566 facies
2796 2529 2830 2565 a
2859 2511 3124 2577 Domino,
3176 2529 3311 2568 cum
3359 2518 3514 2570 artes
3565 2531 3672 2570 nes

2019 2601 2339 2672 quitiarum
2372 2599 2530 2655 illius
2561 2601 2933 2671 deteguntur.

2094 2712 2121 2739 «
2154 2691 2221 2744 Et
2249 2689 2308 2744 in
2343 2690 2604 2744 medium
2635 2690 2754 2744 oris
2775 2691 2902 2760 ejus
2934 2691 3068 2761 quis
3091 2691 3335 2747 intrabit
3359 2691 3387 2744 ?
3421 2714 3447 2741 ››
3479 2693 3584 2747 Hic
3606 2710 3672 2748 os

2021 2778 2260 2846 diaboli,
2295 2779 2632 2833 indesinens
2663 2778 3031 2850 blasphemia
3082 2780 3210 2848 ejus
3259 2784 3451 2850 potest
3500 2781 3670 2836 intel-

2019 2869 2142 2940 ligi,
2178 2869 2331 2940 quod
2368 2868 2792 2922 obstruendum
2839 2885 2874 2922 a
2928 2867 3044 2922 Deo
3093 2873 3182 2922 est
3227 2873 3400 2939 atque
3446 2869 3670 2941 opilan-

2021 2959 2185 3019 dum,
2220 2973 2354 3011 cum
2385 2956 2555 3010 verbo
2591 2956 2820 3010 Domini
2854 2956 3026 3010 fuerit
3055 2958 3580 3027 penetratum.Sive
3613 2959 3672 3012 in

2023 3046 2281 3100 medium
2314 3045 2430 3099 oris
2463 3045 2590 3114 ejus
2623 3045 2754 3115 quis
2789 3044 3084 3098 intrabit?
3132 3050 3326 3116 potest
3360 3045 3440 3100 ita
3470 3048 3674 3102 sentiri

2023 3141 2088 3189 ut
2119 3152 2182 3189 os
2215 3133 2428 3188 diaboli
2462 3132 2727 3187 infernus
2772 3131 3136 3204 intelligatur
3176 3150 3188 3187 :
3224 3135 3295 3188 ad
3327 3151 3501 3205 quem
3547 3135 3673 3191 Sal-

253 3229 486 3278 trucem
517 3223 745 3278 hostem
778 3223 999 3279 bellum
1032 3223 1308 3280 habueris
1341 3242 1353 3278 :
1389 3225 1646 3280 sufﬁciat
1679 3226 1785 3282 tibi
1815 3229 1913 3282 ad-
1945 3223 1987 3288 C
2027 3228 2190 3278 vator
2219 3222 2540 3285 descendit,
2575 3227 2638 3276 ut
2685 3222 2992 3276 devoratos
3040 3239 3074 3276 a
3127 3221 3356 3278 diabolo
3405 3223 3676 3280 homines

251 3329 497 3368 versum
528 3329 620 3368 me
650 3314 824 3368 verba
853 3331 1059 3385 aspera
1091 3314 1375 3381 locutum,
1398 3315 1495 3369 ubi
1532 3332 1703 3371 nosse
1736 3321 1791 3372 te
1822 3334 1914 3371 vo-

251 3401 343 3456 lui
395 3403 673 3472 quoniam
730 3403 885 3457 hunc
936 3403 1326 3458 fortissimum
1378 3403 1685 3459 inimicum
1742 3410 1912 3460 tuum

253 3507 540 3562 superare
570 3508 635 3546 ac
665 3492 894 3547 vincere
935 3492 1320 3564 nequivisses,
1363 3493 1475 3548 nisi
1529 3511 1597 3549 ex
1627 3500 1912 3566 prazcepto

250 3579 492 3651 imperii
525 3581 638 3635 mei
671 3587 906 3653 accepta
926 3581 984 3635 in
1015 3588 1115 3636 tua
1141 3584 1650 3654 potestatejussus
1681 3584 1910 3653 fuisset,

251 3674 313 3723 et
344 3673 510 3722 tuam
529 3668 914 3724 nihilominus
947 3671 1204 3724 animam
1237 3671 1518 3725 custodiri
1546 3690 1580 3727 a
1605 3673 1916 3744 mc.[gitur

249 3757 316 3810 in
349 3757 631 3812 ditionem
662 3757 823 3814 illius
868 3759 950 3814 ita
981 3760 1155 3814 datus
1195 3777 1278 3827 es,
1313 3766 1378 3814 ut
1423 3777 1537 3816 non
1571 3761 1826 3834 amplius
1857 3768 1914 3817 te

253 3847 570 3918 affligeret,
605 3865 782 3918 quam
813 3849 964 3904 vires
996 3854 1104 3903 tuae
1135 3854 1492 3920 paterentur.

336 3959 364 3984 ‹‹
401 3936 545 3991 Ecce
575 3954 708 4008 spes
739 3938 868 4007 ejus
899 3939 1280 3993 irustrabitur
1311 3956 1466 4004 eum,
1499 3944 1555 3993 et
1583 3938 1916 3995 videntibus

258 4024 494 4078 cunctis
525 4025 878 4097 praecipitur.
932 4051 959 4075 ››
1010 4028 1151 4082 Cum
1204 4027 1261 4082 in
1302 4033 1618 4098 conspectu
1678 4028 1918 4101 angelo-

259 4129 399 4166 rum
432 4119 856 4182 sanctorum,et
884 4115 1332 4171 innumerabilis
1366 4116 1765 4173 multitudinis
1788 4119 1918 4173 bea-

260 4208 462 4256 torum
486 4201 793 4258 hominum
825 4205 1222 4276 praecipitatus
1253 4207 1429 4260 fuerit
1475 4207 1532 4260 in
1563 4207 1915 4278 gehennam,

255 4291 579 4362 ignemque
609 4297 914 4359 aeternum,
943 4311 1107 4364 spem
1139 4295 1288 4365 ejus,
1322 4312 1438 4366 qua
1467 4312 1528 4350 se
1571 4298 1776 4351 fortem
1811 4314 1916 4368 pu-

255 4385 346 4434 tat
376 4381 638 4445 evadere,
673 4380 1032 4437 horrendum
1064 4388 1121 4437 et
1155 4385 1385 4454 justum
1433 4385 1728 4454 judicium
1781 4402 1918 4440 eum

259 4468 662 4534 frustrabitur,
693 4476 752 4524 et
780 4487 950 4526 cassa
979 4476 1154 4542 atque
1176 4472 1373 4527 inania
1405 4473 1669 4545 cogitans
1698 4473 1758 4528 in
1793 4475 1921 4529 irri-

257 4563 392 4612 tum
425 4558 760 4613 deducetur.

899 4651 1126 4705 CAPUT
1167 4651 1301 4705 XLI.

339 4758 370 4786 (ι
427 4737 550 4790 Non
592 4737 761 4808 quasi
793 4738 1047 4794 crudelis
1080 4739 1374 4794 suscitabo
1405 4755 1561 4794 eum.
1594 4741 1733 4803 Quis
1766 4742 1922 4797 enim

265 4825 538 4879 resistere
568 4831 762 4896 potest
792 4827 980 4882 vultui
1014 4834 1225 4898 meo,et
1257 4829 1390 4899 quis
1421 4834 1553 4883 ante
1584 4829 1743 4883 dedit
1776 4831 1919 4884 mihi

269 4917 336 4966 ut
367 4912 608 4967 reddam
665 4914 714 4969 ei
739 4915 765 4969 ‘?
813 4917 1023 4971 Omnia
1070 4934 1196 4988 qua:
1249 4918 1358 4972 sub
1411 4917 1552 4974 coelo
1602 4923 1757 4983 sunt,
1795 4936 1924 4974 mea

265 5006 429 5055 sunt.
468 5025 496 5049 ››
527 5006 696 5057 Hunc
727 5003 906 5076 igitur
935 5005 1243 5061 inimicum
1278 5024 1392 5062 non
1428 5014 1488 5061 ut
1534 5007 1788 5062 crudelis
1820 5025 1919 5062 su-

264 5089 441 5144 scitat
467 5090 640 5161 Deus,
675 5094 772 5164 qui
805 5111 940 5149 eum
973 5096 1141 5166 quasi
1191 5097 1400 5167 punire
1443 5096 1736 5151 desiderat
1771 5115 1784 5152 :
1817 5096 1920 5152 Vel

261 5197 651 5252 quoscunque
683 5189 1018 5239 sanctorum
1070 5185 1446 5241 collocatione
1495 5187 1622 5256 ejus
1655 5186 1868 5242 elidere
1904 5205 1916 5243 :

262 5269 438 5336 cujus
470 5274 690 5324 natura:
722 5270 1030 5330 luculenta:
1061 5277 1256 5347 potius
1275 5280 1488 5330 aeterna
1522 5275 1746 5330 bonitas
1771 5293 1922 5330 com-

261 5357 411 5428 petit
460 5373 475 5411 :
529 5359 630 5412 sed
685 5362 968 5418 suscitare
1018 5365 1170 5420 Deus
1233 5381 1387 5418 nunc
1446 5365 1758 5418 Leviathan
1813 5366 1920 5420 hoc

262 5445 440 5500 modo
475 5447 710 5516 dicitur,
741 5456 804 5504 ut
836 5469 970 5506 eum
1012 5454 1232 5509 creteris
1265 5453 1453 5526 qualis
1485 5453 1561 5508 sit
1593 5453 1924 5509 manifestat

262 5552 443 5606 quem
474 5535 634 5592 velut
665 5540 1026 5597 Pharaonem
1077 5543 1252 5614 longa
1298 5543 1925 5614 impunitate,‘diutius

233 5624 558 5680 'insultarc
611 5629 921 5699 permittit.
953 5635 1092 5701 _lloc
1141 5632 1298 5688 enim
1339 5631 1674 5702 justissimo
1699 5631 1924 5700 judicio

1951 4595 2000 4661 D

2022 3313 2311 3368 liberaret.
2346 3313 2416 3365 Et
2446 3310 2572 3365 ideo
2600 3311 2754 3380 quod
2788 3310 3054 3365 futurum
3097 3316 3220 3365 erat
3251 3313 3554 3384 temporis,
3587 3313 3674 3368 di-

2023 3402 2106 3456 xit
2140 3419 2153 3456 ε
2200 3404 2260 3456 In
2296 3400 2553 3455 medium
2583 3399 2699 3454 oris
2733 3400 2861 3470 ejus
2891 3399 3022 3470 quis
3057 3399 3354 3454 intrabit?

2099 3516 2124 3541 ‹‹
2163 3491 2363 3546 Portas
2393 3488 2590 3544 vultus
2621 3489 2749 3558 ejus
2780 3489 2912 3559 quis
2953 3489 3220 3560 aperiet?
3253 3512 3281 3537 »
3313 3489 3590 3544 Abditam
3622 3495 3679 3545 et

2027 3581 2214 3636 multo
2248 3585 2466 3634 secreto
2517 3578 2919 3633 absconditam
2969 3578 3372 3633 fortitudinem
3414 3578 3680 3650 hypocri-

2027 3687 2156 3725 seos
2190 3668 2576 3735 diaboli,dicit
2605 3667 2890 3722 Dominus
2913 3683 2974 3722 se
3001 3667 3432 3738 patefacturum
3461 3684 3472 3722 :
3500 3685 3678 3739 quam

2025 3759 2083 3813 in
2144 3759 2414 3831 passione
2477 3762 2532 3811 et
2597 3773 2766 3811 cruce
2833 3773 2938 3810 sua
3002 3761 3201 3827 aperte
3260 3756 3681 3823 manifestavit,

2029 3849 2261 3920 quando
2293 3863 2427 3902 cum
2459 3845 2825 3918 principibus
2874 3844 2999 3900 suis
3029 3850 3086 3900 et
3133 3844 3521 3915 potestatibus
3560 3851 3678 3900 tra-

2029 3938 2242 3992 ductus
2290 3954 2323 3991 a
2377 3935 2517 3990 Filio
2564 3934 2665 3989 Dei
2715 3951 2921 4005 parum
2974 3933 3324 3988 ﬂducialiter
3353 3932 3682 4004 triumphat

2029 4027 2250 4098 (σαίρεις.
2288 4043 2346 4091 ιι,
2381 4025 2491 4094 15).

2104 4140 2131 4165 ‹‹
2164 4117 2270 4170 Per
2299 4131 2506 4186 gyrum
2539 4113 2802 4168 dentium
2827 4112 2954 4181 ejus
2986 4111 3254 4166 formido.
3292 4109 3677 4166 »Voratorem

2029 4211 2086 4261 et
2117 4203 2507 4260 insatiabilem
2540 4201 2696 4255 hunc
2739 4200 3044 4255 inimicum
3077 4198 3236 4266 dicit,
3271 4198 3369 4269 qui
3401 4199 3560 4254 velut
3589 4217 3680 4254 ra—

2030 4294 2349 4366 pacissima
2379 4291 2584 4356 bestia,
2619 4290 2892 4344 dentibus
2925 4288 3123 4343 omnia
3151 4293 3478 4355 consumat,
3520 4293 3576 4344 et
3601 4289 3684 4343 id-

2031 4384 2182 4438 circo
2217 4381 2464 4436 formido
2498 4384 2555 4434 et
2585 4380 2763 4433 timor
2793 4379 2851 4432 in
2883 4394 3024 4450 gyro
3055 4376 3322 4433 dentium
3363 4379 3512 4448 ejus,
3545 4378 3683 4449 quia

2031 4473 2102 4527 ad
2134 4470 2526 4525 devorandum
2562 4468 2750 4539 parati
2776 4473 2932 4522 sunt.

2105 4585 2130 4610 ‹‹
2167 4561 2390 4631 Corpus
2415 4557 2553 4613 illus
2585 4557 2753 4629 quasi
2786 4561 2952 4612 scuta
2982 4555 3198 4627 fusilia,
3227 4560 3284 4610 et
3313 4561 3682 4626 compactum

2010 4632 2298 4723 .squamis
2329 4664 2391 4703 se
2447 4646 2870 4719 prementibus.
2906 4647 3030 4700 Una
3061 4645 3162 4700 uni
3193 4644 3592 4714 conjungitur,
3626 4649 3684 4698 et

2036 4758 2107 4796 ne
2137 4737 2496 4810 spiraculum
2530 4735 2770 4808 quidem
2802 4735 3021 4791 incedit
3052 4751 3156 4806 per
3183 4750 3303 4788 eas.
3329 4733 3490 4788 Unde
3520 4731 3685 4788 alteri

2037 4828 2375 4894 adhaerebit,
2408 4831 2462 4882 et
2506 4830 2769 4881 tenentes
2801 4841 2860 4880 se
2909 4839 3284 4896 nequaquam
3326 4822 3685 4892 separabun-

2035 4926 2152 4974 tur.
2191 4942 2210 4966 »
2246 4918 2389 4972 Tres
2420 4915 2702 4970 hiversus
2735 4913 3014 4978 continui,
3050 4913 3159 4968 sub
3183 4912 3545 4966 diversorum
3570 4925 3686 4965 ser-

2036 5025 2281 5065 monum
2333 5004 2699 5078 repetitione,
2751 5020 2934 5058 unum
2994 5003 3269 5072 idemque
3338 4999 3683 5070 loquuntur.

2036 5100 2259 5169 Corpus
2289 5112 2424 5166 ergo
2455 5093 2694 5162 diaboli,
2728 5109 2932 5148 omnes
2963 5095 3261 5147 consortes
3288 5091 3438 5161 ejus,
3479 5092 3536 5143 et
3567 5087 3686 5160 spi-

2036 5189 2186 5242 ritus
2220 5183 2511 5239 immundi
2542 5181 2903 5253 intelligendi
2934 5187 3094 5246 sunt,
3145 5197 3293 5253 quos
3340 5183 3506 5234 tanta
3547 5194 3686 5233 con-

2036 5276 2306 5332 sensione
2337 5277 2509 5343 atque
2541 5269 2972 5341 conspiratione
3004 5275 3156 5325 Deus
3189 5269 3329 5324 dicit
3357 5267 3441 5322 illi
3475 5267 3687 5336 adjun-

2035 5371 2178 5428 ctos,
2214 5369 2275 5417 ut
2307 5359 2725 5416 indisscciabili
2759 5360 3114 5414 connexione
3146 5359 3264 5414 sint
3293 5357 3483 5413 eidem
3514 5373 3689 5429 copu-

2033 5454 2158 5523 lati,
2192 5469 2339 5524 quos
2371 5450 2546 5503 etiam
2578 5449 2687 5502 sub
2741 5447 3050 5520 allegorica
3097 5447 3370 5511 dictione,
3405 5461 3687 5516 squama-

2034 5560 2165 5598 rum
2206 5538 2441 5596 nomine
2500 5535 2830 5609 appellavit,
2881 5554 3007 5608 quas
3056 5537 3136 5592 ita
3166 5537 3426 5592 densata
3458 5533 3597 5604 sint,
3631 5537 3691 5587 et

2034 5633 2231 5690 stricte
2265 5628 2376 5685 sibi
2415 5626 2662 5682 invicem
2703 5625 3084 5696 cohaerentes,
3117 5631 3183 5683 ut
3212 5623 3442 5682 nullum
3463 5620 3578 5678 illis
3612 5618 3692 5676 sit
