3980 6184
377 334 498 397 839

1871 327 2296 391 ΑΡΡΕΝΒΙΧ.

3623 322 3737 397 ω

376 465 741 544 spiraculum
770 464 1100 539 respirandi
1129 465 1204 521 ad
1250 466 1457 536 Deum,
1509 481 1576 521 eo
1606 464 1763 537 quod
1813 463 1885 520 ab
1926 463 2028 518 illa
2056 467 2110 533 Α
2136 463 2450 520 ministret.
2484 464 2569 520 Ita
2599 464 2758 521 enim
2788 467 2846 521 et
2877 461 3175 521 similibus
3198 463 3328 536 ejus
3356 463 3607 523 Dominus
3627 466 3713 525 ait:

380 558 473 615 sui
523 555 880 612 connexione
945 571 1318 628 nequaquam
1368 554 1441 610 ad
1482 554 1791 609 sanitatem
1852 552 2033 625 poeni-

376 646 568 705 tentias
600 645 954 701 relaxentur.
980 645 1147 711 Quod
1180 648 1375 700 autem
1408 644 1701 699 dmmones
1732 641 1897 714 impii
1930 641 2034 697 mi-

381 736 552 793 nistri
584 734 822 802 diaboli,
876 734 1062 790 scutis
1111 733 1386 789 fusilibus
1435 735 1869 804 comparantur,
1923 730 2033 785 hoc

384 825 621 883 nomine
651 841 853 880 eorum
900 823 1195 896 signiﬁcat
1226 822 1530 889 Dominus,
1581 821 1734 892 quod
1785 818 2033 875 nimium

393 914 660 989 pertinax
710 917 768 970 et
797 912 1089 969 obstinate
1136 910 1445 979 rebellans,
1498 915 1553 966 et
1585 909 1811 965 lortiter
1848 908 2037 965 solida

390 1023 456 1062 ac
504 1004 781 1076 perennis
827 1002 905 1058 sit
946 1018 1149 1057 eorum
1185 1000 1528 1073 repugnatio
1576 1002 1779 1055 contra
1826 998 2032 1055 Deum.

385 1093 695 1151 Diabolum
724 1094 892 1147 vetus
940 1090 1121 1146 editio
1169 1089 1452 1157 smaragdi
1480 1089 1663 1160 lapidi
1687 1086 2038 1143 assimilavit

385 1183 487 1257 qui
527 1186 738 1239 natura
765 1196 937 1252 asper
985 1184 1096 1248 est,
1147 1178 1260 1233 alia
1310 1177 1513 1233 attritu
1563 1176 1899 1244 lmviﬁcans,
1935 1176 2035 1231 sed

384 1274 510 1345 ipse
539 1288 709 1345 asper
739 1286 867 1326 esse
908 1286 1025 1325 non
1078 1268 1355 1324 desinens
1407 1270 1621 1322 cuncta
1663 1264 2033 1333 comminuit,

386 1361 836 1419 diminutionem
868 1362 1065 1414 autem
1097 1357 1187 1414 sui
1220 1374 1333 1413 non
1363 1356 1644 1412 sentiens.

458 1474 487 1502 «
552 1450 907 1506 Sternutatio
945 1449 1073 1517 ejus
1121 1451 1186 1501 ut
1232 1444 1507 1518 splendor
1554 1443 1729 1517 ignis,
1782 1446 1839 1499 et
1888 1442 2038 1498 oculi

384 1543 514 1613 ejus
546 1542 611 1595 ut
637 1538 922 1610 palpebrae
952 1534 1216 1590 diluculi.
1244 1555 1273 1584 »
1316 1534 1465 1604 Sive,
1500 1537 1566 1590 ut
1588 1533 1684 1589 alii
1715 1532 1991 1589 dixerunt
2021 1550 2033 1587 :

383 1634 447 1688 In.
474 1632 911 1686 sternutamento
941 1626 1057 1695 ejus
1086 1624 1362 1679 illucescit
1408 1624 1508 1691 sol,
1564 1627 1615 1678 et
1654 1623 1801 1679 oculi
1830 1623 1949 1694 ejus
1977 1629 2040 1677 ut

383 1719 589 1790 species
616 1714 890 1788 Luciferi.
940 1711 1297 1768 Sternutatio
1348 1713 1551 1768 sordes
1583 1711 1804 1767 cerebri
1835 1710 2038 1783 egerit,

387 1812 445 1863 et
488 1805 633 1861 vitia
677 1819 745 1859 ex
791 1802 1018 1858 interno
1067 1806 1343 1873 concepto
1392 1803 1697 1875 depurgat.
1758 1799 2032 1856 Diabolus

386 1911 545 1968 ergo,
579 1892 680 1966 qui
727 1895 887 1948 totus
940 1892 1216 1947 sordibus
1245 1895 1302 1948 et
1331 1891 1545 1947 fetidus
1578 1895 1683 1963 est,
1715 1890 1776 1945 in
1808 1890 1916 1945 hoc
1942 1889 2032 1945 lu-

384 1983 543 2040 mine
572 1999 634 2039 se
662 1980 891 2037 videtur
919 1980 1245 2051 ostendere,
1278 1997 1411 2036 cum
1443 1981 1841 2052 tranﬁgurans
1886 1995 1948 2034 se
1977 1978 2037 2033 in

384 2071 658 2147 angelum
688 2070 838 2126 lucis
868 2068 1103 2125 malitias
1135 2086 1253 2125 sua:
1280 2070 1484 2126 sordes
1506 2069 1567 2124 in
1590 2068 1908 2141 perniciem
1939 2067 2040 2123 ho-

386 2161 616 2219 minum
647 2177 783 2216 cum
817 2158 1200 2215 delectatione
1231 2161 1507 2231 operatur
1535 2161 1592 2213 et
1622 2158 1846 2228 eﬂ'udit,
1882 2160 1939 2212 et
1969 2157 2039 2211 de

386 2251 624 2321 invidia,
655 2250 714 2304 id
747 2253 836 2304 est
867 2249 939 2304 de
970 2248 1260 2303 malorum
1287 2247 1553 2303 omnium
1585 2247 1796 2319 capite,
1817 2262 2040 2302 venena

391 2354 500 2397 sua
539 2341 865 2396 commovet
911 2354 978 2393 ac
1026 2336 1312 2409 producit.
1362 2335 1526 2392 Oculi
1577 2340 1773 2391 autem
1822 2332 2039 2390 diaboli

386 2428 519 2485 falsi
543 2427 838 2500 prophetae
856 2424 1219 2497 intelligendi
1246 2426 1482 2493 sunt,de
1502 2423 1777 2497 qualibus
1800 2427 2038 2480 sanctus

394 2517 579 2574 Isaias
611 2516 851 2587 ait,cum
874 2515 947 2570 ad
978 2518 1339 2586 peccatorem
1363 2513 1648 2586 populum
1681 2513 2038 2585 loqueretur,

392 2607 597 2663 dicens
629 2606 701 2661 de
750 2605 866 2660 Deo
900 2620 913 2659 :
949 2602 1175 2659 Claudat
1223 2604 1404 2659 oculos
1459 2607 1659 2659 vestros
1705 2604 1832 2673 (Isa.
1880 2619 2038 2657 XXIX.

394 2695 484 2768 10)
517 2713 531 2751 :
566 2694 667 2767 qui
715 2690 1092 2765 instigatione
1138 2692 1212 2748 ab
1260 2707 1325 2748 eo
1374 2691 1646 2764 inspirati
1694 2691 2040 2763 loquuntur,

393 2801 521 2857 qua:
576 2782 768 2839 vicina
805 2782 1076 2837 videntur
1113 2780 1324 2837 lumini
1375 2780 1657 2837 veritatis.
1717 2780 1878 2836 Sicut
1915 2779 2042 2852 pal-

391 2873 581 2947 pebras
611 2876 751 2929 sunt
781 2869 1047 2939 diluculi,
1081 2886 1215 2926 cum
1253 2875 1454 2926 tamen
1485 2870 1631 2925 nihil
1666 2869 1910 2926 luminis
1942 2869 2042 2925 Dei

388 2962 747 3036 possideant.
781 2960 951 3028 Nam,
1002 2959 1233 3016 etiamsi
1271 2960 1580 3016 videantur
1612 2958 1848 3015 initium
1894 2958 2041 3014 lucis

392 3052 453 3107 in
508 3067 569 3109 se
625 3051 953 3120 ostendere,
997 3065 1125 3120 qua:
1182 3049 1267 3104 eis
1323 3049 1700 3122 hypocriseos
1760 3049 2043 3104 fermento

390 3139 666 3206 eXoritur,
699 3137 1141 3195 mendaciorum
1172 3143 1364 3195 tamen
1418 3139 1691 3195 tenebras
1722 3138 1916 3211 specie
1946 3155 2041 3194 ve-v

393 3228 585 3286 ritatis
616 3228 934 3284 obducunt.

458 3342 488 3369 «
525 3324 600 3375 De
630 3333 727 3375 ore
777 3318 905 3388 ejus
953 3315 1255 3388 lampades
1308 3317 1629 3388 procedant
1677 3316 1831 3371 sicut
1868 3317 2029 3372 tzedm

386 3407 541 3482 ignis
573 3422 847 3463 accensze.
881 3425 910 3456 »
944 3405 1449 3470 Quemadmodum
1503 3420 1567 3460 os
1616 3405 1846 3459 Domini
1878 3405 2043 3460 locu-

388 3503 514 3554 tum
546 3501 655 3565 est,
688 3495 772 3549 ita
800 3499 857 3550 et
885 3509 1092 3549 omnes
1131 3492 1298 3564 impii
1352 3498 1411 3547 et
1459 3493 1749 3565 sacrilegi,
1804 3498 1860 3549 et
1890 3494 2044 3549 blas-

399 3586 623 3657 phemi,
686 3600 751 3639 os
801 3580 1016 3637 diaboli
1066 3584 1219 3636 recte
1269 3579 1564 3649 dicuntur,
1615 3598 1683 3636 ex
1726 3598 1841 3653 quo
1889 3584 2046 3638 taedae

393 3672 553 3746 ignis
583 3686 860 3741 accensae,
896 3669 1036 3736 sive,
1087 3676 1153 3724 ut
1198 3668 1298 3723 alii
1348 3669 1636 3737 dixerunt,
1704 3670 1904 3727 facula:
1955 3690 2048 3729 ar-

395 3763 601 3818 dentes
632 3759 974 3832 procedunt,
1003 3758 1062 3813 id
1084 3762 1191 3825 est,
1215 3759 1371 3831 ignis
1401 3763 1458 3814 et
1490 3776 1669 3830 poenze
1701 3777 1878 3817 causa
1910 3779 2048 3834 sug-

392 3849 618 3924 geritur
653 3864 665 3903 :
702 3853 756 3904 et
786 3847 845 3902 in
877 3846 1353 3920 Apocalypsi,ubi
1387 3849 1497 3904 sub
1530 3865 1815 3920 equorum
1847 3851 2053 3906 simili-

397 3939 602 3997 tudine
631 3937 692 3994 hi
724 3936 979 3993 ministri
1007 3935 1221 3992 diaboli
1254 3937 1689 4005 describuntur,
1743 3939 1825 3993 ita
1868 3940 1938 3994 de
1968 3940 2051 3996 eis

395 4030 614 4086 dicitur
647 4046 660 4083 :
695 4029 771 4083 De
811 4043 904 4083 ore
954 4042 1147 4083 eorum
1188 4027 1326 4081 exiit
1352 4028 1498 4097 ignis
1527 4033 1585 4082 et
1615 4030 1822 4097 fumus,
1854 4038 1905 4083 et
1935 4031 2048 4084 sul-

388 4122 538 4193 phur
566 4118 735 4190 (Acte.
771 4133 848 4186 Ix,
886 4116 975 4188 i7)
1011 4133 1025 4171 :
1082 4132 1197 4171 non
1230 4118 1537 4189 perspicue
1570 4117 1808 4193 quidem
1840 4116 1926 4172 ita
1956 4134 2051 4174 ex-

395 4192 538 4267 eunt
566 4208 638 4264 de
668 4223 767 4263 ore
796 4206 1133 4271 eorum,sed
1165 4204 1341 4260 verba
1373 4192 1704 4276 blasphemi
1735 4210 1874 4261 sunt
1894 4206 2050 4279 ignis

395 4302 454 4354 et
483 4298 717 4367 fumus;
737 4301 794 4350 et
822 4294 1093 4367 sulphur,
1128 4295 1281 4349 sicut
1313 4295 1385 4349 ad
1429 4310 1563 4349 eum
1611 4294 1896 4351 Dominus
1951 4313 2054 4368 per

399 4383 744 4460 prophetam
776 4383 859 4438 ait
890 4399 904 4437 :
940 4382 1251 4439 Producam
1282 4385 1468 4454 ignem
1506 4385 1580 4439 de
1608 4384 1795 4440 medio
1845 4387 1929 4441 tui
1957 4388 2055 4458 qui

397 4475 642 4533 comedat
671 4477 721 4530 te
752 4472 970 4545 (Επειδὴ.
1000 4489 1203 4539 xxvm,
1237 4473 1345 4544 18).

432 4634 439 4637 _
477 4589 498 4616 ι
548 4564 630 4621 De
660 4562 905 4619 naribus
937 4562 1066 4632 ejus
1114 4562 1377 4633 procedit
1405 4562 1628 4634 fumus,
1658 4583 1685 4613 ι»
1724 4564 1787 4619 Id
1819 4567 1910 4619 est
1946 4582 2050 4621 su-

400 4655 623 4730 perbia.
860 4718 872 4730 ‘

471 4769 499 4797 ‹‹
532 4745 697 4801 Sicut
752 4741 879 4799 ollae
941 4756 1235 4797 succensae
1296 4744 1470 4813 atque
1499 4742 1796 4798 ferventis.
1849 4763 1877 4791 »
1907 4743 2055 4806 Quia

400 4852 579 4910 vapor
607 4836 714 4891 aut
738 4831 865 4905 ipse
895 4847 959 4888 se
991 4834 1095 4886 aut
1126 4831 1598 4902 obtemperantes
1646 4835 1882 4904 generet
1913 4848 2051 4887 cau-

402 4943 498 4983 sas
525 4923 681 4998 ignis
713 4921 932 4978 aaterni.
967 4919 1265 4995 Superbiae
1296 4918 1541 4992 spiritus
1564 4919 1623 4974 in
1656 4919 1915 4977 anhelitu
1950 4938 2054 4976 na-

405 5014 563 5070 rium
620 5014 1079 5078 demonstratur,
1131 5008 1348 5082 quibus
1387 5008 1572 5065 animi
1621 5008 1712 5065 sui
1760 5013 2053 5066 tumorem

405 5099 753 5160 exanhelare
783 5117 847 5156 se
885 5101 1119 5174 gaudet,
1161 5100 1264 5156 sed
1297 5097 1593 5154 humiliari
1638 5115 1704 5155 ac
1752 5100 1990 5172 reprimi
2023 5117 2056 5155 a

405 5191 654 5250 Domino
687 5189 961 5263 superius
989 5188 1071 5244 ita
1097 5188 1313 5244 dicitur
1346 5206 1359 5244 :
1390 5189 1666 5259 Numquid
1689 5204 1859 5261 pones
1888 5191 2059 5245 circu-

407 5276 525 5337 lum
553 5280 616 5336 in
642 5278 895 5345 naribus,
927 5279 979 5333 et
1004 5276 1235 5333 armilla
1268 5277 1576 5350 per/orabis
1606 5276 1914 5334 maxillam
1943 5280 2059 5351 ejus

412 5372 575 5446 (vers.
606 5369 699 5442 21)
726 5367 757 5423 ‘I

490 5485 511 5513 ιι
546 5458 777 5517 Halitus
806 5458 935 5529 ejus
963 5472 1183 5529 prunas
1214 5456 1417 5513 ardere
1466 5457 1619 5514 facit.
1660 5480 1688 5507 »
1720 5457 1821 5514 Hic
1852 5462 1940 5514 est
1971 5459 2060 5514 fu-

415 5570 552 5625 ;nus
580 5552 710 5626 ejus
740 5564 771 5604 e
801 5546 1045 5603 naribus
1075 5563 1144 5603 ex
1186 5545 1449 5603 anhelitu
1498 5549 1647 5620 eius,
1684 5553 1750 5604 ut
1795 5549 2061 5606 carboni-

412 5641 529 5715 bus
583 5641 711 5704 suis
740 5639 938 5713 ignem
966 5636 1081 5694 sibi
1109 5639 1392 5694 aeternum
1439 5642 1498 5695 et
1545 5639 1895 5699 fumandum
1923 5640 2062 5696 sub-

2141 554 2427 610 Ambulat‘e
2456 555 2517 610 in
2545 556 2757 610 lumine
2783 557 2933 627 ignis
2960 556 3148 625 vestri,
3199 561 3253 611 et
3283 555 3343 609 in
3385 556 3595 626 ﬂammis
3619 568 3720 629 qua:

2142 643 2497 700 succendistis
2522 644 2672 700 vobis
2703 646 2829 719 (Isa.
2867 662 2918 711 L,
2948 645 3025 716 2).

2215 754 2243 783 «
2273 734 2343 788 Et
2373 734 2613 789 ﬂamma
2641 734 2712 789 de
2762 750 2859 789 ore
2889 734 3019 806 ejus
3047 732 3399 805 egredietur.
3446 755 3471 782 υ
3514 732 3635 804 Sive,
3674 740 3722 791 ut

2143 821 2241 876 alii
2273 822 2544 877 dixerunt
2577 839 2590 877 :
2624 823 2870 878 Flamma
2918 837 3042 878 vero
3069 821 3135 877 de
3166 836 3262 878 ore
3301 822 3419 893 ejus
3444 821 3665 890 globatur
3706 840 3718 878 :

2144 910 2222 965 ibi
2255 911 2411 967 idem
2443 928 2673 980 sensus,
2709 913 2865 984 quod
2898 914 3009 979 est,
3056 927 3241 984 poenae
3292 910 3721 984 blasphemiarum

2144 1000 2215 1055 de
2245 1017 2344 1055 ore
2384 1001 2601 1056 diaboli
2631 1000 2875 1073 globata:
2904 1000 3312 1074 egrediuntur.

2218 1111 2247 1139 ‹‹
2288 1090 2351 1145 In
2384 1088 2530 1145 collo
2580 1091 2708 1162 ejus
2759 1088 3086 1145 morabitur
3129 1089 3432 1158 fortitudo,
3477 1093 3529 1145 et
3567 1090 3721 1146 faciem

2145 1178 2273 1249 ejus
2306 1178 2580 1250 praecedit
2615 1182 2861 1252 egestas.
2885 1198 2913 1231 ιι
2949 1178 3092 1234 Colli
3124 1178 3386 1249 nomine,
3422 1177 3475 1233 id
3496 1182 3575 1234 est
3599 1181 3725 1234 Cervi-

2146 1268 2250 1335 cis,
2284 1272 2575 1324 tumorem
2606 1269 2947 1340 arrogantim
2980 1268 3197 1324 diaboli
3252 1266 3411 1325 dicit.
3454 1268 3639 1339 Cuiquc
3660 1269 3723 1324 di-

2146 1356 2299 1411 citur
2344 1374 2447 1429 per
2496 1358 2837 1430 prophetam
2888 1374 2901 1412 :
2952 1358 3163 1413 Nervus
3210 1361 3423 1430 ferreus
3466 1358 3629 1412 cervix
3662 1365 3726 1413 tua

2146 1446 2275 1512 (Isa.
2307 1462 2504 1518 XLVIII,
2533 1447 2590 1518 5)
2626 1463 2639 1501 :
2673 1447 2731 1501 in
2764 1463 2880 1518 qua
2911 1446 3256 1519 principalis
3303 1445 3515 1518 peccati
3558 1447 3722 1502 malum

2146 1534 2389 1590 habitat.
2423 1539 2541 1591 Hac
2599 1536 2783 1608 igitur
2822 1535 3110 1608 superbiae
3165 1535 3523 1604 fortitudine,
3560 1539 3608 1590 et
3631 1552 3726 1607 pro-

2147 1623 2323 1696 pheta
2349 1624 2543 1680 verbis
2575 1623 2735 1681 illius
2788 1625 3069 1697 loquitur,
3131 1625 3358 1694 dicens,
3418 1624 3724 1697 [altitudinem

2144 1714 2553 1785 faciam,quem
2584 1714 2657 1768 ob
2686 1712 2796 1768 hoc
2827 1713 3114 1770 Dominus
3145 1713 3416 1785 increpat
3441 1716 3494 1769 et
3521 1714 3639 1769 dicit
3660 1712 3724 1768 ei:

2146 1803 2211 1858 In
2278 1804 2549 1873 sapientia
2595 1810 2690 1858 tua
2734 1799 2926 1876 fecisti
2994 1803 3102 1859 tibi
3147 1801 3523 1875 fortitudinem
3564 1802 3723 1872 (Eucti.

2146 1907 2340 1958 xxvui,
2375 1892 2448 1963 4).
2481 1892 2551 1946 Et
2582 1891 2794 1947 iterum
2828 1891 2909 1946 ait
2937 1890 2989 1947 ei
3025 1910 3039 1948 :
3071 1896 3140 1947 In
3168 1892 3608 1963 negotiationibus
3649 1892 3726 1944 tui:

2146 1980 2535 2052 multiplicasli
2574 1980 2677 2036 tibi
2717 1981 3101 2053 fortitudinem
3149 1982 3321 2054 (Ibid.
3368 1982 3443 2053 5).
3488 1982 3722 2049 Itemque:

2145 2070 2431 2125 Elevatum
2476 2073 2555 2125 est
2601 2086 2696 2125 cor
2755 2073 2914 2125 tuum
2957 2072 3017 2125 in
3067 2070 3400 2142 fortitudine
3444 2074 3532 2125 tua
3569 2067 3724 2139 (Each.

2146 2175 2346 2225 χχχιιι,
2377 2158 2490 2230 28).
2525 2157 2687 2222 Quod
2721 2175 2851 2214 vero
2883 2159 2962 2213 ait
2992 2177 3005 2215 :
3043 2160 3279 2215 Faciem
3314 2158 3465 2215 illius
3510 2156 3723 2230 praecedet

2149 2252 2397 2320 egestas,
2430 2248 2539 2302 hoc
2570 2252 2658 2303 est
2688 2248 2843 2319 quod
2876 2248 2975 2303 ubi
3007 2246 3553 2322 appropinquaverit
3577 2245 3724 2300 diabo-

2149 2336 2422 2405 lus,illico
2444 2352 2649 2392 omnes
2680 2336 2792 2392 sibi
2815 2337 2942 2392 vita:
2963 2342 3135 2409 atque
3172 2339 3382 2394 animis
3411 2338 3549 2393 vires
3568 2334 3724 2391 exhau-

2149 2425 2351 2494 riatur,
2386 2443 2452 2481 ac
2482 2426 2815 2482 substantia
2840 2430 3252 2482 consumatur.
3544 2436 3549 2443 ‘

2224 2536 2253 2564 «
2284 2515 2545 2570 Membra
2576 2514 2840 2571 carnium
2866 2516 2996 2588 ejus
3025 2516 3381 2572 cohaerentia
3410 2512 3533 2572 sibi.
3556 2534 3579 2563 ι)
3604 2515 3724 2567 Mem-

2149 2604 2254 2659 bra
2283 2603 2501 2660 diaboli
2531 2610 2690 2674 sunt,
2725 2621 2874 2677 quos
2905 2622 3086 2677 supra
3137 2605 3202 2661 in
3233 2622 3479 2678 squama
3504 2608 3553 2659 et
3593 2599 3723 2658 scutis

2150 2693 2426 2749 fusiiibus
2458 2694 2795 2750 nominavit.
2829 2696 3104 2750 Carnium
3137 2700 3336 2751 autem
3378 2696 3498 2767 ejus
3527 2690 3724 2749 membra

2149 2783 2365 2838 idcirco
2396 2787 2537 2838 sunt
2566 2783 2727 2853 dicti,
2760 2784 3039 2856 quoniam
3070 2784 3408 2841 carnalibus
3440 2801 3499 2840 ac
3539 2779 3722 2853 ﬂagitio-

2152 2872 2234 2929 sis
2266 2872 2494 2929 actibus
2524 2872 2739 2941 dedita,
2765 2873 2817 2929 ei
2844 2872 3003 2929 velut
3032 2874 3265 2931 auctori
3299 2867 3722 2929 maiorum’cobe-

2156 2966 2359 3018 reant.‘

2226 3072 2255 3100 «
2299 3049 2491 3106 Mittet
2520 3055 2720 3106 contra
2751 3040 3019 3123 fulmina,
3052 3055 3107 3107 et
3138 3053 3214 3108 ad
3247 3052 3437 3109 locum
3467 3049 3617 3106 alium
3643 3058 3723 3099 non

2158 3141 2437 3196 ferentur.
2472 3163 2499 3190 ››
2527 3139 2680 3195 Ordo
2728 3139 2977 3196 dicentis
3009 3141 3107 3196 Dei
3140 3141 3254 3197 hoc
3286 3140 3405 3198 loco
3454 3136 3724 3195 obeam-atus

2072 3211 2125 3278 α’
2151 3229 2404 3296 videtur,
2439 3228 2537 3284 ubi
2569 3246 2704 3284 cum
2727 3229 2797 3284 de
2814 3229 3046 3286 diabolo
3078 3230 3456 3302 dicat,subito
3487 3235 3723 3298 personam

2157 3321 2479 3373 commutet
2507 3317 2707 3373 dicens
2739 3334 2755 3374 :
2787 3319 2975 3373 Mittet
3028 3323 3236 3375 contra
3266 3336 3397 3376 eum
3427 3315 3652 3379 fulmina,
3688 3310 3723 3360 ei

2155 3409 2229 3462 ad
2258 3407 2452 3463 locum
2485 3407 2665 3461 alium
2698 3424 2814 3462 non
2845 3408 3487 3464 ferentur.Credendum
3515 3395 3721 3471 estquod

2156 3495 2277 3550 haec
2311 3495 2558 3549 fulmina
2590 3512 2623 3549 a
2656 3499 2765 3551 Deo
2796 3496 3107 3551 mittantur
3133 3501 3336 3553 contra
3365 3493 3644 3554 diabolum,
3667 3500 3721 3539 se-

2156 3586 2417 3642 cundum
2448 3584 2615 3659 illum
2646 3602 2908 3652 sensum,
2941 3585 3041 3641 ubi
3074 3585 3291 3641 dicitur
3320 3604 3332 3642 :
3367 3585 3505 3641 Pluil
3529 3577 3721 3635 Dominus

2157 3692 2192 3729 a
2234 3675 2456 3728 Domino
2496 3674 2648 3743 (Gen.
2680 3691 2794 3741 xxx,
2826 3674 2940 3744 24).
2975 3675 3136 3740 Quod
3170 3675 3254 3730 ita
3281 3674 3373 3730 hic
3401 3673 3594 3728 dictum
3618 3660 3721 3720 arbi-

2158 3770 2383 3819 tramus
2417 3780 2430 3818 :
2465 3762 2599 3817 fecit
2630 3762 2803 3829 Deus,
2831 3764 2986 3836 quod
3020 3764 3251 3819 locutus
3273 3769 3359 3819 est
3390 3767 3540 3826 Deus,
3560 3750 3717 3811 Fulmi-

2160 3856 2336 3907 natur
2363 3855 2556 3907 autem
2587 3869 2620 3906 a
2648 3852 2764 3907 Deo
2796 3853 2969 3908 draco
3027 3853 3317 3921 diabolus,
3347 3849 3560 3923 quando
3592 3838 3721 3934 igneis

2160 3941 2262 3997 Dei
2292 3941 2542 4013 eloquiis
2573 3941 2644 3995 de
2673 3941 2893 4018 sanctis
2917 3942 3176 3997 nubibus
3198 3941 3634 4012 increpatur,qus
3653 3930 3724 3980 uti-

2161 4046 2273 4102 que
2322 4030 2590 4097 i'ulmina,
2644 4030 2703 4084 in
2753 4029 2944 4086 locum
2988 4033 3172 4087 missa
3224 4036 3392 4102 atque
3420 4027 3622 4090 directa,
3644 4026 3719 4070 non

2162 4121 2380 4174 frustra
2401 4119 2697 4188 jacientur
2725 4124 2782 4174 et
2812 4120 2882 4174 ad
2917 4118 3110 4174 locum
3144 4136 3261 4176 non
3294 4120 3548 4179 ferentur,
3582 4121 3661 4163 nec
3681 4114 3721 4156 8⁸

2162 4210 2233 4265 ab
2265 4208 2349 4264 eis
2380 4207 2649 4263 diabolus
2679 4208 3027 4279 gloriabitur
3057 4209 3428 4282 impunitum.

2234 4320 2263 4348 «
2297 4297 2405 4351 Cor
2449 4298 2579 4367 ejus
2608 4296 2982 4352 indurabitur
3021 4281 3303 4370 tanquam
3334 4294 3489 4366 lapis,
3519 4291 3567 4345 et
3591 4281 3718 4375 skill:

2161 4391 2332 4460 getur
2390 4366 2560 4457 quasi
2626 4384 2984 4442 malleatoris
3040 4366 3228 4443 incus.
3298 4407 3324 4435 »
3390 4383 3521 4450 Sive,
3574 4366 3716 4468 utflii

2162 4458 2455 4543 dixerunt,
2488 4480 2540 4532 et
2561 4478 2670 4530 stat
2720 4478 2861 4531 sicut
2892 4478 3048 4531 incus
3087 4474 3461 4547 infatigabilis.
3503 4468 3593 4522 Cor
3629 4458 3716 4513 dia—

2082 4579 2130 4643 D
2161 4563 2278 4620 boli
2309 4565 2522 4619 durum
2555 4569 2612 4620 et
2641 4564 2956 4620 inﬂexibile
3008 4569 3119 4636 est,
3177 4560 3505 4620 hebetudine
3542 4557 3716 4643 quoq"?

2164 4652 2379 4725 lapidis
2416 4658 2474 4708 et
2510 4654 2722 4726 rigore.
2780 4633 3211 4724 Constringitur
3260 4656 3462 4717 autem,
3510 4642 3607 4698 sive
3637 4633 3715 4689 sint

2165 4744 2319 4799 sicut
2366 4743 2553 4813 incus,
2606 4760 2733 4815 qua:
2783 4760 2897 4798 non
2947 4744 3305 4815 producitur.
3346 4740 3498 4793 Inous
3525 4732 3725 4815 numqui

2166 4832 2427 4892 czcditur.
2481 4809 2581 4887 sed
2625 4809 2740 4889 non
2794 4809 3152 4905 producitur,
3199 4828 3499 4901 superjecta
3522 4809 3711 4905 edomaiy

2167 4920 2489 4977 immobilis
2520 4925 2715 4977 autem
2746 4896 2876 4992 ipsa
2897 4896 3164 4977 consistit
3200 4939 3213 4976 :
3244 4896 3375 4974 talis
3397 4905 3622 4969 diabolus
3637 4896 3709 4992 est.

2168 5010 2452 5067 Fidelium
2485 5010 2641 5064 enim
2673 4985 3171 5082 increpationibus
3227 5005 3488 5065 tunditur,

2168 5104 2363 5154 tarum
2396 5100 2567 5154 dictis
2598 5079 2860 5170 caiditur,
2921 5104 3241 5171 martyrum
3279 5089 3494 5149 victoria
3518 5079 3706 5177 eliditur.

2169 5190 2271 5246 sed
2304 5206 2549 5245 manens
2577 5188 2823 5261 rigidus,
2860 5189 3062 5256 durus,
3093 5167 3625 5249 indcinitus,ieternis
3642 5156 3705 5214 εδ·

2169 5279 2363 5334 dictus
2392 5283 2481 5334 est
2513 5280 2718 5350 pmnis.

2243 5392 2272 5420 «
2325 5368 2471 5424 Cum
2512 5343 2782 5424 sublatus
2812 5369 2986 5424 fuerit
3027 5368 3313 5423 timebunt
3357 5351 3536 5428 angeli,
3561 5343 3701 5439 ειξετζ

2172 5459 2268 5515 riti
2302 5459 2767 5534 purgabuntur.»
2790 5458 2906 5513 Hoc
2928 5458 2997 5512 de
3029 5457 3198 5531 primi
3220 5448 3399 5510 saeculi
3427 5428 3701 5534 ιεωροτξίῖξδ

2172 5549 2393 5606 dictum
2415 5518 2601 5621 accipi
2629 5551 3136 5621 p0tcst.Quantum
3161 5547 3235 5603 sit
3253 5539 3450 5599 malum
3470 5518 3697 5621 ευρθτδιξς
3716 5562 3729 5578 ο

2163 5642 2291 5715 jam
2343 5643 2484 5697 tunc
2532 5599 2719 5710 arngreli
2771 5638 2957 5695 sancti
2999 5638 3148 5695 scire
3196 5625 3496 5709 potuerunt,
3529 5599 3697 5686 quam“
