3980 6184
219 347 336 408 841
1318 347 1836 410 COMMENTAR.
1884 347 1897 406 l

2021 347 2145 408 1οΒ
2190 347 2361 409 CAP.
2403 349 2556 410 XLI.
3517 350 3636 412 διε

215 481 612 554 ρι’ωευωριοι·
669 478 999 552 tyrannidis
1057 477 1187 534 caeli
1245 495 1377 535 arce
1434 479 1695 550 dejectus
1743 482 1869 546 est;
1903 479 1958 544 Α
1990 478 2242 549 fugatur.
2278 478 2388 533 Alii
2422 496 2554 534 vero
2584 479 2666 535 ita
2715 479 3027 535 dixerunt:
3073 481 3193 536 Non
3222 482 3479 538 vulnerat
3508 498 3640 538 eum

213 568 451 642 quando
482 565 660 622 etiam
694 584 798 640 pro
821 584 887 624 eo
920 567 1127 623 merito
1159 584 1274 639 quo
1308 567 1365 623 in
1388 569 1648 633 veritate,
1673 568 1730 622 in
1764 584 1882 638 qua
1990 567 2196 637 sagitta
2225 583 2387 622 wrea.
2438 569 2698 622 Verbum
2746 567 2847 623 Dei
2877 567 3342 641 .incorruptibile
3400 575 3456 626 et
3505 588 3634 644 per-

113 671 124 678 ‘
209 658 314 714 ille
355 673 471 712 non
521 659 778 726 steterat,
825 660 1156 723 steterunt;
1204 659 1261 712 et
1309 656 1368 710 in
1423 656 1529 711 hoc
1561 655 1712 710 beati
1746 655 1879 710 facti
1992 671 2234 710 manens
2264 655 2485 728 sagittae
2519 673 2686 712 aeneae
2736 661 3128 728 comparatur,
3163 674 3278 729 quo
3328 676 3635 731 nunquam

211 763 346 804 esse
392 745 668 802 credendi
715 748 874 811 sunt,
927 749 992 799 ut
1040 744 1356 801 certissimi
1405 745 1612 800 fieient
1659 741 1882 798 nullius
1991 744 2551 816 potuitdiabolusad
2572 744 3641 818 paenitentiamvulnerari;secundum

214 851 485 908 unquam
541 833 761 906 peccati
819 832 1050 906 lapsum
1113 833 1224 889 sibi
1288 849 1416 889 esse
1473 832 1879 889 metuendum.
1992 833 2272 889 duritiam
2303 835 2496 890 cordis
2524 835 2614 891 sui
2674 834 3032 891 thesaurizat
3089 833 3203 890 sibi
3259 833 3409 890 iram
3455 836 3515 891 in
3547 837 3639 893 die

221 925 410 998 Igitur
430 923 587 996 quod
611 922 832 978 dictum
859 927 950 978 est
990 921 1132 994 quia
1152 921 1383 978 sublato
1432 920 1686 988 diabolo,
1718 920 1886 976 time-
1993 921 2089 975 irae
2127 925 2182 976 et
2210 922 2579 979 revelationis
2603 923 2750 995 justi
2773 922 2982 993 judicii
3013 923 3113 978 Dei
3146 921 3322 994 (Rom.
3358 941 3419 993 ll,
3450 924 3528 995 5).

223 1015 378 1071 bunt
405 1011 620 1086 angeli,
653 1015 710 1067 et
739 1011 929 1067 territi
952 1011 1380 1084 purgabuntur,
1403 1027 1518 1067 non
1551 1012 1634 1066 sic
1667 1007 1882 1065 intelli-

223 1102 487 1176 gendum
509 1100 783 1172 est,quod
801 1100 872 1156 ad
897 1101 1219 1156 cavendum
1245 1105 1549 1172 peccatum
1573 1098 1883 1172 superbiae,

225 1189 665 1249 emendatiores
695 1189 876 1245 futuri
899 1189 1037 1256 sint,
1064 1188 1252 1245 territi
1278 1179 1453 1245 tantis
1485 1186 1885 1244 damnationis

226 1278 518 1352 exemplo,
550 1294 685 1334 cum
717 1278 920 1350 utique
960 1278 1344 1350 perspicuum
1392 1278 1468 1334 sit
1515 1277 1758 1332 minime
1788 1292 1887 1333 eos

226 1370 431 1426 beatos
461 1368 605 1438 fore,
639 1367 688 1423 si
721 1366 1080 1423 studendum
1113 1366 1197 1424 eis
1245 1366 1324 1424 sit
1366 1383 1506 1422 cura
1535 1365 1889 1439 impensiore

227 1475 307 1514 ne
333 1462 592 1532 peccent.
653 1457 962 1512 Peccatum
1020 1456 1177 1513 enim
1230 1471 1451 1522 cavere,
1500 1455 1589 1511 vel
1652 1459 1888 1526 peccato

232 1547 531 1614 resistere,
564 1546 634 1602 ad
667 1545 926 1618 poenales
972 1545 1151 1615 hujus
1201 1545 1404 1600 mundi
1458 1543 1727 1600 miserias
1758 1559 1885 1615 per-

236 1637 418 1707 tinet,
452 1651 565 1691 non
615 1635 685 1690 ad
732 1633 914 1689 futuri
965 1634 1160 1689 saeculi
1220 1633 1486 1706 gloriam.
1520 1633 1637 1688 Hos
1692 1637 1887 1687 autem

2071 1051 2091 1077 α
2128 1030 2191 1083 In
2245 1029 2526 1102 stipulam
2578 1030 2728 1086 versi
2785 1034 2924 1086 sunt
2979 1029 3030 1086 ei
3088 1029 3312 1102 lapides
3371 1031 3643 1088 funda.»

1998 1116 2200 1173 Funda
2229 1122 2420 1190 potest
2470 1117 2718 1191 intelligi
2763 1118 3096 1190 quicunque
3147 1123 3508 1192 sanctorum,
3541 1121 3642 1194 qui

1998 1223 2177 1262 manu
2229 1207 2460 1264 Domini
2512 1207 2906 1264 continentur.
2941 1211 3049 1264 Per
3095 1208 3204 1265 hos
3243 1224 3380 1282 ergo
3410 1215 3646 1266 sanctos

1997 1313 2160 1364 suos,
2191 1297 2370 1353 duros
2399 1313 2726 1365 sermones,
2753 1297 2928 1353 fortes
2972 1303 3030 1353 et
3075 1314 3312 1370 asperos
3355 1297 3520 1356 velut
3556 1298 3644 1356 la-

1997 1386 2184 1458 pides,
2217 1385 2375 1442 hunc
2422 1386 2671 1458 impium
2729 1385 2917 1442 valide
2965 1386 3283 1458 jaculatur,
3331 1392 3396 1444 ut
3424 1388 3646 1446 eisdem

1999 1491 2314 1547 percussus
2344 1477 2440 1532 det
2460 1475 2739 1532 honorem
2764 1480 2876 1531 Deo
2901 1476 3024 1544 ;sed
3054 1475 3152 1533 ille
3174 1494 3308 1534 cum
3332 1478 3650 1551 singularis

2000 1563 2234 1619 malitia)
2292 1564 2388 1626 sit.
2435 1565 2672 1620 eosdem
2731 1581 3032 1621 sermones
3089 1566 3202 1622 sibi
3259 1569 3542 1624 convertit
3590 1569 3650 1626 in

2000 1652 2301 1725 stipulam,
2326 1659 2391 1708 ut
2419 1654 2560 1708 dum
2595 1671 2694 1711 eos
2716 1671 2820 1727 pro
2852 1653 2999 1709 nihil
3033 1655 3213 1722 ducit,
3247 1656 3392 1711 fiant
3413 1657 3466 1712 ei
3494 1657 3653 1714 velut

235 1725 493 1782 arbitror
519 1723 967 1817 ξοιθιιῑεεξιάυω
999 1722 1397 1817 Ῑῖοωίῐὲθενίῐυί
1423 1723 1495 1817 τξά
1527 1721 1886 1817 οοῐξεονίίυξξῖ
2001 1721 2223 1814 stipula
2254 1759 2381 1814 quae
2414 1747 2470 1797 et
2503 1721 2817 1800 fumandos
2871 1741 3076 1816 globos
3105 1721 3342 1800 tartarei
3374 1744 3529 1817 ignis
3558 1761 3653 1801 ac-

231 1811 1235 1916 igerveneringapsflorsmiftpote
1285 1812 1454 1916 quasi
1505 1811 1638 1866 novi
1671 1809 1889 1916 sese“:
1923 1851 1971 1916 Β
2001 1809 2228 1886 cendat.
2261 1809 2421 1895 Quod
2452 1831 2549 1886 alii
2581 1832 2785 1887 eodem
2837 1809 3014 1888 sensu
3060 1809 3654 1891 dixeruntzszstima

233 1905 520 1992 damnato
570 1901 824 1969 diabolo,
877 1900 1064 1992 territi
1121 1902 1569 1992 purgabuntur:
1617 1900 1894 1992 videntes
1924 1900 1970 1916 "
2005 1919 2219 1992 lapides
2248 1919 2422 1990 funda
2444 1921 2683 1992 jactatos
2711 1925 2771 1975 ut
2799 1923 3008 1991 fenum.

236 1991 478 2064 qualem
496 1997 898 2063 quantumque
911 1989 1227 2058 hostem,et
1249 1989 1658 2061 hujuscemodi
1693 2005 1893 2060 poenas

235 2079 546 2137 horrendis
614 2078 1008 2135 damnationis
1081 2082 1416 2134 evaserunt.
1486 2078 1897 2150 Purgabuntur

235 2173 463 2240 autem,
495 2168 555 2224 id
586 2173 696 2235 est,
731 2168 997 2240 puriores
1030 2167 1144 2223 Deo
1166 2167 1504 2235 reddentur,
1529 2171 1694 2222 tanta
1715 2166 1895 2221 divini

230 2257 510 2316 beneficii
544 2256 696 2313 circa
727 2273 790 2312 se
821 2254 1221 2312 consolatione
1263 2259 1586 2335 perspecta.
1627 2255 1686 2310 Id
1719 2254 1896 2310 etiam

232 2348 396 2420 quod
432 2347 660 2402 dictum
695 2350 805 2410 est,
855 2345 1066 2414 territi,
1097 2345 1183 2400 vel
1241 2345 1395 2416 quod
1446 2345 1734 2416 scriptum
1787 2347 1897 2409 est,

231 2436 560 2502 timebunt,
594 2451 710 2490 non
760 2434 1034 2490 abhorret
1074 2450 1110 2488 a
1172 2449 1374 2501 sensu,
1409 2437 1473 2488 ut
1530 2431 1899 2490 rationabilis

231 2524 514 2581 videlicet
561 2527 827 2580 creatura
873 2539 1046 2579 omne
1098 2522 1449 2579 beneficium
1505 2521 1679 2594 atque
1728 2538 1900 2578 omne

225 2613 535 2687 judicium
568 2611 861 2668 Creatoris
891 2611 1004 2679 sui,
1039 2629 1152 2668 non
1187 2628 1320 2668 cum
1372 2611 1607 2683 pcenali,
1639 2611 1742 2667 sed
1765 2627 1901 2666 cum

236 2702 568 2759 honorifico
613 2707 831 2758 terrore
883 2701 1146 2757 miretur.
1179 2702 1250 2756 Et
1300 2717 1497 2756 revera
1555 2717 1682 2772 quae
1718 2700 1906 2771 major

241 2790 604 2866 purificatio,
637 2791 758 2846 sive
788 2790 1080 2863 purgatio,
1108 2789 1322 2862 poterit
1349 2807 1477 2846 esse
1529 2794 1662 2845 ante
1698 2791 1904 2857 Deum,

245 2881 414 2938 sicut
441 2879 693 2953 angelici
723 2879 1002 2951 hominis,
1029 2896 1207 2952 quam
1240 2883 1305 2934 ut
1333 2895 1511 2952 super
1549 2894 1682 2934 cum
1713 2878 1907 2934 exsul-

240 2970 474 3027 tatione
506 2969 669 3042 (quia
699 2969 793 3024 cui
824 2968 1083 3024 defertur
1102 2968 1236 3040 pius
1265 2968 1374 3040 est)
1404 2973 1461 3024 et
1499 2985 1632 3024 cum
1658 2972 1909 3024 tremore

241 3059 424 3133 (quia
450 3059 545 3116 cui
565 3058 825 3114 defertur
844 3057 1000 3114 Deus
1020 3058 1304 3129 est)omne
1328 3057 1544 3114 bonum
1569 3057 1908 3113 certissimae

245 3148 598 3206 securitatis
622 3164 742 3204 suae
773 3146 1087 3220 gloriaeque
1125 3150 1414 3220 perpetua:
1446 3146 1518 3202 ad
1552 3147 1784 3202 laudem
1817 3145 1910 3202 sui

255 3237 482 3294 referat
499 3235 848 3293 Conditoris.
1939 3221 1982 3288 C

322 3343 472 3399 Cum
504 3341 956 3416 apprehenderit
985 3357 1119 3398 eum
1151 3340 1406 3414 gladius,
1441 3341 1761 3397 subsistere
1790 3357 1907 3397 non

240 3432 494 3508 poterit,
524 3446 716 3504 neque
773 3431 965 3498 hasta,
1025 3447 1215 3503 neque
1273 3430 1560 3486 thorax.»
1614 3429 1726 3485 Alii
1775 3446 1908 3486 vero

245 3519 642 3579 manifestius
671 3518 1102 3576 transtulerunt
1147 3519 1413 3574 dicentes
1437 3537 1450 3574 :
1479 3520 1546 3576 Si
1573 3521 1912 3575 occurrerint

244 3613 310 3669 ei
338 3611 574 3678 lanceae,
605 3608 751 3664 nihil
792 3609 996 3679 facient
1023 3609 1112 3664 ei:
1145 3607 1205 3663 id
1255 3613 1362 3674 est.
1422 3607 1602 3664 nullis
1659 3607 1911 3664 metallis

244 3705 551 3757 terrorum
577 3714 645 3753 ac
675 3695 1175 3768 increpationibus
1229 3695 1443 3769 poterit
1491 3697 1812 3753 emendari.
1846 3697 1912 3751 In

248 3789 437 3844 hasta
464 3790 661 3842 autem
677 3789 735 3842 et
755 3785 991 3842 thorace
1009 3789 1258 3858 possunt
1272 3784 1913 3858 intelligi,quijustitia'

253 3877 448 3934 ίοΐίοει
478 3875 690 3968 induti:
723 3875 958 3968 άθξίθη
986 3874 1262 3947 operibus
1305 3874 1525 3968 εξληοῗξε
1581 3874 1789 3929 armati
1819 3890 1914 3929 (⁵0⁸
2025 3874 2206 3968 igitur
2235 3874 2404 3960 radii,
2437 3874 2617 3949 id_est
2643 3893 2853 3959 sancti,
2885 3893 2984 3964 qui
3031 3898 3171 3949 sunt
3202 3893 3303 3949 filii
3334 3893 3482 3950 lucis
3511 3874 3662 3966 ejus,

250 3969 485 4022 nantur
513 3965 1012 4036 resistere.lpsum
1043 3979 1175 4019 vero
1208 3963 1416 4035 punire
1437 3963 1556 4019 sive
1585 3979 1897 4036 expugnari

2026 3985 2098 4040 ab
2158 3983 2267 4040 hoc
2323 3983 2588 4054 principe
2643 3963 3042 4050 tenebrarum,
3083 3981 3143 4036 in
3200 3963 3672 4054 praevaricatione

257 4071 386 4112 non
419 4054 716 4144 valeblmt:
765 4053 904 4125 (Ιυία
948 4057 1070 4108 tam
1118 4051 1284 4108 fortis
1342 4056 1400 4107 et
1429 4051 1650 4144 Amat“?
1706 4055 1920 4144 θεῖν-Ρη
2031 4073 2236 4139 Adam,
2271 4051 2698 4144 peccato—illius
2729 4071 3067 4126 detinentur
3095 4051 3349 4142 obnoxii,
3377 4071 3518 4126 dum
3543 4071 3671 4141 jam

261 4142 1049 4234 advf’rsantiafonlémnata
1077 4145 1139 4234 9t
1186 4141 1441 4234 φοΠ-Ῠθῖίίί
1487 4141 1730 4234 minime
1761 4141 1918 4234 veli‘t-
2030 4141 2365 4234 redemptos
2425 4176 2528 4232 per
2574 4158 2872 4215 Christum
2919 4157 3268 4231 capitalibus
3303 4158 3678 4227 criminibus,

259 4231 526 4290 Proinde
577 4231 865 4304 quidquid
925 4234 1015 4287 est
1069 4230 1430 4286 fortitudinis
1480 4230 1810 4287 animorum
1860 4230 1897 4286 il

2033 4267 2170 4307 suos
2202 4230 2340 4304 facit
2369 4230 2600 4320 sibique
2631 4247 2791 4303 velut
2815 4230 3074 4318 captivos
3122 4251 3180 4301 et
3230 4263 3429 4304 servos
3459 4248 3682 4318 subdit,

261 4321 518 4392 sanctis.
551 4320 686 4376 ferri
717 4319 1004 4410 vocabuli?
1034 4318 1383 4410 appellatus
1417 4319 1711 4410 Quidquid
1744 4320 1921 4377 etiam
1974 4407 1985 4410 _
2033 4344 2090 4396 et
2118 4337 2417 4409 subjugat.
2471 4318 2727 4391 Possunt
2769 4340 2825 4390 et
2870 4335 2953 4390 illi
3012 4335 3226 4409 angeli,
3275 4353 3424 4410 quos
3481 4353 3682 4394 secum

251 4410 558 4467 virtutum
590 4411 702 4476 est,
735 4409 866 4465 eris
917 4407 1230 4480 splendore
1279 4407 1369 4464 vel
1394 4409 1757 4480 perennitate
1789 4426 1893 4465 cen

2036 4407 2324 4484 diabolus
2339 4424 2546 4480 traxit:
2580 4425 2650 4479 de
2694 4424 2909 4496 quibus
2958 4424 3018 4479 in
3049 4407 3398 4499 Apocalypsi
3427 4426 3682 4482 dicitur:

259 4503 462 4558 θεων·
1099 4584 1104 4585 ί
1217 4583 1227 4585 _
1915 4584 1920 4585 ί
2035 4520 2104 4573 Et
2131 4516 2308 4570 traxit
2333 4529 2524 4569 secum
2551 4514 2772 4568 tertiam
2812 4516 3024 4585 partem
3053 4515 3346 4570 stellarum
3373 4517 3434 4570 i-n
3476 4519 3688 4570 terram

351 4609 381 4638 «ι
413 4585 729 4679 Reputabit
757 4585 914 4641 enim
940 4584 1110 4656 quasi
1131 4583 1336 4679 galeas
1387 4585 1628 4679 ferrum.
1660 4589 1716 4640 et
1755 4584 1928 4679 quasi
1959 4590 2006 4656 D
2039 4606 2327 4679 (Apoc.vu,
2360 4604 2487 4672 12):
2521 4601 2581 4656 1ιί
2613 4602 2760 4658 radii
2794 4583 2935 4659 solis
2966 4601 3232 4675 intelligi,
3268 4602 3389 4674 qui,
3413 4603 3687 4659 receden-

263 4678 502 4749 lignum
531 4674 858 4749 putridum,
921 4691 1019 4729 ses.
1056 4696 1083 4722 ››
1131 4674 1322 4729 Tanta
1378 4674 1536 4729 enim
1598 4690 1660 4729 se
1714 4675 1896 4729 virtut

2041 4674 2129 4751 tes
2161 4710 2194 4749 a
2234 4693 2371 4759 Deo,
2431 4709 2564 4747 vero
2625 4690 2872 4760 lumine,
2903 4693 3065 4748 facta
3124 4674 3264 4748 sunt
3313 4691 3587 4760 tenebrae,
3634 4694 3696 4747 et

267 4765 566 4862 Superbia
597 4763 884 4862 ίηάυίξνῐξξ
913 4762 1278 4862 δείξοξυηξα.
1309 4779 1474 4818 arma
1520 4763 1934 4862 ,εξάνθτδυωιεθ
2042 4783 2338 4856 principes
2359 4781 2754 4836 tenebrarum.
2781 4781 2847 4834 Hi
2881 4797 3018 4852 ergo
3050 4782 3159 4837 sub
3190 4781 3317 4854 ipso
3367 4784 3526 4846 sunt,
3561 4779 3694 4852 qui-

266 4859 558 4926 ευεοθΡία
587 4869 692 4925 ΡΓο
723 4850 871 4907 nihil
905 4851 1143 4924 Pendat»
1177 4855 1234 4906 et
1264 4851 1389 4923 ipse
1437 4851 1633 4923 Ροίίυε
1664 4855 1936 4924 operetur
2042 4850 2156 4928 bus
2186 4850 2456 4927 diabolus
2515 4873 2605 4925 est
2669 4887 2768 4925 rex
2824 4875 2882 4925 et
2935 4850 3236 4927 dominus:
3277 4875 3503 4928 Aurum
3561 4850 3695 4926 vero

274 4959 486 5018 093m»
517 4942 817 5031 Ραῖεθιιῖυω
848 4940 1069 5031 θοξπνίε
1100 4939 1318 5031 είξηῖιίτι
1337 4945 1396 4996 εί
1423 4940 1598 5031 ᾎξεηίε
1619 4940 1938 5031 infractum
2047 4961 2372 5018 secundum
2408 4959 2564 5014 hunc
2598 4975 2837 5016 sensum
2871 4975 3047 5031 quem
3103 4959 3379 5025 diximus,
3413 4959 3525 5031 ipsi
3557 4961 3698 5014 sunt

277 5035 393 5132 F38,
426 5029 756 5132 εξνθῐιξξῗςξῗ
813 5029 1086 5132 οαῐξίθίῖυθ
1121 5029 1576 5132 ‘fatiscentibusi
1624 5045 1751 5101 quae
1805 5027 1939 5100 igne
2050 5049 2197 5104 radii
2231 5048 2396 5118 solis,
2429 5049 2585 5120 quia,
2621 5048 2730 5104 sub
2763 5027 2997 5104 nomine
3027 5049 3176 5118 auri,
3211 5027 3456 5120 pretiosi
3479 5047 3699 5120 quique

273 5118 752 5193 inexstinguibili
782 5122 924 5174 sunt
955 5118 1197 5174 urenda.

2049 5142 2106 5194 et
2136 5137 2273 5192 mali
2305 5118 2744 5209 intelliguntur:
2768 5135 2876 5192 hos
2898 5137 3010 5192 sibi
3041 5118 3251 5193 sternit
3282 5137 3451 5210 quasi
3483 5118 3701 5204 lutum,

359 5250 391 5279 ‹‹
423 5226 549 5283 Non
581 5225 810 5299 fugabit
857 5239 991 5280 eum
1052 5224 1138 5280 vir
1195 5225 1560 5299 sagittarius.
1615 5248 1642 5275 ››
1693 5224 1943 5280 Cuilibet
2050 5243 2185 5281 cum
2216 5243 2316 5282 eos
2366 5225 2479 5282 sibi
2528 5225 2799 5280 subditos
2858 5225 3128 5296 peccatis,
3154 5226 3428 5282 sordidos
3473 5229 3531 5280 et
3559 5223 3703 5284 viles

290 5321 632 5374 sanctorum
665 5313 934 5386 quamvis
957 5313 1290 5386 pharetram
1315 5313 1507 5370 cordis
1521 5313 1651 5379 sui,
1675 5313 1943 5386 increpa-
2053 5315 2252 5369 efficit.
2291 5313 2576 5368 Dicuntur
2605 5317 2800 5369 autem
2825 5313 3110 5370 dracones
3141 5315 3199 5371 in
3232 5314 3318 5371 eis
3347 5313 3489 5370 locis
3519 5328 3707 5370 secre-

290 5407 524 5462 tionum
552 5402 926 5460 sermonibus
957 5407 1240 5475 tanquam
1261 5402 1392 5459 telis
1413 5401 1946 5475 compungentibus
2056 5403 2155 5470 tis,
2190 5407 2248 5458 et
2283 5407 2566 5457 terrarum
2599 5402 2813 5457 abditis
2857 5402 3107 5470 sinibus,
3141 5403 3229 5459 vel
3261 5403 3515 5459 maxime
3544 5418 3702 5458 com-

290 5493 531 5568 plenam
551 5492 784 5561 habeat,
813 5490 885 5546 ab
915 5491 999 5546 eis
1031 5496 1228 5548 tamen
1260 5492 1354 5548 hic
1386 5493 1667 5558 durus,et
1695 5491 1944 5546 nimium
2059 5493 2298 5560 morari,
2330 5491 2429 5547 ubi
2462 5490 2768 5547 metallum
2802 5493 2929 5548 auri
2963 5493 3056 5549 sit.
3091 5494 3160 5549 Et
3197 5495 3269 5550 ob
3301 5493 3411 5550 hoc
3445 5493 3555 5549 sub
3586 5490 3704 5564 spi-

298 5585 527 5642 ferreus
547 5578 840 5656 penetrari
872 5595 987 5634 non
1021 5585 1251 5651 poterit.
1285 5583 1353 5637 Et
1381 5581 1508 5636 ideo
1543 5597 1656 5636 non
1689 5581 1950 5636 sentiens
2059 5580 2258 5638 rituali
2292 5579 2699 5653 intelligentia,
2733 5586 2870 5653 puto
2919 5581 3071 5638 hanc
3119 5583 3520 5656 metaphoram
3571 5597 3706 5638 con-

289 5672 549 5740 vulnera
576 5668 1200 5746 compunctionum,ab
1231 5670 1340 5727 hoc
1371 5670 1474 5729 tali
1507 5668 1808 5746 sagittario
1833 5687 1948 5727 non
2063 5674 2376 5741 servatam,
2411 5687 2476 5728 eo
2509 5671 2662 5744 quod
2695 5669 2788 5727 hic
2817 5672 2990 5730 draco
3037 5674 3227 5742 rufus,
3259 5673 3330 5729 de
3361 5688 3501 5733 auro
3531 5671 3712 5727 bono-

595 5804 858 5896 PATBQL.
903 5798 1115 5863 XXVI.

3363 5803 3436 5864 27

2083 2050 2102 2077 οι
2139 2027 2315 2094 Quasi
2347 2027 2626 2099 stipulam
2659 2028 2974 2084 aestimabit
3002 2027 3301 2085 malleum.
3338 2052 3359 2078 ιι
3394 2029 3652 2088 Verbum

2009 2116 2394 2172 nihilominus
2427 2116 2714 2184 divinum,
2755 2133 2930 2189 grave
2975 2116 3219 2184 scilicet,
3251 2122 3309 2174 et
3347 2117 3492 2174 forte
3515 2135 3654 2176 con-

2006 2207 2262 2261 tundens
2292 2221 2448 2276 eum,
2480 2210 2537 2261 et
2567 2210 2824 2262 atterens
2857 2209 3084 2262 vastam
3134 2205 3415 2263 duritiam
3447 2207 3654 2280 impie-

2009 2295 2144 2350 tatis
2174 2295 2324 2366 ejus,
2352 2300 2480 2350 uta
2535 2298 2877 2350 sanctorum
2927 2294 3311 2352 insectatione
3359 2299 3654 2365 tenuetur,

2010 2399 2111 2456 pro
2134 2383 2348 2455 stipula
2365 2382 2680 2438 aestimabit
2707 2401 2719 2439 :
2747 2382 2972 2440 malitia
2991 2400 3247 2455 namque
3268 2384 3514 2442 obrutus
3539 2403 3656 2444 non

2011 2473 2222 2528 sentiet
2270 2473 2500 2544 pondus
2541 2471 2843 2528 tundentis
2903 2473 3176 2545 desuper,
3239 2473 3518 2546 quoniam
3561 2491 3661 2531 cor

2010 2563 2139 2632 ejus
2170 2562 2385 2616 factum
2416 2566 2506 2617 est
2535 2561 2688 2617 sicut
2716 2561 2889 2634 lapis,
2923 2565 2980 2617 et
3009 2562 3164 2618 sicut
3191 2561 3360 2619 incus
3391 2563 3657 2622 indoma-

2013 2649 2149 2705 bilis
2175 2667 2187 2706 :
2223 2667 2348 2721 quae
2382 2665 2708 2722 nunquam,
2731 2649 2868 2706 licet
2897 2666 3076 2722 supra
3099 2650 3342 2706 modum
3373 2655 3662 2724 tusa,pro~

2014 2739 2266 2795 ducitur.

2087 2850 2113 2877 «
2147 2827 2215 2882 Et
2244 2825 2533 2882 deridebit
2560 2826 2885 2881 vibrantem
2918 2825 3173 2882 hastam.
3208 2848 3237 2876 ››
3268 2826 3418 2895 Sive,
3453 2831 3518 2883 ut
3559 2826 3658 2884 alii

2015 2916 2307 2982 dixerunt,
2339 2919 2683 2971 trementem
2716 2930 3068 2970 sermonem.
3100 2913 3371 2972 Validum
3413 2915 3660 2987 cujusli-

2018 3007 2116 3063 bet
2145 3004 2334 3062 sancti
2365 3005 2438 3060 ad
2470 3003 2754 3091 se\vigore
2781 3004 2963 3062 animi
2999 3020 3065 3059 ac
3108 3003 3320 3059 virtute
3349 3003 3658 3076 emissum,

2018 3111 2135 3151 non
2166 3093 2356 3150 solum
2390 3111 2507 3148 non
2536 3087 2850 3161 verebitur,
2882 3108 3082 3149 verum
3130 3087 3306 3149 etiam
3351 3091 3660 3166 deridebit,

2018 3184 2104 3240 vel
2135 3183 2406 3239 eumdem
2438 3198 2790 3250 sermonem,
2818 3181 2906 3238 vel
2938 3181 3114 3238 etiam
3138 3181 3520 3253 jaculantem.
3543 3183 3663 3240 Hoc

2018 3277 2206 3330 totum
2238 3272 2308 3327 de
2339 3271 2569 3326 diabolo
2601 3271 2754 3327 Deus
2786 3270 3031 3326 diversis
3075 3270 3265 3328 modis
3291 3288 3356 3326 ac
3386 3271 3663 3328 similitu-

2018 3362 2256 3418 dinibus
2288 3361 2416 3416 ideo
2449 3361 2610 3427 dicit,
2647 3365 2712 3415 ut
2736 3360 3100 3417 demonstret
3119 3360 3668 3433 hominibus,quan-

2017 3457 2147 3507 tum
2181 3449 2319 3506 mali
2351 3449 2446 3516 sit,
2481 3453 2540 3504 et
2569 3465 2747 3521 quam
2779 3453 3083 3521 potens,et
3111 3465 3289 3522 quam
3320 3449 3398 3505 sit
3427 3449 3668 3507 omnino

2021 3537 2436 3596 irrevocabilis.

2095 3652 2122 3679 ‹‹
2155 3628 2275 3684 Sub
2334 3627 2460 3699 ipso
2519 3630 2690 3682 erunt
2743 3625 2892 3682 radii
2949 3626 3112 3696 solis,
3163 3630 3221 3683 et
3279 3631 3500 3684 sternet
3554 3627 3668 3684 sibi

2023 3734 2231 3773 aurum
2265 3715 2435 3788 quasi
2465 3715 2676 3771 lutum.
2714 3738 2742 3765 ››
2773 3714 2868 3770 Sol
2910 3716 3154 3786 justitiie
3199 3715 3470 3773 Christus
3515 3721 3668 3789 Deus

2023 3811 2134 3876 est,
2167 3806 2226 3860 in
2276 3805 2447 3875 cujus
2501 3802 2710 3877 pennis
2739 3809 2829 3859 est
2876 3805 3099 3861 sanitas
3145 3804 3322 3874 (Psal.
3363 3823 3457 3871 xc,
3485 3805 3562 3877 4).
3595 3804 3665 3862 Hi
