3980 6184
443 379 564 438 843

446 616 650 657 omnes
699 596 1034 671 spirituales
1084 597 1288 651 mundi
1339 596 1519 667 hujus
1565 597 1822 663 divitias,
1862 596 1916 650 id
1979 600 2091 660 est,

448 691 738 748 bonorum
772 685 1082 743 hominum
1114 685 1797 756 sanctitatem,justitiam
1832 689 2096 739 caeteras-

450 795 565 852 que
596 777 860 846 virtutes,
892 773 1050 830 velut
1079 792 1288 830 aurum
1321 775 1430 829 sub
1457 791 1518 830 se
1549 774 1810 844 habebit,
1832 790 1963 828 cum
1995 789 2094 827 eos

448 865 881 921 obdormientes
912 861 970 917 in
1003 862 1113 918 {ide
1145 861 1203 917 in
1235 861 1425 917 lutum
1460 861 1816 917 immensum
1859 861 2092 931 redege-

448 955 523 1010 rit
553 955 946 1025 peccatorum.

519 1084 546 1110 ‹‹
581 1061 919 1115 Fervescere
950 1058 1122 1114 faciet
1152 1057 1320 1128 quasi
1353 1056 1466 1112 olla
1497 1057 1854 1128 profundum
1887 1057 2092 1121 maris,

447 1155 505 1206 et
536 1154 710 1222 ponet
740 1147 910 1220 quasi
935 1163 1070 1202 cum
1102 1151 1404 1218 unguenta
1434 1145 1707 1202 bulliunt.
1745 1171 1766 1198 υ
1804 1147 1960 1201 Mare
1986 1145 2093 1200 hoc

450 1231 753 1303 saeculum,
802 1236 1126 1292 secundum
1176 1235 1518 1307 allegoricos
1567 1235 1922 1303 intellectus,
1967 1251 2093 1289 esse

448 1327 782 1393 didicimus,
817 1327 970 1397 quod
1003 1329 1091 1380 est
1120 1325 1476 1381 obscuritate
1507 1342 1635 1395 sua,
1661 1330 1716 1380 et
1747 1324 1930 1379 nimia
1951 1323 2094 1379 stul-

447 1415 587 1471 titiae
619 1415 876 1470 caecitate
906 1414 1306 1480 tenebrosum,
1335 1416 1489 1484 quod
1541 1415 1622 1467 ita
1665 1412 1934 1468 diabolus
1974 1430 2094 1467 car-

447 1503 567 1560 nali
599 1505 865 1559 accendit
889 1502 1381 1574 concupiscentia,
1411 1507 1474 1556 ut
1503 1503 1713 1558 ferveat
1745 1503 1815 1557 ad
1845 1501 2096 1556 amanda

341 1611 352 1624 ο
448 1597 697 1648 terrena.
751 1593 809 1647 Si
871 1596 1066 1647 autem
1135 1591 1194 1645 in
1252 1592 1466 1646 bonam
1519 1597 1744 1663 partem
1796 1595 2096 1662 unguenta

448 1682 929 1760 intellexerimus,
963 1685 1027 1736 ut
1053 1680 1272 1752 gratias
1304 1684 1642 1736 sanctorum
1671 1682 1954 1736 ferventes
1986 1679 2094 1732 hoc

446 1770 572 1826 loco
625 1762 1100 1842 interpretemur,
1149 1789 1182 1826 a
1233 1769 1522 1825 contrario
1581 1769 1852 1824 diabolus
1911 1768 2093 1824 maris

1939 371 2363 454 APPENDIX.
3675 381 3760 441 ω

446 529 578 568 rum
613 527 761 583 quos
791 508 1096 579 dejecerat,
1131 507 1244 563 sibi
1294 508 1484 563 cubile
1529 511 1771 578 sternat,
1806 507 1959 578 quod
2001 509 2088 560 est
2119 508 2170 571 Α

2274 528 2299 553 ‹‹
2336 505 2440 568 Qui
2476 505 2660 560 factus
2691 509 2797 572 est,
2848 514 2908 561 ut
2957 504 3186 562 nullum
3232 505 3472 563 timeret.
3519 531 3544 558 «
3588 509 3766 584 Propria

2205 592 2499 648 voluntate
2531 592 2697 648 liberi
2747 593 2972 650 arbitrii
3021 594 3135 660 sui,
3168 596 3228 650 in
3284 596 3592 668 superbiam
3627 599 3766 658 elatus

2205 683 2393 739 factus
2426 688 2533 749 est,
2568 683 2624 737 id
2658 690 2763 754 est,
2800 683 2882 739 ita
2929 684 3021 739 sui
3077 684 3306 740 malitia
3361 686 3668 758 depravatus
3691 697 3767 758 est,

2204 776 2269 826 ut
2299 771 2527 826 nullum
2587 772 2838 840 timeret,
2883 789 2986 829 nec
3045 774 3240 845 ipsum
3296 774 3588 832 Dominum
3631 778 3768 836 Deum

2202 865 2520 917 creatorem
2554 863 2958 919 suum.'1‘imor
2986 863 3224 935 quidem
3252 867 3316 919 ut
3340 863 3520 920 malus
3549 875 3768 936 servus,et

2203 951 2642 1020 praevaricator;
2697 953 2797 1006 sed
2850 968 2965 1007 non
2997 951 3173 1008 habet
3206 952 3265 1008 in
3302 970 3364 1009 se
3393 953 3679 1012 dilectionis
3704 958 3769 1012 Dei

2204 1038 2497 1094 timorem.

2277 1154 2301 1175 ‹‹
2338 1127 2522 1183 Omne
2553 1128 2806 1184 sublime
2836 1129 3007 1184 videt.
3036 1153 3062 1179 »
3091 1130 3153 1186 In
3175 1129 3768 1206 sublime,inquit,atque

2205 1216 2262 1270 in
2318 1217 2612 1272 excelsum
2671 1217 2935 1290 erigitur,
2997 1218 3051 1272 id
3113 1224 3226 1285 est,
3285 1237 3469 1292 usque
3517 1222 3579 1276 ad
3637 1222 3768 1295 ipsius

2205 1305 2637 1362 inaestimabilis
2685 1307 2968 1380 superbiae.
3021 1325 3142 1364 suae
3189 1309 3415 1381 apicem
3464 1309 3696 1380 elevatur,
3729 1318 3767 1366 ut

2207 1394 2589 1466 blasphemus
2611 1401 2787 1467 ponat
2808 1395 2864 1450 in
2889 1397 3030 1452 caalo
3054 1413 3118 1452 os
3149 1413 3352 1465 suum,
3381 1398 3599 1454 dicens:
3622 1405 3765 1455 Ponam

2205 1485 2265 1537 in
2295 1483 2429 1539 caelo
2469 1484 2728 1541 thronum
2758 1501 2958 1553 meum,
3019 1491 3074 1542 et
3133 1503 3231 1542 ero
3289 1489 3488 1544 similis
3542 1489 3764 1545 Altissinw.

2207 1573 2332 1642 (Isa.
2366 1590 2479 1640 xiv,
2516 1574 2624 1644 14).

2284 1682 2304 1708 α
2340 1662 2467 1732 Ipse
2497 1667 2585 1718 est
2615 1680 2710 1718 rex
2740 1679 2915 1736 super
2966 1664 3272 1722 universos
3303 1665 3453 1722 ﬁlios
3481 1668 3728 1740 superbia.
3751 1691 3765 1711 π

2208 1759 2268 1812 Id
2317 1764 2426 1827 est,
2473 1766 2647 1832 caput
2696 1765 2752 1816 et
2800 1762 3071 1834 princeps
3120 1763 3393 1819 omnium
3442 1765 3766 1837 superborum,

448 1859 621 1916 istius
652 1860 947 1915 habitator
976 1859 1032 1913 id
1066 1859 1203 1930 agit,
1239 1865 1302 1913 ut
1351 1860 1642 1930 quomodo
1694 1857 2094 1930 spiritualium
2127 1883 2173 1946 B
2208 1861 2380 1946 q-UCID
2417 1847 2714 1946 imitflnios
2762 1849 2975 1946 angeli,
3022 1848 3298 1946 homines
3339 1852 3522 1925 impii,
3548 1858 3598 1908 et
3622 1869 3765 1924 preva-

451 1949 774 2022 gratiarum
809 1964 1006 2003 amore
1036 1947 1094 2002 in
1125 1947 1340 2019 Spiritu
1393 1953 1594 2003 sancto
1631 1948 1980 2013 fervescunt,
2016 1946 2098 2002 ita

451 2039 524 2095 ad
557 2054 816 2093 amorem
848 2036 1056 2092 mundi
1088 2035 1260 2091 istius
1309 2035 1577 2091 homines
1633 2037 1937 2108 praesentis
1965 2036 2094 2090 vita:

451 2127 760 2192 desiderio,
795 2125 963 2197 quasi
1006 2125 1362 2196 quibusdam
1415 2125 1897 2181 succensionibus
1929 2126 2096 2180 ﬂam-

452 2216 600 2272 meis
667 2215 994 2271 ardescant.
1065 2213 1178 2268 Alii
1237 2214 1530 2281 dixerunt,
1589 2217 1890 2286 fervescere
1959 2216 2099 2286 facit

447 2307 725 2377 abyssum,
759 2307 818 2358 ut
860 2320 949 2358 vas
998 2319 1212 2359 aeneum
1262 2304 1501 2360 wstimat
1547 2307 1689 2360 sicut
1737 2305 2012 2372 delictum,
2045 2308 2095 2359 et

445 2399 731 2451 tartarum
752 2394 936 2465 abyssi
955 2395 1097 2448 sicut
1119 2395 1411 2464 captivum.
1446 2393 1563 2448 Hoc
1595 2394 1652 2448 in
1685 2393 1810 2449 loco
1843 2393 2094 2448 arbitror

447 2483 604 2556 quod
636 2483 720 2537 ita
766 2482 837 2536 de
896 2479 1128 2536 diabolo
1188 2481 1342 2536 Deus
1403 2481 1632 2550 dixerit,
1667 2482 1803 2553 quia
1857 2482 1926 2537 de
1983 2482 2092 2536 hoc

445 2573 667 2630 mundo
686 2570 850 2642 quasi
873 2570 1068 2642 abyssi
1092 2569 1329 2626 nomine
1352 2571 1545 2626 dictus
1564 2576 1655 2626 est
1675 2570 1756 2625 ita
1785 2570 2087 2626 diabolus:

445 2663 599 2735 apud
633 2677 694 2718 se
724 2659 1015 2716 definiens
1047 2659 1366 2714 arbitratus
1412 2659 1507 2726 sit,
1543 2661 1697 2732 quod
1730 2659 1789 2715 in
1824 2660 2089 2715 recorda-

444 2753 665 2808 tionem
725 2749 964 2806 omnino
1024 2765 1139 2804 non
1199 2749 1412 2817 veniat,
1469 2751 1621 2820 quod
1681 2751 1751 2805 de
1810 2747 2091 2804 memoria

446 2841 644 2897 divina
675 2838 902 2895 deletus
932 2837 1028 2893 sit.
1063 2839 1240 2909 Cujus
1290 2837 1710 2909 impiissimum
1759 2855 1999 2894 sensum
2032 2837 2090 2891 in

447 2945 600 2986 nono
632 2927 918 3002 propheta
948 2925 1149 2983 recolit
1178 2927 1418 2983 dicens:
1457 2928 1609 2982 Dixit
1648 2929 1796 2983 enim
1844 2929 1900 2981 in
1931 2927 2094 2982 corde

447 3036 566 3082 suo.
595 3020 717 3075 Non
766 3019 1009 3088 requiret
1067 3016 1240 3087 (Psal.
1292 3034 1348 3085 x,
1411 3018 1518 3087 13).
1579 3017 1876 3089 Itemque:
1936 3017 2092 3071 Dixit

449 3111 599 3164 enim
630 3108 685 3162 in
729 3107 887 3162 corde
913 3122 1035 3172 suo,
1089 3105 1306 3162 Oblitus
1360 3115 1436 3162 est
1466 3107 1627 3171 Deus,
1659 3107 1861 3162 avertit
1889 3108 2093 3177 faciem

447 3212 700 3267 suam,ne
727 3196 906 3251 videat
937 3199 998 3251 in
1025 3196 1194 3266 ﬁnem
1215 3194 1374 3266 (Ibid.
1403 3196 1828 3266 11).Tartarum
1861 3211 2093 3267 quoque

451 3285 668 3360 abyssi,
724 3285 779 3340 id
830 3289 918 3341 est
976 3285 1290 3353 infernum,
1353 3285 1414 3340 in
1464 3277 1584 3355 quo
1656 3285 1860 3340 mundi
1917 3284 2092 3340 istius

449 3379 782 3449 peccatores
817 3374 1172 3430 tenebuntur
1201 3373 1414 3428 inclusi
1441 3390 1452 3429 :
1485 3372 1581 3427 ille
1611 3372 1768 3428 velut
1798 3372 2091 3444 captivum

448 3465 562 3520 sub
626 3462 947 3518 durissima
1002 3460 1268 3517 videlicet
1325 3460 1720 3516 dominatione
1787 3461 2092 3515 detrusum

448 3551 699 3607 vinculis
729 3548 1116 3605 infernalibus
1173 3549 1490 3604 detinebat.
1523 3547 1836 3604 Exsultans
1895 3548 2091 3620 igitur,

449 3643 507 3695 et
535 3638 904 3694 laetabundus
934 3637 1204 3692 diabolus
1226 3636 1732 3708 azstimabat,quod
1768 3642 2094 3693 creaturam

451 3727 554 3783 Dei
602 3726 693 3782 sui
761 3741 992 3781 omnem
1062 3726 1265 3798 utique
1315 3726 1624 3794 mundum,
1683 3725 1840 3782 velut
1886 3744 1982 3783 rex
2041 3720 2147 3782 et.

455 3815 730 3872 dominus
776 3820 932 3870 esset
989 3820 1268 3887 perpetuo
1328 3832 1731 3888 posscssurus,
1767 3817 2034 3873 nesciens
2067 3833 2099 3871 a

456 3903 846 3973 Domino,Deo
880 3904 998 3976 regi
1021 3903 1078 3958 in
1101 3903 1468 3973 mternum,et
1491 3905 1549 3960 in
1573 3905 1851 3962 szeculum
1879 3905 2095 3962 szeculi:

457 3994 700 4068 perditis
738 3993 938 4066 impiis
991 3994 1264 4066 gentibus
1315 3995 1385 4049 de
1433 3999 1588 4050 terra
1637 3996 2101 4066 ejus,judicatos

458 4084 714 4158 pupillos
744 4088 802 4140 et
831 4083 1084 4139 humiles
1115 4085 1386 4141 defensos
1419 4088 1482 4138 ut
1522 4101 1633 4139 non
1666 4089 1922 4156 apponat
1951 4084 2104 4140 ultra

457 4173 657 4242 homo,
691 4172 749 4227 id
780 4178 869 4229 est
894 4172 1018 4244 ipse
1049 4171 1339 4241 diabolus,
1374 4176 1438 4227 ut
1467 4188 1527 4228 se
1569 4172 1902 4245 magniﬁcet
1932 4191 2106 4246 super

459 4265 672 4316 terram
683 4303 695 4315 .

538 4373 558 4398 ιι
596 4349 732 4406 Post
764 4365 897 4405 eum
931 4349 1146 4405 lucebit
1177 4351 1407 4406 semita.
1454 4373 1480 4399 ι)
1529 4354 1660 4406 Jam
1711 4355 1850 4406 tunc
1898 4351 2106 4424 resipi-

460 4455 632 4495 scens
667 4443 887 4510 quaeret
917 4438 1123 4494 reverti
1156 4439 1227 4494 ad
1271 4439 1476 4507 Deum,
1512 4441 1747 4512 quando
1797 4441 1846 4496 ei
1877 4445 2109 4514 tempus

458 4527 807 4602 paenitentia:
839 4545 951 4584 non
987 4529 1192 4584 erit.Et
1217 4528 1368 4584 hanc
1395 4533 1531 4602 puto
1563 4531 1958 4586 conversionis
1981 4532 2109 4600 ejus

2207 1936 2501 2003 ricatores,
2539 1936 2671 1992 facti
2707 1941 2845 1992 sunt
2875 1937 2978 1993 ﬁlii
3009 1941 3302 2012 superbiai
3336 1943 3482 2013 ejus.

2805 2063 3038 2118 CAPUT
3079 2064 3247 2123 XLII.

2276 2171 2303 2198 ‹‹
2343 2149 2720 2220 Respondens
2753 2157 2946 2208 autem
2997 2152 3106 2208 Job
3157 2154 3431 2222 Domino,
3480 2155 3640 2211 dixit:
3679 2153 3762 2208 Scio

2205 2237 2342 2309 quia
2371 2239 2569 2294 omnia
2597 2243 2779 2310 potes.
2815 2262 2842 2291 ν
2878 2241 2940 2296 Id
2985 2248 3094 2309 est,
3143 2244 3249 2314 qui
3301 2243 3585 2300 diabolum
3626 2242 3762 2298 humi-

2204 2325 2335 2393 lias,
2368 2329 2660 2398 quomodo
2691 2328 2798 2396 vis,
2832 2334 2890 2386 et
2919 2332 3155 2401 quando
3189 2332 3300 2387 vis.
3349 2375 3360 2381 ρ

2276 2439 2302 2465 ‹‹
2338 2418 2406 2471 Et
2435 2417 2597 2472 nulla
2626 2422 2682 2473 te
2713 2417 2854 2474 latet
2875 2419 3168 2490 cogitatio.
3197 2443 3226 2471 ››
3250 2426 3617 2478 Scrutatorem
3633 2420 3760 2475 cordis

2201 2509 2258 2559 et
2317 2506 2544 2560 renium
2605 2505 2782 2561 latere
2843 2509 2976 2579 quis
3041 2511 3304 2580 poterit?
3376 2510 3531 2566 Unde
3597 2511 3761 2581 apparet

2202 2598 2472 2649 sanctum
2500 2595 2607 2650 Job
2641 2612 2709 2650 ex
2733 2596 2826 2651 his
2851 2598 3403 2671 sermonibus,quos
3427 2600 3534 2656 Deo
3554 2597 3760 2672 pauitans

2201 2684 2530 2751 conﬁtetur,
2562 2700 2838 2740 accusare
2886 2686 3273 2758 cogitationes
3324 2706 3478 2755 suas,
3521 2687 3692 2760 quibus
3725 2699 3761 2738 se

2202 2772 2472 2828 meminit
2519 2773 2588 2828 de
2630 2773 2874 2843 justitiae
2924 2793 3044 2831 sua:
3095 2778 3326 2834 meritis
3369 2779 3474 2834 sibi
3522 2776 3757 2850 plurimum

2203 2861 2494 2930 tribuisse,
2527 2867 2584 2916 et
2613 2862 2728 2918 Deo
2760 2864 2927 2934 quasi
2986 2867 3228 2948 rustico,
3284 2872 3475 2924 notam
3519 2862 3758 2936 iniquitatis

2202 2949 2451 3021 objicere
2483 2955 2760 3008 tentasse.

2266 3063 2291 3088 ‹‹
2328 3039 2466 3104 Quis
2487 3045 2576 3095 est
2611 3040 2719 3096 iste
2753 3042 2854 3114 qui
2884 3042 3032 3098 celat
3060 3045 3377 3101 consilium
3407 3047 3600 3115 absque
3628 3041 3758 3096 scien-

2202 3129 2328 3184 tia?
2360 3129 2419 3184 Id
2445 3135 2556 3195 est,
2603 3147 2773 3186 nemo
2824 3135 3017 3204 potest
3060 3134 3420 3192 abscondere
3452 3130 3703 3190 consilium
3736 3143 3755 3180 ι

2203 3218 2556 3273 conscientia
2583 3223 2703 3274 tua.
2735 3219 2863 3275 Jam
2907 3219 2966 3275 in
3016 3224 3508 3296 consequentibus
3554 3218 3754 3276 manifes-

2203 3305 2429 3361 tissime
2459 3323 2712 3362 errorem
2746 3325 2921 3364 suum
2942 3309 3330 3380 demonstrat,
3364 3316 3418 3368 et
3447 3304 3752 3381 insipientiam

2203 3394 2533 3464 conﬁtetur,
2567 3413 2668 3468 per
2707 3414 2885 3469 quam
2914 3398 3198 3470 ignorans
3225 3402 3298 3456 ad
3332 3406 3502 3457 Deum
3552 3390 3751 3467 loquendi

2205 3485 2444 3540 modum
2475 3487 2808 3555 excesserit,
2841 3487 2923 3543 ita
2951 3488 3151 3545 dicens
3177 3508 3192 3544 :

2277 3596 2303 3623 ‹‹
2364 3573 2497 3629 Ideo
2552 3574 2898 3648 insipienter
2949 3576 3182 3634 locutus
3241 3597 3372 3635 sum
3427 3584 3481 3634 et
3531 3571 3753 3648 quaeultra

2207 3663 2446 3718 modum
2479 3665 2766 3720 excedunt
2793 3666 3095 3740 scientiam
3126 3685 3344 3725 meam.
3404 3665 3560 3731 Audi,
3609 3668 3653 3718 et
3691 3670 3754 3725 85°

2207 3751 2450 3821 loquar:
2487 3752 2855 3826 interrogabo
2886 3759 2961 3822 te,
2994 3760 3049 3812 et
3098 3757 3386 3827 responde
3431 3753 3577 3810 mihi.
3617 3772 3637 3800 »
3673 3747 3754 3801 Jam

2210 3857 2364 3896 nunc
2395 3841 2662 3913 deposita
2692 3843 3050 3916 insipientia,
3083 3851 3261 3916 atque
3317 3845 3529 3916 abjecta
3577 3833 3754 3896 stultitie

2213 3931 2688 4002 praesumptione,
2737 3948 2837 4003 per
2868 3933 3140 3988 notitiam
3199 3931 3585 4005 increpationis
3623 3922 3755 3980 divini!

2213 4019 2284 4074 ad
2313 4020 2783 4076 emendationem
2816 4026 3131 4089 correctus,
3165 4029 3224 4079 et
3253 4020 3536 4096 praesentis
3583 4010 3756 4079 castigl'

2213 4108 2386 4163 tionis
2418 4114 2708 4181 purgatur
2730 4113 3017 4179 examine,
3048 4112 3235 4169 Deum
3277 4108 3623 4168 nihilominus
3645 4097 3756 4156 andei

2213 4196 2572 4268 interrogare
2621 4198 2908 4255 dicendo:
2961 4201 3131 4256 Audi.
3203 4199 3560 4257 Clementiam
3621 4187 3756 4268 divina

2217 4267 2636 4356 indignationis
2660 4288 2920 4343 ostendit
2949 4305 2960 4342 :
2995 4293 3051 4345 et
3080 4288 3190 4345 hoc
3220 4288 3376 4360 loqui
3406 4286 3618 4347 videtur,
3654 4267 3751 4345 (100d

2218 4372 2375 4428 illam
2435 4373 2670 4447 plagam
2728 4376 2900 4450 longe
2954 4377 3068 4432 alio
3119 4379 3292 4435 modo
3331 4378 3473 4433 circa
3499 4387 3611 4428 eum
3638 4370 3753 4419 Deum

2218 4468 2492 4534 operatus
2524 4465 2717 4532 fuerit,
2749 4483 2926 4538 quam
2961 4467 3082 4538 ipse
3113 4474 3285 4524 antea
3308 4466 3584 4538 judicaret,
3611 4460 3652 4511 et
3667 4450 3753 4505 hinc

2219 4557 2326 4618 est,
2360 4553 2514 4623 quod
2549 4570 2610 4609 se
2641 4571 2673 4608 a
2703 4554 2818 4610 Deo
2849 4555 3042 4610 doceri
3073 4554 3478 4628 cupit,sibique
3507 4550 3598 4604 hoc
3621 4543 3751 4613 ipsum

461 4616 992 4718 ngnitﬁmflixel‘ita
1025 4617 1312 4718 Pbdurm?
1366 4618 1537 4718 σοι’άέ
1585 4622 1642 4672 et
1672 4635 1820 4718 03390
1842 4635 1971 4718 εθΓέ
1999 4636 2112 4718 PﬂB‘
2142 4620 2187 4683 D
2219 4616 2480 4712 deposcit
2511 4643 2755 4698 ostendi.
2790 4648 3041 4716 Accepto
3071 4616 3208 4718 ergo
3236 4616 3362 4712 .Iob,
3391 4616 3555 4698 -sicut
3591 4637 3751 4718 esse?

462 4707 710 4764 nitentia
739 4706 1078 4762 illucescat:
1113 4707 1348 4778 quando
1394 4711 1527 4778 post
1577 4712 1876 4779 acceptam
1909 4708 1958 4763 ei
1993 4707 2107 4762 mi-

463 4795 622 4852 nime
654 4796 931 4868 proderit.

539 4907 568 4936 ‹‹
599 4884 934 4941 ίΕειὶωᾶὺίῐ
963 4885 1241 4957 abyssum
1273 4884 1441 4955 quasi
1475 4890 1897 4941 senescentem.
1927 4885 2105 4951 »Sive,

467 4980 532 5029 ut
588 4972 684 5028 alii
746 4974 1037 5043 dixerunt,
1091 4976 1253 5045 quasi
1299 4973 1760 5030 deambulacram.
1817 4975 2109 5047 Abyssum

465 5061 722 5118 diximus
752 5064 1025 5134 superius
1053 5063 1235 5118 istum
1261 5063 1571 5134 mundum,
1606 5079 1778 5134 quem
1813 5080 2113 5119 senescen-

467 5156 583 5207 tem
616 5157 671 5207 et
690 5151 1164 5217 inveteratum,in
1191 5153 1444 5224 peccatis
1458 5152 1658 5224 utique
1675 5157 2107 5226 permanentem

465 5239 732 5296 diabolus
782 5241 1122 5316 arbitratur,
1168 5241 1434 5297 nesciens
1486 5243 1735 5298 adventu
1792 5243 2018 5298 Domini
2079 5261 2112 5298 a

465 5330 719 5403 peccatis
748 5330 1042 5386 veteribus
1076 5329 1465 5386 liberandum.

537 5460 565 5487 ‹‹
598 5437 721 5493 Non
757 5441 846 5493 est
894 5455 1071 5510 super
1121 5442 1334 5494 terram
1381 5444 1637 5511 potestas
1697 5457 1822 5513 quae
1869 5456 2110 5512 compa-

467 5532 626 5584 retur
655 5527 725 5583 ei.
769 5549 796 5575 n
825 5526 998 5582 Nulla
1027 5531 1294 5582 creatura
1325 5534 1416 5583 est
1462 5533 1634 5584 tantae
1667 5529 1956 5602 potentiae,
1991 5530 2112 5584 sive

468 5617 756 5693 peccatrix
779 5621 1045 5673 creatura
1063 5621 1237 5673 tantas
1265 5617 1524 5684 malitiae,
1552 5623 1608 5673 et
1630 5619 1756 5675 ideo
1784 5621 1839 5674 in
1867 5623 2113 5690 utraque

469 5723 532 5770 re
563 5706 761 5765 nullus
787 5706 838 5764 ei
870 5705 1081 5779 poterit
1111 5705 1460 5776 comparari.

2220 4729 2494 4786 monibus
2523 4731 2648 4802 ejus
2698 4734 3055 4789 credendum
3106 4716 3214 4803 est,
3265 4732 3458 4790 divinae
3499 4716 3752 4781 visitatioms

2221 4819 2475 4887 oraculo,
2510 4821 2592 4876 ait
2624 4821 2694 4876 ad
2727 4821 2910 4878 Deum
2939 4840 2951 4878 :

2295 4931 2322 4958 «
2370 4909 2587 4964 Auditu
2636 4911 2796 4966 auris
2843 4912 3038 4967 audivi
3089 4917 3167 4980 te,
3219 4928 3366 4968 nunc
3409 4909 3577 4964 autem
3614 4889 3749 4952 oculus

2223 5013 2390 5053 meus
2445 4997 2600 5054 videt
2657 5003 2731 5054 te.
2792 5023 2819 5050 »
2882 5001 3015 5056 Post
3071 4999 3400 5058 tentationis
3427 4986 3746 5078 probationem:

2221 5085 2538 5158 proximior
2597 5088 2783 5143 factus
2831 5089 3036 5144 divina:
3082 5088 3407 5163 cognitioni,
3450 5080 3568 5138 dicit
3605 5074 3746 5136 selam

2223 5180 2404 5230 Deum
2433 5176 2647 5242 videre,
2681 5193 2854 5248 quem
2883 5184 3038 5244 ante,
3072 5180 3210 5234 dum
3257 5165 3742 5248 examinaretur,_“’

2222 5265 2378 5319 disse
2438 5281 2500 5320 se
2555 5245 2719 5321 dixit.
2780 5267 2991 5322 Audite
3045 5273 3238 5324 autem
3287 5245 3740 5341 Deumﬂel‘ldff’

2222 5354 2321 5425 qui
2353 5358 2441 5408 est
2471 5353 2802 5421 invisibilis,
2836 5361 2893 5410 et
2922 5348 3518 5429 incomprehensibilis,
3543 5353 3629 5429 non
3656 5332 3743 5429 'f‘l’:

2223 5423 2353 5495 rum
2385 5447 2470 5498 est
2499 5442 2826 5510 oculorum,
2859 5443 2946 5499 vel
2982 5423 3224 5500 istarum
3256 5428 3582 5500 θηρίωσιβώ
3608 5423 3738 5510 Imm,“

2224 5531 2436 5586 mentis
2467 5537 2522 5586 et
2553 5531 2763 5586 cordis.
2795 5499 3036 5606 PrOpter
3067 5533 3217 5606 quod
3249 5529 3388 5588 beati
3436 5499 3553 5580 εύηί
3591 5499 3736 5606 “illum

2223 5619 2393 5674 corde
2426 5619 2714 5687 homines,
2747 5637 2862 5692 quo
2898 5597 3044 5678 Deus
3082 5597 3308 5677 videtur
3337 5610 3527 5691 (Matth.
3553 5619 3591 5670 ν,
3613 5597 3665 5692 θλ

2298 5731 2320 5760 ι
2358 5708 2578 5765 Idcirco
2608 5682 2733 5783 ipse
2763 5682 2856 5768 me
2894 5712 3269 5786 reprehendo,
3307 5682 3360 5766 et
3401 5716 3493 5776 ago
3530 5682 3732 5770 pauitan-
