3980 6184
161 380 277 445 845

1228 370 1742 434 COMMENTAR.
1791 370 1872 431 IN
1913 371 2051 432 JOB
2094 370 2268 432 CAP.
2313 371 2496 432 XLII.

3450 366 3573 429 846

161 522 321 573 tuam
353 514 413 569 in
445 509 641 569 favilla
661 512 719 566 et
738 508 951 565 cinere.
982 508 1302 577 Postquam
1326 508 1522 560 autem
1554 504 1805 574 locutus,
1842 506 1890 571 Α
1928 486 2077 559 ﬁlios
2108 503 2166 558 in
2198 503 2444 576 duplum
2496 502 2709 558 habere
2758 518 2819 557 se
2867 502 3171 561 crederet:
3201 504 3326 576 qui,
3368 507 3568 577 utpote

164 610 251 663 est
275 603 561 661 Dominus
607 599 785 656 verba
828 597 949 653 haec
1000 596 1071 651 ad
1118 595 1245 661 Job,
1290 594 1436 649 dix1t
1466 594 1536 649 ad
1569 593 1807 665 Eliphaz

174 692 574 750 Themanitem
608 707 622 757 ;
666 688 856 742 Iratus
873 689 960 741 est
977 685 1139 740 furor
1158 700 1325 739 meus
1341 683 1400 737 in
1419 687 1558 750 te,et
1578 683 1636 737 in
1660 683 1807 737 duos

167 781 382 838 amicos
411 784 547 835 tuos
580 794 592 832 :
625 776 905 847 quoniam
940 789 1054 828 non
1084 772 1227 828 estis
1272 772 1448 827 locuti
1488 786 1681 825 coram
1715 787 1807 826 me

165 876 405 938 rectum,
440 868 593 924 sicut
622 881 823 921 servus
855 879 1022 919 meus
1052 862 1183 918 Job.
1219 860 1445 916 Sumite
1475 875 1612 932 ergo
1642 860 1808 915 vobis

164 964 384 1035 septem
433 963 633 1012 tauros
682 958 739 1009 et
781 952 1016 1023 arietes,
1050 956 1106 1006 et
1135 952 1212 1005 ite
1242 951 1313 1006 ad
1347 964 1577 1005 servum
1610 964 1807 1004 meum

162 1058 290 1125 Job,
322 1062 379 1113 et
410 1055 611 1111 offerte
642 1050 1053 1108 holocaustum
1108 1065 1211 1121 pro
1258 1047 1441 1103 vobis.
1472 1047 1580 1102 Job
1610 1051 1804 1102 autem

164 1162 364 1203 servus
393 1160 561 1201 meus
590 1140 780 1197 orabit
808 1156 913 1212 pro
941 1137 1127 1194 vobis.
1170 1136 1395 1192 Faciem
1443 1138 1572 1206 ejus
1621 1135 1806 1191 susci-

164 1235 318 1308 piam
362 1251 375 1289 :
433 1238 496 1289 ut
540 1248 659 1287 non
700 1229 867 1284 vobis
914 1227 1237 1299 imputetur
1285 1225 1556 1281 stultitia.
1608 1225 1808 1296 Neque

164 1323 316 1379 enim
346 1321 526 1378 locuti
558 1320 700 1377 estis
731 1334 927 1374 coram
959 1333 1053 1372 me
1094 1319 1317 1370 rectum
1352 1336 1366 1371 ς
1400 1316 1555 1370 sicut
1604 1331 1807 1369 servus

165 1428 328 1468 meus
354 1411 480 1467 Job.
516 1409 797 1465 Abierunt
849 1423 987 1479 ergo
1033 1405 1273 1477 Eliphaz
1318 1404 1716 1472 Themanites,
1750 1407 1808 1458 et

164 1500 377 1557 Baldad
408 1499 625 1563 Suites,
653 1502 709 1553 et
737 1496 966 1569 Sophar
994 1493 1415 1559 Naamathites,
1448 1498 1507 1548 et
1546 1493 1808 1548 fecerunt

162 1591 318 1646 sicut
343 1588 571 1645 locutus
602 1587 792 1643 fuerat
820 1584 1105 1640 Dominus
1126 1585 1199 1639 ad
1220 1600 1384 1639 eos.»
1408 1585 1587 1647 Quem
1612 1582 1804 1637 locum

163 1678 265 1735 alii
295 1678 561 1741 dixerunt
591 1694 604 1731 :
640 1699 668 1727 «
701 1676 833 1731 Ideo
864 1673 1099 1745 despexi
1132 1672 1565 1744 memetipsum,
1590 1677 1647 1727 et
1692 1670 1807 1725 dis-

164 1767 349 1835 tabui,
381 1771 439 1823 et
466 1765 748 1822 asstimavi
780 1781 871 1820 me
903 1769 1116 1819 terram
1164 1767 1221 1816 et
1269 1762 1543 1817 cinerem.
1584 1784 1603 1809 ιι
1642 1760 1801 1825 Quod

163 1862 359 1923 autem
390 1856 448 1911 in
475 1854 752 1927 injuriam
780 1852 965 1909 sancti
993 1852 1124 1922 Job,
1150 1851 1322 1906 amici
1351 1852 1477 1921 ejus
1508 1866 1622 1905 non
1654 1854 1807 1904 recte
1837 1879 1883 1943 Β

164 1943 339 2001 locuti
371 1941 607 2009 fuerint,
639 1941 735 1995 hic
764 1945 981 2013 aperte,
1032 1938 1279 1995 Domino
1326 1940 1410 1994 eis
1454 1938 1802 2009 imputante,

162 2044 525 2097 monstratur
556 2056 569 2094 :
604 2038 758 2093 unde
787 2038 913 2110 ipse
944 2036 1025 2091 ait
1054 2037 1125 2091 ad
1160 2051 1279 2106 eos,
1313 2037 1466 2108 quod
1500 2040 1801 2107 peccatum

160 2128 305 2185 illud
334 2125 797 2200 exprobrationis
843 2126 926 2180 eis
988 2125 1207 2180 remitti
1257 2141 1372 2179 non
1421 2124 1625 2196 possit,
1690 2122 1805 2179 nisi

156 2219 363 2275 beatus
387 2217 492 2273 .Iob
515 2233 618 2288 pro
649 2214 768 2269 illis
789 2212 1057 2281 oraverit,
1090 2217 1147 2268 et
1176 2212 1586 2269 holocaustum
1610 2212 1805 2284 propi-

158 2306 421 2363 tiationis
450 2303 747 2361 obtulerit.
774 2302 878 2357 Ubi
910 2302 1271 2357 advertimus
1303 2302 1456 2374 quod
1486 2301 1805 2357 sacerdotis

155 2395 349 2451 officio
380 2396 607 2450 beatus.
649 2393 759 2449 Job
792 2392 1027 2447 functus
1060 2391 1249 2447 fuerit.
1304 2390 1669 2462 Intelligatur
1698 2390 1807 2445 hoc

140 2485 285 2541 loco
314 2484 468 2556 quod
502 2482 647 2538 nulli
682 2482 950 2554 expediat
979 2497 1113 2536 cum
1147 2480 1551 2545 exsultatione,
1585 2485 1641 2535 et
1668 2497 1806 2535 con-

149 2573 307 2630 vicio
355 2588 667 2645 coarguere
715 2571 775 2625 in
827 2569 923 2625 Dei
971 2569 1356 2642 castigatione
1387 2585 1451 2625 ac
1481 2569 1807 2624 tribulatio-

155 2678 306 2719 num
338 2660 638 2718 laboribus
669 2659 1075 2715 constitutum.
1101 2658 1198 2713 Ait
1228 2658 1679 2731 namque,quod
1700 2658 1809 2714 Job

155 2756 299 2808 ante
345 2767 449 2822 pro
498 2750 583 2805 eis
632 2748 982 2804 sacriﬁcium
1043 2748 1402 2818 offerentem,
1435 2748 1643 2803 faciem
1683 2748 1811 2817 ejus

157 2840 235 2895 ad
265 2838 695 2896 exaudiendum
746 2837 995 2893 libenter
1024 2836 1367 2907 susceperit.
1402 2838 1467 2891 Et
1498 2836 1661 2891 addit
1698 2836 1813 2891 Do-

158 2929 367 2985 minus
397 2926 673 3001 duplicia.
732 2929 791 2981 In
843 2926 1226 2997 sequentibus
1275 2926 1560 2998 quacritur
1604 2942 1815 2981 sensus

156 3019 316 3090 ejus,
348 3017 449 3089 qui
494 3016 994 3089 quemadmodum
1048 3015 1223 3070 fuerit
1273 3013 1628 3087 duplicatus,
1681 3014 1812 3068 libri

154 3117 346 3187 hujus
376 3115 626 3187 scriptor
655 3114 965 3187 diligenter
1004 3118 1256 3170 enarrat.
1305 3114 1535 3169 Fratres
1579 3130 1713 3169 vero
1762 3116 1819 3168 et

156 3221 417 3274 sorores,
447 3205 548 3276 qui
582 3204 653 3259 ad
686 3204 921 3259 beatum
970 3203 1078 3259 Job
1124 3207 1256 3275 post
1300 3203 1531 3275 plagam
1564 3204 1817 3274 castiga-

1918 593 2305 649 ﬁdelissimus
2335 593 2434 648 Dei
2468 609 2692 659 servus,
2728 591 2971 647 minime
3018 592 3285 649 dubitare
3332 594 3569 651 deberet

1919 698 2039 749 eos,
2072 699 2221 752 quos
2246 684 2314 737 ad
2348 682 2529 737 Deum
2573 680 2955 753 praemiserat,
3007 697 3124 736 non
3179 682 3420 752 perisse.
3471 683 3566 739 Sic

1916 770 2015 824 ubi
2049 787 2152 841 per
2180 775 2367 825 totum
2400 771 2555 825 hunc
2585 770 2802 825 librum
2833 774 3103 825 sanetum
3150 770 3282 836 Job,
3317 771 3563 843 ﬁguram

1917 858 2197 914 habuisse
2242 860 2556 915 Salvatoris
2606 858 3029 931 perspeximus,
3079 857 3331 914 donante
3378 859 3563 931 gratia

1916 948 2068 1018 ejus,
2101 953 2166 1002 ut
2196 948 2365 1003 nobis
2399 947 2595 1019 largiri
2626 948 2901 1020 dignatus
2931 952 3039 1015 est,
3072 947 3474 1020 exposuimus,
3509 953 3566 1003 et

1916 1037 1974 1091 in
2004 1037 2358 1108 quibusdam
2391 1037 2554 1108 locis,
2579 1037 2798 1093 amicos
2829 1038 2956 1107 ejus
2987 1036 3308 1109 signiﬁcari
3335 1037 3563 1093 haereti-

1918 1142 2016 1180 cos
2064 1126 2481 1191 intelleximus,
2516 1127 2668 1181 sicut
2698 1127 2873 1181 ctiam
2907 1129 2964 1181 et
2992 1125 3156 1181 illum
3179 1126 3345 1183 Heliu
3373 1126 3565 1199 genti-

1916 1213 2098 1270 litatis
2128 1215 2405 1271 habuisse
2458 1215 2795 1287 imaginem,
2845 1215 3254 1272 disseruimus.
3287 1217 3394 1272 Sed
3427 1216 3566 1288 quia

1917 1319 2021 1374 per
2049 1302 2342 1359 Christum
2376 1304 2691 1375 impiorum
2724 1309 2897 1377 atque
2937 1305 3259 1361 errantium
3304 1304 3561 1361 reconci-

1915 1390 2077 1447 liatio
2110 1397 2235 1448 est:
2270 1394 2383 1448 Non
2412 1402 2493 1448 est
2520 1396 2669 1449 enim
2710 1395 2866 1449 aliud
2913 1410 3109 1450 nomen
3156 1395 3255 1450 sub
3302 1396 3453 1463 caelo,
3504 1397 3564 1449 in

1916 1497 2018 1552 quo
2048 1485 2253 1553 oportet
2279 1483 2455 1537 salvos
2479 1484 2604 1553 ﬁen'
2632 1484 2769 1553 (Act.
2804 1500 2876 1551 1v,
2932 1485 3049 1554 1‘2);
3101 1484 3229 1540 ideo
3276 1484 3565 1540 exstincta

1916 1587 2074 1625 nunc
2095 1570 2418 1642 gentilitate
2440 1577 2613 1644 atque
2638 1571 2873 1639 abolita,
2897 1571 3151 1628 haeretici
3175 1573 3245 1628 ad
3263 1572 3561 1629 Christum

1916 1677 1950 1714 a
1978 1664 2094 1715 Deo
2126 1660 2291 1715 Patre
2335 1660 2668 1733 mittuntur,
2701 1666 2766 1716 ut
2809 1678 2912 1733 per
2955 1679 3130 1733 quem
3163 1662 3327 1734 prius
3360 1663 3563 1718 salvati

1916 1748 2169 1815 fuerant,
2200 1766 2435 1805 rursum
2486 1750 2635 1823 lapsi
2695 1767 2797 1822 per
2849 1751 3121 1807 eumdem
3181 1752 3562 1808 mediatorem

1916 1838 2031 1893 Deo
2063 1837 2529 1894 reconcilientur.
2566 1840 2625 1894 In
2657 1840 2997 1896 holocausto
3022 1857 3150 1897 vero
3181 1844 3404 1913 septem
3436 1846 3563 1898 tau-

1914 1944 2111 1983 rorum
2162 1932 2218 1982 et
2269 1927 2540 1994 arietum,
2573 1930 2905 1985 orationum
2957 1934 3132 2002 atque
3163 1930 3561 2003 eleemosyna-

1915 2032 2047 2071 rum
2076 2016 2425 2083 satisfactio,
2459 2018 2744 2090 superbiae
2775 2023 2831 2075 et
2862 2019 2958 2073 ira:
2988 2020 3328 2076 emundatio
3360 2020 3558 2091 plena-

1914 2105 2001 2159 ria
2033 2110 2205 2176 atque
2236 2107 2512 2177 perfecta,
2547 2124 2649 2179 per
2680 2107 2934 2163 laborem
2963 2112 3139 2180 atque
3160 2109 3561 2166 innocentiam

1915 2194 2254 2265 pcenitentia
2284 2197 2738 2251 demonstratur.
2772 2197 2934 2260 Quod
2965 2202 3157 2253 autem
3190 2198 3271 2253 ait
3303 2214 3315 2251 :

1992 2321 2019 2349 υ
2069 2300 2138 2356 Et
2184 2301 2442 2373 suscepit
2498 2303 2777 2358 Dominus
2827 2304 3034 2359 faciem
3086 2304 3217 2375 Job,
3277 2305 3562 2363 Dominus

1918 2405 2150 2462 quoque
2194 2407 2509 2446 conversus
2557 2396 2645 2448 est
2693 2393 2762 2448 ad
2813 2394 3216 2466 paenitentiam
3264 2395 3391 2463 Job,
3425 2412 3562 2451 cum

1918 2483 2110 2535 oraret
2150 2479 2245 2535 ille
2278 2498 2379 2552 pro
2410 2480 2615 2537 amicis
2662 2482 2816 2551 suis;
2872 2506 2899 2533 ››
2950 2482 3095 2538 illud
3144 2488 3233 2540 est
3284 2485 3439 2557 quod
3487 2484 3570 2541 ait

1919 2568 2235 2640 Apostolus
2260 2586 2271 2623 :
2302 2569 2549 2626 Christus
2574 2574 2727 2627 Jesus
2747 2575 2843 2644 qui
2863 2581 2940 2629 est
2962 2575 3021 2628 in
3036 2573 3262 2629 dextera
3283 2574 3567 2647 Dei(Rom.

1918 2674 2043 2725 vm,
2076 2658 2165 2728 3'1)
2202 2674 2214 2713 ε
2252 2659 2348 2728 qui
2389 2659 2565 2715 etiam
2615 2660 2948 2733 interpellat
2995 2678 3098 2734 pro
3147 2662 3317 2719 nobis
3363 2664 3568 2735 (Ibid.),

1922 2748 2248 2802 secundum
2280 2749 2564 2804 Joannem
2606 2750 2955 2821 apostolum,
3009 2752 3324 2807 advocatus
3371 2757 3572 2809 noster

1916 2836 2030 2905 εει,
2063 2841 2120 2891 et
2168 2837 2502 2910 propitiatio
2551 2839 2706 2910 apud
2757 2843 2984 2895 Patrem
3017 2840 3063 2911 (I
3089 2841 3245 2896 Joan.
3282 2858 3341 2911 ιι,
3380 2842 3429 2908 1,
3459 2841 3517 2912 2)
3551 2858 3565 2897 :

1924 2925 2010 2981 sic
2056 2926 2298 2996 itaque:
2334 2926 2511 2982 facies
2560 2927 2876 2983 Salvatoris
2926 2945 2960 2982 a
3009 2928 3174 2984 Patre
3222 2928 3568 3000 suscipitur,

1926 3014 2065 3069 dum
2099 3020 2155 3069 et
2181 3014 2306 3086 ipse
2336 3014 2588 3085 exaudit,
2622 3020 2678 3071 et
2709 3016 3035 3072 exauditur.

2002 3126 2028 3153 ‹‹
2057 3103 2125 3157 Et
2156 3103 2381 3158 addidit
2408 3104 2695 3159 Dominus
2717 3104 2916 3161 omnia
2936 3122 3319 3177 quascumque
3339 3107 3577 3163 fuerant

1926 3192 2057 3258 Job,
2089 3191 2366 3264 duplicia.
2406 3216 2425 3242 ιι
2466 3192 2569 3247 Illa
2600 3193 2780 3265 igitur
2810 3194 3011 3249 addita
3040 3198 3178 3250 sunt
3206 3194 3432 3252 Christo
3462 3199 3572 3251 Do-

156 3254 417 3274 _--_---,
451 3254 548 3276 γ-
583 3254 653 3259 __
687 3254 921 3259 ηηηη
972 3254 1071 3259 --η
1125 3254 1253 3275 τ---
1300 3254 1531 3275 τηεψ-
1570 3254 1786 3274 ---ποη
2044 3254 2052 3258 .
2174 3254 2190 3264 ,
2622 3254 2655 3265 υ

151 3294 344 3351 tionis
376 3294 504 3364 ejus
533 3297 939 3358 convenerant,
973 3308 1177 3348 omnes
1209 3292 1614 3363 cogitationes,
1646 3297 1701 3347 et
1732 3293 1816 3346 fa-
1844 3254 1889 3317 C
1929 3281 2089 3336 mino
2121 3286 2177 3336 εἰ
2205 3281 2321 3336 Deo
2350 3285 2569 3349 ηοεῐτοι
2602 3299 2733 3337 cum
2766 3282 2981 3354 P0131110
3020 3282 3198 3338 Israel
3246 3301 3349 3355 ι)οΡ
3395 3284 3571 3340 ﬁdem

153 3382 344 3440 milia:
367 3382 598 3454 generis
618 3382 749 3453 ejus
768 3380 1158 3453 intelligenda:
1177 3386 1334 3437 sunt.
1360 3379 1619 3436 Universi
1639 3382 1811 3436 etiam

153 3469 289 3528 noti
309 3476 365 3527 et
384 3470 556 3526 amici
581 3471 728 3541 ejus,
753 3470 852 3542 qui
874 3469 1126 3543 regalem
1159 3470 1479 3542 potentiam
1524 3470 1652 3541 ejus
1702 3469 1819 3525 sin-

152 3559 553 3634 gularemque
582 3559 931 3632 sapientiam
981 3560 1145 3631 prius
1191 3564 1491 3630 noverant,
1523 3560 1817 3615 venientes

153 3650 235 3705 ad
270 3665 407 3705 eum
440 3648 824 3704 comederunt
870 3665 1004 3703 cum
1050 3666 1116 3704 eo
1164 3648 1223 3703 in
1279 3648 1540 3704 convivio
1580 3649 1819 3704 honoris

153 3739 302 3810 ejus
334 3755 347 3794 :
381 3737 441 3793 in
471 3753 587 3809 quo
620 3737 990 3809 signiﬁcatus
1029 3742 1119 3793 est
1164 3738 1235 3793 ab
1287 3754 1353 3794 eo
1396 3739 1661 3793 omnium
1694 3756 1816 3794 sor-

153 3827 335 3883 dium
368 3825 610 3899 squalor
638 3825 962 3882 abstersus.
997 3826 1060 3881 In
1092 3832 1255 3882 motu
1291 3843 1422 3882 vero
1470 3828 1697 3898 capitis,
1732 3828 1821 3881 in-

153 3915 422 3971 dicatam
453 3915 928 3970 convenientium
980 3915 1048 3970 ad
1102 3931 1237 3971 eum
1287 3914 1545 3970 laetitiam
1596 3916 1819 3971 noveri-

151 4020 307 4061 mus
339 4009 353 4059 ἑ
389 4004 608 4076 quique
632 4003 895 4059 muneris
917 4003 1124 4076 gratia,
1147 4002 1304 4059 velut
1323 4003 1568 4076 inopi,et
1590 4006 1822 4077 penitus

147 4091 319 4148 nihil
346 4092 585 4149 habenti
617 4092 907 4148 dederunt
967 4108 1103 4148 oves
1146 4092 1433 4165 singulas,
1484 4098 1540 4149 et
1586 4094 1821 4150 inaures

149 4197 381 4238 aureas
411 4179 698 4252 singulas.
738 4181 798 4235 In
833 4181 942 4236 hac
968 4180 1386 4250 consolatione,
1421 4183 1528 4238 etsi
1561 4200 1739 4254 parva
1768 4188 1825 4239 et

150 4271 436 4346 priorum
470 4270 759 4326 bonorum
782 4268 1589 4341 duplicatione,animadverti
1611 4277 1822 4358 potest.

148 4368 326 4442 quod
360 4367 602 4441 grandis
634 4366 953 4424 multitudo
1003 4369 1075 4424 ad
1125 4369 1291 4424 illum
1334 4370 1689 4431 convenerit;
1725 4370 1824 4442 qui

145 4473 306 4515 cum
339 4473 376 4512 a
407 4456 655 4529 singulis
684 4472 891 4528 parum
944 4457 1251 4529 acceperit,
1284 4458 1479 4513 subito
1526 4463 1824 4513 tantarum

1926 3370 2125 3426 addita
2156 3376 2243 3425 est
2272 3370 2536 3442 gentium
2570 3371 2904 3440 multitudo,
2937 3377 2995 3427 et
3028 3372 3351 3428 addeturin
3372 3389 3573 3446 regno.

2000 3477 2355 3533 «Venerunt
2397 3482 2592 3534 autem
2647 3479 2720 3534 ad
2768 3495 2901 3534 eum
2951 3496 3152 3535 omnes
3198 3480 3408 3536 fratres
3458 3480 3573 3547 sui,

1927 3572 1980 3621 et
2015 3567 2298 3622 universae
2337 3583 2565 3622 sorores
2598 3584 2737 3637 ευεε,
2794 3573 2851 3622 et
2904 3568 3097 3623 cuncti
3143 3568 3244 3641 qui
3295 3574 3578 3625 noverant

1929 3673 2061 3711 eum
2096 3655 2277 3728 prius,
2311 3660 2367 3711 et
2395 3658 2939 3712 comederunt‘cum
2971 3674 3038 3713 eo
3070 3674 3280 3729 panem
3312 3658 3370 3713 in
3403 3660 3576 3715 domo

1929 3746 2077 3815 ejus.
2112 3746 2177 3799 Et
2208 3750 2515 3801 moverunt
2543 3763 2721 3819 super
2753 3762 2888 3802 eum
2940 3751 3132 3818 caput.
3185 3769 3212 3797 »
3267 3748 3429 3813 Quod
3472 3746 3571 3815 ait,

1928 3837 2232 3903 venerunt,
2264 3832 2373 3888 hoc
2404 3840 2494 3889 est
2527 3851 2629 3906 per
2658 3835 2829 3891 ﬁdem
2856 3835 2906 3891 ei
2939 3834 3291 3907 incorporati
3320 3840 3478 3907 sunt,
3513 3841 3579 3891 ut

1930 3923 2085 3977 intra
2116 3921 2431 3977 Ecclesiam
2480 3924 2539 3978 in
2590 3908 2707 3979 uno
2756 3924 2964 3997 spiritu
3016 3924 3352 3997 congregati
3382 3929 3579 3980 essent

1932 4012 2195 4067 membra
2226 4013 2355 4082 ejus
2384 4028 2588 4068 omnes
2618 4014 2920 4068 credentes
2941 4013 2999 4068 in
3031 4029 3187 4068 eum.
3222 4013 3449 4069 Fratres
3475 4029 3578 4067 au-

1930 4104 2049 4156 tem
2079 4104 2135 4155 et
2164 4117 2393 4157 sorores
2425 4102 2703 4156 dicuntur
2724 4102 2916 4157 omnis
2935 4101 3036 4156 illa
3052 4100 3317 4173 cognatio
3346 4101 3576 4157 Judazo-

1933 4207 2061 4245 rum
2114 4190 2315 4262 populi
2368 4207 2379 4245 :
2428 4191 2498 4244 de
2547 4207 2795 4262 quorum
2833 4189 3050 4245 familia
3093 4194 3267 4245 natus
3297 4194 3383 4245 est
3412 4188 3577 4245 Chri-

1934 4282 2082 4334 stus.
2108 4277 2237 4333 Sive
2271 4278 2477 4334 fratres
2500 4283 2555 4333 et
2575 4295 2803 4333 sorores
2825 4277 3170 4349 generaliter
3188 4278 3453 4334 omnium
3482 4296 3581 4335 na-

1932 4368 2158 4423 tionum
2186 4368 2594 4422 multitudines
2614 4366 2936 4439 intelligere
2958 4384 3276 4439 possumus
3301 4386 3313 4424 :
3339 4385 3405 4425 eo
3424 4369 3581 4440 quod

1935 4456 2007 4510 de
2040 4473 2236 4511 massa
2266 4455 2509 4511 humani
2540 4457 2771 4527 generis
2802 4474 3035 4514 carnem
3081 4459 3424 4529 assumpsit,
3481 4473 3584 4529 per

147 4546 514 4604 divitiarum
547 4545 740 4601 factus
771 4544 850 4601 sit
880 4546 1178 4603 dominus.
1211 4546 1405 4601 Potuit
1440 4547 1547 4603 hoc
1578 4546 1829 4620 scriptor
1937 4562 2114 4616 quam
2150 4544 2260 4599 sibi
2293 4550 2527 4600 caeteros
2560 4546 2765 4601 fratres
2796 4546 3072 4619 dignatus
3102 4550 3192 4602 est
3221 4547 3409 4602 facere
3468 4564 3480 4602 :
3513 4546 3585 4602 de

144 4636 305 4692 libri
336 4635 542 4707 hujus,
576 4638 635 4690 et
685 4651 789 4707 per
819 4634 1300 4708 anticipationem
1332 4635 1567 4701 dixisse,
1605 4641 1669 4691 ut
1698 4640 1829 4708 post
1858 4623 1904 4686 D
1938 4635 2154 4706 quibus
2182 4633 2261 4689 ait
2290 4635 2360 4688 ad
2395 4635 2620 4689 Patrem
2647 4651 2660 4689 ε
2685 4635 2932 4690 Narrabo
2963 4651 3164 4691 nomen
3192 4645 3350 4691 tuum
3378 4635 3589 4705 fratri-

144 4724 559 4782 tentationem
592 4721 759 4779 illam
791 4740 895 4796 per
924 4728 1160 4781 centum
1206 4724 1599 4797 quadraginta
1643 4742 1827 4781 annos
1940 4722 2035 4778 bus
2084 4724 2237 4793 meis,
2294 4727 2343 4777 et
2387 4726 2447 4778 in
2494 4724 2670 4779 medio
2724 4726 2979 4781 Ecclesiae
3023 4725 3265 4780 laudabo
3313 4729 3364 4779 te
3409 4723 3584 4795 (Psal.

145 4814 296 4871 vitae
331 4829 477 4883 sure,
509 4812 890 4869 benedicente
931 4813 1195 4882 Domino,
1230 4812 1559 4869 cumulatas
1608 4815 1663 4868 in
1716 4815 1827 4869 dn-
1937 4829 2052 4878 xxx,
2085 4812 2197 4883 25).
2231 4817 2299 4866 Et
2326 4811 2386 4867 in
2414 4812 2724 4885 Evangelio
2757 4812 2839 4868 ait
2869 4829 2882 4868 :
2915 4813 3020 4881 Qui
3058 4815 3208 4869 enim
3252 4814 3447 4883 fecerit
3491 4827 3583 4868 vo-

142 4902 337 4977 plum
370 4899 607 4956 divitias
637 4899 963 4972 possideret
995 4918 1008 4956 :
1043 4896 1296 4956 filiorum
1319 4917 1452 4956 vero
1484 4901 1612 4970 ejus
1643 4899 1830 4973 dupli-
1940 4902 2213 4956 luntatem
2242 4902 2359 4967 Dei,
2394 4902 2483 4955 hic
2523 4902 2663 4957 mihi
2690 4910 2741 4957 et
2769 4905 2968 4982 frater,
3010 4907 3061 4958 et
3107 4917 3280 4967 soror,
3310 4904 3365 4956 et
3409 4904 3589 4957 mater

142 4997 374 5049 catam
409 5005 724 5045 numerum
758 5006 873 5045 non
904 4989 1176 5061 legimus.
1212 4990 1374 5046 Unde
1403 4990 1655 5046 arbitror
1671 4990 1828 5062 quod
1939 4998 2017 5045 est
2044 4990 2228 5057 (Marc.
2264 5007 2346 5055 ιιι,
2382 4991 2492 5053 35).
2529 4990 2594 5043 Et
2625 4990 2819 5045 cuncti
2870 4990 2969 5062 qui
3018 5007 3152 5046 eum
3201 4990 3365 5062 prius
3413 5006 3586 5046 nove-

144 5097 309 5139 cum
343 5095 417 5135 ea
446 5095 572 5151 quae
606 5078 848 5134 omnino
874 5079 1187 5151 perierant,
1221 5078 1322 5135 illa
1368 5081 1419 5135 ei
1474 5081 1529 5134 in
1578 5079 1827 5151 duplum
1940 5083 2099 5146 runt,
2130 5083 2411 5135 venerant
2435 5080 2505 5134 ad
2536 5096 2669 5136 eum
2706 5097 2718 5135 :
2753 5080 2834 5134 ita
2862 5084 2919 5135 et
2960 5080 3035 5135 de
3082 5079 3166 5135 eis
3214 5080 3587 5136 sentiendum

144 5167 399 5227 fuerint
429 5167 718 5234 restituta,
751 5167 925 5223 etiam
974 5167 1081 5221 ﬁlii
1128 5168 1179 5223 ei
1226 5168 1433 5239 viginti
1480 5185 1583 5239 pro
1630 5169 1830 5224 decem
1941 5173 2050 5235 est,
2086 5169 2223 5239 quia
2253 5174 2538 5224 noverunt
2569 5186 2701 5224 eum
2736 5169 2898 5241 prius
2929 5186 3135 5225 omnes
3167 5170 3353 5225 sancti
3386 5175 3590 5242 etpro-

142 5257 389 5317 redditi
421 5256 560 5311 sint.
597 5257 662 5311 Hi
695 5255 850 5311 enim
884 5256 996 5329 ipsi
1029 5257 1227 5313 decem
1260 5257 1433 5329 primi
1483 5274 1629 5330 quos
1662 5258 1832 5313 ruina
1942 5258 2150 5329 pheta),
2188 5258 2287 5329 qui
2320 5273 2453 5313 eum
2487 5258 2688 5329 utique
2717 5259 2990 5313 videbant
3024 5257 3083 5313 in
3139 5258 3377 5330 spiritu;
3412 5275 3587 5330 quem

138 5348 392 5403 domus
425 5344 677 5401 labentis
708 5351 1098 5417 oppresserat,
1133 5347 1286 5420 apud
1322 5350 1502 5401 Deum
1554 5364 1668 5402 non
1723 5365 1829 5420 pu-
1941 5348 2119 5403 etiam
2152 5346 2209 5400 in
2234 5363 2468 5401 carnem
2490 5352 2800 5401 venturum
2824 5346 3272 5415 annuntiabant,
3294 5348 3589 5421 sicutipse

138 5431 383 5494 tantur
413 5433 703 5493 exstincti.
741 5434 979 5506 Propter
1008 5435 1444 5491 aediﬁcationem
1476 5436 1674 5507 itaque
1702 5437 1832 5491 ﬁdei
1946 5436 2228 5493 Dominus
2259 5436 2400 5491 dicit
2432 5454 2444 5491 :
2479 5436 2637 5491 Mulli
2661 5438 2946 5508 prophetae
2965 5445 3014 5493 et
3029 5440 3170 5509 justi
3189 5440 3482 5509 cupierunt
3510 5440 3592 5494 vi-

136 5528 420 5591 nostrm,
445 5527 639 5579 tantos
668 5521 718 5578 ei
750 5522 903 5577 ﬁlios
925 5539 957 5577 a
980 5523 1094 5577 Deo
1126 5523 1676 5595 redditos,quantos
1695 5526 1836 5579 ami-
1943 5528 2073 5582 dere
2101 5542 2227 5597 qua:
2256 5542 2348 5581 vos
2378 5527 2610 5595 vidistis,
2634 5536 2687 5582 et
2718 5543 2827 5583 non
2857 5527 3145 5583 viderunt:
3167 5532 3217 5583 et
3247 5528 3446 5584 audire
3467 5543 3593 5601 quae

134 5616 357 5682 serat,
401 5611 778 5668 sentiendum
812 5615 921 5679 est,
957 5615 1021 5667 ut
1050 5612 1207 5667 omni
1257 5613 1542 5669 bonorum
1593 5630 1835 5669 suorum
1947 5632 2038 5673 vos
2089 5617 2344 5685 audistis,
2400 5625 2449 5672 ct
2493 5632 2603 5671 non
2653 5616 2953 5673 audierunt
2982 5618 3132 5689 (Luc.
3166 5634 3222 5684 Χ,
3255 5617 3368 5689 24).
3409 5617 3591 5681 Quem

133 5702 522 5773 substantia
551 5702 611 5759 in
646 5700 893 5776 duplum
926 5700 1037 5761 sibi
1071 5718 1104 5758 a
1132 5701 1377 5759 Domino
1409 5702 1638 5761 reddita
1658 5703 1838 5761 etiam
1947 5705 2222 5766 videbant
2263 5711 2457 5767 autem
2504 5707 2562 5765 in
2611 5706 2843 5782 spiritu,
2884 5705 3254 5781 prmsentiam
3309 5706 3591 5767 adventus
