3980 6184
502 342 619 404 847
1753 369 1755 374 ·
2002 343 2074 402 Al

2222 343 2428 403 NDIX.

503 477 631 545 ejus
680 474 734 529 in
786 491 958 531 carne
1006 475 1202 531 videro
1253 476 1689 543 desiderabant,
1723 476 1874 532 sicut
1921 479 1976 530 et
2016 493 2154 530 san-
2187 487 2239 552 Α
2271 476 2551 532 habentes
2583 476 2760 548 (Cant.
2797 494 2870 548 IV,
2904 477 2958 548 2)
2989 493 3124 532 cum
3173 491 3275 548 per
3319 475 3664 536 obedientiam
3685 497 3800 537 mau-

503 569 632 621 ctus
663 564 981 633 Abraham,
1014 566 1086 620 de
1115 581 1229 638 quo
1260 565 1343 620 ait
1365 566 1646 621 Dominus
1682 584 1694 620 :
1727 566 2004 620 Abraham
2023 582 2148 620 con-
2267 567 2536 620 datorum
2596 565 2717 637 Dei,
2769 572 2981 621 renatae
3030 565 3091 620 in
3142 565 3397 634 Christo,
3450 566 3726 625 innocentes
3764 579 3803 627 et

505 655 712 725 cupivit
737 654 924 710 videre
950 654 1097 710 diem
1143 670 1327 709 meum
1374 673 1391 708 :
1439 659 1490 710 et
1537 655 1689 725 vidit,
1722 662 1776 709 et
1805 657 2026 724 gavisus
2075 662 2155 708 est
2262 653 2559 725 simplices
2579 654 2830 726 operarii
2865 655 3081 710 fuerint
3109 660 3166 710 et
3189 655 3410 712 ﬁdeles.

504 743 682 814 (Joan.
733 759 857 809 VIII,
901 743 1014 816 56).
1065 745 1262 815 Itaque
1320 743 1578 814 pradicti
1630 743 1818 798 sancti
1849 748 2150 807 venerunt,
2349 766 2368 792 «ι
2404 742 2690 799 Dominus
2717 747 2912 799 autem
2946 743 3241 800 benedixit
3272 744 3582 801 novissimis
3605 745 3688 802 Job
3720 763 3800 803 ma.

507 832 785 904 quoniam
816 831 1100 887 habentes
1129 832 1400 887 eumdem
1431 831 1707 904 spiritum
1731 831 1884 897 ﬁdei,
1911 831 2156 903 prophe-
2261 831 2352 904 gis
2388 848 2564 903 quam
2596 832 2881 904 principio
2914 833 3063 904 ejus.
3097 834 3166 888 Et
3196 833 3350 890 facta
3378 838 3508 890 sunt
3531 834 3576 889 ei
3603 841 3799 906 quatuor-

506 925 776 977 taverunt
803 920 963 976 velut
1000 920 1149 992 justi
1180 937 1248 976 ex
1280 921 1393 976 ﬁde
1424 922 1703 986 viventes,
1735 925 1792 976 et
1822 935 2153 976 sacramen-
2263 919 2449 976 decim
2483 919 2667 976 millia
2693 921 2912 989 ovium,
2965 926 3022 977 et
3067 938 3164 978 sex
3213 922 3399 978 millia
3441 922 3746 993 camelorum,
3766 930 3802 981 et

508 1017 634 1067 tum
665 1009 1092 1065 incarnationis
1123 1009 1334 1065 Christi
1369 1010 1636 1065 futurum
1685 1009 2065 1082 prazvidentes
2094 1007 2153 1063 in
2265 1007 2423 1064 mille
2448 1009 2593 1081 juga
2620 1009 2822 1077 boum,
2853 1014 2911 1066 et
2942 1009 3101 1066 mille
3132 1011 3330 1067 asinis.
3367 1035 3394 1061 ››
3423 1012 3675 1084 Principia
3692 1013 3798 1069 Chri-

397 1117 400 1122 ·
510 1099 743 1172 spiritu,
770 1098 831 1154 in
858 1099 1047 1170 ipsam
1079 1098 1252 1154 ﬁdem
1285 1098 1497 1155 Christi
1539 1114 1643 1171 per
1673 1098 1939 1154 eamdem
1972 1097 2156 1170 poeni-
2265 1097 2340 1152 sti
2372 1097 2494 1163 Dei,
2528 1103 2584 1152 et
2614 1098 2839 1153 Domini
2873 1099 3076 1168 nostri,
3108 1098 3257 1173 legis
3289 1099 3467 1170 Moysi
3495 1100 3689 1156 exordia
3716 1116 3796 1157 esse

510 1189 753 1246 tentiam
786 1188 1153 1258 venerunt,id
1184 1192 1274 1244 est
1299 1205 1367 1244 ex
1398 1189 1510 1244 ﬁde
1540 1189 1599 1243 in
1632 1188 1830 1254 ﬁdem,
1862 1192 1927 1242 ut
1960 1190 2159 1243 essent
2267 1185 2692 1258 signiﬁcantur.
2724 1186 3054 1243 Novissima
3075 1205 3205 1244 vero
3227 1189 3356 1260 ejus
3387 1187 3706 1260 Evangelium
3721 1206 3798 1245 esse

511 1277 622 1334 sub
653 1276 876 1332 Christo
917 1276 1105 1348 capite
1135 1293 1341 1344 unum,
1375 1280 1432 1330 et
1461 1275 1572 1346 ipsi
1605 1274 1664 1329 in
1693 1290 1932 1346 corpore
1964 1272 2158 1329 Eccle-
2269 1279 2649 1331 monstratur.
2689 1274 2851 1332 Unde
2898 1275 3276 1332 Ecclesiastes
3326 1277 3408 1332 ait
3456 1293 3467 1332 :
3506 1277 3692 1333 Meliora
3723 1283 3799 1332 sunt

511 1365 608 1421 sim
642 1365 978 1433 constituti;
1019 1364 1138 1435 ubi,
1182 1366 1308 1436 jam
1358 1363 1784 1420 resurrectione
1835 1361 2158 1435 gloriﬁcato
2267 1366 2565 1421 novissima
2609 1366 2901 1432 sermonis,
2946 1382 3113 1438 quam
3156 1367 3384 1421 initium
3427 1367 3538 1438 ejus
3571 1367 3796 1434 (Sectani,

509 1455 757 1526 Christo,
809 1458 866 1510 et
911 1471 979 1510 ex
1027 1453 1320 1526 passionis
1366 1453 1722 1509 contumelia
1769 1453 1828 1506 in
1878 1451 2158 1507 honorem
2269 1456 2345 1525 9).
2380 1454 2625 1510 Proinde
2657 1453 2895 1510 meliora
2925 1461 3064 1510 sunt
3094 1454 3374 1528 mysteria
3419 1454 3675 1529 Evangelii
3705 1471 3796 1510 rere-

511 1543 827 1617 pristinum
861 1542 1150 1613 restituto,
1186 1559 1341 1598 nunc
1386 1543 1444 1598 in
1495 1543 1668 1598 domo
1698 1542 1848 1613 ejus,
1883 1540 2158 1608 Ecclesia,
2270 1542 2389 1599 lata
2418 1542 2476 1598 in
2507 1543 2759 1611 Christo,
2792 1542 2938 1616 legis
2969 1543 3492 1616 signiﬁcationibus
3533 1548 3582 1599 et
3618 1544 3792 1616 figuris:

511 1649 724 1706 panem
757 1637 1257 1689 sacramentorum
1313 1633 1440 1702 ejus
1481 1633 1796 1688 comedunt
1823 1646 2029 1687 omnes
2060 1645 2162 1702 per
2270 1631 2512 1687 meliora
2538 1632 2824 1688 sacriﬁcia
2853 1632 3116 1688 cordium
3149 1633 3547 1701 contritorum,
3575 1648 3710 1706 quam
3734 1631 3792 1686 ho

515 1722 688 1777 ﬁdem
720 1720 1016 1777 venientes
1044 1721 1114 1776 ad
1143 1737 1298 1777 eum.
1332 1721 1476 1777 Cum
1527 1721 1654 1792 ipso
1704 1724 1898 1776 autem
1947 1734 2159 1792 panem
2269 1720 2661 1777 locautomata
2691 1722 3000 1793 pecudum.
3036 1721 3238 1778 Melior
3267 1721 3630 1779 manifestatio
3665 1722 3790 1776 veriti-

513 1810 641 1867 ideo
674 1810 976 1866 comedere
1005 1811 1298 1880 dicuntur,
1331 1810 1470 1881 quia
1501 1809 1626 1882 ipse
1655 1809 1800 1864 dixit
1850 1827 1862 1864 :
1907 1810 2033 1864 Ecce
2065 1823 2160 1878 ego
2191 1853 2237 1917 B
2271 1809 2346 1865 tis
2377 1810 2434 1864 in
2462 1809 2790 1882 Evangelio,
2821 1827 3002 1882 quam
3032 1809 3444 1884 allegoriarum
3472 1811 3652 1866 umbra
3673 1808 3790 1864 iui'e-

517 1901 792 1956 vobiscum
819 1917 942 1954 sum
970 1901 1223 1956 omnibus
1268 1899 1460 1956 diebus
1508 1915 1675 1972 usque
1711 1898 1784 1954 ad
1813 1914 2160 1954 consumma-
2191 1897 2237 1917 υ
2269 1898 2377 1954 teri
2431 1898 2826 1954 Testamento.
2876 1899 2970 1955 Sic
3021 1899 3222 1972 itaque
3282 1900 3561 1956 benedixit
3606 1897 3790 1973 Dominus

517 1991 718 2045 tionem
745 1987 943 2044 saeculi
973 1990 1186 2058 (Matth.
1220 2005 1416 2057 xxvm,
1447 1991 1559 2060 20).
1594 1987 1725 2044 Sive
1755 1989 1893 2060 quia
1914 1988 2038 2059 ipse
2065 2003 2156 2042 eo-
2270 1988 2606 2044 novissimis
2657 1987 2767 2044 Job
2809 1990 2998 2062 magis
3028 2005 3209 2062 quam
3240 1989 3517 2063 principio
3560 1989 3678 2060 ejus,
3703 1986 3790 2041 utin

413 2131 418 2134 .
515 2079 785 2135 rumdem
834 2079 1244 2150 mysteriorum
1295 2083 1384 2135 est
1429 2082 1818 2148 consecrator,
1851 2077 1909 2132 in
1943 2075 2162 2148 quibus
2270 2083 2517 2148 utroque
2573 2077 2810 2150 populo,
2869 2079 3204 2135 Judaaorum
3263 2085 3320 2136 et
3373 2078 3630 2152 gentium,
3679 2074 3791 2149 gratia

513 2175 571 2224 et
619 2169 815 2242 ipsum
876 2168 1315 2224 benedicentem
1356 2173 1411 2224 et
1456 2171 1894 2224 consecrantem
1944 2164 2158 2238 accipi-
2269 2166 2596 2222 abundaret
2629 2182 2642 2221 :
2677 2183 2824 2238 quos
2857 2166 3101 2240 populos
3126 2168 3452 2225 secundum
3478 2181 3668 2223 morum
3684 2162 3790 2235 quali-

519 2275 650 2313 mus
679 2277 692 2314 :
727 2257 866 2329 quia
895 2257 1020 2330 ipse
1051 2257 1199 2312 dixit
1230 2275 1242 2313 :
1276 2259 1385 2327 Ego
1414 2275 1535 2312 sum
1566 2259 1729 2326 panis
1757 2258 1913 2311 vivus
1956 2256 2054 2327 qui
2098 2255 2162 2308 de
2270 2260 2438 2323 tates,
2469 2255 2638 2328 quasi
2671 2256 2780 2311 sub
2811 2256 3173 2313 diversorum
3205 2257 3536 2314 animalium
3564 2253 3788 2311 nominibus

514 2347 644 2402 caelo
673 2345 952 2401 descendit
980 2348 1153 2412 (Joan.
1206 2363 1284 2416 v1,
1331 2346 1439 2414 41).
1490 2345 1560 2400 Et
1607 2345 1850 2401 verbum
1899 2342 2160 2416 Scriptu-
2271 2345 2392 2400 haec
2421 2345 2719 2416 Scriptura
2747 2344 2930 2401 voluit
2959 2346 3273 2419 appellare.
3307 2347 3485 2412 Quam
3521 2360 3630 2401 vero
3651 2339 3787 2414 signiﬁ-

515 2452 715 2491 rarum
759 2434 927 2506 panis
956 2442 1044 2489 est
1073 2433 1307 2500 Christi,
1357 2451 1473 2505 quo
1529 2433 1584 2488 in
1628 2434 1802 2489 domo
1849 2431 2162 2487 Salvatoris
2272 2435 2561 2490 cationem
2609 2434 2810 2489 eadem
2855 2434 3204 2492 animalium
3239 2438 3295 2492 in
3327 2453 3388 2492 se
3418 2433 3657 2492 vocabula
3676 2428 3786 2487 couti-

516 2522 793 2588 Ecclesia,
817 2527 1222 2594 pascuntur,et
1245 2523 1644 2578 exhortatione
1673 2539 1874 2578 eorum
1898 2521 2163 2577 reﬁciun-
2273 2527 2468 2590 neant,
2502 2523 2559 2578 in
2592 2523 2877 2595 principio
2909 2525 3100 2596 operis
3131 2525 3307 2582 istius
3338 2525 3541 2580 dixisse
3575 2538 3654 2578 me
3669 2515 3786 2576 memio

518 2616 615 2668 tur
647 2612 944 2684 quondam
976 2611 1089 2666 ﬁde
1116 2609 1343 2684 inopes,
1376 2611 1475 2682 qui
1524 2611 1584 2666 in
1632 2609 1741 2667 hoc
1785 2609 1994 2666 saeculo
2025 2627 2161 2665 cum
2273 2612 2352 2667 ni.
2391 2611 2758 2683 Duplicatum
2790 2630 2922 2669 vero
2953 2613 3164 2671 horum
3197 2614 3528 2670 animalium
3563 2622 3786 2672 numerum,

519 2705 717 2758 essent
737 2701 912 2756 alieni
946 2717 980 2757 a
1012 2700 1149 2768 Deo,
1184 2700 1397 2756 famem
1429 2700 1716 2756 sermonis
1749 2699 1931 2756 divini
1981 2699 2161 2771 patie-
2274 2705 2508 2774 propter
2569 2707 2888 2774 utrumque
2945 2701 3234 2776 populum
3293 2708 3448 2776 puto,
3503 2701 3604 2758 sive
3644 2701 3786 2772 propter

519 2791 756 2858 bantur,
781 2795 840 2846 et
871 2789 1063 2846 cuncti
1101 2791 1203 2863 qui
1248 2806 1382 2846 eum
1432 2790 1596 2863 prius
1645 2795 1943 2857 noverant,
1992 2803 2161 2843 vene-
2277 2790 2767 2847 abundantiorem
2791 2791 3039 2864 gratiam
3068 2792 3388 2867 Evangelii,
3411 2792 3588 2862 utjam
3607 2787 3783 2844 diximus.

519 2885 658 2937 runt
688 2879 759 2936 ad
792 2895 951 2948 eum,
1001 2879 1060 2934 id
1107 2884 1218 2950 est,
1277 2878 1377 2951 qui
1423 2895 1558 2934 eum
1592 2883 1870 2934 noverant
1899 2877 1957 2932 in
1990 2884 2163 2946 terra,
2275 2879 2344 2934 de
2378 2895 2494 2950 qua
2522 2878 2839 2951 Apostolus
2885 2879 2967 2936 ait
3012 2898 3024 2936 :
3078 2880 3426 2953 Sufﬁcientia
3465 2883 3625 2935 nostra
3655 2876 3782 2932 ulla?

517 2969 715 3026 venire
745 2969 816 3025 ad
846 2984 982 3024 eum
1015 2972 1358 3024 meruerunt
1389 2967 1448 3022 in
1480 2966 1712 3023 coelum.
1739 2971 1806 3021 Et
1837 2969 2162 3033 moverunt,
2237 2965 2242 2968 ’
2273 2972 2372 3034 est,
2400 2969 2498 3039 qui
2525 2977 2578 3024 et
2607 2968 2824 3025 idoneos
2853 2985 2950 3026 nos
2977 2972 3126 3042 fecit,
3161 2975 3214 3027 et
3239 2973 3509 3027 ministros
3531 2967 3642 3024 Νουί
3671 2963 3782 3019 Tuta-

517 3058 715 3130 inquit
759 3057 1079 3130 Scriptura,
1112 3074 1290 3131 super
1318 3073 1384 3114 eo
1415 3062 1591 3128 caput
1623 3075 1636 3113 :
1671 3054 2030 3112 exsultantes
2075 3054 2164 3109 vi-
2273 3059 2465 3124 menti,
2497 3073 2607 3113 non
2636 3058 2842 3128 littera,
2875 3058 2967 3115 sed
3001 3061 3229 3130 spiritu,
3263 3061 3452 3116 littera
3492 3058 3616 3115 enim
3646 3047 3781 3108 οσείδιῖί

518 3147 742 3216 delicet,
775 3148 931 3220 quod
980 3146 1386 3220 spiritualibus
1413 3150 1472 3202 et
1499 3146 1683 3202 sacris
1714 3144 1930 3201 Christi
1969 3143 2162 3199 convi-
2273 3147 2502 3218 spiritus
2532 3155 2714 3202 autem
2740 3149 2980 3219 viviﬁcat
3008 3149 3080 3220 (η
3110 3149 3239 3206 Cor.
3281 3166 3362 3215 Ill,
3390 3150 3442 3216 5,
3469 3149 3537 3219 6).

516 3236 841 3328 νίἰεᾲοῐΐεοιί
870 3241 1066 3293 essent
1095 3237 1409 3328 participes
1442 3254 1454 3292 :
1489 3236 1640 3292 sicut
1669 3235 1954 3328 Dominus
1993 3234 2075 3328 ait
2104 3233 2164 3288 in
2195 3226 2238 3293 C
2349 3278 2377 3304 α
2408 3254 2474 3309 Et
2505 3255 2742 3310 fuerunt
2768 3254 2819 3310 ei
2851 3259 3076 3328 septem
3107 3255 3216 3311 ﬁlii
3246 3260 3304 3312 et
3329 3261 3440 3312 tres
3468 3252 3596 3309 ﬁlim.
3638 3271 3658 3296 η
3690 3238 3778 3307 Quod

519 3326 752 3400 psalmo
788 3344 800 3382 :
841 3332 972 3384 Vota
1000 3343 1124 3382 mea
1152 3325 1371 3384 reddam
1421 3341 1608 3382 coram
1655 3326 1811 3380 vultu
1856 3325 2091 3380 timenti:

2278 3347 2504 3416 septem
2537 3343 2689 3400 ﬁlios
2718 3349 2777 3400 et
2807 3325 2935 3400 tres
2952 3343 3103 3400 ﬁlias
3125 3345 3375 3402 refertur
3392 3331 3777 3408 habuisse,gratia-

520 3433 645 3472 eum
675 3435 694 3472 :
723 3417 880 3472 edent
907 3432 1195 3487 pauperes,
1225 3419 1275 3470 et
1301 3416 1716 3506 satui‘aountur,
1759 3421 1810 3468 et
1829 3413 2168 3506 laudabunt
2279 3413 2409 3488 ru'm
2443 3434 2809 3506 septenariuS
2839 3449 3123 3490 numerus
3152 3433 3455 3500 indicatur,
3492 3429 3630 3502 legis,
3651 3429 3777 3491 etpra-

523 3506 838 3572 Dominum,
869 3507 968 3575 qui
994 3505 1287 3575 requirunt
1315 3521 1441 3558 eum
1471 3504 1643 3575 (Psal.
1675 3519 1792 3572 xxx,
1821 3502 1913 3568 26,
1946 3502 2056 3572 27).
2277 3502 2597 3595 pheti&"et
2625 3523 2846 3595 gratim,
2881 3527 2946 3578 ut
2974 3524 3034 3578 in
3065 3523 3352 3597 principio
3384 3522 3543 3593 hujus
3567 3509 3775 3573 δίχί,ουιί

599 3631 622 3660 ι
657 3611 724 3666 Et
753 3610 1035 3666 consolati
1067 3615 1207 3666 sunt
1237 3627 1371 3666 eum
1404 3626 1580 3682 super
1610 3607 1769 3664 omni
1810 3607 1962 3666 malo
2009 3609 2166 3680 quod
2277 3615 2440 3684 pater
2469 3627 2670 3668 earum
2702 3611 2958 3668 moriens
2985 3611 3120 3668 fecit
3152 3612 3466 3670 coheredes
3491 3610 3683 3664 fratrum
3707 3607 3774 3688 ευὲ

521 3699 804 3756 intulerat
853 3699 1140 3757 Dominus
1193 3716 1368 3772 super
1424 3715 1581 3755 eum.
1641 3696 1999 3753 Salvatorem
2059 3714 2168 3753 no-
2277 3715 2430 3766 rum,
2460 3698 2518 3754 id
2550 3704 2639 3756 est
2669 3700 2896 3756 animas
2919 3717 3068 3772 quas
3090 3717 3196 3773 per
3217 3701 3475 3775 spiritum
3501 3692 3770 3775 gratiarum

524 3797 714 3848 strum
746 3808 861 3847 non
893 3789 1261 3845 mediocriter
1309 3787 1666 3857 consolatur,
1700 3787 1800 3859 qui
1834 3787 2164 3859 passionem
2275 3793 2623 3845 testamento
2680 3789 3011 3844 divinarum
3069 3773 3490 3863 Scripturarum
3539 3773 3769 3862 incorp”)

521 3886 671 3958 ejus,
705 3899 880 3956 quam
913 3897 1016 3953 pro
1049 3879 1446 3950 redemptione
1478 3877 1684 3932 mundi
1719 3877 1999 3949 suscepit,
2031 3893 2164 3932 cum
2277 3895 2374 3934 eas
2405 3878 2607 3949 utique
2637 3877 3096 3951 promissionum
3128 3894 3370 3936 suarum
3400 3875 3522 3933 facit
3543 3882 3642 3928 esse
3808 3901 3809 3907 η

521 3974 736 4050 gaudio
765 3970 968 4036 credit,
1017 3972 1074 4026 et
1117 3966 1363 4023 ﬁdeliter
1401 3965 1587 4023 oculis
1638 3966 1771 4022 ﬁdei
1822 3970 2162 4033 contuetur;
2275 3967 2453 4041 cipes.
2487 3971 2701 4024 Earum
2742 3983 2975 4040 quoque
3003 3966 3260 4024 ﬁliarum
3289 3963 3638 4040 signiﬁcanter
3658 3961 3764 4050 ξιθιω·

510 4046 643 4136 ipse
681 4062 839 4120 enim
889 4059 992 4115 tali
1034 4055 1426 4114 consolatione
1473 4053 1727 4128 repletus
1759 4059 1866 4126 est,
1900 4054 1999 4126 qui
2029 4070 2164 4110 cum
2276 4075 2350 4113 na
2380 4056 2572 4130 posita
2595 4071 2878 4129 magnum
2910 4057 2969 4114 in
3001 4071 3062 4113 se
3091 4055 3388 4113 continent
3415 4046 3748 4110 sacramenti”

515 4155 761 4210 vidisset
789 4151 1024 4207 turbam
1055 4146 1440 4215 credentium,
1490 4143 1800 4201 exsultavit
1845 4145 1904 4199 in
1954 4143 2162 4216 spiritu
2349 4185 2376 4214 α
2408 4164 2474 4219 Et
2501 4163 2722 4220 vocavit
2750 4179 2963 4220 nomen
2995 4165 3174 4221 unius
3195 4163 3374 4233 Diem,
3395 4163 3632 4217 “nomen
3651 4152 3766 4233 secuti-

517 4243 671 4298 sicut
699 4244 900 4298 sancto
929 4236 1285 4310 evangelista
1317 4235 1608 4292 scribente
1660 4233 1978 4289 didicimus
2008 4233 2160 4304 (Luc.
2273 4254 2357 4311 dae
2399 4253 2585 4320 Casia,
2612 4257 2671 4308 et
2701 4269 2912 4310 nomen
2942 4252 3125 4310 tertia,
3155 4229 3533 4310 comu'sﬁbii,
3574 4237 3664 4295 Non
3688 4229 3762 4320 sunt

518 4348 574 4399 Χ»
605 4328 720 4402 21)·
772 4328 1045 4384 Ῑηῖυιίεεθ
1096 4330 1290 4382 antem
1340 4324 1483 4416 Fili?
1533 4341 1660 4416 99-ολ
1689 4324 1869 4379 Deum
1929 4327 1971 4376 Ρ
1975 4329 2159 4416 θλίῖθπι
2273 4347 2469 4398 autem
2509 4312 2754 4398 inventa:
2805 4341 3081 4401 mulieres
3132 4343 3418 4416 speciosae,
3445 4337 3574 4394 sicut
3595 4312 3758 4416 illicitil

518 4419 741 4476 malum
773 4416 1066 4490 passionis
1096 4419 1152 4472 et
1181 4413 1410 4482 mortis,
1442 4414 1523 4469 ita
1551 4413 1804 4469 dicimus
1835 4413 2158 4469 secundum
2269 4432 2330 4488 in
2362 4432 2633 4489 universa
2660 4437 2833 4488 terra.
2863 4432 3147 4506 Deditque
3166 4403 3253 4489 δίε
3283 4403 3435 4504 βαιά.
3461 4437 3580 4482 θυαε
3612 4403 3758 4506 ut:de
3793 4469 3795 4477 ι

514 4489 861 4583 Apostolum
915 4523 927 4559 :
976 4507 1089 4576 Qui
1131 4506 1357 4577 pr0prio
1403 4505 1543 4558 Filio
1590 4519 1693 4560 suo
1737 4519 1845 4558 non
1892 4519 2086 4574 peperc

2268 4526 2448 4577 tatem
2500 4521 2654 4578 inter
2699 4521 2905 4578 fratres
2949 4489 3175 4578 earum.
3220 4489 3369 4577 Vixit
3397 4520 3563 4572 autem
3791 4544 3792 4559 ι

512 4575 605 4656 sed
629 4614 732 4672 pro
760 4597 917 4653 nobis
946 4575 1197 4652 omnibus
1227 4593 1463 4650 tradidit
1491 4609 1615 4648 cum
1653 4594 1827 4684 (Itoni.
1872 4608 1996 4662 vm,
2043 4591 2155 4684 3:2),
2189 4598 2234 4663 Ι)
2266 4575 2493 4682 ﬂagella
2940 4575 3328 4684 άῇξδῖιξείίιω
3351 4603 3520 4670 annis,
3543 4575 3754 4684 et
3789 4613 3791 4639 ξ

512 4691 700 4763 Super
715 4687 871 4761 quod
906 4700 1180 4757 magnam
1203 4683 1496 4738 sumimus
1517 4681 2155 4752 consolationem,quod
2267 4677 2377 4756 ηοξ
2406 4716 2566 4768 θυοδ,
2599 4703 2658 4755 οι
2688 4699 2838 4756 alios
2869 4677 3123 4756 ίῃίξπηω
3153 4677 3753 4768 ε”ηοωω,υεςυοαὰ
3788 4697 3789 4721 ι

512 4760 677 4836 dabit
705 4760 875 4834 nobis
905 4775 1058 4830 bona
1088 4790 1217 4839 sua,
1249 4772 1350 4845 qui
1383 4770 1538 4826 mala
1565 4775 1768 4828 nostra
1796 4770 2073 4842 suscepit.
2265 4793 2385 4844 tam
2417 4760 2850 4861 Βεηέηιίοοθω
2877 4805 2888 4844 ε
2912 4793 2971 4845 et
2991 4793 3257 4845 mortuus
3283 4789 3366 4842 est
3391 4760 3750 4861 έθηοχβίριςξξί

571 4897 611 4938 ’‹‹
638 4887 707 4943 Et
737 4885 1026 4942 dederunt
1071 4881 1122 4937 ei
1173 4879 1582 4952 unusquisque
1629 4894 1795 4934 ovem
1846 4894 2046 4945 unam,
2097 4883 2155 4936 et
2263 4851 2512 4935 dierum.
2550 4901 2576 4927 ››
2608 4877 2740 4934 Dies
2771 4894 2907 4951 ergo
2938 4877 3032 4934 lex
3061 4879 3156 4935 Dei
3187 4881 3292 4941 est,
3321 4887 3436 4945 qum
3469 4864 3530 4922 ad
3567 4851 3749 4954 cogit”;

509 4977 774 5032 inaurem
806 4988 1042 5030 auream
1075 4985 1276 5026 unam.
1309 4988 1335 5020 η
1375 4968 1789 5040 Unusquisque
1831 4984 1934 5039 per
1977 4968 2152 5024 ﬁdem
2262 4985 2396 5024 nem
2427 4967 2707 5036 veritatis,
2739 4967 3009 5024 humanm
3039 4965 3367 5040 ignorantia:
3397 4958 3586 5040 nocte!!!
3617 4939 3748 5040 in"???

509 5065 579 5120 ad
640 5063 937 5120 Christum
987 5059 1366 5122 venientium.
1415 5057 1584 5113 oﬁ‘ert
1642 5057 1692 5112 ei
1755 5057 2149 5114 innocentiam
2264 5062 2387 5114 nat.
2419 5056 2587 5113 Casia
2616 5061 2829 5112 sancta:
2862 5057 3158 5113 unctionis
3187 5059 3274 5112 est
3297 5021 3744 5152 donauit-iugis:

497 5117 1064 5223 .suam,m‘entisque
1090 5117 1499 5206 obedientiam.
1546 5145 1691 5242 Quia
1734 5150 1792 5242 et
1833 5145 2150 5218 Apostolus
2262 5145 2906 5219 bii,com.petentissime
2934 5144 3292 5242 Evangelicis
3307 5135 3470 5210 copiis
3486 5117 3740 5242 8.4:]??ng

507 5203 697 5220 --π---Ἷ
733 5203 940 5208 --ν--ννν
961 5203 1058 5223 1“'
1098 5203 1153 5206 *ν*
1176 5203 1187 5204 ί
1563 5203 1583 5210 ν
1885 5203 1903 5218 ι
2350 5203 2361 5214 ι
2505 5203 2523 5219 ι
3093 5203 3128 5219 υ
3281 5231 3292 5243 θ
3373 5203 3387 5210 '
3599 5203 3737 5261 than.

503 5259 571 5298 ex
603 5241 1004 5314 peccatoribus
1035 5243 1269 5296 sanctos
1299 5237 1558 5303 effectos,
1606 5235 1686 5290 ita
1728 5235 1914 5290 vivere
1960 5235 2146 5304 docet,
2259 5235 2476 5291 divitiis
2507 5241 2829 5308 coaptatur,
2859 5252 2985 5308 qua
3013 5232 3388 5326 spiritualium
3417 5229 3737 5332 1‘8???me

503 5296 704 5387 dicens
736 5347 750 5386 :
785 5331 1014 5386 Obsecro
1061 5345 1174 5393 vos,
1225 5329 1451 5398 fratres,
1485 5329 1546 5380 ut
1575 5324 1878 5380 exhibeatis
1919 5340 2145 5396 corpora
2259 5341 2360 5380 rus
2391 5328 2499 5380 est.
2519 5327 2716 5381 Cornu
2746 5341 2878 5381 vero
2909 5325 2980 5381 ad
3017 5325 3242 5396 insigne
3270 5296 3737 5420 regimfiftﬂﬂ:
3771 5369 3773 5373 ι

503 5369 704 5387 me“...
737 5372 750 5386 .
786 5369 1012 5386 υυυνυη,
1065 5369 1174 5393 ws,
1225 5369 1451 5398 ,,....ν.,,
1489 5369 1546 5380 η-
1575 5369 1875 5380 nam“..-
1919 5369 2145 5396 πτυ...
2259 5369 2360 5380 .-υ
2393 5369 2499 5380 ..--.
2531 5369 2716 5381 πη...
2758 5369 2877 5381 ..ην
2909 5369 2980 5381 ..μ
3017 5369 3241 5396 "uno..-
3271 5369 3359 5389 --υ
3474 5369 3487 5377 ,
3723 5388 3735 5400 ο

503 5425 683 5477 vestra
751 5420 984 5475 hostiam
1051 5419 1258 5483 vivam,
1330 5423 1596 5485 sanctam,
1665 5415 1770 5470 Deo
1836 5414 2148 5485 placentem
2257 5418 2374 5469 tem
2401 5412 2664 5470 Ecclesia:
2695 5413 2964 5485 pertinet,
2997 5414 3148 5469 sicut
3190 5410 3266 5467 ait
3303 5398 3540 5514 ρτορϋῖξε

496 5472 1311 5584 xii,nl)_.vsicritaque
1359 5472 1656 5562 venientes
1707 5503 1776 5558 ad
1824 5472 2141 5574 Christum,
2255 5506 2331 5559 vit
2383 5519 2554 5558 cornu
2601 5472 2809 5558 Christi
2854 5472 3154 5575 sui’(Psat.
3209 5472 3442 5584 (ιιίιλιιιινΔ

493 5567 830 5661 efﬁciuntur
867 5567 999 5654 cives
1045 5567 1373 5665 dominicae,
1418 5610 1553 5650 oves
1599 5597 1834 5660 sanctis,
1869 5609 2002 5649 oves
2034 5567 2142 5650 illis
2253 5609 2388 5665 ergo
2435 5595 2675 5649 sanctus
2700 5592 2810 5648 Job
2843 5567 3146 5650 manifeste
3186 5583 3374 5645 habuit
3411 5567 3726 5684 smmis:

484 5651 892 5760 rationabiles,
918 5651 1309 5744 ascendentes
1332 5651 1403 5740 de
1436 5681 1682 5749 lavacro,
1706 5651 1971 5756 geminos
1993 5682 2142 5741 fetus
2249 5651 2436 5740 in‘hoc
2456 5682 2612 5755 quod
2634 5698 2702 5738 ex
2723 5681 3016 5744 ditissimo
3037 5694 3207 5758 egens
3227 5681 3282 5734 et
3300 5677 3489 5752 pauper
3515 5651 3647 5712 Ml"
