3980 6184
278 324 400 418 διὸ

1165 356 1656 420 BREVIABIUM
1705 357 1782 418 IN
1826 355 2211 419 PSALMOS.
2242 389 2318 398 —
2349 355 2814 416 ADMONITIO.

3579 355 3702 421 .850

277 475 346 548 ut
377 505 484 548 nos
512 487 1012 565 locupletaremur
1044 507 1057 547 :
1089 489 1244 547 circa
1275 505 1488 564 corpus
1520 491 1648 564 ejus
1699 507 1934 548 omnem
1964 500 2020 567 Α
2050 489 2198 547 ritus
2227 489 2487 547 scientiae
2518 492 2574 546 et
2607 489 2847 561 pietatis
2875 503 2889 544 :
2955 487 3199 561 replevit
3257 507 3395 553 eum
3450 489 3699 563 spiritus

279 583 633 656 potestatem
665 596 838 636 suam
869 579 1135 637 diabolus
1165 581 1423 637 exercuit
1455 598 1468 636 :
1498 581 1598 636 sed
1628 580 1778 636 nihil
1811 597 1937 654 pro-

278 669 600 738 fecit,sicut
631 668 758 742 ipse
792 669 1074 726 Dominus
1105 669 1186 726 ait
1219 686 1231 725 :
1260 671 1442 726 Veniet
1481 673 1638 727 enim
1683 673 1938 744 princeps

275 759 476 816 mundi
501 761 555 814 et
585 760 642 813 in
674 774 763 813 me
795 759 940 814 nihil
967 760 1210 815 inveniet
1230 749 1407 832 (Joan.
1441 778 1556 828 xiv,
1588 761 1698 833 30).
1726 763 1937 828 Quem-

282 848 606 904 admodum
633 846 811 904 etiam
844 848 1052 904 beatus
1081 849 1191 905 Job
1214 854 1345 922 post
1377 850 1661 906 damnum
1683 850 1935 906 ﬁliorum

281 935 613 994 inﬁdelium
635 936 868 992 ditatus
888 936 949 992 in
981 937 1118 994 ﬁliis
1137 942 1228 994 est
1256 955 1268 994 ε
1304 939 1388 995 ita
1418 944 1475 996 et
1505 939 1770 996 Salvator
1807 944 1940 1012 post

280 1027 668 1092 amissionem
702 1024 958 1083 ﬁliorum
991 1026 1318 1084 inﬁdelium
1334 1028 1554 1085 ditatus
1575 1029 1737 1085 estin
1758 1030 1942 1103 genti-

249 1189 254 1191 _
287 1116 421 1196 bus.
455 1115 564 1172 Per
593 1113 782 1172 multa
818 1131 955 1189 ergo
1004 1119 1248 1173 sanctus
1294 1118 1403 1174 Joh
1466 1119 1694 1175 Domini
1756 1120 1939 1177 nostri

279 1205 622 1278 passionem
655 1220 894 1277 quoque
921 1208 978 1261 et
1012 1205 1356 1278 patientiam
1387 1207 1940 1280 ﬁguravit,numero

277 1293 560 1361 ﬁliorum,
591 1298 648 1365 et
677 1292 934 1350 filiarum
966 1293 1329 1366 nominibus,
1368 1297 1774 1368 septiformem
1814 1313 1942 1372 gra-

275 1383 421 1440 tiam
451 1382 707 1456 Spiritus
738 1382 925 1439 sancti
973 1383 1119 1455 legis
1184 1388 1241 1440 et
1298 1385 1718 1458 prophetarum
1767 1392 1942 1459 atque

268 1471 565 1547 Evangelii
592 1473 650 1528 in
686 1471 1045 1530 Salvatorem
1066 1478 1336 1530 nostrum
1360 1473 1788 1546 plenitudinem
1803 1493 1933 1548 por-

277 1560 561 1618 tendebat
585 1560 937 1617 futuram.ln
968 1578 1084 1634 quo
1115 1563 1398 1636 requievit
1419 1564 1669 1637 spiritus
1699 1565 1940 1638 sapien-

269 1649 372 1708 tia)
395 1653 453 1706 et
472 1648 804 1722 intellectus
836 1668 850 1707 :
886 1649 1135 1724 spiritus
1158 1651 1389 1708 consilii
1413 1657 1470 1710 et
1498 1654 1734 1712 virtutis
1763 1671 1774 1710 :
1822 1653 1940 1727 spi-

2047 580 2279 636 timoris
2307 578 2429 646 Dei,
2463 579 2618 652 quod
2635 578 3088 651 intelligendum
3104 578 3428 652 est,plenus
3445 581 3695 640 dierum.

2117 671 2376 726 Tandem
2441 667 2730 726 relevatus
2782 668 2968 741 longae
3021 656 3444 741 explanationis
3500 686 3695 738 onere,

2046 758 2204 815 velut
2223 758 2486 831 deposito
2516 759 2676 832 gravi
2708 759 2861 815 fasce
2888 757 3206 834 respirans,
3241 759 3310 814 ad
3345 763 3400 814 te
3428 759 3695 816 beatissi-

2049 849 2197 905 sime
2227 853 2390 921 pater
2421 846 3008 911 Vecteri,clausulam
3032 847 3321 903 sermonis
3345 847 3459 903 mei
3485 847 3692 920 dirigo,

2049 942 2251 1011 petens
2282 943 2366 1004 ut,
2399 938 2448 994 si
2481 938 2619 1010 quid
2647 937 2704 992 in
2739 937 2846 992 hoc
2883 953 3056 1009 opere
3105 937 3348 1007 dignum
3410 936 3700 1009 probabili

2047 1028 2286 1084 veritate
2317 1026 2701 1100 perspexeris,
2730 1027 2906 1083 etiam
2937 1027 3092 1084 circa
3105 1043 3295 1082 meam
3319 1025 3699 1100 exiguitatem

2049 1116 2386 1190 largissime
2415 1116 2648 1174 Domini
2686 1115 2869 1173 nostri
2911 1117 3066 1172 dona
3124 1115 3354 1172 mireris
3388 1133 3401 1174 :
3462 1116 3702 1172 obsecro

2051 1224 2123 1264 ne
2153 1211 2255 1263 aut
2286 1207 2473 1264 amico
2501 1207 2692 1263 favore
2715 1205 3102 1278 permulcens,
3132 1209 3234 1262 aut
3280 1205 3560 1262 benevola
3605 1223 3700 1262 ex-

2051 1297 2348 1354 cusatione
2377 1295 2681 1352 defendas.
2710 1295 2858 1362 Quia
2896 1293 3028 1351 nolo
3074 1294 3456 1352 eminentiam
3490 1294 3705 1367 judicii

2050 1387 2137 1442 tui
2169 1404 2202 1443 a
2233 1403 2351 1442 suae.
2380 1384 2683 1457 dignitatis
2714 1383 3075 1440 sublimitate
3110 1382 3351 1455 dejicias
3386 1401 3399 1452 ;
3444 1384 3545 1440 sed
3601 1399 3704 1456 po-

2051 1475 2170 1531 tius
2199 1473 2658 1548 sicOpusculum
2678 1489 2876 1528 meum
2898 1471 3192 1528 laudabile
3216 1472 3414 1540 facias,
3439 1473 3582 1529 dum
3614 1472 3702 1527 in-

2051 1564 2287 1620 condita
2342 1565 2472 1636 ejus
2521 1563 2861 1635 corrigendo
2925 1564 3229 1628 retractas,
3315 1566 3373 1618 et
3447 1563 3701 1634 perfecta

2054 1653 2464 1710 emendatione
2493 1652 2766 1726 castigas.

1667 2191 2318 2281 ADMONITIO

1119 2477 1195 2537 IN
1242 2477 1755 2551 SUBSEQUENS
1801 2479 2300 2543 BREVIARIUM
2347 2479 2424 2541 IN
2473 2479 2854 2543 PSALMOS.

365 2949 724 3036 Recognitis
744 2953 1002 3036 demum
1026 2953 1404 3015 omnibusin
1432 2955 1789 3017 universam
1819 2956 2208 3036 Scripturam
2240 2954 2526 3036 genuinis
2559 2954 2774 3036 magni
2805 2951 3172 3036 Hieronymi
3205 2953 3699 3036 commentariis,

276 3034 459 3116 hunc
471 3032 550 3116 de
562 3031 874 3116 industria
893 3034 1204 3114 reliquum
1222 3036 1704 3097 fecimuslocum
1721 3031 2038 3099 Breviario
2056 3039 2117 3098 in
2140 3031 2453 3099 Psalmos:
2478 3031 2713 3115 quippe
2746 3034 2854 3114 qui
2885 3031 3063 3116 liber,
3095 3035 3351 3116 tametsi,
3366 3053 3700 3116 perperam

268 3117 350 3177 S.
386 3112 556 3174 Patri
585 3114 957 3184 ascribatur,
985 3112 1078 3176 est
1099 3122 1315 3177 tamen
1337 3134 1369 3177 e
1393 3117 1885 3195 suppositiorum
1909 3136 2171 3180 numero
2195 3119 2433 3179 fetuum
2463 3112 2704 3177 caeteris
2733 3112 3138 3255 ﬁrmstantior
3163 3112 3702 3196 omnib‘usfneque

268 3195 345 3255 in
371 3194 659 3255 ultimum
677 3195 1007 3255 amandari
1029 3202 1294 3255 tomum.
1321 3215 1434 3255 nro
1461 3198 1556 3255 sui
1580 3198 1884 3255 dignitate
1908 3200 2167 3255 Datitur.
2199 3203 2309 3255 aut
2338 3199 2401 3255 in
2434 3196 2706 3255 vulgatis
2785 3202 3043 3255 actenus
3073 3195 3530 3255 editionibusin
3553 3215 3697 3255 eum

264 3195 345 3263 in
359 3194 659 3278 phimum
677 3195 1007 3278 amandari
1029 3202 1294 3278 tomum,
1321 3215 1434 3276 pro
1461 3194 1556 3257 sui
1580 3198 1884 3276 dignitate
1907 3200 2167 3278 patitur,
2199 3203 2309 3260 aut
2338 3199 2401 3258 in
2434 3196 2706 3274 vulgatis
2737 3194 3043 3278 hactenus
3073 3195 3530 3278 editionibusin
3553 3194 3697 3258 eum

265 3274 554 3353 rejectus
582 3279 676 3336 est
691 3275 921 3336 locum.
939 3276 1117 3348 Quod
1139 3274 1394 3354 quidem
1420 3296 1545 3338 non
1568 3274 1878 3339 editorum
1904 3274 2090 3340 modo
2114 3285 2260 3340 ante
2285 3297 2398 3338 nos
2426 3278 2709 3338 omnium
2732 3275 3060 3337 consilium
3085 3277 3222 3349 fuit,
3259 3277 3364 3337 sed
3389 3283 3449 3337 et
3467 3277 3700 3338 summi

213 3412 220 3416 .
267 3354 615 3437 pontiﬁcis,
637 3354 1046 3436 ejusdemque
1063 3357 1439 3418 sanctissimi
1462 3358 1551 3418 Pii
1573 3361 1623 3421 V
1647 3359 1793 3420 fecit
1807 3360 2169 3433 auctoritas,
2194 3358 2469 3420 Victorio
2495 3364 2674 3432 teste,
2702 3363 2772 3418 ut
2792 3357 3002 3417 statim
3024 3363 3166 3436 post
3186 3357 3460 3435 genuina
3480 3357 3700 3418 Hiero-

267 3434 454 3515 nymi
483 3434 736 3518 scripta,
762 3443 825 3497 et
843 3434 1184 3516 antequam
1208 3437 1288 3498 ad
1309 3438 1516 3499 aliena
1537 3446 1791 3501 ventum
1815 3447 1996 3512 esset,
2018 3441 2184 3502 istud
2199 3438 2687 3518 superPsalmos
2708 3437 3005 3518 volumen
3026 3434 3226 3499 veluti
3243 3437 3502 3498 dubium
3529 3438 3698 3499 loca-

267 3522 474 3600 retur.
499 3516 831 3600 Nosetiam
856 3519 1194 3600 tametsiea
1214 3520 1530 3580 rationum
1554 3525 1895 3592 momenta,
1921 3541 2062 3600 qua:
2081 3521 2236 3581 illud
2268 3516 2346 3581 ab
2386 3520 2770 3598 Hieronymo
2813 3517 3204 3600 abjudicant,
3248 3518 3446 3600 pluris
3491 3519 3688 3580 multo

268 3597 573 3658 facimus:
590 3596 677 3657 sic
697 3603 906 3658 tamen
926 3598 1020 3681 illi
1040 3599 1316 3681 aliquam
1338 3600 1602 3681 subinde
1624 3601 1824 3662 inesse
1840 3596 2312 3681 Hieronymiani
2335 3600 2574 3681 laboris
2593 3596 2835 3681 partem
2861 3596 3679 3681 hucillucquedispersam,

263 3693 553 3760 quae-sua
574 3678 1111 3760 sepropemodum
1133 3679 1270 3741 luce
1293 3680 1539 3759 prodat,
1564 3683 1886 3742 sentimus.
1908 3678 2110 3760 Vulgo
2129 3688 2338 3743 autem
2366 3681 2502 3741 haec
2527 3679 2790 3751 obtinet,
2828 3678 3211 3758 propiorque
3231 3679 3310 3739 ad
3336 3679 3522 3740 ﬁdem
3546 3698 3688 3740 sen-

240 3757 478 3840 tentia
497 3757 898 3840 estLhujusce
913 3766 1236 3821 auctorem
1257 3757 1558 3822 B'reviarii
1576 3763 1988 3822 vetustiorum
2013 3757 2078 3824 se
2107 3765 2361 3823 Patrum
2386 3757 2867 3840 compilatorem
2904 3757 3065 3840 esse,
3102 3757 3212 3838 qui
3262 3765 3331 3819 ut
3373 3760 3571 3820 multa
3610 3760 3690 3820 ab

266 3838 570 3921 Qrigene,
587 3838 846 3910 Hilario,
874 3840 1166 3921 Eusebio,
1182 3841 1577 3920 multumque
1592 3841 1690 3902 his
1704 3843 2048 3904 recentiore
2070 3842 2472 3921 Lugdunensi
2487 3838 2820 3912 Eucherio,
2842 3859 3028 3920 quem
3053 3839 3273 3900 laudat
3292 3841 3356 3921 in
3372 3841 3690 3921 Psalmum

266 3919 595 3984 decimum
615 3924 884 4000 sextum,
911 3919 1224 3992 delibarit,
1249 3938 1326 3980 ex
1347 3918 1932 4000 Hieronymitamen
1956 3918 2445 3994 commentariis,
2473 3922 2570 3982 vel
2595 3921 2703 4000 qui
2727 3918 3069 3999 perierunt,
3087 3921 3152 3980 in
3176 3919 3449 3982 Psalmos
3470 3939 3506 3980 a
3526 3918 3690 4000 deci-

266 4017 375 4084 me
404 4013 578 4084 neque
597 3999 678 4060 ad
696 3997 1254 4084 decimum_se.z;tum,
1278 4001 1376 4061 vel
1398 4003 1506 4081 qui
1526 3997 1593 4062 in
1611 4001 1767 4063 alias
1788 4009 1934 4064 sunt
1973 4010 2181 4084 partes
2221 4004 2586 4083 Scriptura,
2615 3997 2743 4084 'ubi
2784 4001 3129 4082 peregrinis
3169 4001 3232 4084 in
3272 4000 3455 4084 locisA
3484 3999 3686 4084 multa

267 4078 762 4164 subindeexpon
773 4082 1223 4164 unturPsalmo
1229 4100 1364 4164 rum
1380 4078 1517 4143 com
1528 4078 2070 4156 mata,maximam
2085 4090 2327 4164 partem
2342 4078 2765 4160 descripserit,
2785 4078 3025 4160 suoque
3038 4081 3224 4158 Operi
3239 4087 3427 4164 atque
3439 4078 3691 4164 ingenio

267 4159 610 4239 coaptarit.
634 4160 813 4244 Quod
839 4161 1177 4244 utAminime
1190 4162 1812 4244 difﬁtearis,ipotiora
1831 4165 2053 4226 saltem
2087 4159 2496 4244 proponenda
2527 4159 2676 4223 sunt
2697 4159 3091 4244 argumenta,
3120 4159 3525 4244 qua3_pride_m
3545 4161 3694 4221 Era-

269 4237 475 4313 smus,
500 4247 632 4301 tum
647 4241 878 4320 Syxtus
901 4241 1210 4312 Senensis,
1238 4243 1346 4305 lib.
1367 4261 1425 4305 1v
1446 4237 1829 4306 Bibliotheca;
1849 4237 2426 4318 sanctaeft’ictorius
2458 4244 2630 4316 item,
2677 4247 2739 4302 et
2780 4237 3202 4313 Martianaeus,
3249 4237 3576 4319 Dupinius,
3615 4258 3688 4302 ac

266 4319 739 4396 Tillemontius,
777 4326 844 4383 ut
862 4322 1021 4384 alios
1049 4324 1550 4402 praetermittam,
1573 4325 1984 4400 excuderunt,
2010 4344 2278 4405 quaeque
2308 4325 2388 4386 ad
2415 4323 2553 4385 haec
2574 4324 2701 4384 fere
2724 4322 2934 4402 capita
2958 4320 3362 4382 reducuntur.

363 4481 600 4554 Primo,
629 4482 920 4564 dictionis
949 4501 1169 4562 genus,
1194 4489 1255 4544 et
1275 4484 1497 4564 stylus,
1522 4484 1632 4564 qui
1652 4484 2144 4547 internoscendis
2165 4483 2524 4546 auctoribus
2564 4482 2744 4564 quasi
2773 4481 3008 4564 Lydius
3042 4486 3137 4564 est
3165 4481 3361 4564 lapis,
3387 4479 3689 4564 doctrinae

268 4563 675 4644 itemgustus
695 4569 759 4624 et
776 4559 992 4634 saliva,
1020 4569 1268 4644 tantum
1300 4559 1379 4625 ab
1395 4559 1885 4644 Hieronymiano
1909 4566 2120 4636 distat,
2152 4571 2220 4625 ut
2240 4563 2490 4624 abunde
2511 4559 2661 4623 satis
2683 4563 2762 4622 sit
2783 4559 3168 4644 B‘reviarium
3200 4559 3367 4644 istud
3391 4559 3690 4644 lustrasse

270 4640 504 4725 oeulis,
519 4650 629 4725 aut
642 4644 949 4725 tantisper
966 4643 1121 4704 illud
1147 4662 1289 4706 cum
1311 4645 1441 4706 veri
1463 4640 1827 4725 Hieronymi
1847 4645 2312 4707 commentariis
2330 4643 2740 4725 contendisse,
2762 4648 2830 4725 ut
2847 4642 3058 4725 statim
3082 4640 3398 4725 intelligas
3421 4640 3689 4725 multum

273 4722 439 4805 illud
461 4724 626 4805 infra
657 4724 718 4784 S.
742 4720 946 4805 Patris
965 4725 1284 4804 ingenium
1309 4743 1463 4786 esse.
1490 4729 1565 4787 Et
1587 4720 1773 4805 plane
1791 4726 1869 4787 sit
1889 4726 2141 4804 quidem
2167 4726 2230 4785 in
2266 4724 2751 4802 Hieronymiana
2802 4723 3068 4805 lectione
3107 4722 3362 4800 hospes,
3389 4720 3523 4805 qui
3562 4739 3686 4805 non

271 4803 439 4885 illud
462 4804 674 4885 statim
698 4800 1411 4878 animadvertat,contra
1433 4808 1498 4868 S.
1514 4800 1797 4867 Doctoris
1810 4800 2113 4885 perpetuo
2137 4812 2443 4867 retentam
2468 4800 3363 4885 consuetudinemhicsensum
3381 4800 3687 4885 historiae.

271 4882 606 4966 ipsiusque
627 4883 850 4966 litterae
871 4885 1328 4965 expositionem
1351 4886 1738 4966 posthaberi,
1773 4881 2100 4966 totumque
2127 4905 2260 4947 esse
2281 4892 2600 4946 auctorem
2633 4885 2697 4946 in
2715 4882 3031 4962 allegoriis
3081 4881 3555 4966 trepologisque
3593 4881 3691 4966 Ade

275 4960 534 5036 Christo
557 4970 620 5026 et
638 4964 911 5026 Ecclesia
932 4960 1508 5028 z'Hebraicam'vero
1533 4968 1946 5028 eruditionem
1974 4960 2036 5027 e't
2057 4970 2334 5028 Grmcam
2368 4965 2588 5027 leviter
2606 4966 2763 5026 adeo
2785 4960 3074 5038 tractare,
3101 4969 3170 5023 ut
3189 4960 3389 5023 sicubi
3420 4960 3558 5022 eam
3588 4960 3688 5022 in-

277 5045 582 5126 terponit,
603 5051 821 5108 mutuo
842 5047 1053 5125 potius
1069 5065 1142 5108 ac
1165 5048 1541 5109 verbotenus
1564 5048 1643 5108 ab
1666 5049 1804 5109 aliis
1821 5047 2152 5126 accepisse,
2173 5067 2359 5126 quam
2381 5067 2417 5108 a
2437 5047 2796 5125 semetipso,
2821 5044 2966 5105 vela
2989 5044 3159 5126 fonte
3183 5048 3462 5122 repetere
3483 5041 3690 5126 vides:

275 5121 409 5187 tur:
435 5125 805 5210 Quinetiam
827 5121 1226 5210 observatum
1258 5129 1648 5201 Martianeeo,
1674 5121 1990 5208 siquando
2009 5128 2087 5210 ad
2111 5121 2445 5210 Hebraeum
2489 5121 2730 5210 textum
2773 5130 2992 5210 auctor
3034 5123 3135 5210 hic
3174 5121 3496 5210 provocat,
3516 5121 3689 5210 nihil

274 5223 430 5268 eum
451 5205 626 5288 aliud
643 5225 716 5288 eo
739 5207 991 5268 nomine
1013 5227 1202 5288 quam
1222 5214 1330 5269 aut
1350 5212 1628 5272 Graecam
1649 5203 1891 5288 Aquilae
1913 5209 2404 5280 versionem,aut
2427 5207 2708 5288 Latinam
2727 5204 3092 5283 Hieronymi
3113 5223 3190 5265 ex
3209 5203 3473 5288 Hebraeo
3494 5203 3690 5264 deno-

275 5293 439 5358 tare,
464 5287 576 5348 Hic
605 5287 694 5348 ait
717 5288 950 5349 Psalm.
990 5306 1026 5351 v
1069 5289 1132 5350 in
1178 5289 1439 5351 Hebraeo
1454 5307 1586 5350 esse
1608 5287 1912 5352 ἐπίϐουλον

1955 5307 2069 5368 pro
2099 5306 2258 5362 min,
2294 5294 2356 5347 et
2380 5291 2446 5347 P.
2467 5287 2620 5348 salm
2671 5305 2809 5348 cxnx
2841 5292 3174 5368 ipxaullivozg
3206 5285 3332 5368 sive
3354 5289 3690 5366 ἀρκευθίναις

210 5373 218 5378 ’
270 5384 397 5447 pro
423 5383 655 5450 piam,
688 5386 829 5446 quae
861 5374 1129 5450 utraque
1150 5369 1585 5450 interpretatio
1608 5377 1700 5431 est
1721 5365 1993 5449 Aquilae:
2023 5368 2558 5450 quemadmodum
2579 5373 2638 5428 et
2658 5368 2904 5450 cumait
2922 5365 3280 5450 selahaberi
3303 5365 3418 5450 pro
3443 5383 3689 5450 semper,

175 5477 182 5480 ·
273 5443 458 5527 Quod
483 5466 563 5509 ex
583 5443 948 5530 Hieronymi
968 5443 1274 5530 versione,
1299 5443 1423 5513 non
1447 5470 1525 5512 ex
1542 5443 1912 5530 archetypo,
1949 5443 2212 5530 accepit.
2232 5449 2512 5527 Denique
2542 5448 2630 5509 ita
2647 5448 2848 5508 modis
2893 5446 3185 5530 omnibus
3222 5443 3693 5530 ab’Hieron'ymi

275 5523 471 5610 gustu
499 5534 721 5610 auctor
739 5523 838 5589 hic
858 5528 1138 5610 dissidet,
1171 5537 1240 5592 ut
1258 5538 1319 5592 et
1340 5532 1655 5594 interdum
1682 5551 1718 5592 a
1741 5523 2078 5610 semetipso
2099 5523 2552 5610 diversusfnon
2581 5547 2801 5600 unum,
2831 5528 2936 5589 sed
2959 5529 3179 5610 plures
3213 5525 3347 5604 ejus
3377 5523 3691 5610 consarci-

278 5604 545 5694 iqtones
557 5609 746 5694 fuisse
766 5608 975 5690 Operis
987 5604 1217 5694 indicio
1231 5612 1331 5674 sit.
1352 5617 1588 5694 Nempe
1600 5613 1842 5691 aliquot
1861 5604 2137 5694 psalmos
2152 5610 2330 5694 bonis
2345 5609 2608 5694 aliorum
2625 5610 2881 5694 Patrum
2898 5604 3362 5694 sententiisnon
3381 5604 3690 5694 inerudite

277 5688 606 5772 sublectis,
619 5691 699 5754 ad
710 5686 1224 5766 commentatoris
1237 5695 1494 5759 modum
1510 5686 1772 5775 exponit
1789 5714 1802 5756 :
1821 5686 1980 5754 alios
1996 5695 2076 5754 ad
2099 5691 2558 5754 concionatoris
2581 5691 2802 5768 instar,
2825 5689 3184 5752 homiletico
3205 5686 3452 5749 dicendi
3467 5700 3692 5767 genere
