3980 6184
229 300 354 368 853
1121 300 1619 368 BREVIARIUM
1664 304 1740 365 IN
1787 303 1801 363 l

2073 301 2173 366 )S.
2199 334 2275 347 -—
2299 305 2464 367 ΑΒΜ
2474 305 2575 368 ΟΝ
2584 305 2764 369 lTIO.
3526 303 3645 381 856

232 440 435 524 egisse
463 437 528 501 in
557 434 905 524 Britannia,
939 441 1183 524 tantum
1215 455 1341 524 non
1373 438 1702 524 manifesto
1737 437 1966 524 prodit.
2003 437 2246 524 Quippe
2279 436 2680 524 hanc__statim
2713 439 3018 514 nominat,
3055 446 3144 524 ut_
3181 441 3540 524 exemplum
3563 455 3636 524 __e

227 517 490 600 regione
521 519 735 599 aliqua
767 524 994 591 sumat,
1029 518 1364 601 probatum
1396 518 1609 601 stellas
1642 519 1777 601 pari
1806 519 2036 601 ubique
2069 519 2312 601 fulgore
2345 517 2662 580 radiorum
2694 539 3032 600 apparere:
3086 522 3274 601 idque
3332 517 3425 585 est
3477 521 3636 584 indi-

231 599 352 674 cio,
389 602 468 663 ab
499 619 595 674 ea,
629 601 720 660 uti
752 603 1049 682 pareret,
1083 617 1276 682 quam
1306 599 1622 682 incolebat
1652 599 1783 677 ipse
1814 599 2034 682 suique
2057 599 2373 682 auditores
2406 605 2593 672 terra,
2619 601 2704 682 ad
2742 601 3014 678 reliquas
3045 599 3221 661 illum
3255 605 3469 664 mundi
3491 604 3632 682 pla-

228 701 344 762 gas
364 681 824 764 argumentari.
860 678 1070 764 Stella,
1094 681 1321 764 inquit,
1355 699 1487 764 qua?
1513 678 1762 751 videtur,
1801 681 1861 738 in
1894 679 2237 764 Britannia,
2273 679 2487 764 ubique
2516 689 2571 740 et
2601 681 2727 762 ipsa
2779 690 3048 761 apparet.
3110 683 3196 741 Ne
3256 685 3463 744 tamen
3492 678 3629 764 'rqui

227 759 811 823 statim'occurrerit
847 761 1059 841 menti,
1094 760 1326 841 Bedam
1361 761 1525 820 hunc
1558 766 1740 841 putes
1769 777 1900 818 esse
1927 778 1940 832 ;
1975 760 2082 841 sed
2114 759 2305 819 alium
2341 759 2550 838 potius
2582 759 2692 839 per
2721 779 2795 820 ea
2821 759 3137 841 tempora.
3170 764 3436 840 septimo
3467 759 3632 824 vide-

221 843 374 904 licet
402 849 592 921 atque
622 847 844 901 octavo
874 840 1124 911 saeculo,
1161 839 1494 900 Scotorum
1529 839 1844 912 abbatem,
1882 840 1991 918 qui
2022 859 2169 900 sane
2202 841 2440 918 ingenti
2499 846 2646 901 tunc
2700 839 2980 901 numero'
3018 839 3385 902 eruditionis
3440 843 3626 914 laude

224 933 596 993 ﬂoruerunt.
629 931 750 990 Per
778 947 874 1001 ea,
907 929 1190 1010 inquam,
1225 934 1533 1010 tempora,
1567 946 1708 1010 nam
1746 935 1808 1010 et
1836 930 2268 1010 commentarii
2299 927 2433 1007 ejus
2463 929 2808 1007 ingenium,
2843 937 2904 991 et
2952 931 3186 991 mentio
3249 931 3624 1010 Lugdunen-

221 1013 310 1073 sis
341 1010 654 1084 Eucherii,
680 1010 786 1088 qui
822 1009 1028 1068 medio
1058 1009 1288 1068 saeculo
1319 1009 1539 1087 quinto
1571 1009 1818 1079 claruit,
1852 1009 2199 1086 sequiorem
2225 1009 2408 1068 istam
2443 1016 2691 1070 aetatem
2723 1012 3019 1071 clamant.
3071 1010 3310 1072 Possim
3350 1009 3430 1072 et
3487 1011 3626 1072 lau-

221 1091 379 1154 dare
409 1111 485 1152 ex
516 1091 591 1151 iis
613 1089 975 1169 quempiam
1008 1089 1085 1149 de
1107 1089 1383 1161 nomine,
1420 1095 1482 1148 et
1510 1108 1650 1148 cum
1676 1089 1893 1166 primis
1917 1092 1980 1148 S.
2015 1089 2473 1149 Columbanum
2499 1091 2789 1150 abbatem
2817 1092 3291 1163 Luxoviensem,
3325 1091 3388 1152 in
3414 1091 3630 1153 Hiber-

219 1173 329 1233 nia
361 1173 692 1233 Scotorum
724 1170 933 1229 insula
962 1176 1204 1242 natum,
1243 1169 1424 1247 cuius
1453 1169 1516 1228 in
1550 1170 1908 1229 universum
1955 1170 2327 1230 Psalterium
2387 1172 2893 1246 commentarios,
2956 1191 3098 1232 cum
3158 1172 3364 1232 adhuc
3408 1173 3627 1248 junior

217 1259 404 1327 esset,
438 1260 628 1332 atque
658 1250 824 1332 adeo
846 1250 1284 1332 priusquame
1311 1249 1634 1332 Britannia
1657 1249 2178 1332 proﬁcisceretur,
2212 1249 2631 1332 elucubratas,
2671 1252 3051 1328 Sigebertus,
3094 1253 3462 1332 Anonymus
3490 1253 3621 1313 Me-

216 1332 492 1404 licensis,
524 1329 930 1402 Trithemius,
964 1336 1153 1409 atque
1184 1329 1288 1411 alii
1315 1330 1655 1411 celebrant.
1689 1331 1917 1389 Verum
1949 1329 2026 1388 de
2055 1329 2163 1390 illo
2195 1330 2311 1411 erit
2342 1329 2589 1390 dicendi
2619 1331 2794 1390 locus
2833 1332 3020 1410 paulo
3062 1339 3222 1411 post,
3259 1329 3367 1393 ubi
3397 1339 3460 1393 et
3487 1334 3621 1394 ine-

217 1413 334 1474 diti
364 1411 819 1482 commentarii,
849 1428 1037 1489 quem
1069 1428 1145 1469 ex
1179 1409 1312 1488 ejus
1337 1410 1630 1470 Bobiensi
1661 1411 2040 1470 monasterio
2073 1409 2449 1488 accepimus,
2483 1411 2752 1489 speciem
2794 1409 3185 1473 eithibemus.
3246 1416 3421 1474 Nunc
3477 1433 3620 1489 quae

214 1493 550 1573 ipsiusmet
578 1491 944 1568 Hieronymi
967 1490 1047 1573 de
1081 1508 1145 1573 se
1173 1490 1552 1573 testimonia,
1586 1491 1749 1573 istud
1784 1491 1863 1549 ab
1896 1509 1968 1550 eo
2002 1508 2161 1569 opus
2183 1489 2576 1573 abjudicant,
2615 1492 3004 1570 praeferenda
3035 1498 3201 1553 sunt.
3237 1495 3440 1572 Atque
3461 1489 3618 1555 illud

212 1569 782 1634 luculentissimum
813 1570 986 1650 quod
1015 1570 1204 1653 habet
1232 1569 1295 1653 in
1317 1577 1518 1653 caput
1555 1571 1726 1653 lsaiee
1757 1586 1928 1653 πρίω,
1963 1589 2147 1650 quem
2181 1570 2410 1630 librum
2439 1569 2735 1653 circa’au.
2773 1573 2913 1644 410,
2946 1573 3061 1632 sub
3093 1574 3235 1634 vitae
3293 1569 3423 1634 suae
3480 1593 3620 1653 pro-

212 1654 559 1732 pemodum
591 1653 778 1713 finem
813 1651 1189 1729 composuit,
1225 1650 1332 1709 ubi
1363 1669 1503 1710 cum
1539 1651 1616 1710 de
1648 1650 1912 1710 Psalmis
1943 1656 2165 1710 octavo
2196 1656 2384 1728 atque
2417 1651 2802 1729 octogesimo
2834 1653 3016 1713 tertio
3048 1672 3254 1714 sermo
3275 1650 3615 1730 incidisset,

209 1760 284 1802 se
303 1743 455 1824 illos
482 1742 713 1802 fatetur
742 1739 1132 1820 apertissime
1163 1739 1440 1824 nondum
1474 1739 1857 1824 exposuisse:
1893 1739 1959 1799 In
1981 1739 2226 1824 _bonam,_
2259 1739 2484 1824 inquit,
2518 1749 2751 1824 partem
2780 1741 3118 1801 scribuntur
3130 1741 3356 1824 psalmi
3366 1761 3478 1824 pro
3500 1752 3617 1802 tor-

205 1821 536 1902 cularibus,
569 1818 910 1902 acta-vus,_et
941 1819 1315 1902 octogesimus
1347 1818 1594 1880 tertius:
1624 1818 1695 1880 de
1716 1819 2027 1902 quibusin
2056 1824 2174 1902 suis
2207 1820 2364 1902 locis,
2400 1821 2457 1879 si
2481 1818 2604 1881 vita
2640 1840 2824 1902 eomes
2879 1824 3085 1900 fuerit,
3130 1818 3399 1884 ﬂamma
3449 1842 3612 1902 prae-

204 1901 394 1974 bente,
431 1900 680 1963 dicetur.
719 1899 1048 1982 Reliquum
1080 1900 1221 1959 vitae
1253 1899 1388 1977 ejus
1422 1905 1666 1982 tempus
1695 1899 1999 1982 decennio
2031 1901 2173 1980 plus
2215 1901 2421 1982 minus
2479 1899 2913 1982 concluditur:
2979 1902 3191 1981 sicque
3251 1903 3353 1962 vix
3409 1899 3616 1982 potuit

203 1983 386 2061 operi
415 1981 771 2061 prophetali
797 1997 1155 2060 supremam
1178 1981 1828 2061 manumimponere,
1865 1980 2026 2040 utin
2078 1981 2439 2054 Jeremiam,
2501 1981 2610 2059 qui
2671 1982 2946 2060 reliquus
3000 1980 3157 2057 erat,
3220 1980 3607 2045 commenta-

205 2059 360 2135 rios,
395 2059 597 2122 morte
627 2059 1072 2142 intercedente,
1107 2059 1428 2142 reliquerit
1457 2059 1879 2142 imperfectos.
1909 2063 2070 2142 Hoc
2103 2079 2249 2120 vero
2307 2061 2709 2142 palmarium,
2766 2059 2934 2139 quod
2982 2081 3122 2122 cum
3184 2064 3388 2142 ipsum
3445 2065 3616 2124 Jere-

205 2143 402 2204 miam
434 2148 802 2221 exponeret,
835 2141 914 2201 ad
945 2147 1137 2220 caput
1166 2141 1509 2201 secundum
1541 2140 1742 2200 simile
1771 2141 1923 2218 quid
1949 2140 2299 2218 pollicetur,
2337 2142 2467 2201 fore
2498 2141 2809 2213 videlicet,
2841 2147 2913 2201 ut
2952 2140 3226 2220 plenius
3253 2143 3329 2203 de
3383 2143 3613 2224 Portis,

204 2250 354 2310 quae
384 2233 447 2292 in
478 2230 774 2312 vicesimo
807 2230 988 2312 tertio
1020 2229 1894 2312 psaimememoranturtsuo
1926 2231 2065 2312 loco
2096 2230 2382 2312 disserat.
2418 2230 2574 2312 Hinc
2604 2231 2769 2291 enim
2820 2238 3211 2312 compertum
3272 2238 3364 2293 est
3420 2250 3611 2312 quam

200 2309 379 2391 quod
411 2311 703 2384 maxime,
739 2329 863 2370 non
886 2310 1074 2391 fuisse
1103 2309 1184 2370 ab
1214 2309 1596 2391 Hieronymo
1627 2310 1783 2370 illud
1815 2311 2021 2391 operis
2051 2310 2399 2383 conditum,
2431 2311 2611 2391 cujus
2643 2317 2854 2388 partes
2898 2309 3168 2390 aliquas,
3200 2309 3458 2389 easque'
3487 2331 3614 2374 non

201 2390 584 2474 postremas,
617 2409 730 2452 nec
761 2390 945 2474 certis
975 2390 1050 2450 de
1081 2390 1501 2474 causisantea
1531 2390 2004 2474 praetermissas,
2037 2409 2150 2451 nec
2178 2391 2394 2474 aliquo
2424 2390 2588 2474 inter
2619 2409 2683 2450 se
2707 2391 2965 2469 junctas
2994 2393 3234 2466 ordine,
3269 2393 3384 2454 sub
3406 2392 3612 2474 ipsum

195 2469 352 2535 vitae
382 2473 616 2535 exitum
642 2471 833 2532 tradit
852 2471 1006 2549 ipse,
1040 2489 1165 2530 non
1197 2469 1314 2529 nisi
1341 2470 1733 2548 propositum
1765 2470 2059 2530 habuisse
2089 2471 2302 2531 animo
2325 2470 2727 2531 elucubrare.

289 2631 702 2715 Nihilosecius
732 2631 856 2715 aiia
886 2649 1011 2715 non
1039 2629 1453 2715 imbecilliora
1474 2633 1847 2715 argumenta
1881 2630 2278 2715 persuadent,
2312 2629 2482 2708 quod
2504 2631 2682 2715 initio
2705 2631 3170 2715 proposuimus,
3205 2639 3266 2694 et
3294 2635 3423 2696 veri
3448 2653 3616 2715 saepe

196 2711 570 2794 Hieronymi
599 2711 826 2794 pannis
855 2709 1443 2794 universum‘hocce
1474 2713 1644 2789 Opus
1674 2710 1991 2788 componi.
2028 2711 2095 2794 Id
2129 2710 2286 2770 scire
2318 2729 2430 2788 per
2459 2730 2522 2771 se
2558 2709 2723 2794 quis
2742 2709 3000 2794 poterit,
3034 2713 3087 2774 si
3147 2733 3287 2792 quae
3347 2709 3612 2794 sparsim

196 2795 350 2856 loca
376 2789 768 2854 Psalmorum
803 2792 862 2853 S.
895 2793 1082 2851 Pater
1111 2797 1204 2872 est
1228 2789 1698 2872 interpretatus,
1732 2810 1872 2868 quae
1907 2790 2243 2872 maximam
2278 2796 2523 2870 partem
2554 2789 2617 2852 in
2649 2789 3142 2872 uniuscujusque
3166 2789 3352 2854 _tomi
3379 2789 3611 2856 'indice

196 2875 618 2952 colliguntur,
652 2872 934 2933 conferat
964 2889 1104 2931 cum
1136 2871 1434 2931 Breviarii
1465 2871 1640 2944 locis,
1676 2876 1976 2949 notetque
2006 2871 2228 2948 longas
2257 2872 2574 2949 parodias,
2619 2889 2692 2932 ac
2747 2871 2923 2951 saepe
2959 2873 3192 2933 nedum
3242 2874 3603 2948 sententias,

194 2963 316 3026 sed
345 2969 404 3022 et
434 2962 626 3022 verba
656 2960 875 3021 eadem
910 2959 1365 3039 deprehendat.
1397 2961 1521 3018 Par
1550 2979 1800 3038 quoque
1824 2961 1894 3019 fit
1914 2959 2182 3038 opinari,
2217 2969 2503 3020 tractatus
2532 2960 2672 3020 illos
2701 2970 2915 3040 septem
2947 2963 3008 3020 in
3037 2961 3307 3022 Psalmos
3327 2981 3363 3024 a
3386 2961 3610 3024 decimo

193 3062 388 3124 usque
417 3042 492 3102 ad
518 3041 817 3124 decimum
839 3049 1088 3112 sextum,
1124 3057 1281 3124 quos
1310 3040 1373 3099 in
1405 3058 1659 3100 suarum
1693 3039 2238 3124 elucubrationum
2271 3059 2527 3124 censum
2558 3039 2778 3124 recipit
2804 3041 2938 3120 ipse
2975 3041 3039 3124 in
3068 3043 3391 3124 _catalogo,
3437 3043 3608 3124 jam-

198 3119 320 3184 diu
352 3140 502 3183 vero
533 3121 945 3191 intercidisse,
979 3120 1148 3198 quod
1179 3137 1457 3180 seorsum
1491 3126 1785 3198 certaque
1815 3120 2251 3198 germanitatis
2282 3127 2432 3180 nota
2469 3121 2748 3181 distincti
2797 3119 2922 3181 non
2982 3119 3358 3197 habeantur,
3405 3119 3612 3185 existi-

197 3209 451 3265 matum
483 3209 597 3275 est,
633 3202 736 3262 hic
764 3201 1128 3280 interjectos
1159 3199 1347 3279 idque
1378 3200 1582 3278 ipsum
1612 3201 1986 3260 exornandis
2011 3205 2072 3259 et
2103 3200 2167 3259 in
2219 3207 2476 3280 caeteros
2535 3201 2812 3278 psalmos
2868 3204 3334 3264 commentariis
3393 3222 3609 3264 ansam

193 3283 485 3345 studioso
515 3281 915 3360 compilatori
936 3279 1307 3360 praebuisse.
1345 3282 1494 3351 Quae
1526 3286 1832 3358 prmterea
1861 3287 2100 3340 veteres
2131 3299 2208 3339 ex
2237 3279 2616 3360 Hieronymo
2649 3281 2712 3340 in
2745 3282 3061 3360 psalmum
3093 3283 3260 3344 hunc
3291 3283 3390 3344 vel
3431 3284 3608 3346 illum

191 3363 492 3435 laudant,
527 3359 1014 3439 desc’ribuntque
1041 3361 1201 3432 loca,
1235 3366 1504 3442 suntque
1533 3361 1643 3442 illa
1663 3360 1923 3442 totidem
1954 3361 2014 3419 in
2047 3360 2362 3442 Breviario
2396 3359 2515 3420 hoc
2551 3359 2754 3420 verbis
2785 3370 3112 3440 concepta,
3147 3364 3322 3423 huud
3354 3364 3610 3442 quidem

192 3444 388 3505 facile
417 3444 541 3504 alia
570 3443 844 3524 excipias
875 3442 1140 3524 ratione,
1175 3459 1364 3524 quam
1396 3440 1446 3499 si
1477 3440 2282 3524 quibusdamassumentis,
2317 3459 2460 3524 quae
2485 3459 2700 3524 revera
2730 3459 2762 3524 e
2793 3446 2857 3500 S.
2895 3443 3176 3502 Doctoris
3207 3440 3612 3524 calamopro-

192 3527 368 3586 {ecta
398 3530 563 3593 sunt,
601 3520 1217 3602 pseudepigraphum
1253 3520 1879 3602 librum‘interpolari
1912 3539 2026 3599 pro
2056 3527 2225 3581 certo
2261 3520 2515 3581 habeas.
2549 3520 2864 3581 Laciniam
2897 3540 2969 3582 ex
3012 3524 3402 3601 nonagesimi
3445 3520 3612 3586 tertii

192 3605 432 3686 psalmi
464 3600 859 3686 enarratione
884 3603 1125 3686 recitat
1134 3601 1305 3660 testis
1335 3600 1617 3686 omnium
1647 3601 2195 3686 locupletissimus,
2227 3602 2525 3686 retatique
2554 3602 2913 3686 Hieronymi
2945 3600 3275 3686 suppar’S.
3313 3605 3610 3686 Augusti-

194 3681 323 3746 nus
351 3685 415 3744 in
448 3683 940 3764 Commonitorio
971 3682 1048 3742 ad
1083 3681 1624 3764 Fortunatianum,
1653 3683 1992 3764 siveepist.
2028 3685 2167 3764 148Ρ
2199 3687 2404 3740 certus
2451 3682 2608 3741 adeo
2642 3682 2719 3764 de
2776 3682 3277 3762 Hieronymianae
3332 3681 3614 3764 scriptio-

195 3767 297 3825 nis
332 3765 770 3842 germanitate,
805 3769 874 3822 ut
911 3762 1073 3842 hanc
1103 3762 1419 3840 pracipue
1453 3762 1610 3821 tanti
1631 3762 1898 3822 nominis
1920 3761 2362 3842 auctoritatem
2394 3768 2616 3842 contra
2646 3761 3037 3823 adversarios
3068 3769 3310 3842 urgeat.
3347 3763 3441 3825 Ne
3457 3761 3611 3825 inul-

194 3857 287 3917 ta,
321 3839 546 3923 inquit,
581 3839 1396 3923 commemorando,’_majores
1423 3861 1618 3923 moras
1647 3842 1890 3920 faciam,
1927 3841 2032 3901 hoc
2060 3861 2244 3923 unum
2377 3839 2736 3923 Hieronymi
2763 3843 3091 3923 interpono.
3125 3839 3200 3905 Et
3233 3863 3398 3916 mox,
3458 3845 3610 3907 Cum

190 3943 342 4004 ergo
375 3920 476 3984 ille
508 3926 604 3985 vir
633 3945 694 3983 in
724 3923 1060 4002 Scripturis
1091 3920 1457 4004 doctissimus
1479 3920 1775 4004 psalmum
1805 3921 2284 4004 exponeret,‘ubi
2310 3920 2530 4004 dictum
2560 3920 2678 3984 est:
2715 3920 3048 4001 lntelligite
3091 3943 3239 4002 ergo
3297 3924 3406 4003 qui
3448 3925 3608 4004 insi-

195 4001 448 4084 pientes
475 4005 623 4065 estis
651 4006 714 4064 in
747 4001 1004 4083 populo,
1038 4008 1110 4084 et_
1129 4001 1304 4084 stulti
1337 4002 1678 4084 aliquando
1709 4001 1932 4084 sapite,
1968 4002 2076 4078 qui
2108 4001 2416 4084 plantavit
2445 4021 2686 4075 aurem,
2721 4022 2845 4084 non
2879 4004 3112 4076 audiet,
3145 4001 3380 4084 autqui
3428 4003 3612 4064 ﬁnxit

193 4080 479 4158 oculum,
505 4104 629 4146 non
662 4080 1016 4144 considerat
1041 4080 1229 4160 (Psal.
1265 4099 1439 4154 xcm,
1471 4083 1532 4162 8,
1566 4082 1627 4161 9)
1657 4101 1669 4140 :
1712 4083 1862 4162 inter
1891 4091 2116 4162 caetera.
2151 4081 2266 4140 Iste
2296 4082 2470 4162 locus,
2509 4083 2720 4162 inquit,
2757 4082 3036 4144 adversus
3064 4103 3157 4143 eos
3204 4080 3486 4162 malzimei
3511 4085 3608 4162 fa-

193 4167 303 4238 cit,
339 4166 450 4245 qui
473 4161 1093 4244 Anthropomorphitw
1120 4170 1292 4222 sunt:
1328 4163 1435 4242 qui
1459 4160 1664 4222 dicunt
1690 4161 1875 4222 Deum
1905 4160 2118 4221 habere
2156 4161 2430 4233 membra,
2494 4160 2625 4242 qua:
2681 4163 2856 4222 etiam
2911 4182 3015 4222 nos
3067 4162 3362 4222 habemus.
3438 4160 3619 4223 Verbi

192 4255 444 4336 gratia,
467 4253 692 4336 dicitur
720 4252 876 4336 Qeus
905 4249 1117 4311 habere
1145 4248 1338 4336 oculos
1359 4271 1382 4312 .·
1408 4250 1589 4336 ρσαιξ
1617 4250 2204 4336 Donu'ni_res_piciun_t
2235 4252 2432 4309 omnia
2450 4268 2488 4336 _;_
2509 4269 2714 4336 manus
2734 4270 2756 4309 :
2791 4251 2952 4336 ()uia
2966 4251 3360 4336 feci_t_amnia.
3395 4252 3473 4336 Et
3496 4269 3610 4336 au-

193 4329 382 4415 divit,
419 4334 638 4415 inquit,
669 4332 864 4392 Adam
889 4330 1373 4415 sonum__pedum
1407 4332 1655 4415 Domini
1687 4330 2150 4415 deam‘bulantis
2179 4330 2564 4415 in‘paradiso
2597 4329 2769 4406 (Gen.
2805 4330 3009 4415 m._8).
3068 4330 3216 4415 Haec
3266 4331 3616 4415 simpliciter

191 4407 571 4488 audiunt-et
599 4413 888 4473 humanas
917 4409 1342 4470 imbecillitates
1372 4411 1454 4470 ad
1485 4411 2135 4492 Deinmagni/ieentiam
2166 4409 2628 4492 referunt._Ego
2653 4419 2863 4492 autern
2882 4407 3014 4470 dico
3054 4410 3216 4492 quod
3249 4407 3409 4473 Deus
3455 4420 3612 4473 totus

195 4493 406 4556 oculus
435 4503 538 4566 est,
575 4502 728 4553 totus
756 4511 964 4554 manus
991 4499 1092 4560 est,
1128 4498 1279 4550 totus
1304 4510 1405 4569 pes
1434 4499 1535 4550 est.
1577 4489 1750 4550 Totus
1781 4489 1977 4550 oeulus
2009 4498 2110 4560 est,
2148 4489 2290 4568 quia
2318 4489 2515 4549 omnia
2565 4489 2739 4549 videt.
2811 4489 2987 4549 Totus
3045 4489 3252 4551 manus
3306 4501 3409 4564 est,
3470 4501 3614 4572 quia

192 4578 428 4644 lomnia
455 4590 760 4666 operatur.
815 4580 867 4642 T
862 4589 1002 4666 o_tu§_
1011 4598 1112 4660 pes
1132 4586 1246 4666 est,
1265 4580 1408 4666 quia
1437 4579 1647 4666 ubique
1667 4589 1769 4666 est.
1803 4579 1918 4650 Qui
1951 4578 2258 4666 plantavit
2288 4596 2524 4649 aurem,
2561 4597 2685 4637 non
2719 4578 3186 4666 audiet,_et_qui
3226 4580 3407 4666 finxit
3462 4599 3612 4641 ocu-

219 4683 318 4737 os,
357 4657 501 4725 non.
519 4663 916 4725 considerat?
945 4657 1086 4741 1qu
1109 4657 1403 4741 dixit—qui
1421 4657 1723 4739 plantavit
1753 4657 1981 4741 aurem,
2016 4678 2155 4738 ergo
2188 4659 2307 4738 ipse
2336 4677 2538 4741 aurem
2577 4678 2721 4741 non»
2762 4657 2977 4741 liabet?
3035 4657 3171 4741 Nan
3225 4658 3403 4733 dixit,
3474 4680 3614 4741 ergo

192 4747 325 4818 ipse
358 4745 552 4805 oculos
582 4763 700 4803 non
731 4741 924 4802 habet.
962 4737 1087 4801 Sed
1112 4737 1270 4798 dixit
1295 4737 1319 4798 ἶ
1347 4737 1460 4810 Qui
1495 4740 1799 4818 plantavit
1830 4737 2230 4812 aurem,’non
2261 4739 2494 4810 audiet,
2529 4745 2589 4799 et
2619 4739 2729 4817 qui
2758 4738 2939 4798 ﬁnxit
2968 4739 3202 4811 oculos,
3231 4758 3356 4800 non
3414 4737 3614 4802 consi-

242 4825 431 4885 erat?
459 4823 729 4886 Membra
760 4823 916 4895 tulit,
952 4819 1308 4900 efﬁcientias
1336 4819 1518 4880 dedit.
1550 4821 1694 4879 Haec
1727 4819 2044 4879 enimvero
2076 4838 2202 4878 non
2232 4819 2383 4878 alibi
2413 4820 2579 4898 apud
2612 4820 3090 4897 Hieronymum,
3144 4839 3334 4899 quam
3367 4820 3431 4880 in
3489 4821 3612 4882 hoc

189 4915 352 4994 ipso
381 4930 712 4994 perperam
744 4911 835 4972 illi
866 4911 1138 4994 ascrith
1167 4908 1494 4994 Breviario
1517 4908 1796 4967 invenias
1823 4927 1835 4965 :
1865 4907 1971 4994 u_bi
2000 4907 2076 4966 ad
2111 4925 2258 4994 eum
2283 4908 2509 4986 psalmi
2541 4907 2931 4994 nonagesimi
2962 4907 3126 4968 tertii
3156 4908 3362 4994 locum
3393 4909 3481 4970 sic
3512 4915 3611 4994 to-_

196 4987 402 5057 tidem
435 4987 752 5072 descripta
783 4997 930 5052 sunt
959 4987 1187 5061 verbis,
1220 4995 1289 5048 ut
1322 4989 1402 5050 ab
1432 4989 1540 5049 illo
1573 4987 2027 5067 propemodum
2053 4987 2398 5067 archetypo
2432 4995 2691 5067 accepta
2749 4989 3103 5048 videantur.
3163 4989 3311 5059 Quae
3365 4991 3617 5052 tametsi

194 5085 386 5146 nobis
413 5083 477 5144 in
525 5081 805 5170 generali
834 5077 1356 5170 praefationevisa
1386 5083 1531 5170 sunt
1560 5097 1682 5170 non
1705 5097 1790 5170 ex
1823 5077 2275 5170 commentario
2307 5078 2603 5170 quopiam
2628 5079 2691 5137 in
2725 5076 3019 5170 psalmos,
3054 5077 3162 5138 sed
3192 5096 3268 5138 ex
3327 5098 3453 5140 una
3508 5080 3617 5170 ali-

194 5183 332 5245 qua
365 5164 428 5245 S_.
461 5157 746 5224 Doctoris
776 5157 1041 5245 epistola
1072 5177 1148 5218 ex
1177 5157 1254 5218 iis
1286 5178 1427 5238 quaa
1459 5157 2342 5245 intercideruiiihdesumpta:
2379 5157 2872 5245 Hieronymiana
2902 5163 3111 5245 tame_n
3148 5177 3280 5219 esse
3312 5177 3436 5245 non
3496 5161 3615 5222 du-

201 5235 571 5315 Bitavimus,
599 5235 948 5322 Augustino
980 5257 1094 5322 pro
1127 5235 1791 5322 eorumgermanitate
1820 5235 2228 5322 fidejubente’.
2259 5240 2456 5322 Porio
2487 5235 2622 5322 alia
2638 5242 2811 5322 sunt,
2861 5256 3001 5322 qua)
3051 5241 3373 5322 Servatus,
3404 5243 3617 5322 Lupus

197 5326 268 5386 in
304 5323 674 5387 Collectaneo
703 5317 772 5383 de
802 5317 998 5382 tribus
1021 5319 1447 5394 Οιικειὶοηίὺαε
1477 5339 1553 5379 ex
1587 5320 1704 5379 hoc
1736 5324 1952 5396 utpote
1989 5318 2350 5396 Hieronymi
2380 5318 2696 5378 Breviario
2728 5317 2972 5387 laudat,
3004 5323 3074 5378 ut
3103 5325 3196 5380 est
3224 5320 3378 5380 illud
3421 5321 3481 5381 in
3500 5317 3616 5384 ea:-

193 5403 548 5487 planatione
572 5403 763 5480 primi
784 5401 1024 5481 psalmi,
1058 5400 1227 5476 quod
1259 5418 1372 5460 suo
1403 5400 1541 5460 loco
1573 5400 1997 5478 expendemus
2024 5417 2037 5455 :
2065 5398 2190 5457 alia
2221 5418 2360 5476 quae
2389 5401 2454 5457 S.
2483 5399 2826 5487 Gregorius
2845 5400 2948 5458 Vll
2975 5398 3167 5477 (hunc
3197 5401 3362 5460 enim
3396 5420 3614 5463 verum

198 5486 339 5555 esse
368 5491 803 5554 commentarii
835 5491 898 5549 in
933 5488 1208 5566 psalmos
1242 5489 1702 5567 pmnitentiales
1732 5494 2054 5568 auctorem
2084 5507 2096 5547 :
2133 5507 2257 5547 non
2291 5489 2390 5568 cui
2424 5488 2612 5565 vulgo
2645 5486 2961 5562 tribuitur,
2996 5487 3060 5568 S.
3093 5489 3459 5568 Gregorium
3493 5492 3617 5552 Ma-

200 5592 427 5652 gnum,
463 5571 724 5652 propior
745 5569 826 5630 ad
857 5568 1042 5652 ﬁdem
1073 5569 1382 5629 sententia
1412 5571 1524 5640 est)
1556 5588 1592 5652 e
1615 5569 1839 5652 psalmi
1864 5567 2371 5652 quinquagesimi
2403 5568 2708 5652 versiculo
2731 5570 2813 5652 _l'7
2853 5567 3240 5652 expositione
3295 5569 3613 5643 describit,

199 5647 601 5733 acceptaque
634 5651 825 5712 refert
856 5649 1282 5725 Hieronymo:
1319 5667 1458 5727 qua}
1491 5650 1740 5728 quidem
1775 5648 1868 5707 sin
1903 5647 2108 5707 minus
2140 5648 2214 5707 ad
2261 5648 2530 5708 universi
2561 5647 2800 5728 Operis,
2839 5654 3005 5706 certe
3046 5648 3124 5708 ad
3164 5667 3404 5722 earum,
3457 5668 3614 5727 quas
