3980 6184
361 355 481 419 859
1853 359 1933 421 Al

2097 357 2249 420 lDlX
2265 400 2279 416 .
3589 369 3669 431 860

363 489 523 574 lario
554 489 897 574 ascribunt.
931 493 1170 554 (latera
1201 511 1325 554 non
1357 493 1705 555 difﬁtentur
1732 492 2202 574 Hieronymiani
2234 490 2581 574 exceptoris
2611 509 2743 552 esse
2769 509 2782 565 ;
2817 497 3065 572 arrepto
3097 493 3286 565 enim,
3309 491 3574 574 inquiunt,
3603 520 3675 562 vo-

364 572 602 632 lumine
633 573 926 633 Breviarii
958 574 1020 632 in
1055 574 1352 648 Psalmos,
1389 575 1556 653 quod
1590 577 1886 635 Erasmus
1916 582 1978 633 et
2009 573 2325 633 Marianus
2355 572 2664 633 Victorius
2689 580 2907 633 sancto
2939 575 3180 634 doctori
3212 572 3542 650 attribuunt,
3569 581 3680 642 inte-

365 671 510 738 gras
534 654 967 738 enarrationes
997 654 1095 738 il_li_
1119 655 1452 738 attributas
1483 655 1719 738 referri,
1746 655 2114 732 reperimus.
2146 653 2318 738 Nihil
2376 672 2492 738 ego
2549 653 2753 712 dicam
2813 653 2984 738 quod
3040 656 3200 715 falso
3259 657 3548 718 Erasmum
3593 680 3678 738 pro

366 734 669 794 Breviarii
697 741 1005 793 assertore
1037 733 1136 793 hic
1170 735 1465 795 laudant:
1529 735 1684 794 illud
1715 753 1863 794 vero
1895 733 2346 805 contenderim,
2379 733 2468 794 ita
2516 740 2789 811 quatuor
2845 735 3030 794 hosce
3092 740 3391 796 tractatus
3446 733 3682 802 Hilarium

367 820 687 896 auctorem
722 832 845 873 non
878 813 1130 884 habere,
1169 821 1236 874 ut
1268 815 1542 896 reliquos
1573 834 1790 896 omnes
1821 824 1990 875 certo
2021 815 2253 874 scimus
2285 814 2534 896 mentiri
2565 814 3037 896 Hieronymum.
3102 815 3268 874 Nulli
3325 835 3438 877 non
3490 827 3681 896 pateant

367 893 421 971 ej
435 912 503 952 us
534 892 621 952 rei
651 900 1020 970 argumenta
1051 912 1126 953 ex
1157 892 1434 972 ipsorum
1470 895 1733 955 lectione
1763 901 2144 954 tractatuum
2179 894 2540 972 repetenda,
2575 895 2625 953 si
2655 912 2796 954 cum
2829 895 3046 954 Hilarii
3091 892 3680 960 sermonibus—confe-

366 978 610 1032 rantur.
643 973 806 1052 Satis
836 992 982 1056 vero
1014 975 1112 1046 sit,
1151 981 1219 1035 ut
1248 976 1636 1053 propositum
1671 981 1938 1040 teneam.
1974 981 2162 1052 atque
2189 975 2543 1045 ostendam,
2578 974 2895 1056 nihilesse
2926 975 3095 1034 aliud
3119 975 3394 1036 codicem
3423 980 3683 1056 Aquiciuc-

366 1059 604 1113 tensem
651 1072 840 1130 quam
874 1055 1342 1133 Hieronymiani
1376 1056 1744 1115 breviatoris
1775 1056 1964 1134 paulo
1995 1055 2311 1114 diversum
2342 1056 2686 1132 exemplar,
2721 1055 2862 1114 illas
2895 1073 3048 1134 quas
3096 1056 3419 1134 proferunt
3469 1077 3563 1135 pro
3607 1078 3682 1119 eo-

365 1152 515 1215 rum‘
539 1139 917 1215 tractatuum
950 1136 1366 1212 germanitate
1399 1155 1618 1196 causas
1645 1137 1846 1196 obiter
1874 1135 2264 1213 expendisse.
2299 1135 2599 1215 Quatuor,
2636 1135 2947 1213 inquiunt,
2985 1136 3098 1195 iste
3129 1137 3552 1206 enarrationes,
3574 1156 3686 1215 quas

364 1213 634 1274 necdum
666 1214 952 1292 vulgatas
981 1217 1043 1274 in
1077 1217 1288 1276 codice
1320 1215 1426 1275 illo
1461 1217 1830 1293 reperimus,
1863 1216 1924 1274 in
1956 1215 2137 1275 editis
2168 1214 2386 1274 Hilarii
2439 1215 2733 1292 operibus
2791 1216 3252 1276 desiderantur.
3308 1213 3684 1278 Animadverti-

367 1312 504 1354 mus
535 1301 839 1371 prmterea
867 1295 926 1353 in
959 1295 1082 1354 illis
1113 1297 1329 1356 Hilarii
1359 1297 1418 1354 in
1453 1297 1780 1356 scribendo
1815 1295 2175 1355 methodum
2210 1295 2629 1365 observatam,
2665 1295 2895 1374 stylum
2927 1297 3084 1371 ejus,
3119 1297 3562 1375 Scripturaque
3585 1317 3684 1356 ver-

366 1375 603 1434 sionem
637 1375 1136 1453 antiquissimam
1165 1395 1178 1436 :
1213 1377 1494 1454 nihilque
1523 1381 1680 1436 adeo
1713 1376 2099 1435 incommodi
2129 1376 2328 1435 visum
2374 1381 2484 1444 est,
2521 1375 2571 1434 si
2603 1393 2707 1434 eas
2739 1375 2974 1436 Hilario
3005 1376 3501 1437 attribueremus.
3548 1379 3684 1437 Secus

367 1454 500 1515 haec
532 1461 667 1515 erat
695 1455 967 1515 ineunda
997 1457 1191 1526 ratio;
1230 1457 1596 1533 colligerent
1625 1457 1789 1515 enim
1826 1456 1990 1516 haud
2026 1455 2239 1534 probe,
2274 1457 2325 1515 si
2354 1461 2627 1534 quatuor
2655 1455 2780 1516 illae
2803 1456 3112 1516 duntaxat
3131 1456 3214 1515 ab
3238 1457 3536 1517 Hilariano
3563 1461 3689 1518 Com-

369 1536 673 1594 mentario
703 1535 1109 1596 excidissent:
1147 1555 1291 1595 nam
1327 1544 1394 1595 ut
1427 1543 1667 1596 tantum
1703 1536 1895 1615 panni
1925 1536 2176 1606 adsuas,
2212 1547 2518 1614 quantum
2551 1535 2891 1596 sarciendae
2939 1537 3097 1597 vesti
3155 1554 3317 1615 opus
3371 1538 3557 1606 fuerit,
3605 1555 3690 1597 non

365 1615 522 1675 adeo
555 1615 624 1674 fit
651 1615 808 1674 illud
839 1615 1120 1692 ejusdem
1152 1634 1224 1675 ac
1254 1617 1496 1693 reliqua
1525 1617 1711 1676 vestis
1744 1622 2009 1676 texturae
2040 1634 2112 1676 ac
2145 1616 2327 1676 lanas.
2364 1617 2539 1675 Nunc
2571 1634 2718 1676 vero
2774 1634 2915 1676 cum
2970 1616 3172 1677 multo
3232 1617 3455 1695 plures,
3507 1618 3613 1676 sive
3648 1619 3690 1677 in

365 1695 722 1774 quindecim
757 1695 913 1754 alios
945 1695 1221 1756 Psalmos
1251 1696 1670 1772 expositiones
1700 1696 1918 1756 Hilarii
1949 1696 2175 1763 desint,
2210 1715 2350 1774 quae
2379 1695 2443 1754 in
2475 1713 2548 1755 eo
2583 1702 2793 1756 tamen
2824 1715 3043 1756 omnes
3073 1702 3221 1756 sunt
3250 1697 3456 1758 codice
3482 1697 3696 1756 ﬂuxeni-

370 1775 488 1834 mis
518 1781 790 1851 arguunt
812 1793 888 1834 ex
919 1795 992 1836 eo
1025 1775 1293 1847 defectu,
1327 1777 1688 1855 faciuntque
1719 1795 1867 1836 sane
1901 1795 2012 1854 pro
2043 1776 2323 1849 arbitrio,
2359 1793 2482 1835 non
2515 1775 2594 1834 ad
2627 1776 2857 1836 codicis
2886 1775 3100 1850 ﬁdem,
3134 1795 3279 1837 cum
3303 1776 3464 1839 hisce
3490 1783 3540 1838 et
3566 1782 3693 1838 caete-

369 1854 825 1936 risrepudiatis
855 1857 1168 1928 omnibus,
1203 1856 1344 1917 illas
1375 1854 1748 1917 adsciscunt.
1785 1859 1942 1917 Tota
1971 1856 2082 1916 illa
2114 1855 2525 1936 pseuJonymi
2557 1856 2830 1915 auctoris
2860 1857 3147 1917 collectio
3187 1863 3316 1918 est:
3378 1863 3436 1918 et
3486 1857 3577 1936 qui
3619 1875 3691 1934 ge-

369 1935 544 1994 nuini
576 1939 879 1994 tractatus
909 1937 972 1996 in
1007 1937 1323 1998 Hilariana
1353 1937 1622 1997 editione
1657 1943 1976 2014 superant,
2011 1937 2089 1996 ab
2122 1937 2218 1996 his
2248 1937 2355 2014 qui
2387 1937 2447 1995 in
2480 1935 2598 1996 hac
2629 1943 2773 1995 sunt
2794 1936 3188 2010 collectione,
3224 1935 3693 1999 receduntimma-

371 2033 447 2097 ne
479 2023 810 2097 quantum.
845 2019 945 2084 At,
979 2037 1137 2094 quas
1169 2017 1521 2097 repudiant,
1562 2018 1889 2077 manifesto
1923 2021 2167 2077 constat
2194 2016 2689 2097 Hieronymiani
2715 2017 3247 2097 consarcinatoris
3302 2036 3432 2078 esse
3482 2037 3544 2079 ex
3591 2018 3694 2097 Brer-r

364 2095 586 2167 viario,
621 2096 684 2155 in
715 2115 840 2174 quo
874 2098 1134 2158 totidem
1165 2095 1491 2176 descripta:
1523 2103 1666 2157 sunt
1696 2097 1937 2157 verbis:
1974 2096 2294 2157 nonnullae
2326 2097 2515 2156 etiam
2547 2115 2620 2156 ex
2653 2095 2776 2156 illis
2806 2099 3096 2173 quaedam
3143 2098 3483 2170 continent,
3536 2096 3697 2157 Hilarii

367 2194 500 2236 aevo
531 2184 721 2254 atque
751 2178 1003 2253 ingenio
1036 2197 1160 2237 non
1192 2186 1651 2249 consentanea;
1689 2197 1721 2238 e
1748 2179 2065 2238 contrario
2098 2195 2255 2254 quas
2285 2177 2595 2254 recipiunt
2623 2183 2918 2254 quatuor,
2953 2184 3013 2237 et
3041 2179 3120 2238 ab
3160 2178 3256 2237 his
3311 2197 3448 2256 qua
3500 2178 3552 2236 in
3599 2176 3695 2234 vul-

341 2263 515 2335 gato
545 2257 861 2317 Breviario
895 2258 1226 2332 habentur,
1267 2278 1519 2336 prorsus
1548 2258 1687 2318 alim
1721 2264 1867 2318 sunt
1893 2275 1966 2318 ac
1995 2257 2277 2326 diversae,
2313 2263 2374 2317 et
2403 2275 2439 2316 a
2471 2256 2872 2317 Pictaviensis
2893 2259 3173 2336 episcopi
3203 2258 3364 2336 stylo
3394 2259 3696 2335 ingenioque

369 2356 495 2397 non
526 2337 849 2397 dissident.
884 2339 1187 2398 Nimirum
1222 2340 1340 2398 hoc
1371 2347 1463 2398 est
1492 2339 1722 2417 ipsum,
1755 2339 1924 2415 quod
1956 2357 2069 2398 nos
2101 2338 2299 2415 magis
2332 2343 2560 2408 movet,
2597 2342 2666 2396 ut
2695 2339 3076 2398 contrarium
3128 2345 3422 2417 putemus
3473 2357 3540 2398 ex
3585 2336 3698 2417 ipso-

373 2426 646 2476 rummet
678 2419 1064 2494 argumentis
1095 2416 1540 2497 colligendum.
1576 2421 1732 2478 Nam
1765 2418 1816 2477 si
1846 2437 2004 2496 opus
2034 2435 2220 2478 omne
2253 2418 2562 2495 reliquum
2597 2423 2967 2494 personatus
3007 2416 3234 2479 auctor
3289 2416 3696 2497 consarcinavit,

370 2514 482 2555 cur
511 2514 636 2556 non
667 2503 728 2556 et
757 2504 1029 2574 quatuor
1055 2499 1224 2576 ipsos
1256 2495 1578 2569 tractatus,
1618 2505 1742 2558 tam
1776 2499 1948 2575 longi
1977 2498 2183 2576 operis
2212 2515 2360 2557 sane
2392 2497 2795 2575 perexiguam
2830 2499 3116 2576 partem?
3151 2499 3301 2571 Quis
3341 2498 3454 2559 sibi
3501 2498 3556 2557 in
3604 2495 3698 2554 aui-

374 2594 551 2656 mumr
575 2576 853 2646 inducat,
887 2597 1030 2638 eum
1063 2597 1203 2639 cum
1240 2584 1466 2639 cratera
1495 2580 1706 2638 omnia
1737 2597 1810 2638 ex
1842 2579 2029 2638 variis
2049 2581 2310 2638 Patrum
2351 2579 2687 2655 segmentis
2709 2578 3053 2656 collegerit,
3114 2580 3274 2640 istos
3302 2582 3554 2652 αύτολεξεὶ
3601 2577 3698 2635 des-

372 2655 658 2734 cripsisse
689 2674 764 2716 ex
799 2658 1055 2731 Hilario,
1090 2659 1372 2737 nihilque
1397 2659 1744 2719 immutatis
1775 2659 2098 2718 sententiis
2124 2664 2234 2718 aut
2263 2658 2490 2727 verbis,
2524 2659 2776 2718 centoni
2808 2655 2920 2719 suo
2951 2659 3334 2720 adtexuisse.
3376 2661 3517 2719 Erat
3564 2656 3703 2737 igitur

371 2737 767 2796 inferendum
802 2737 920 2799 hoc
952 2739 1159 2817 potius
1193 2736 1377 2798 modo
1405 2756 1417 2797 :
1455 2739 1519 2800 Si
1549 2739 1868 2799 nonnullae
1900 2739 2034 2816 ejus
2066 2737 2498 2798 commentarii
2531 2743 2761 2815 partes,
2795 2741 2964 2817 quod
2991 2739 3068 2800 ab
3101 2740 3328 2800 Hilarii
3379 2736 3705 2817 temporibus

373 2817 704 2900 manifesto
736 2815 1064 2900 abludant,
1097 2819 1190 2880 illi
1220 2819 1446 2880 ascribi
1477 2820 1732 2879 omnino
1765 2838 1889 2879 non
1922 2815 2202 2897 possunt,
2238 2818 2603 2900 nullresunt
2632 2837 2779 2900 quas
2798 2815 2942 2897 jure
2991 2821 3345 2900 meritoque
3399 2815 3619 2879 veniant
3662 2815 3705 2872 in

373 2898 510 2974 ejus
538 2898 949 2976 scriptionum
983 2918 1260 2960 censum.
1295 2901 1490 2960 Aliter
1520 2918 1644 2960 non
1677 2905 1952 2977 quatuor
1980 2905 2223 2959 tantum
2256 2897 2554 2967 homiliee,
2590 2899 2697 2958 sed
2737 2899 2788 2958 si
2846 2919 2988 2977 quae
3044 2900 3190 2960 alia;
3246 2897 3536 2978 presteres
3582 2900 3702 2978 sunt,

373 2996 516 3057 quas
547 2979 703 3038 nihil
734 2979 814 3040 ab
848 2981 1065 3041 Hilarii
1097 2999 1230 3041 aevo
1261 2980 1624 3052 dissideant,
1660 2975 1775 3058 pro
1809 2979 2141 3039 Hilarianis
2171 2985 2355 3060 erunt
2385 2979 2695 3060 continuo
2716 2975 3046 3060 habendae,
3080 2975 3287 3060 eoque
3345 2975 3705 3060 pactouetiam

370 3056 527 3137 quas
552 3059 815 3120 dubium
852 3067 966 3133 est,
1000 3081 1148 3121 num
1179 3061 1582 3122 Pictaviensis
1612 3056 1942 3138 episcopus
1973 3059 2314 3138 aliquando
2349 3059 2596 3130 fuderit,
2644 3059 2864 3120 aliena:
2919 3056 3389 3121 lucubrationes
3438 3056 3708 3119 sufﬁcient.

371 3139 550 3220 Quod
580 3147 790 3200 autem
825 3148 1099 3218 quatuor
1128 3141 1250 3202 illae
1287 3141 1534 3219 penitus
1563 3137 1933 3201 diversae’ab
1965 3140 2039 3220 iis
2069 3140 2212 3220 sint,
2250 3157 2407 3216 quas
2437 3139 2907 3220 Hieronymiani
2937 3141 3374 3220 compilatoris
3394 3137 3710 3220 Breviariuul

367 3218 647 3292 exhibet,
686 3239 798 3298 pro
831 3213 1066 3283 Hilario
1099 3222 1266 3282 facit.
1287 3213 1463 3282 'Sunt
1491 3222 1654 3282 enim
1692 3239 1836 3281 vero
1869 3219 2097 3299 passim
2128 3213 2393 3289 diversa,
2433 3225 2501 3279 ut
2529 3213 2826 3292 diximus,
2861 3220 2996 3297 ejus
3029 3213 3175 3281 libri
3217 3219 3594 3298 exemplaria,
3628 3213 3712 3299 _id-

364 3318 486 3379 que
515 3293 795 3362 solemne
825 3310 917 3363 est
949 3302 1262 3378 ejusmodi
1292 3301 1806 3362 lucubrationum
1847 3293 2170 3379 symbolis,
2206 3304 2275 3358 ut
2308 3317 2418 3378 pro
2450 3318 2562 3360 suo
2594 3301 2858 3378 quisque
2889 3293 3093 3361 lubitu
3121 3303 3222 3362 vel
3263 3293 3583 3362 orationem
3627 3293 3711 3352 ha-

361 3380 607 3442 biturus
636 3382 713 3442 ad
748 3384 1074 3461 populum,
1112 3383 1211 3442 vel
1241 3383 1358 3442 sibi
1388 3383 1777 3442 conﬂaturus
1811 3381 2094 3441 codicem
2123 3380 2719 3461 commentariorum
2749 3381 2810 3440 in
2853 3381 3159 3455 Psalmos,
3223 3379 3543 3442 nonnullos
3591 3382 3712 3461 trac-

367 3466 531 3521 tatus
562 3481 638 3522 ex
667 3455 805 3522 aliis
837 3455 1197 3524 auctoribus
1229 3463 1610 3542 decerperet,
1649 3462 1915 3538 aliisque
1951 3460 2327 3542 testimoniis
2357 3460 2789 3542 interpolaret.
2825 3461 3092 3522 Fluxum
3123 3463 3286 3524 adeo
3318 3480 3388 3522 ac
3432 3461 3550 3520 leve
3577 3455 3710 3542 alte-

364 3560 503 3601 rum
537 3561 785 3620 quoque
817 3549 910 3602 est
939 3549 1382 3620 argumentum
1416 3535 1454 3602 a
1483 3543 1647 3620 stylo
1674 3559 1686 3600 :
1723 3535 1867 3602 nam
1903 3543 2018 3601 etsi
2053 3541 2349 3601 daremus
2381 3535 2700 3620 utcunque
2731 3541 2810 3601 ab
2842 3543 3162 3603 Hilariano
3200 3543 3513 3602 minimum
3543 3535 3713 3620 abhor-

366 3639 525 3701 rere,
558 3614 729 3681 han'd
762 3640 910 3683 sane
941 3614 1125 3700 pauci
1153 3623 1261 3683 alii
1287 3614 1591 3683 tractatus
1620 3629 1766 3682 sunt
1799 3641 1989 3700 penes
2031 3614 3226 3699 Hieronymianum-consarcinatorem,
3260 3640 3415 3701 quos
3442 3634 3603 3680 nemo
3629 3614 3710 3674 ho-

367 3700 606 3782 minum
637 3702 874 3761 Hilario
906 3703 1174 3764 tribuat:
1212 3710 1420 3764 tamen
1453 3702 1532 3762 ab
1563 3703 1824 3762 istorum
1857 3707 2135 3780 quatuor
2164 3702 2417 3778 ingenio
2446 3721 2518 3762 ac
2553 3702 2851 3762 methodo
2882 3721 2959 3763 ne
2989 3703 3188 3764 latum
3225 3700 3472 3780 quidem
3495 3709 3712 3782 upglleln

368 3779 685 3862 recedant.
723 3783 960 3861 Nempe
987 3790 1055 3842 ut
1081 3784 1347 3843 aliorum
1383 3787 1635 3842 Patrum
1668 3783 1754 3843 ita
1783 3788 1847 3842 et
1874 3776 2093 3842 Hilarii
2128 3776 2454 3862 segmenta
2485 3790 2749 3860 uterque
2783 3788 3086 3844 tractator
3115 3776 3418 3862 expilavit
3446 3799 3460 3840 :
3491 3779 3582 3839 ille
3613 3776 3713 3835 Ori-

369 3879 592 3939 genem
624 3861 686 3928 in
711 3880 822 3922 sua
855 3864 1197 3934 transtulit,
1233 3863 1516 3938 nihilque
1549 3863 1774 3923 mirum
1809 3862 2009 3922 sicubi
2041 3862 2207 3922 hunc
2238 3861 2544 3941 illumque
2578 3863 2919 3924 redoleant.
3204 3861 3215 3862 ί
3391 3941 3397 3942 ί
3574 3936 3584 3942 _
3674 3929 3683 3942 O

447 3941 568 4002 Sed
592 3942 728 4018 jam
759 3943 916 4004 alios
945 3936 1737 4023 persequamur—propositi
1773 3942 2075 4003 Breviarii
2105 3943 2311 4002 varios
2342 3936 2504 4003 inter
2533 3963 2597 4004 se
2627 3943 2871 4003 codices
2912 3960 3304 4022 percensere.
3336 3936 3631 4002 Florentia:
3664 3936 3715 4023 in

366 4011 752 4083 bibliotheca
783 4011 1058 4085 Medicea
1084 4011 1526 4104 Laurentiana,
1554 4011 1766 4101 pluteo
1800 4039 1984 4096 xvm;
2019 4023 2537 4104 membranaceus
2567 4023 2765 4084 codex
2792 4011 3082 4092 numuﬁo,
3107 4011 3714 4104 praenotatus,exor}li-

370 4109 474 4163 tur
503 4123 540 4164 a
571 4104 813 4182 psalmo
847 4104 1186 4166 centesimo
1216 4103 1459 4164 decimo
1488 4122 1678 4172 nono,
1713 4103 2085 4181 devenitque
2116 4103 2198 4163 ad
2260 4122 2456 4180 usque
2516 4105 2924 4164 centesimum
2980 4103 3524 4182 quadragesimum
3575 4103 3716 4182 quit}:

368 4190 500 4243 tum
532 4171 682 4245 satis
711 4186 972 4264 antiqua
1005 4204 1216 4257 manu,
1251 4203 1613 4263 quanquam
1646 4171 1709 4243 in
1741 4183 1867 4264 fine
1893 4171 2184 4264 quiedam
2217 4171 2403 4243 exesa
2432 4190 2739 4264 vetustate
2773 4184 2923 4244 folia
2960 4171 3271 4244 recentior
3328 4171 3613 4260 suppleat.
3661 4171 3719 4264 fit

370 4265 731 4342 Hieronymi
764 4251 1018 4343 quidem
1043 4251 1490 4346 Eas/insitionem
1519 4283 1694 4346 super
1722 4251 1992 4346 Psalm'os
2018 4263 2336 4346 continere
2367 4263 2641 4346 adnotat
2661 4271 2837 4346 vetus
2870 4264 3173 4346 librarius
3186 4283 3204 4346 ξ
3239 4265 3347 4346 qui
3397 4251 3534 4346 vero
3586 4251 3716 4346 90d}-

371 4336 741 4425 cemipr'imo
771 4336 1119 4425 descripsit,
1145 4336 1273 4407 'hoc
1305 4365 1428 4406 uno
1459 4336 1720 4406 donavit
1749 4344 1931 4405 titulo
1958 4361 1971 4402 :
2013 4343 2482 4425 Commentarius
2513 4345 2571 4404 in
2602 4344 2873 4405 Psalmos
2903 4343 3126 4406 David.
3161 4336 3404 4425 Eadem
3435 4341 3494 4400 in
3523 4336 3716 4425 urbe‘in

374 4416 760 4485 bibliotheca
793 4416 1046 4486 Patrum
1078 4416 1276 4487 sancti
1308 4426 1520 4496 Marci,
1556 4425 1682 4486 duo
1713 4425 2091 4503 perantiqua
2121 4424 2507 4503 exemplaria
2537 4431 2871 4504 apponunt
2902 4427 2966 4486 S.
3017 4423 3303 4504 Doctoris
3360 4434 3604 4504 nomen:

383 4524 521 4566 men
555 4507 844 4578 alterum,
885 4506 1323 4568 Commentaria
1353 4507 1432 4586 Β.
1467 4498 1824 4586 Hieronymi
1847 4507 1908 4564 in
1944 4498 2252 4586 Psalmos:
2286 4498 3007 4586 alterumC'Breviarium‘
3030 4503 3105 4586 D.
3138 4501 3492 4586 Hieronymi
3536 4498 3711 4581 inscri-

376 4587 570 4648 bitur.
603 4588 782 4666 Saepe
813 4587 990 4648 audit
1020 4586 1342 4666 Expositio
1373 4583 1960 4663 Psalteriifhocque
1993 4585 2173 4644 titulo
2205 4584 2437 4666 passim
2471 4591 2811 4666 occurrunt
2839 4583 3289 4666 sequiorisaavi
3317 4600 3492 4666 mss”
3539 4595 3568 4666 εξ
3607 4586 3712 4666 <1}!!-

380 4669 497 4728 bus
529 4651 726 4727 unum
752 4668 1084 4728 laudamus
1119 4651 1186 4727 ᾗ.
1223 4667 1430 4726 littera
1459 4672 1520 4727 et
1551 4651 1723 4725 num.
1756 4669 1832 4725 42
1862 4651 2287 4744 praenotatum
2313 4665 2376 4723 in
2407 4665 2852 4746 Ambrosiana,
2909 4651 3050 4746 quae
3108 4662 3439 4746 Mediolani
3464 4745 3469 4746 γ
3493 4661 3592 4746 est.
3639 4651 3710 4746 hij

379 4749 716 4810 bliotheca.
753 4749 1038 4809 Invenire
1069 4765 1321 4826 quoque
1352 4753 1444 4806 est
1474 4747 1718 4825 aliquos
1751 4737 2016 4826 hac-una
2063 4746 2489 4824 inscriptione,
2549 4737 3031 4826 Hieronymiﬁ'n
3087 4744 3355 4826 Psaiimos
3378 4763 3400 4803 .'
3456 4737 3714 4826 ωεωίῐιιξ

375 4829 608 4890 ibidem
636 4830 1042 4891 observamus
1071 4818 1280 4888 littera
1309 4827 1352 4887 C
1385 4818 1646 4887 numero
1677 4825 2044 4904 insignitum
2089 4844 2214 4886 uno
2259 4818 2483 4905 "supra
2520 4818 3046 4887 trecentesimum.
3107 4823 3386 4886 Vidimus
3439 4825 3519 4905 et_
3548 4818 3714 4905 Ιᾷοιῑξὶξ3

381 4909 739 4981 nonnullos,
771 4930 928 4989 quos
956 4910 1116 4968 inter
1151 4907 1502 4969 vetustioris
1533 4907 1615 4968 ob
1641 4894 1847 4989 astatis
1877 4894 2838 4989 praerogativammemorandus
2869 4905 3194 4989 catalogus
3224 4905 3284 4966 in
3318 4918 3435 4989 uno
3483 4894 3714 4989 Palatin

381 4991 703 5058 Vaticano,
740 4983 848 5068 qui
880 5009 1140 5052 numero
1171 4989 1466 5049 vicesimo
1497 4987 1763 5066 septimo
1795 4983 2156 5068 denotatur,
2188 4987 2629 5068 prioribusque
2657 4985 2904 5047 duabus
2928 4983 3190 5068 pagellis
3221 4983 3421 5068 nescio
3450 4983 3606 5054 cujus
3631 4985 3714 5068 at):

388 5070 673 5147 tiquioris
716 5061 1113 5147 bibliothecae
1145 5069 1410 5129 indicem
1445 5061 1749 5128 librorum
1782 5068 1957 5127 texit.
1993 5070 2060 5128 In
2093 5061 2209 5138 his;
2243 5068 2439 5147 sancti
2464 5061 2824 5147 Hieronymi
2865 5061 3039 5147 super:
3086 5064 3518 5147 Psalteriumu
3561 5061 3714 5147 1?"fo

385 5124 626 5210 Ρέίιίνηο
655 5171 836 5230 usque
867 5146 932 5210 in
959 5168 1202 5217 Lxxxw,
1237 5171 1310 5211 ea:
1347 5151 1598 5230 Origene
1621 5158 1941 5228 sumptum,
1970 5147 2039 5230 in
2070 5124 2418 5230 uno’codice.
2453 5150 2529 5208 Et
2559 5124 2816 5230 ej'uséern
2845 5124 2962 5208 alii
2982 5163 3127 5230 xxvi
3161 5147 3304 5226 (leg.
3360 5144 3492 5202 fort.

388 5249 566 5310 usque
597 5232 654 5290 in
673 5206 881 5324 βξιειμ.
920 5231 1064 5292 Item
1095 5231 1384 5322 expositio
1414 5206 1787 5324 Paullum-uin
1811 5206 2304 5324 pamiitenfialium
2337 5229 2397 5287 in
2426 5247 2541 5320 2po
2572 5206 2787 5299 codice.
2828 5206 3534 5324 Descripsimuzqqoquf
3558 5206 3714 5324 1-201:

387 5283 696 5390 polstremi,
722 5311 981 5388 hujusce
1014 5283 1220 5390 operis
1252 5329 1326 5370 ex
1360 5310 1695 5388 quadrato,
1720 5283 1920 5386 eoqrue
1950 5309 2166 5388 proba:
2199 5309 2522 5390 vetustatis
2551 5294 2818 5390 aenotaf:
2852 5327 2966 5390 ms.
3001 5283 3149 5390 oiim
3177 5312 3255 5390 8.Δ
3283 5283 3713 5390 Cblumbapi

386 5377 608 5464 Hohio,
643 5377 1247 5452 nunc'Ambro'siano
1279 5377 1398 5451 sub
1427 5377 1734 5450 Rulittera
1763 5377 1835 5450 ac
1868 5377 1958 5450 nu‘

2139 5394 2176 5448 ε.
2206 5388 2406 5449 Tituls
2458 5389 2593 5467 ejus
2622 5389 2764 5448 libri
2794 5389 3022 5448 habet:
3057 5377 3711 5469 [ησφίυηρρειξιηιίνβὲέῗδ

387 5451 1015 5565 ὁραςιιςἨίθνοιξαιηῇξ
1047 5471 1351 5565 ordinavit
1376 5490 1488 5550 pro
1513 5470 1860 5563 paenitentia
1891 5490 2006 5529 esse
2033 5469 2456 5562 canendos..At
2486 5451 2627 5549 quae
2659 5474 2807 5565 tunc
2856 5469 3155 5548 temporis
3184 5451 3382 5565 “varia
3433 5459 3504 5522 ab

382 5554 759 5632 ineditisque
785 5539 923 5614 aliis
953 5553 1134 5613 libris
1164 5539 1544 5632 glossemata
1573 5551 2035 5632 excerpsimus,
2057 5569 2182 5610 non
2213 5549 2374 5632 tanti
2405 5539 2578 5632 nunc
2625 5551 2917 5632 videntur
2973 5539 3128 5632 esse,
3189 5554 3257 5609 ut
3309 5539 3706 5632 Hieronymus?

385 5605 674 5695 nominisl
685 5636 965 5695 studioso
996 5605 1214 5694 lectori
1244 5631 1604 5692 offeramus.
1629 5605 2088 5703 Quiaetiamin
2119 5630 2504 5705 universum,
2535 5629 2587 5691 si
2615 5631 2828 5705 velim,
2863 5648 3005 5710 quae
3038 5605 3363 5691 innumera
3388 5622 3536 5707 sunt,
3571 5605 3704 5710 θίξίξξς

382 5733 526 5779 cum
556 5717 719 5780 inter
747 5734 814 5779 se
844 5713 1100 5778 dissidia
1130 5710 1408 5774 studiose
1438 5689 1814 5773 conferendo
1844 5729 2178 5791 exponere,
2212 5729 2328 5774 nec
2348 5689 2628 5774 facturus
2665 5711 2783 5774 sim
2813 5689 3052 5793 'operae
3106 5709 3394 5792 pretium,
3446 5704 3544 5764 n60
3585 5689 3700 5752 ³⁸³⁵
