3980 6184
260 355 378 448 861
1149 352 1643 419 BREVIABIUM
1689 356 1766 418 IN
1814 354 2293 420 PSALMOS.—
2322 357 2790 421 ADMONITIO.
3559 348 3678 421 862

267 494 575 572 praestare
603 484 808 572 ipsam
840 503 971 548 rem
1002 487 1234 565 possim
1262 505 1276 559 ;
1324 495 1565 572 certum
1596 492 1831 570 quippe
1861 496 1955 550 est
1984 490 2259 552 homiliis
2288 491 2598 570 ejusmodi
2635 491 2754 552 sibi
2811 492 3240 571 decerpendis,
3300 492 3677 554 conﬂandis-

263 567 390 652 que
418 568 696 653 inhiasse
726 567 876 653 olim
909 573 1280 653 tractatores
1311 567 1774 653 ecclesiasticos
1797 591 2028 653 magno
2059 567 2344 645 numero,
2384 579 2449 632 ut
2482 572 2532 632 si
2565 573 2703 651 quis
2733 578 2941 650 speret
2969 567 3173 651 posse,
3208 575 3377 651 quod
3407 574 3675 653 quisque

265 648 629 719 contulerit,
664 648 996 721 aestimare,
1033 648 1290 726 perinde
1321 650 1406 709 sic
1438 669 1511 710 ac
1543 651 1591 710 si
1617 670 1786 712 mare
1817 648 2152 712 exhaurire
2183 653 2353 714 velit.

348 731 787 812 Digna_tamen
820 729 948 788 visa
982 746 1079 812 res
1102 735 1215 802 est,
1252 748 1451 812 eaque
1484 733 1752 792 maxime
1779 734 1857 791 ad
1890 733 2278 793 eruditorum
2310 733 2499 810 hujus
2531 733 2646 792 aevi
2677 732 3022 810 ingenium,
3058 750 3256 792 unum
3301 751 3489 812 quem
3549 752 3670 794 caa-

264 813 416 874 teris
437 809 649 892 multo
677 809 1174 892 praestantiorem
1208 810 1522 892 omnibus,
1557 830 1629 871 ac
1662 818 1793 872 toto
1825 813 1984 872 cmlo
2017 833 2053 873 a
2086 813 2356 892 vulgatis
2386 809 2702 873 diversum
2735 809 3111 884 invenimus,
3153 809 3514 890 diligentius
3572 831 3674 873 ex-

261 893 564 973 pendere,
599 890 652 973 ej
666 907 860 973 usque
891 889 1147 973 aliquod
1164 891 1502 970 specimen,
1528 893 1782 968 quando
1805 893 2120 970 integrum
2151 889 2312 972 opus
2341 895 2464 954 huc
2488 894 2720 954 referre
2749 913 2875 954 non
2907 893 3105 965 licuit,
3139 889 3476 954 lectoribus
3493 893 3668 953 dare.

261 969 377 1035 Est
406 974 599 1052 igitur
628 971 690 1030 in
721 969 906 1052 toties
934 969 1193 1052 laudata
1224 973 1642 1032 Ambrosiana
1672 969 2010 1034 Mediolani
2040 969 2422 1035 hiblil.theca
2451 975 2926 1052 antiquissimus
2958 974 3202 1035 calamo
3260 978 3554 1034 exaratus
3594 973 3671 1032 li-

260 1054 397 1125 ber,
444 1051 552 1130 qui
582 1051 986 1133 planealiam
1019 1050 1096 1133 ab
1129 1051 1247 1124 his,
1281 1072 1423 1131 qum
1456 1053 1760 1113 hactenus
1787 1053 2217 1126 innotuerunt,
2256 1073 2521 1133 eamque
2551 1050 2700 1114 sane
2741 1055 3213 1132 elegantiorem,
3275 1054 3390 1113 sub
3449 1053 3672 1113 Hiero-

265 1133 441 1213 nymi
473 1132 736 1214 nomine
758 1131 1321 1214 Expositionemin
1354 1134 1639 1193 Psalmos
1669 1135 2022 1194 contineat:
2057 1140 2123 1194 ut
2155 1136 2205 1194 si
2237 1154 2363 1214 qua
2392 1131 2516 1195 alia
2547 1136 2708 1194 inter
2739 1138 2801 1196 S.
2836 1135 3040 1209 Patris
3067 1153 3261 1213 opera
3293 1136 3504 1194 locum
3545 1152 3672 1193 non

261 1210 581 1276 immerito
612 1211 894 1272 obtinere
922 1210 1058 1271 visa
1089 1218 1202 1294 est,
1237 1213 1374 1274 haec
1405 1233 1598 1292 supra
1628 1219 1887 1274 caeteras
1916 1214 2104 1275 etiam
2137 1210 2277 1275 cum
2312 1216 2618 1293 dignitate
2647 1222 2813 1276 stare
2844 1216 3059 1294 possit.
3095 1210 3305 1276 Codex
3330 1215 3444 1275 sub
3475 1215 3518 1274 C
3564 1214 3672 1274 lit-

265 1303 403 1357 tera
434 1312 558 1354 uno
588 1310 781 1374 supra
807 1293 1283 1374 trecentesimus
1314 1313 1576 1354 numero
1618 1301 2027 1373 praenotatur,
2063 1301 2280 1374 estque
2310 1297 2624 1374 oblongae,
2686 1301 2754 1355 ut
2807 1293 3057 1366 vocant,
3116 1297 3180 1355 in
3238 1295 3367 1355 ﬁlio
3425 1296 3667 1355 formae.

265 1375 430 1438 Olim
463 1374 542 1434 ad
575 1375 638 1434 S.
674 1372 1047 1454 columbarii
1077 1372 1153 1431 de
1192 1375 1390 1434 Bobio
1423 1372 1868 1436 monasterium
1905 1372 2225 1454 pertinuit,
2259 1395 2336 1437 ex
2365 1395 2492 1454 quo
2517 1372 2804 1436 omnium
2838 1377 3287 1454 pretiosissima
3317 1392 3392 1436 eo
3431 1376 3670 1453 imporn

265 1461 403 1516 tata
432 1460 578 1514 sunt
606 1452 999 1535 antiquitatis
1033 1455 1444 1515 monimenta.
1479 1455 1851 1516 Charactere
1882 1452 2231 1535 descriptus
2259 1452 2482 1528 est,_ut
2537 1475 2763 1516 vocare
2819 1452 3189 1535 antiquariis
3247 1457 3476 1533 placet,
3525 1452 3676 1515 cur-

264 1536 402 1598 sivo
431 1534 788 1616 vetustioris
818 1535 1062 1616 formae,
1096 1539 1158 1593 et
1184 1535 1335 1612 quid
1366 1536 1446 1595 ad
1476 1554 1616 1595 eam
1651 1536 1933 1614 proxime
1964 1534 2224 1597 accedat
2253 1543 2548 1597 notarum
2581 1537 2872 1613 figuram,
2905 1534 3095 1615 quam
3119 1538 3184 1597 in
3212 1536 3523 1616 .ngyptiis
3555 1554 3669 1613 pa-

267 1616 444 1696 pyris
475 1615 823 1696 hodienum
843 1613 1176 1696 cernimus.
1207 1616 1624 1685 Quamobrem
1655 1613 1720 1676 et
1749 1623 1841 1676 est
1868 1635 2033 1694 sape
2065 1617 2226 1677 lectu
2260 1635 2566 1696 perquam
2599 1617 2888 1688 difﬁcilis,
2929 1613 2994 1676 ut
3026 1618 3190 1677 notis
3240 1613 3674 1677 internoscen-

267 1694 369 1757 δίε
402 1695 596 1755 multa
623 1694 1070 1772 exercitatione
1102 1713 1260 1773 opus
1290 1697 1408 1755 sit:
1444 1702 1506 1756 et
1527 1697 1748 1756 litteris
1777 1697 2091 1756 interdum
2123 1694 2323 1758 exesis
2353 1694 2684 1765 vetustate,
2719 1697 2914 1757 aciem
2949 1697 3276 1757 oculorum
3308 1696 3579 1774 ditiugit,
3607 1702 3676 1756 ut

267 1776 468 1837 satius
498 1793 622 1835 non
653 1793 780 1834 uno
812 1775 873 1834 in
905 1773 1045 1833 loco
1075 1775 1462 1847 duxerimus,
1498 1777 1626 1855 pati
1660 1777 1984 1837 lacunulas
2014 1777 2278 1856 aliquot,
2312 1797 2502 1856 quam
2535 1796 2609 1837 ex
2640 1779 2893 1857 ingenio
2942 1778 3257 1857 supplere,
3311 1777 3363 1837 si
3424 1773 3558 1836 fieri
3613 1776 3677 1835 id

269 1863 409 1918 tuto
443 1874 566 1915 non
600 1861 827 1933 posset.

345 1938 526 1996 Prior
555 1935 794 2007 charta,
829 1955 957 2014 qua
987 1935 1067 1995 ad
1096 1935 1374 1996 codicem
1400 1936 1872 2015 prmtexendum
1904 1937 2197 1998 librarius
2222 1943 2315 1997 est
2347 1958 2514 2011 usus,
2548 1937 2783 1997 Latinis
2812 1937 2921 1996 illa
2950 1936 3203 2015 quidem
3261 1936 3486 1998 litteris
3545 1940 3679 1996 tota

265 2017 668 2090 describitur,
701 2017 901 2094 iisque
932 2017 1060 2078 fere
1089 2015 1394 2075 similibus
1425 2017 1666 2094 reliquo
1698 2017 1927 2077 codicis
1955 2019 2328 2090 characteri,
2361 2019 2468 2078 sed
2502 2037 2694 2096 quam
2726 2024 2952 2078 sonant
2982 2017 3288 2095 linguam,
3323 2017 3401 2077 cl.
3430 2017 3546 2096 rvir
3576 2015 3679 2075 cui

263 2115 520 2157 summa
550 2097 761 2156 omnia
794 2097 1027 2167 tribuo,
1060 2095 1341 2173 ignotam
1376 2096 1555 2168 dixit,
1588 2103 1698 2157 aut
1726 2103 1998 2157 veterem
2030 2099 2368 2177 Illyricam.
2405 2095 2558 2174 Ego,
2588 2097 2639 2157 si
2674 2098 2792 2157 hoc
2850 2097 3056 2175 ipsum
3116 2097 3368 2158 lectoris
3423 2095 3682 2177 interest

262 2179 452 2249 scire,
486 2177 857 2236 Hebraicam
889 2195 1022 2236 esse
1057 2177 1405 2236 monuerim
1433 2194 1446 2234 :
1481 2184 1628 2236 sunt
1656 2177 1824 2237 enim
1858 2177 1996 2255 ejus
2027 2175 2120 2238 rei
2144 2179 2398 2248 indicio,
2435 2198 2576 2256 quae
2610 2178 2874 2255 possint,
2901 2177 3214 2255 plerisque
3245 2178 3384 2237 aliis
3421 2175 3677 2236 oblitte-

261 2259 444 2329 ratis,
481 2275 683 2335 pauca
710 2257 832 2334 legi
863 2257 1186 2316 Hebraica:
1222 2257 1701 2328 terminationis,
1737 2264 1797 2317 et
1824 2258 1963 2317 soni
1996 2259 2304 2327 vocabula
2333 2279 2347 2320 :
2383 2278 2522 2318 cum
2561 2259 2776 2337 primis
2807 2277 2954 2318 vero
2987 2257 3228 2329 istheec,
3262 2276 3405 2336 quae
3430 2257 3510 2317 ad
3566 2274 3678 2316 vo-

265 2355 410 2399 cem
441 2337 716 2397 hiruzech
747 2337 1089 2416 apponitur
1117 2337 1195 2396 ad
1223 2337 1367 2396 libri
1397 2357 1574 2397 oram
1606 2337 2063 2416 interpretatio,
2099 2338 2240 2398 urbs
2269 2338 2644 2416 fortitudinis
2673 2347 2908 2398 nostris.
2942 2340 3036 2397 lta
3064 2339 3359 2398 nimirum
3392 2356 3533 2414 qua}
3565 2355 3675 2396 vo-

263 2436 406 2479 cem
428 2418 600 2478 illam
633 2423 1022 2496 componunt
1053 2417 1267 2488 verba,
1301 2417 1419 2489 hir,
1455 2418 1640 2477 Hebr.
1674 2437 1792 2490 way,
1826 2419 2044 2478 urbem
2073 2437 2084 2477 :
2121 2439 2216 2488 uz,
2253 2421 2441 2480 Hebr.
2475 2440 2559 2498 τῃ,
2591 2417 3002 2497 fortitudinem
3033 2424 3253 2479 sonat:
3288 2417 3678 2498 aflixumdeg

261 2499 462 2578 nique
493 2499 584 2572 ch,
621 2499 808 2558 Hebr.
844 2513 887 2568 Ἰ,
925 2498 1275 2576 pronomed
1308 2505 1422 2569 est,
1461 2508 1644 2557 tuum.
1677 2498 2168 2558 ltescribendum
2199 2500 2414 2576 igitur,
2445 2500 2716 2578 inquies,
2751 2499 2969 2559 Latine
2995 2505 3152 2571 erat,
3186 2498 3321 2558 urbs
3374 2497 3681 2578 fortitudi-

262 2577 375 2639 nis
395 2587 529 2649 tuae,
560 2597 684 2639 non
718 2588 955 2651 nostrae,
988 2584 1058 2638 ut
1087 2579 1352 2638 Hebraeo
1386 2579 1814 2657 responderet,
1851 2579 2021 2657 quod
2052 2598 2176 2638 non
2207 2580 2481 2640 difﬁteor
2505 2600 2517 2652 ;
2538 2577 2770 2640 verum
2801 2580 2889 2639 ita
2917 2580 3139 2653 sentio,
3178 2597 3303 2639 non
3333 2577 3468 2655 ejus
3511 2577 3682 2638 vocis

259 2659 332 2719 in
363 2660 656 2718 Latinum
688 2659 1080 2737 explicandae
1110 2659 1334 2736 gratia,
1373 2659 1479 2718 sed
1516 2664 1580 2718 ut
1613 2659 1933 2738 paulisper
1964 2660 2273 2720 diversam
2307 2661 2387 2720 ab
2418 2660 2526 2720 illa
2558 2660 2940 2738 significaret
2969 2678 3100 2720 esse
3133 2661 3496 2720 Latinorum
3554 2657 3680 2718 lec-

261 2740 528 2809 tionem,
562 2739 748 2799 fuisse
778 2740 857 2799 ab
887 2739 1168 2799 studioso
1199 2739 1415 2817 aliquo
1449 2746 1662 2799 notam
1697 2740 2073 2817 appositam.
2113 2744 2166 2800 ls
2191 2759 2337 2800 vero
2369 2741 2731 2819 quicunque
2763 2740 2970 2811 fuerit,
2997 2741 3281 2818 Origenis
3303 2739 3677 2819 industriam

259 2825 364 2881 est
391 2820 670 2881 imitatus
693 2839 712 2877 :
734 2838 920 2898 quem
945 2820 1107 2879 enim
1138 2819 1244 2879 ille
1274 2819 1606 2879 Hehrzeum
1641 2826 1878 2880 textum
1911 2820 2137 2881 Graecis
2167 2818 2532 2882 litteris’sibi
2562 2819 2968 2898 descripsitin
2991 2819 3429 2898 Hexaplis,hic
3449 2818 3681 2878 Latinis

255 2902 585 2979 reposuit:
622 2899 917 2959 nimirum
949 2907 1214 2978 uterque
1246 2901 1619 2960 vernaculis.
1654 2901 1945 2961 Fortasse
1975 2903 2162 2962 etiam
2189 2902 2366 2960 illum
2391 2901 2675 2978 ()rigenis
2705 2900 3170 2978 apographum,
3199 2919 3322 2958 non
3345 2899 3678 2958 Hebraeum

257 2979 693 3059 archetypum
729 2980 945 3050 Latine
979 2982 1496 3058 repraesentavit:
1531 2980 1720 3058 idque
1751 2999 1956 3040 causa:
1987 2981 2125 3052 fuit,
2159 2999 2271 3041 cur
2299 2981 2646 3058 peculiares
2678 2980 3066 3059 primigenia:
3102 2980 3331 3056 linguas
3361 2997 3568 3049 sonos,
3604 2983 3684 3059 _et

263 3057 513 3139 quibus
537 3057 735 3121 scatet
765 3057 1222 3138 aspiratiOnum
1260 3061 1502 3132 modos,
1535 3057 1725 3139 idque
1745 3079 1942 3138 genus
1973 3061 2098 3120 alia
2126 3062 2203 3120 de
2235 3061 2460 3121 Graecis
2493 3079 2616 3120 non
2650 3057 2846 3139 usque
2876 3061 3033 3120 adeo
3065 3060 3145 3120 ad
3177 3078 3307 3119 rem
3348 3059 3510 3138 aptis
3557 3057 3681 3139 ele-

269 3138 528 3214 mentis,
563 3141 642 3201 ad
673 3141 896 3201 Latina
926 3141 1133 3200 minus
1163 3141 1443 3201 fortassis
1465 3138 1799 3200 commoda
1835 3160 1947 3219 per
1977 3141 2101 3200 vim
2131 3142 2379 3201 detorta
2408 3141 2735 3220 Scriptura
2753 3138 2930 3220 isazpe
2961 3158 3087 3200 non
3128 3141 3380 3211 referat,
3413 3145 3474 3199 et
3533 3138 3684 3198 dare

262 3221 407 3282 sine
437 3228 645 3282 mente
675 3240 896 3281 sonum
931 3221 1236 3280 videatur.
2527 3240 2542 3257 ι

351 3302 475 3362 Sed
509 3301 642 3361 haec
673 3300 912 3361 obiter:
940 3302 1076 3378 jam
1106 3302 1309 3378 ipsum
1345 3300 1697 3361 describere
1728 3301 2258 3362 Commentarium
2292 3319 2769 3379 persequamur.
2805 3300 3088 3361 Diximus
3127 3301 3510 3378 Hieronymo
3572 3299 3680 3358 tri-

261 3381 404 3454 bui,
440 3382 526 3442 sic
558 3382 722 3442 enim
755 3382 1012 3459 praefert
1042 3381 1275 3442 codicis
1304 3381 1651 3459 inscriptio,
1686 3383 2018 3460 primaque
2047 3381 2182 3459 ejus
2212 3382 2381 3454 folia,
2415 3401 2557 3460 qum
2590 3400 2731 3441 vere
2763 3381 3282 3458 Hieronymianas
3319 3379 3382 3438 in
3438 3379 3680 3460 Psalte-

263 3462 435 3522 rium
471 3461 870 3540 praefationes
902 3461 1217 3522 exhibent.
1253 3462 1456 3522 Habet
1484 3459 1730 3521 initium
1781 3462 1966 3523 libri:
2028 3461 2300 3537 Incipit"
2358 3459 2652 3541 Praefatio
2709 3461 3118 3541 Hieronymi”
3176 3459 3559 3521 Psalmorum
3618 3459 3680 3541 in

266 3539 545 3603 Christo:
582 3543 645 3601 in
675 3542 797 3602 fine
826 3559 839 3600 :
874 3541 1150 3621 Explicit
1181 3542 1470 3620 Prologus
1506 3542 1569 3603 S.
1608 3541 1984 3621 Hieronymi.
2021 3543 2426 3602 Praefationes
2458 3539 2584 3602 illae
2616 3543 2768 3619 ipsae
2801 3539 2964 3614 sunt,
3001 3561 3158 3620 quas
3187 3543 3251 3601 S.
3286 3543 3517 3621 Doctor
3575 3539 3674 3621 vel

261 3622 352 3684 ad
388 3621 646 3682 Paulam
679 3619 1090 3700 epistolarum
1123 3622 1255 3682 vice
1285 3619 1479 3694 dedit,
1509 3622 1604 3682 vel
1639 3619 1941 3694 Psalle—rio
1972 3622 2092 3700 ipsi
2120 3641 2158 3680 a
2187 3641 2253 3683 se
2282 3623 2554 3701 primum
2587 3622 2946 3693 emendato,
2981 3619 3113 3681 tum
3156 3640 3232 3681 ex
3288 3619 3554 3701 Hebraeo
3615 3620 3680 3678 in

259 3702 563 3764 Latinum
621 3699 918 3763 converse
976 3702 1264 3780 praefixit.
1327 3703 1763 3774 Nihilosecius,
1825 3708 1893 3761 ut
1952 3699 2027 3762 ne
2084 3703 2235 3781 quid
2285 3699 2781 3776 dissimulemus,
2846 3708 3112 3780 utroque
3197 3701 3306 3761 illo
3393 3700 3457 3758 in
3536 3699 3678 3781 loco

261 3782 639 3860 Hieronymi
695 3801 923 3843 nomen
978 3779 1108 3842 non
1166 3783 1244 3843 ab
1303 3782 1413 3842 illa
1469 3802 1611 3861 qum
1669 3783 1948 3842 codicem
1981 3779 2264 3842 exaravit
2296 3783 2585 3861 primitus
2616 3801 2831 3854 manu,
2874 3783 2979 3842 sed
3013 3779 3092 3842 ah
3125 3782 3273 3852 alia,
3310 3779 3564 3840 tametsi
3623 3785 3684 3839 et

257 3863 384 3924 illa
413 3862 694 3941 antiqua,
730 3881 802 3923 ac
831 3862 1118 3941 suppari,
1151 3863 1422 3940 alioque,
1457 3870 1527 3923 ut
1555 3863 1821 3934 videtur,
1855 3870 2209 3923 atramento
2251 3869 2342 3923 est
2371 3863 2680 3923 additum.
2756 3863 3172 3941 Subsequitur
3229 3861 3456 3921 deinde
3514 3878 3681 3920 com-

261 3940 640 4015 mentarius,
674 3961 751 4002 ex
773 3940 1118 4021 quoprimi
1151 3950 1214 4002 et
1247 3943 1434 4012 tertii,
1469 3949 1530 4003 et
1561 3944 1840 4003 maxima
1867 3962 1945 4002 ex
1975 3950 2152 4021 parte
2182 3944 2386 4021 quarti
2424 3944 2648 4022 psalmi
2679 3940 3107 4004 enarraticines
3129 3940 3596 4022 descripsimus,
3618 3945 3681 3998 et

262 4023 352 4084 ad
386 4023 742 4084 faciendum
775 4018 852 4084 de
883 4018 1140 4103 auctore
1173 4023 1542 4101 periculum,
1577 4018 2278 4084 exhibemus—Secundi
2306 4018 2616 4103 integram
2651 4023 3102 4101 expositionem
3137 4020 3484 4103 amisimus,
3543 4018 3679 4103 ejus

260 4109 425 4183 puto
458 4104 720 4174 incuria,
757 4103 858 4164 cui
889 4102 1154 4163 schedas
1174 4099 1432 4164 nostras
1465 4103 1835 4163 tradidimus
1863 4103 2341 4175 describendas;
2371 4099 2481 4164 Sed
2517 4099 2771 4181 quando
2803 4121 2928 4163 non
2964 4103 3079 4161 nisi
3111 4099 3676 4183 quoddampperis

264 4179 412 4261 ejus
442 4184 755 4262 specimen
785 4183 1032 4255 damus,
1067 4202 1291 4262 parum
1323 4183 1432 4244 illa
1463 4191 1573 4244 aut
1603 4183 1924 4262 proposito
1957 4191 2191 4254 nostro,
2225 4192 2335 4245 aut
2365 4179 2615 4244 lectoris
2645 4184 2851 4244 studio
2901 4183 3152 4260 jactura
3203 4179 3512 4262 "obfuerit.
3540 4181 3679 4262 Hoc

265 4259 430 4344 puto
460 4259 666 4342 ipsum
700 4259 1183 4324 internoscendo
1215 4264 1457 4324 auctori
1488 4259 1637 4326 satis
1669 4259 1786 4324 erit
1816 4264 2073 4324 eruditis
2102 4265 2273 4336 viris,
2308 4283 2509 4338 neque
2541 4263 2729 4344 enim,
2765 4263 2815 4322 si
2843 4259 3225 4344 Hieronymo
3269 4259 3675 4344 tribuendum

263 4339 377 4416 gn,
412 4339 503 4404 ex_
519 4344 618 4404 his
650 4363 791 4423 quae
822 4345 1128 4405 hactenus
1159 4343 1639 4424 disputavimus,
1671 4345 1978 4423 suspicari
2010 4344 2139 4404 ullo
2170 4350 2354 4422 pacto
2386 4345 2549 4424 licet.
2585 4343 2760 4414 Mihi,
2795 4341 2922 4424 nisi
2943 4341 3243 4424 audacior
3273 4346 3365 4424 est
3421 4339 3674 4419 conjec-

257 4431 436 4496 tura,
470 4422 766 4504 quammut
799 4425 979 4485 bonis
1010 4443 1209 4504 usque
1241 4422 1398 4485 adeo
1428 4422 1816 4504 argumentis
1847 4424 2172 4502 probetur,
2207 4425 2327 4502 ipsi
2357 4423 2632 4502 placeret
2662 4423 2932 4504 adscribi
2961 4422 3030 4504 S.
3060 4422 3674 4504 Columbano,quem

264 4523 470 4584 supra
491 4502 919 4579 laudavimus,
953 4502 1229 4584 primum
1261 4502 1632 4565 Luxoviensi
1663 4505 1876 4565 abbati
1903 4505 1966 4563 in
2000 4504 2388 4583 Burgundia,
2417 4505 2642 4564 deinde
2672 4503 2992 4584 Bobiensig
3020 4503 3082 4562 in
3147 4502 3672 4584 Mediolanensem

259 4582 718 4646 bibliothecam
751 4586 884 4664 ipse
911 4582 1290 4664 importatus
1321 4591 1415 4645 est
1444 4585 1620 4646 liber.
1655 4586 1805 4655 Quae
1837 4603 2040 4661 pauca
2062 4585 2126 4644 in
2147 4582 2384 4663 vulgus
2415 4584 2783 4662 prodierunt
2811 4583 2946 4662 ejus
2978 4582 3212 4661 ingenii
3245 4585 3674 4664 monumenta,

259 4667 573 4746 pleraque
603 4661 861 4726 enim—in
897 4661 1327 4746 bibliothecis,
1356 4671 1418 4725 et
1449 4666 1765 4744 praecipue
1796 4665 2179 4726 Floriacensi
2211 4661 2507 4725 dicuntur
2535 4665 2753 4737 latere,
2785 4661 3065 4746 ejusdem
3099 4669 3288 4740 atque
3346 4661 3446 4721 hic
3503 4675 3677 4746 com—

263 4741 616 4807 inentarius
648 4746 859 4806 salivae
892 4751 953 4806 et
983 4752 1203 4824 gustus
1232 4741 1526 4805 videntur
1554 4741 1720 4806 esse:
1757 4746 1977 4806 eadem
2008 4746 2196 4806 etiam
2227 4746 2693 4825 Scripturarum
2728 4744 3068 4822 expressio,
3101 4749 3410 4821 quantum
3434 4760 3475 4825 ge
3503 4741 3674 4800 loco-

263 4846 413 4888 rum
446 4826 782 4887 collatione
812 4821 1056 4906 aliquot
1087 4826 1301 4886 datum
1337 4831 1431 4886 est
1459 4826 1831 4902 intelligere.
1862 4827 2118 4886 Constat
2148 4845 2296 4887 vero
2327 4821 2467 4886 cum
2502 4826 2640 4887 aliis
2671 4821 3054 4906 auctoribus,
3092 4832 3224 4906 tu_m_
3258 4821 3576 4906 praecipue
3597 4839 3675 4879 ex

261 4905 620 4987 Sigeberto,
657 4925 798 4985 cap.
831 4901 938 4980 6οξ
968 4909 1032 4967 S.
1071 4907 1528 4968 Columbanum
1566 4901 1726 4967 tanta
1753 4907 2056 4987 sapientiae
2085 4907 2358 4967 thesauro
2386 4906 2665 4974 ditatum,
2728 4915 2795 4964 ut
2838 4903 3032 4987 adhuc
3086 4903 3409 4987 adolescens
3443 4901 3675 4987 librum

264 4983 648 5050 Psalmorum
677 4983 913 5048 etimato
942 5006 1204 5047 sermone
1230 4987 1507 5048 scriberet
1525 5007 1548 5047 ,ο
1579 5005 1652 5045 ex
1684 4983 2247 5064 quo—Trithemius,
2281 5006 2419 5065 cap.
2455 4989 2596 5058 223,
2632 4987 2780 5047 Cum
2810 4984 3022 5052 adhuc,
3056 4984 3280 5065 inquit,
3301 4983 3520 5062 junior
3533 4989 3681 5065 esset

259 5088 551 5147 magnum
579 5067 842 5148 studium
874 5068 1086 5127 litteris
1114 5069 1328 5128 sanctis
1341 5066 1656 5148 impendit.
1694 5063 1837 5126 adeo
1869 5077 1935 5125 ut
1965 5066 2225 5146 eleganti
2249 5063 2399 5147 ston
2427 5069 2727 5148 scripserit
2756 5067 2816 5124 in
2856 5074 3036 5125 totum
3092 5063 3450 5148 Psalterium
3511 5063 3681 5123 Com-

257 5143 690 5210 mentariorum
721 5147 940 5228 librum
973 5167 1173 5228 unum.
1208 5149 1304 5208 Ad
1336 5143 1474 5208 haec
1506 5147 1643 5226 ejus
1673 5166 1927 5228 quoque
1960 5143 2258 5228 temporis
2288 5143 2472 5220 ratio,
2497 5143 2708 5228 saeculi
2740 5143 3313 5228 nempcsextiead!
3346 5144 3443 5228 cuj
3457 5162 3536 5228 us
3584 5161 3680 5202 us-

257 5249 388 5310 que
421 5228 609 5289 finem
642 5231 706 5310 _S.
731 5227 942 5310 abbas
971 5227 1246 5310 devenit,
1281 5223 1554 5310 testibus
1576 5223 1992 5310 Fredrehario
2022 5223 2452 5310 in'Chronico,
2486 5233 2550 5287 et
2576 5226 2887 5310 Aimonio.
2924 5226 3028 5285 lib.
3066 5243 3134 5310 lii
3165 5225 3243 5310 de
3274 5223 3471 5284 Gestis
3493 5224 3679 5284 Fran-

263 5305 512 5381 corum,
546 5307 696 5368 satis
727 5309 886 5368 bene
917 5326 1060 5368 cum
1093 5309 1350 5388 reliquis
1383 5309 1722 5386 Scriptura:
1758 5308 1894 5385 ejus
1926 5308 2413 5369 circumstantiis
2459 5308 2794 5388 convenit:
2858 5307 3027 5366 locus
3080 5305 3352 5388 denique
3410 5322 3489 5388 ei;
3545 5321 3675 5380 quo

261 5390 481 5469 prodit
508 5388 663 5448 illud
695 5407 926 5466 nempe
958 5383 1430 5458 monasterium,
1465 5383 1632 5466 quod
1656 5383 1877 5467 ipseS.
1912 5388 2344 5449 Columbanus
2377 5388 2682 5455 fundavit,
2709 5387 2943 5469 diuque
2974 5387 3153 5469 rexit,
3215 5385 3296 5469 ad
3353 5383 3675 5469 conjectu:

260 5463 401 5531 ram
437 5469 740 5530 momenti
771 5463 1112 5547 plurimum
1146 5470 1338 5530 addit.
1374 5463 1581 5530 Nihilo
1616 5463 1826 5529 tamen
1861 5469 2064 5529 minus
2094 5487 2222 5529 non
2257 5487 2370 5547 pro
2403 5470 2587 5529 certis
2616 5467 2958 5528 constituta
3007 5467 3138 5526 haec
3193 5465 3505 5547 volumus,
3567 5463 3678 5524 sed

252 5549 480 5611 verum
509 5546 829 5611 auctorem
862 5550 1306 5621 internoscere,
1341 5550 1669 5611 doctorum
1705 5549 2059 5625 hominum,
2093 5551 2200 5626 qui
2231 5546 2368 5608 haue
2404 5549 2619 5608 lecturi
2651 5553 2818 5619 sunt,
2845 5547 3084 5625 judicio
3117 5546 3556 5627 permittimus.

1943 5739 2014 5752 -ο
