3980 6184
1473 313 1761 377 BBEVIA
1775 314 1975 377 RIUM
2014 314 2096 376 IN
2142 314 2535 378 PSALMOS.

309 458 481 509 ctum
504 450 1052 524 comprehensionis
1085 450 1269 526 ardua
1327 452 1499 521 atque
1554 448 1830 517 difﬁcilis,
1865 465 1963 503 cu-
1995 450 2051 516 Α
2080 449 2355 520 quoniam
2388 449 2530 517 vult,
2565 452 2664 522 qui
2698 451 2777 507 sit
2806 457 3059 511 sectator
3099 457 3474 527 perfectionis
3526 459 3722 531 expri-

305 543 503 600 stodia
533 544 550 578 ί
575 557 713 597 vero
744 540 951 608 facilis,
984 540 1125 595 Vitae
1178 548 1375 595 autem
1433 538 1581 594 ratio
1639 539 1708 593 ad
1755 537 1968 593 intelli-

316 632 577 705 gendum
622 647 829 703 prona,
852 635 918 684 et
947 644 1121 701 quam
1158 630 1179 663 ²
1210 627 1476 683 omnium
1517 626 1817 684 intellectu
1849 631 1969 682 tam

314 722 381 777 in
411 722 704 777 bonorum
736 718 1023 791 appetitu,
1050 734 1227 789 quam
1264 718 1323 772 in
1376 716 1667 772 malorum
1726 716 1866 787 fuga
1894 715 1973 770 vi-

318 810 530 867 deatur
556 808 842 881 exposita.
880 806 1173 862 Exhibitio
1200 822 1333 862 vero
1365 822 1479 862 non
1513 805 1706 877 operis
1738 821 1970 877 parum,

317 915 387 956 ac
418 898 658 967 laboris,
691 898 793 953 sed
826 912 1251 967 nonnunquam
1282 895 1412 950 vitae
1460 894 1669 950 merito
1700 895 1771 950 ad
1796 895 1971 950 fidem

316 990 519 1045 aditus
548 985 735 1059 aperit
761 987 804 1057 ³,
836 990 892 1041 et
923 1001 953 1041 e
999 985 1224 1041 diverso
1272 985 1345 1040 ad
1402 984 1716 1056 perfectam
1772 984 1972 1056 cogni-

317 1078 542 1134 tionem
575 1075 829 1148 peccatis
860 1074 1193 1139 obstruit‘;
1228 1090 1363 1129 nam
1403 1072 1583 1129 veluti
1615 1072 1973 1143 quibusdam

314 1165 577 1223 tenebris
635 1162 1091 1221 conversationis
1144 1166 1369 1218 certum
1424 1161 1763 1217 intercludit
1820 1162 1859 1231 ⁵,
1917 1165 1978 1217 et

302 1304 305 1307 .
332 1254 544 1325 purius
570 1253 821 1326 impedit
848 1268 1028 1308 unam
1059 1251 1212 1307 hanc
1241 1256 1467 1323 partem
1524 1251 1777 1307 maxime
1823 1252 1973 1307 Scri-

323 1349 509 1418 ptura
544 1342 753 1398 divinis
786 1341 1001 1414 Moysis
1032 1340 1310 1397 excolere.
1368 1341 1439 1396 Et
1492 1340 1622 1396 ideo
1680 1339 1855 1396 etiam
1912 1340 1974 1395 in

319 1430 596 1506 presenti
626 1428 854 1503 psalmo
886 1434 1020 1486 ante
1048 1431 1406 1486 documenta
1436 1428 1748 1501 disciplina
1776 1444 1975 1484 mora-

323 1521 403 1577 lis
430 1520 711 1577 indicitur
743 1539 756 1589 ;
786 1536 921 1575 nam
967 1519 1173 1576 abesse
1204 1537 1238 1576 a
1266 1520 1491 1592 pecteta
1546 1518 1661 1575 ﬁde
1690 1520 1712 1553 δ
1740 1534 1975 1574 morum

328 1610 493 1681 vitia,
518 1609 789 1682 Apostolo
816 1613 984 1676 teste,
1019 1610 1343 1676 discamus,
1396 1609 1498 1681 qui
1530 1609 1613 1664 ait
1670 1609 1740 1664 ad
1773 1608 1978 1663 Corin-

330 1700 489 1756 thios
522 1718 535 1754 :
566 1702 690 1755 Non
743 1701 896 1770 potui
942 1700 1091 1755 vobis
1149 1702 1299 1771 loqui
1355 1701 1515 1769 quasi
1565 1698 1975 1769 spirituatibus,

326 1789 601 1859 sedquasi
617 1788 958 1852 carnatibus,
998 1792 1159 1860 quasi
1214 1788 1462 1861 parvulis
1517 1790 1576 1843 in
1623 1787 1839 1846 Christo
1872 1806 1888 1841 :
1919 1791 1978 1842 et

327 1876 641 1949 subjungit
672 1894 685 1932 :
716 1878 1015 1932 cumenim
1066 1878 1180 1933 sint
1229 1878 1375 1934 inter
1435 1893 1546 1944 vos,
1607 1883 1742 1944 etc.,
1798 1892 1983 1953 nonne

329 1966 586 2022 carnales
630 1968 785 2033 estis,
847 1970 901 2021 et
955 1968 1262 2023 secundum
1330 1967 1603 2023 hominem
1689 1966 1984 2021 ambulans

331 2054 380 2126 (1
409 2053 533 2110 Cor.
569 2071 607 2121 ι,
643 2055 785 2126 1-2).
820 2071 953 2110 cum
981 2058 1307 2111 econtrario
1339 2054 1641 2113 Cornelius
1671 2056 1743 2111 ad
1804 2054 1981 2110 fidem

332 2143 435 2200 sit.
469 2185 482 2198 .
520 2185 533 2198 .
568 2184 582 2198 .
616 2144 751 2213 (Act.
783 2160 863 2215 x1,
895 2144 919 2199 4
946 2147 1109 2216 seq.).

346 2260 353 2266 ο
409 2233 613 2304 Itaque
637 2238 1059 2305 argumentum
1090 2238 1180 2289 est
1211 2236 1515 2306 prmsentis
1548 2238 1763 2308 psalmi
1798 2238 1986 2294 Domi-

336 2338 482 2379 num
512 2322 881 2391 deprecantis
910 2322 984 2377 ad
1018 2323 1401 2379 reserandum
1436 2325 1986 2393 intellectum,acee-

338 2413 498 2468 dere.
529 2410 672 2466 Etsi
707 2426 944 2468 necesse
975 2410 1151 2466 fuerit
1182 2428 1284 2483 pro
1307 2413 1768 2471 consideratione
1791 2420 1993 2472 nostra

339 2499 776 2558 occurrentium
808 2500 1008 2573 aliqua
1038 2499 1218 2556 latius
1271 2501 1583 2573 explicare,
1642 2520 1755 2560 non
1789 2504 1991 2560 oblivi-

344 2605 585 2646 scemur
623 2590 774 2661 ejus,
834 2606 1014 2662 quam
1072 2589 1455 2663 promisimus
1512 2591 1571 2646 in
1629 2592 1996 2661 Prmlatione,

347 2679 673 2735 brevitatis.
727 2678 833 2735 Hic
888 2680 1143 2735 maxime
1193 2680 1560 2737 servabimus
1614 2682 1675 2736 in
1728 2683 1997 2754 praesenti

352 2767 605 2840 psalmo,
629 2771 686 2824 et
716 2768 774 2823 in
803 2766 1043 2840 reliquis
1100 2768 1397 2835 omnibus,
1457 2776 1524 2825 ut
1569 2786 1800 2827 omnem
1835 2771 2000 2827 intel-

348 2856 573 2912 lectum
604 2856 665 2911 in
696 2872 993 2912 summam
1012 2856 1365 2930 redigentes,
1423 2859 1673 2915 strictim
1722 2862 1879 2932 quod
1909 2859 1996 2915 di-

349 2945 604 3001 cendum
636 2950 727 3001 est
757 2943 1116 3017 explicemus
1143 2962 1156 2999 :
1191 2946 1471 3018 quoniam
1505 2964 1621 3003 non
1669 2949 1837 3005 nobis
1869 2966 2001 3022 pro-

352 3033 614 3106 positum
646 3034 768 3090 est?
787 3033 965 3090 latius
987 3038 1197 3090 cuncta
1217 3035 1512 3108 prosequi,
1532 3037 1634 3093 sed
1657 3039 2000 3094 summatim

354 3122 648 3179 dictorum
682 3121 947 3179 omnium
978 3139 1191 3179 sensus
1246 3125 1553 3197 attingere,
1583 3130 1649 3181 ut
1706 3127 1891 3199 possit
1920 3127 2000 3183 le-

2077 554 2256 603 mere,
2287 539 2377 593 cui
2411 538 2588 594 etiam
2616 540 3048 598 beatitudinem
3104 545 3288 600 credit
3317 548 3424 602 rite
3481 564 3717 621 compe-

2078 631 2219 691 tere,
2251 626 2339 681 vel
2372 632 2608 699 pmpter
2658 629 2975 700 perfectam
3030 631 3103 687 de
3161 632 3381 691 Deitate
3425 636 3723 707 notitiam,

2078 722 2165 779 vel
2197 729 2433 797 propter
2452 725 2651 781 studia
2680 725 2810 781 vitaa-
2859 727 3140 784 melioris.
3201 730 3362 793 Quod
3419 749 3556 788 vero
3617 733 3720 805 ait,

2079 829 2188 867 non
2212 814 2372 881 abiit,
2400 829 2511 869 non
2540 816 2705 883 stetit,
2740 832 2850 871 non
2886 816 3049 883 sedit,
3110 818 3320 873 animai
3379 826 3575 877 motus
3605 837 3729 877 cor-

2082 901 2381 974 poralibus
2420 903 2617 975 signat
2664 904 2897 960 indiciis
2935 924 2947 962 :
2979 907 3260 978 quoniam
3317 924 3453 963 cum
3500 909 3726 981 aliquid

2084 998 2363 1054 molimur
2390 1001 2640 1070 efﬁcere,
2674 1002 2928 1073 primum
2987 1004 3061 1059 ad
3121 1005 3523 1078 arripiendum
3582 1022 3730 1079 opus

2084 1104 2498 1145 movemur.....
2532 1090 2745 1147 deinde
2797 1092 3198 1162 subsistimus,
3252 1096 3353 1150 ubi
3412 1113 3504 1152 res
3560 1097 3734 1169 coepit

2083 1193 2210 1232 esse
2240 1177 2300 1232 in
2328 1179 2606 1234 manibus
2640 1197 2652 1234 :
2689 1181 2755 1235 ad
2793 1181 3115 1237 sedendum
3150 1198 3283 1239 vero
3313 1186 3729 1254 convertimur,

2083 1266 2313 1338 negotio
2335 1268 2462 1337 jam
2495 1273 2697 1340 parato
2728 1270 2789 1325 ¹⁰.
2828 1270 2941 1326 Hoc
2967 1276 3209 1328 sanctus
3241 1274 3419 1329 David
3440 1275 3540 1345 ait,
3574 1276 3730 1348 quod

2083 1362 2181 1419 ille
2211 1381 2342 1421 vere
2374 1366 2579 1421 beatus
2611 1366 2709 1432 sit,
2742 1368 2841 1440 qui
2876 1385 3064 1441 neque
3094 1370 3307 1442 primis
3362 1372 3603 1443 quidem
3633 1388 3727 1429 ve-

2085 1453 2276 1525 stigiis
2308 1454 2623 1526 impietatis
2653 1458 3064 1530 cogitationem
3099 1459 3246 1515 adiit
3275 1459 3365 1516 vel
3424 1460 3730 1534 ingressus

2085 1548 2176 1599 est
2205 1560 2395 1616 neque
2423 1544 2695 1601 affectum
2750 1547 2908 1617 pravi
2966 1548 3278 1620 operis.....
3340 1550 3573 1622 reperit,
3631 1568 3731 1607 ne-

2088 1649 2200 1705 que
2230 1631 2350 1687 ulla
2379 1650 2477 1689 rea
2527 1633 2788 1689 irretitur
2848 1634 3015 1690 mala:
3070 1636 3399 1693 dilectionis
3437 1638 3733 1710 illecebra,

2088 1746 2219 1803 quae
2249 1730 2482 1785 nomine
2513 1731 2821 1801 cathedra,
2881 1738 2939 1789 et
2993 1734 3275 1790 sessionis
3333 1738 3609 1801 ostendit.
3669 1742 3735 1793 ut

2009 1822 2059 1887 B
2097 1836 2301 1877 eorum
2332 1820 2623 1876 consortio
2646 1822 3017 1894 jungeretur,
3075 1825 3175 1879 sed
3212 1828 3251 1860 ¹¹
3306 1824 3555 1881 aliorum
3590 1827 3733 1882 sim-

2091 1910 2407 1983 plicitatem
2481 1927 2701 1967 veneno
2761 1930 2881 1967 sua:
2942 1913 3242 1985 pravitatis
3300 1915 3589 1983 inﬁciunt,
3625 1916 3739 1973 Hos

2092 2001 2248 2055 enim
2277 2000 2616 2072 pestilentes
2645 2005 2810 2055 vocat
2839 2018 3091 2072 quorum
3146 2008 3235 2059 est
3264 2004 3435 2076 plane
3468 2006 3743 2061 morbosa

2094 2090 2450 2160 conjunctio.
2484 2090 2629 2145 Nam
2661 2090 2835 2145 etiam
2866 2089 3209 2161 pestilentia:
3269 2093 3571 2165 proprium
3631 2099 3740 2162 est,

2096 2188 2167 2243 ab
2199 2205 2315 2242 uno
2348 2188 2406 2243 in
2439 2187 2683 2242 alterum
2716 2189 3101 2256 transeundo,
3150 2189 3385 2246 inﬁcere
3417 2191 3739 2247 multorum

2098 2295 2341 2350 corpora
2371 2282 2547 2348 atque
2575 2276 2780 2331 vitiare
2808 2277 2925 2331 Non
2954 2276 3091 2333 abiit
3120 2293 3258 2350 ergo
3316 2278 3582 2351 dicendo,
3644 2296 3740 2336 as-

2101 2383 2311 2423 sensus
2353 2365 2770 2438 cogitationum
2831 2365 3074 2431 notavit,
3135 2367 3351 2438 quibus
3410 2369 3482 2423 ad
3539 2385 3750 2442 pravas

2103 2456 2510 2529 suggestiones
2540 2455 2825 2526 rapimur,
2855 2454 2915 2509 in
2942 2455 3158 2526 quibus
3210 2455 3451 2511 libuerit
3502 2456 3751 2530 implere

2106 2544 2408 2618 proprium
2447 2546 2509 2598 ¹².
2543 2542 2648 2610 Qui
2707 2560 2840 2599 vero
2898 2543 2998 2611 ait,
3054 2560 3164 2599 non
3218 2548 3413 2617 stetit,
3447 2561 3751 2619 nunquam

2108 2644 2164 2697 in
2198 2658 2371 2714 Opere
2396 2642 2607 2697 exiisse
2641 2640 2881 2707 indicat,
2902 2640 2959 2695 in
2993 2641 3149 2712 quod
3180 2643 3456 2715 cogitatio
3488 2643 3754 2701 animum

2108 2737 2501 2804 suggesserat,
2525 2731 2682 2798 quod
2713 2735 2906 2785 tamen
2940 2730 3255 2801 implemus
3313 2748 3447 2787 cum
3507 2732 3757 2789 delectat

2110 2821 2167 2875 in
2202 2820 2331 2875 aliis
2361 2820 2636 2891 operibus
2662 2820 2908 2891 gradum
2938 2818 3228 2890 figere.....
3278 2836 3343 2875 ac
3375 2822 3757 2893 saepiusresti

2112 2922 2371 2974 tare.Per
2399 2917 2688 2973 cathedrae
2722 2916 3108 2973 insessionem
3140 2915 3237 2972 ille
3265 2917 3757 2990 signatur,quiita

2113 3007 2455 3066 delectatur.
2487 3010 2543 3061 et
2573 3005 2886 3077 requiessit
2916 3004 2974 3059 in
3007 3003 3163 3061 mala
3210 3007 3662 3073 consuetudine,
3696 3013 3763 3063 ut

2115 3096 2359 3168 reliquis
2390 3094 2655 3166 ejusdem
2687 3094 2867 3150 studii
2899 3093 3242 3150 hominibus
3288 3094 3416 3151 sine
3447 3094 3566 3152 ullo
3597 3111 3757 3153 vere-

352 3212 541 3267 cturis
588 3211 969 3284 expositionis
1020 3212 1214 3284 prima
1264 3184 1442 3269 facies
1498 3215 1519 3248 ⁸
1550 3184 1826 3286 relucere,
1882 3215 1999 3272 illis
2030 3190 2073 3257 C
2112 3186 2335 3286 eundi?
2386 3187 2703 3286 m'scéatur
2757 3197 3025 3239 assensu“
3084 3184 3191 3248 Qm
3248 3200 3382 3240 vero
3440 3200 3758 3286 “9‘9”?

356 3298 761 3372 relinquentes
807 3299 1145 3356 occasiones
1202 3302 1446 3373 majoris
1500 3303 1920 3376 intelligentiae,
1950 3304 2003 3361 si

356 3389 653 3445 voluerint
683 3388 905 3461 aliquid
937 3389 1174 3460 addere,
1206 3407 1334 3463 quae
1372 3396 1568 3448 tamen
1618 3411 1653 3449 a
1705 3395 2009 3466 praemissa

353 3478 835 3551 interpretatione
888 3496 1001 3535 non
1059 3479 1390 3553 discrepent
1439 3499 1452 3549 ;
1514 3483 1627 3538 ista
1677 3484 1833 3539 enim
1888 3484 2007 3540 veri

354 3572 453 3624 est
481 3566 812 3623 intellectus
843 3568 1157 3641 perceptio,
1195 3573 1259 3624 ut
1289 3586 1393 3642 per
1422 3570 1678 3627 historiae
1710 3572 1885 3629 fidem
1925 3578 2008 3629 te-

356 3671 566 3712 norem
594 3655 973 3727 expositionis
1005 3661 1297 3729 aptemus,
1329 3664 1387 3715 et
1443 3660 1858 3717 concinnenter
1900 3663 1921 3697 9
1946 3676 2012 3717 ea

359 3761 496 3817 qua:
526 3744 775 3802 dicenda
807 3749 948 3801 sunt
975 3746 1369 3817 proferamus.

434 3834 645 3888 Beatus
674 3835 782 3899 vir,
802 3836 907 3904 qui
932 3849 1045 3890 non
1073 3834 1211 3891 abiit
1238 3838 1300 3890 in
1329 3838 1577 3906 consilio,
1617 3855 1805 3909 usque
1852 3838 2011 3909 sedit,

362 3921 666 3977 interdum
697 3922 999 3994 Scriptura
1028 3923 1228 3980 divina
1265 3924 1418 3980 inter
1471 3926 1721 3998 impium
1775 3932 1834 3983 et
1880 3943 2013 4000 pec.

366 4013 626 4065 catorem
676 4010 814 4066 facit
870 4011 1259 4067 differentiam
1294 4029 1306 4068 :
1341 4013 1591 4087 impium
1648 4032 1859 4072 vocans
1911 4017 2013 4074 Dei

362 4099 486 4154 veri
518 4099 788 4155 notitiam
841 4116 957 4155 non
1019 4101 1378 4171 habentem;
1436 4108 1803 4176 peccatorem
1857 4124 2011 4175 vero,

363 4186 598 4244 honesti
630 4189 891 4261 rectique
921 4191 1213 4247 tramitem
1264 4209 1378 4248 non
1438 4197 1735 4251 tenentem
1767 4212 1780 4250 :
1816 4200 2013 4253 tamen

365 4277 471 4331 ubi
528 4278 829 4333 communi
877 4279 1155 4335 vocabulo
1213 4286 1529 4354 utrumque
1585 4283 1894 4355 significet,
1952 4286 2014 4341 in

362 4366 637 4437 praesenti
709 4370 905 4422 tamen
972 4368 1202 4424 videtur
1269 4372 1455 4427 facere
1521 4372 2010 4430 distinctionem:

443 4473 457 4510 ί
488 4471 936 4551 Ομωᾴᾳωλὴίηο
965 4476 1521 4551 νθιξὶξειᾷβχοὶᾶθτίηι,
1571 4496 1822 4551 quorum
1855 4482 2013 4537 defe-

365 4544 791 4626 ctu'claudicat
817 4546 1228 4626 sensus.Nullo
1260 4555 1458 4606 autem
1481 4544 1713 4623 negotio
1744 4552 2019 4626 supplere
2046 4553 2094 4619 D
2125 4550 2274 4626 ﬁdei.

367 4614 702 4687 exgipgenio
733 4618 971 4687 poteris.

440 4685 463 4764 ξ
489 4684 595 4741 Pro
628 4684 856 4764 duabus
886 4688 1127 4757 voculis,
1161 4699 1210 4747 et
1241 4708 1426 4764 quam,
1460 4694 1613 4764 quod
1640 4694 2013 4752 manifestum

366 4761 459 4813 est
482 4758 788 4839 mendum,
819 4764 970 4816 recte
1019 4758 1316 4834 utcunque
1372 4758 1585 4837 legeris
1641 4782 1757 4821 uno
1817 4768 2009 4839 verbo,

364 4844 553 4901 aequa,
585 4837 687 4885 aut
714 4847 883 4901 aeque.
1996 4837 2001 4839 ⁷

438 4901 461 4987 ξ
486 4902 591 4956 Hic
617 4918 848 4987 quoque
877 4903 1470 4987 nonnihiljmpedita
1498 4906 1678 4963 series
1733 4908 2014 4987 orationis

366 4975 461 5028 est
491 4988 505 5034 ;
539 4973 639 5051 sed
673 4973 867 5051 multo,
908 4973 1291 5051 impeditior;
1322 4978 1639 5049 minusque
1674 4996 1839 5051 sana
1885 4980 2015 5051 ipsa

368 5044 659 5100 sententia
687 5044 971 5129 videatur,
992 5044 1089 5131 λεί.
1131 5048 1311 5130 proba
1367 5044 1575 5131 merito
1630 5050 1778 5121 vitai,
1836 5044 2013 5107 ﬁdem

366 5131 544 5187 posse
566 5118 904 5188 quempiam
938 5118 1179 5191 adipisci
1212 5121 1459 5175 censuit.
1765 5118 1773 5121 ’

374 5257 409 5267 η
441 5188 463 5220 δ
496 5186 936 5267 Rescripsimus
958 5191 1317 5267 conﬁdenter
1344 5192 1599 5267 obstruit,
1656 5210 1759 5265 pro
1793 5210 1908 5265 quo
1938 5194 2015 5250 vi-

368 5260 528 5334 tiose
554 5260 890 5334 apographo
922 5261 1225 5334 legebatur
1252 5263 1538 5319 abstinuit.

444 5329 465 5362 ⁵
495 5327 713 5402 Supple
740 5327 1035 5389 tramitem.
1072 5336 1135 5389 ln
1168 5334 1427 5405 reliquis,
1470 5340 1536 5391 ut
1566 5352 1774 5391 sensus
1806 5341 2013 5392 utcun-

373 5415 485 5481 que
512 5406 825 5481 constaret,
858 5405 958 5476 qui
992 5404 1189 5462 nullus
1219 5404 1389 5479 plane
1419 5413 1544 5462 erat
1573 5407 1631 5463 in
1677 5424 1812 5470 ms.,
1849 5426 2016 5481 repo-

371 5470 604 5553 suimus
635 5476 851 5545 purius,
873 5470 988 5553 pro
1021 5470 1271 5553 paritas,
1324 5485 1381 5534 et
1436 5496 1626 5553 unam,
1687 5496 1791 5553 pro
1822 5470 2013 5548 unum,

382 5494 604 5527 suunus
635 5494 851 5545 purius,
886 5494 988 5547 pro
1072 5494 1271 5544 uruas,
1324 5494 1381 5534 et
1437 5496 1626 5546 unam,
1687 5496 1791 5553 pro
1822 5497 2013 5548 unum,

382 5542 635 5623 denique
666 5561 782 5600 uno
812 5547 985 5623 verbo
1015 5494 1263 5623 lgcimus
1293 5551 1564 5617 excolere,
1590 5567 1701 5623 pro
1751 5567 1865 5622 quo
1896 5558 2021 5609 erat

373 5614 727 5696 duobushex
754 5618 961 5696 colore,
1017 5620 1162 5696 satis
1210 5624 1421 5696 supino
1468 5614 1796 5696 antiquarii
1826 5622 2016 5696 lapsu.

372 5684 539 5743 Haud
570 5687 712 5757 scio,
734 5705 876 5748 num
906 5684 1094 5765 pluris
1123 5684 1303 5751 fuerit
1328 5694 1528 5767 Augiie
1559 5684 1859 5751 stabulum
1888 5684 2021 5770 pur-

372 5770 531 5832 gare.

2114 3282 2360 3341 consilia
2388 3282 2604 3355 posuit,
2639 3286 3009 3354 peccatorum
3068 3296 3203 3337 vero
3260 3299 3456 3354 opera,
3488 3283 3653 3341 satis
3688 3283 3760 3340 ad

2115 3378 2433 3444 utrumque
2466 3371 2739 3444 reapexit,
2772 3370 3051 3443 impietas
3080 3370 3235 3428 enim
3275 3373 3348 3429 ad
3381 3373 3758 3444 agitationem

2118 3462 2333 3519 mentis
2362 3462 2696 3534 pertinet,et
2725 3467 2921 3517 motus
2940 3476 3055 3515 non
3086 3464 3237 3517 recte
3262 3460 3469 3519 anima
3500 3461 3760 3518 sentien-

2118 3553 2244 3609 tis:
2292 3555 2597 3623 peccatum
2646 3565 2780 3606 vero
2828 3549 2889 3605 in
2938 3565 3061 3606 rem
3114 3550 3266 3607 actio
3316 3552 3441 3622 jam
3489 3551 3763 3607 deducta.

2120 3650 2384 3706 Tertium
2415 3648 2571 3721 quod
2603 3648 2831 3704 addidit
2860 3648 3169 3720 utriusque
3200 3648 3245 3683 ¹³
3270 3648 3542 3720 subjecit,
3581 3663 3767 3721 quum

2120 3756 2238 3795 non
2268 3737 2463 3795 solum
2494 3737 2554 3792 hi
2586 3735 2926 3809 pestilentes
2953 3738 3428 3809 vocarentur,qui
3463 3735 3615 3793 male
3635 3752 3769 3793 sen-

2122 3828 2319 3883 tiendo
2350 3830 2738 3898 corrumpunt
2767 3825 3044 3899 reliquos,
3077 3832 3134 3883 et
3170 3826 3446 3884 societate
3476 3826 3767 3904 suaperi-

2124 3922 2296 3974 munt
2325 3933 2338 3971 :
2372 3933 2573 3972 verum
2605 3915 2781 3972 etiam
2814 3914 2902 3971 illi
2932 3915 3034 3988 qui
3063 3917 3197 3973 tabe
3236 3916 3515 3973 consortii
3544 3915 3766 3973 bonum

2123 4004 2581 4062 conversationis
2611 4020 2730 4059 suis
2764 4007 2915 4059 recte
2945 4003 3298 4076 infringunt.
3321 4004 3556 4070 'Quibus
3584 4002 3644 4057 in
3668 4008 3767 4059 to-

2123 4100 2250 4150 tum
2283 4110 2399 4149 non
2424 4091 2756 4159 admisceri,
2779 4095 2869 4146 est
2889 4091 3001 4147 sibi
3026 4091 3363 4163 “moptime
3384 4090 3767 4147 consulentis.

2124 4196 2192 4247 Et
2220 4192 2348 4248 ideo
2380 4190 2538 4245 hunc
2588 4189 2688 4260 qui
2738 4205 2841 4261 per
2904 4188 3104 4245 omnia
3150 4187 3493 4243 declinata
3546 4188 3766 4245 talibus

2124 4285 2360 4340 beatum
2393 4278 2696 4353 praesentis
2734 4277 2943 4349 psalmi
2976 4278 3145 4334 lectio
3203 4277 3483 4333 deﬁnivit.
3512 4277 3651 4342 κΟυί
3685 4279 3768 4335 ita

2124 4377 2289 4428 actus
2321 4386 2459 4425 suos
2489 4366 2907 4439 circumspicit,
2942 4370 3006 4421 ut
3026 4366 3203 4422 etiam
3235 4368 3308 4422 ab
3333 4366 3598 4423 “alienis
3620 4367 3776 4423 mala

2193 4480 2214 4513 ⁶
2244 4476 2463 4531 Vitiose
2528 4480 2652 4530 erat
2717 4474 2775 4528 in
2843 4473 3200 4546 apographo,
3270 4474 3454 4531 abesse
3504 4476 3770 4546 perfecta:

2196 4624 2214 4698 ἶ
2246 4618 2625 4698 f_lic_a_lteram
2652 4616 2901 4698 negandi
2920 4616 3279 4698 particulam
3308 4616 3668 4698 induximus.

2196 4694 2216 4727 ⁸
2250 4692 2380 4748 Erat
2408 4691 2467 4745 in
2502 4706 2611 4744 ms.
2646 4688 2878 4758 vitiose,
2906 4688 3049 4759 facie
3082 4706 3095 4756 ;
3130 4692 3187 4744 et
3245 4704 3399 4755 mox,
3458 4688 3771 4760 relinquen-

2124 4766 2289 4830 tibus,
2323 4779 2425 4835 pro
2454 4762 2849 4835 relinquentes.

2194 4839 2214 4871 θ
2247 4831 2513 4890 Fortasse
2541 4831 2853 4904 legendum
2886 4834 2975 4904 est
2994 4832 3299 4887 continent.

2195 4909 2238 4987 ξξδ
2266 4906 2553 4987 _S_uspicor
2579 4903 3047 4987 rescribendum.
3079 4906 3313 4987 peracto.

2195 4980 2236 5056 '1
2265 4972 2461 5056 Malim
2491 4976 2590 5046 qui
2621 4976 2982 5056 ιῑεξροοίιρτο
3013 4972 3127 5056 icit
3217 5044 3231 5056 .

2196 5052 2238 5085 ¹²
2268 5044 2516 5105 Videtur
2536 5044 2720 5102 multo
2754 5044 2970 5102 rectius
3028 5044 3341 5117 legendum
3394 5046 3763 5117 propositum.

2125 5124 2189 5179 In
2217 5117 2598 5191 subsequenti
2632 5118 2890 5191 proxime
2916 5116 3770 5191 versu’adverbiummunquam

2126 5210 2229 5267 pro
2260 5187 2446 5267 exesis
2460 5191 2534 5267 in
2569 5187 2763 5267 codice
2793 5187 3005 5267 litteris
3057 5187 3498 5245 substituimus.
3531 5188 3770 5259 Leviora

2126 5260 2391 5337 quaedam
2424 5261 2539 5317 alia
2560 5260 2727 5337 taciti
2758 5260 3135 5337 castigamus.

2202 5337 2243 5371 ¹³
2267 5340 2371 5389 Ms.
2434 5333 2699 5403 praeferre
2746 5332 3072 5402 videbatur,
3134 5334 3419 5403 utriusque
3452 5350 3466 5388 :
3498 5348 3635 5388 mox
3665 5345 3768 5402 pro

2126 5425 2311 5481 quam,
2348 5402 2547 5460 malim
2576 5402 2740 5475 quod,
2772 5408 2875 5459 aut
2905 5406 3165 5474 quoniam
3190 5422 3202 5473 ;
3234 5402 3486 5476 denique
3513 5419 3775 5463 vocaren-

2128 5489 2238 5547 tur,
2273 5494 2374 5547 pro
2403 5485 2709 5533 vocaretur.

2205 5544 2247 5587 ιι
2273 5544 2494 5621 supple
2525 5564 2629 5621 pro
2657 5563 2837 5603 vacuo
2869 5547 3080 5619 spatio,
3122 5548 3360 5605 hominis
3392 5564 3411 5609 ;
3439 5551 3543 5604 aut
3572 5544 3771 5619 animi,

2131 5627 2231 5683 aut
2260 5618 2639 5695 quid—simile.

2174 5696 2249 5733 “5
2274 5690 2477 5752 Deerat
2498 5692 2559 5751 in
2589 5706 2733 5749 mss.
2765 5690 2834 5750 ab
2864 5690 3217 5766 prepositio-
