3980 6184
290 303 423 363 867:

1784 304 2207 366 APPENDIX.

3584 306 3701 367 $8

290 433 701 492 sollicitatione
728 433 979 491 declinet
1012 452 1025 504 ;
1057 439 1115 492 et
1152 438 1401 509 veretur,
1436 454 1507 493 ne
1561 437 1767 495 alienis
1824 454 1943 494 ma-
1969 440 2024 505 Α
2055 436 2449 493 sustinebunt.
2482 435 2627 491 Nam
2659 436 2681 470 9
2710 435 2790 491 ita
2818 434 2928 491 erit
2968 448 3281 491 commune
3336 435 3549 492 anima:
3582 453 3709 493 cor-

290 524 438 581 culis
466 524 688 580 candor
716 541 862 580 suus
894 523 1236 598 puritasque
1290 526 1570 583 fuscetur.
1603 525 1889 592 Quoniam
1921 528 1935 561 ¹

287 614 580 671 tendendo
624 614 696 669 ad
748 613 1191 686 beatitudinem,
1225 632 1338 672 non
1397 616 1616 671 sufficit
1673 617 1939 672 recedere

285 706 520 759 tantum
551 720 585 758 a
616 701 804 758 malis:
839 701 1068 758 scilicet
1093 703 1267 759 etiam
1297 705 1450 760 bona
1481 706 1669 761 facere
1701 720 1939 760 necesse

287 797 395 848 est.
429 791 679 847 Inferius
709 794 791 848 ait
822 808 834 847 :
869 790 972 847 Sed
1000 794 1059 847 in
1092 792 1205 864 lege
1249 793 1470 848 Domini
1524 795 1634 863 fuit
1686 794 1940 850 voluntas

289 896 478 953 usque
508 880 618 948 die,
671 898 734 935 ac
787 890 958 937 nocte.
1015 881 1140 937 Non
1199 881 1413 951 solum,
1473 882 1687 955 inquit,
1740 883 1939 939 studet

290 969 583 1026 malorum
614 970 909 1026 consortia
977 969 1290 1044 declinare,
1332 988 1532 1027 verum
1591 971 1849 1035 assidua,
1881 975 1940 1027 et

281 1059 410 1131 jugi
446 1058 823 1115 meditatione
856 1057 1023 1133 legis,
1056 1059 1252 1127 discit,
1302 1060 1534 1133 qualem
1569 1078 1632 1117 se
1686 1061 1936 1117 formare

286 1148 613 1204 conveniat.
674 1148 744 1203 Et
799 1153 864 1203 ut
933 1149 1302 1206 fructuosum
1360 1150 1727 1220 hujusmodi,
1778 1152 1932 1222 quod

286 1237 698 1293 commendare
729 1236 940 1293 nititur
968 1239 1223 1309 praebeat
1251 1238 1514 1294 studium
1549 1257 1562 1295 :
1594 1238 1824 1294 inducit
1854 1239 1932 1294 si-

288 1325 705 1394 militudinem,
738 1343 841 1398 per
869 1342 1048 1398 quam
1080 1328 1287 1399 possit,
1337 1328 1576 1395 bonum,
1611 1331 1667 1383 et
1697 1328 1932 1385 beatum

286 1431 463 1487 quem
494 1415 516 1449 ³
544 1415 769 1483 dicunt,
804 1414 1148 1471 hominibus
1195 1416 1474 1474 relucere.
1529 1417 1593 1471 Et
1643 1417 1751 1471 erit
1792 1419 1936 1472 sicut

285 1505 497 1575 lignum
516 1504 657 1576 quod
692 1504 1016 1576 plumatum
1071 1508 1153 1559 est
1205 1520 1360 1562 secus
1407 1504 1685 1574 decursus,
1746 1522 1933 1577 usque

280 1594 766 1666 prosperabuntur.
802 1592 967 1648 Sicut
1006 1595 1199 1662 arbor,
1260 1593 1473 1665 inquit,
1508 1594 1599 1649 cui
1630 1594 1929 1651 virere.....

282 1687 495 1738 natura
523 1686 630 1750 est,
664 1682 841 1737 etiam
869 1681 982 1737 loci
1006 1684 1048 1753 ³,
1079 1683 1137 1737 in
1180 1699 1295 1754 quo
1326 1682 1587 1754 plantata
1634 1684 1829 1749 fuerit,
1856 1686 1935 1739 vi-

280 1771 548 1827 viﬁcatur
568 1769 868 1840 beneﬁcio,
903 1775 968 1825 ut
998 1772 1070 1825 ab
1085 1771 1355 1827 ariditate
1385 1772 1554 1843 aquis
1585 1773 1933 1829 defendatur

283 1858 541 1931 irriguis,
576 1863 750 1930 atque
781 1860 852 1914 ab
885 1858 977 1915 his
1009 1859 1212 1916 multis
1245 1861 1324 1916 sit
1356 1861 1643 1917 fructibus
1703 1861 1877 1934 plena
1908 1888 1924 1931 ;

284 1965 411 2020 quae
435 1964 624 2019 neque
646 1948 818 2016 aeris,
847 1965 1034 2020 neque
1074 1947 1204 2017 loci,
1244 1965 1428 2020 neque
1458 1950 1739 2024 temporis
1771 1951 1925 2023 inju-

283 2038 401 2093 rias
432 2036 628 2093 sentit.
663 2037 720 2091 Id
755 2037 911 2093 enim
942 2037 1182 2107 indicat,
1216 2040 1373 2110 quod
1404 2041 1673 2111 sequitur
1703 2040 1924 2097 dicens:

278 2128 343 2182 Ει
370 2127 559 2182 omnia
588 2114 925 2200 guaecunque
949 2129 1138 2199 faciet,
1178 2129 1661 2201 prosperabuntur
1692 2150 1712 2196 ;
1743 2131 1927 2186 omni-

278 2216 412 2283 bus,
443 2221 564 2270 tam
596 2221 875 2288 perpetuo
905 2218 1110 2286 virore,
1145 2234 1321 2289 quam
1380 2235 1687 2291 pomorum
1720 2237 1924 2276 nume-

281 2304 544 2375 rositate,
576 2306 909 2377 conspicua.
946 2307 1030 2361 Ita
1058 2321 1221 2379 aeque
1268 2307 1362 2364 ille
1394 2309 1505 2363 erit
1561 2309 1776 2376 clarus,
1825 2311 1926 2383 qui

281 2410 345 2449 se
375 2397 432 2449 et
462 2410 496 2449 a
519 2393 690 2449 malis
721 2395 1093 2466 abstinuerit,
1127 2401 1185 2451 et
1243 2396 1531 2452 bonorum
1590 2399 1921 2472 studiorum

281 2498 479 2538 amore
509 2481 1034 2555 devinxerit.quem
1066 2500 1172 2538 nec
1202 2483 1322 2539 ulla
1350 2490 1720 2557 peccatorum
1751 2504 1925 2559 opera
1976 2556 1983 2561 _

280 2569 595 2642 decipiant,
627 2574 686 2625 et
711 2571 1015 2627 meditatio
1048 2572 1324 2627 continua
1371 2572 1516 2646 legis
1547 2579 1803 2643 exornet,
1839 2594 1919 2632 ss.

276 2667 498 2714 aeterna:
527 2660 658 2715 ⁴.....
694 2660 810 2714 Non
837 2661 917 2715 sic
962 2661 1143 2732 impii,
1174 2678 1283 2716 non
1337 2664 1436 2730 sic,
1495 2662 1587 2718 sed
1634 2668 1918 2736 tanquam,

274 2763 483 2819 usque,
529 2762 569 2802 α
620 2748 764 2805 [acie
794 2750 973 2803 terrae.
1030 2749 1439 2820 Superioribus
1488 2749 1660 2806 dictis
1718 2768 1921 2808 omnes

278 2836 349 2891 ad
378 2836 612 2892 virtutis
645 2836 910 2891 studium
968 2839 1299 2909 provocavit
1332 2883 1345 2908 ,
1378 2839 1767 2911 praesentibus
1825 2841 1921 2896 de-

275 2929 454 2980 terret
484 2942 519 2980 a
545 2925 724 2994 vitiis,
758 2928 814 2981 et
830 2926 1265 2999 comparatione
1290 2928 1312 2960 ⁵
1359 2927 1615 2999 pulveris
1644 2930 1915 2985 ostendit.

276 3013 415 3084 quia
446 3018 604 3069 tanta
632 3014 711 3070 sit
758 3013 953 3070 vilitas
1009 3015 1348 3088 impiorum,
1409 3022 1466 3073 et
1522 3032 1697 3090 quam
1758 3018 1920 3092 digni

269 3101 467 3172 aliquo
497 3102 823 3159 aestimatur
849 3104 871 3138 ⁸
901 3120 1147 3160 assensu
1182 3121 1194 3161 :
1229 3109 1286 3161 et
1342 3107 1424 3161 ita
1482 3106 1653 3162 malis
1710 3118 1916 3179 super-

268 3190 639 3247 venientibus
671 3190 1052 3263 impellantur
1080 3192 1266 3276 facile,
1313 3212 1380 3250 ac
1429 3198 1584 3251 stare
1633 3213 1747 3251 non
1782 3214 1913 3269 pos-
1947 3185 1989 3246 C
2026 3193 2109 3249 cis
2139 3193 2265 3250 suis
2297 3193 2340 3229 ¹⁶
2388 3192 2690 3265 deputanti
2727 3209 2740 3247 ε

269 3280 409 3349 sint,
442 3283 509 3335 ut
538 3278 750 3352 pulvis,
791 3281 891 3354 qui
923 3298 1038 3354 prae
1067 3283 1352 3339 tenuitate
1408 3301 1516 3340 sua
1544 3302 1611 3341 ac
1660 3284 1912 3357 levitate,

267 3373 574 3426 ventorum
607 3368 843 3426 ﬂatibus
874 3370 989 3426 huc
1009 3370 1265 3443 illucque
1286 3373 1753 3446 dispergitur.....
1794 3375 1915 3431 Ideo

268 3473 382 3513 non
408 3463 701 3529 resurgant
731 3460 750 3493 ⁷
781 3461 961 3530 impii,
995 3476 1185 3531 usque
1203 3462 1500 3532 justorum.
1530 3462 1660 3518 Haec
1690 3464 1913 3529 dicens,

270 3563 384 3601 non
433 3546 919 3602 resurrectionem
977 3547 1175 3619 impiis
1232 3549 1502 3621 denegat,
1552 3551 1652 3622 qui
1712 3550 1915 3624 utique

270 3634 462 3690 sinon
494 3640 855 3706 resugerent,
905 3634 1297 3693 lucriﬁcarent
1353 3638 1550 3695 futura
1602 3640 1911 3712 supplicia,

267 3738 397 3793 quas
428 3721 669 3792 quidem
700 3738 815 3778 non
873 3722 1044 3779 aliter
1067 3723 1089 3757 ⁸
1134 3741 1250 3781 non
1281 3725 1535 3782 restituti
1568 3727 1627 3783 in
1676 3744 1914 3801 corpore

341 3846 360 3880 ¹
386 3843 782 3921 'Restituimus
811 3862 880 3902 ex
910 3846 1144 3921 ingenio
1174 3848 1591 3921 hic,Quoniam,
1619 3855 1676 3907 et
1707 3853 1765 3907 in
1798 3853 1913 3910 fine

265 3932 494 3996 versus,
528 3919 759 3985 tantum,
791 3933 896 3989 pro
922 3918 1139 3988 quibus
1195 3926 1466 3993 corrupte
1523 3918 1646 3978 erat
1684 3923 1743 3980 in
1774 3941 1912 3996 apo-

266 3988 513 4062 grapho,
544 4004 736 4060 quam,
764 3988 823 4045 et
854 3997 1058 4045 tamen.
1371 3988 1389 3993 “
1811 3988 1829 3996 ’

336 4060 754 4095 ιφηοίοηιςηηι.
804 4060 1006 4095 manu
1051 4060 1316 4095 ποιπηηοη.
1372 4063 1530 4095 "an...
1588 4070 1673 4095 Mi
1706 4083 1795 4095 η...
1852 4067 1866 4095 ε

388 4060 756 4130 Trajectione
804 4060 1012 4131 vitiosa
1051 4060 1317 4118 laborare
1372 4063 1532 4119 visus
1586 4070 1678 4122 est
1706 4083 1816 4123 ms.
1852 4067 1909 4122 in

265 4135 557 4205 quaerat,
591 4148 757 4204 quam
786 4132 1022 4205 beatum.

296 4202 303 4273 ξ
334 4204 357 4237 ³
386 4202 489 4257 Hic
520 4202 755 4281 quoque
786 4220 899 4259 non
932 4202 1330 4281 dubitavimus
1378 4206 1618 4281 refigere
1651 4208 1773 4281 loci,
1808 4223 1910 4281 pro

263 4289 380 4401 grue
411 4289 522 4329 ms.
576 4279 777 4330 centra
822 4275 1240 4347 prammaticas
1290 4275 1521 4350 regulas
1573 4275 1913 4351 praeferebat

285 4360 434 4403 acus.

332 4416 354 4450 ⁴
386 4417 470 4471 Ita
492 4416 945 4487 compendiariis
976 4417 1130 4474 notis
1160 4418 1268 4474 hoc
1301 4421 1492 4476 medio
1519 4438 1687 4477 versu
1723 4422 1779 4477 in
1814 4440 1907 4478 co-

261 4487 390 4565 dice
420 4487 705 4565 scriptum
738 4493 862 4544 est:
897 4493 1055 4565 puta,
1101 4491 1298 4565 salutis
1348 4496 1600 4565 aeternae,
1635 4494 1787 4565 quod
1821 4500 1910 4550 est

2052 527 2327 598 porisque
2357 524 2734 597 supplicium,
2767 523 2920 581 sicut
2965 523 3073 579 fuit
3128 528 3500 598 peccatorum
3532 542 3708 582 corn-

2050 614 2249 671 munis
2297 614 2579 670 admissio
2634 614 2770 669 10....
2828 611 2943 669 tale
3001 618 3182 670 est....
3233 615 3615 686 posuerimus
3642 616 3705 672 in

2050 704 2266 776 apertis
2297 703 2648 759 criminibus
2694 719 2858 760 mora
2886 703 2958 760 ad
3015 702 3439 775 inquirendum
3496 704 3704 761 nullas

2047 793 2344 861 adhibere,
2376 793 2476 848 sed
2506 793 2706 848 statim
2736 792 3243 848 condemnationis
3285 792 3437 848 ferre
3466 798 3705 849 senten-

2044 882 2209 937 tiam:
2242 881 2327 937 ita
2355 886 2412 936 et
2440 881 2605 953 impii
2627 881 2699 937 ad
2732 896 2963 953 poenam
2986 885 3357 953 resurgentes
3387 897 3508 937 non
3530 881 3700 938 illam

2045 969 2383 1026 dilationem
2416 970 2456 1004 ¹¹
2490 968 2947 1040 habebunt,quae
2979 968 3126 1025 solet
3145 968 3360 1041 judicii
3390 970 3447 1025 vi
3468 970 3529 1026 in
3544 986 3701 1042 que-

2046 1057 2340 1115 stionibus
2373 1058 2666 1115 admoveri
2700 1075 2713 1113 :
2742 1074 2890 1131 quos
2920 1058 3155 1131 gravius
3195 1074 3438 1114 manere
3466 1059 3699 1132 suppli-

2045 1148 2204 1203 cium
2232 1147 2457 1219 psalmo
2506 1148 2615 1203 hoc
2670 1146 2963 1203 indicatur
3019 1148 3149 1202 ¹²....
3209 1148 3283 1203 ad
3337 1147 3700 1204 sceleratum

2046 1237 2335 1293 sententia
2364 1236 2423 1292 in
2452 1235 2647 1292 locum
2678 1235 2906 1292 meritis
2937 1236 3061 1292 suis
3117 1235 3385 1292 debitum
3444 1241 3504 1293 et
3564 1235 3703 1292 ulti-

2046 1342 2207 1381 mum
2240 1325 2661 1382 contrudentur
2689 1325 3036 1381 exitium.Et
3065 1325 3192 1381 ideo
3224 1342 3339 1381 non
3360 1325 3512 1381 dixit
3532 1326 3703 1383 abso-

2043 1415 2190 1483 lute,
2224 1431 2332 1472 non
2362 1418 2648 1484 resurgent
2676 1418 2702 1467 .9
2725 1414 2825 1471 sed
2876 1413 3123 1482 addidit,
3152 1414 3212 1469 in
3259 1415 3480 1486 judicio
3513 1430 3528 1471 :
3563 1413 3703 1471 licet

2044 1522 2158 1560 non
2184 1508 2490 1577 resurgent
2520 1504 2593 1559 ad
2639 1502 3150 1569 examinationem,
3196 1503 3297 1560 sed
3355 1509 3698 1577 resurgent,

2042 1596 2109 1647 ut
2132 1592 2330 1648 statim
2361 1592 2711 1648 sententiam
2745 1592 3141 1648 damnationis
3170 1591 3488 1665 excipiant.
3521 1592 3601 1648 Et
3630 1610 3706 1649 ne

2042 1684 2188 1738 forte
2217 1698 2288 1738 ex
2315 1682 2615 1737 communi
2663 1680 3106 1737 resurrectionis
3163 1682 3399 1738 nomine
3428 1698 3700 1738 commu-

2044 1788 2178 1828 nem
2229 1771 2588 1828 aestimemus
2629 1770 2674 1807 ¹³
2732 1771 2906 1827 etiam
2963 1772 3223 1827 futuram
3280 1770 3698 1843 expulsionem

2037 1877 2165 1917 esse
2194 1865 2562 1927 cunctorum,
2594 1860 3030 1932 ostendit,quod
3053 1858 3113 1915 in
3144 1861 3352 1916 eodem
3383 1865 3695 1918 momento

2036 1948 2477 2004 resurrectionis
2535 1963 2752 2020 magna
2807 1947 3005 2004 futura
3086 1948 3165 2004 sit
3219 1947 3575 2020 differentia,
3632 1954 3699 2005 ut

2036 2035 2187 2092 alius
2218 2053 2321 2109 per
2348 2036 2514 2092 illum
2546 2037 2617 2092 ad
2649 2036 2930 2093 honorem
2952 2037 3326 2110 perducatur,
3360 2036 3515 2095 alius
3549 2039 3694 2095 mit-

2036 2131 2196 2182 tatur
2225 2127 2283 2182 in
2317 2143 2570 2198 poenam.
2605 2126 2729 2182 Erit
2771 2125 2929 2182 enim
2990 2126 3248 2198 pretiosa
3300 2125 3457 2196 aliis,
3516 2132 3582 2185 et
3610 2145 3696 2184 re-

2036 2214 2458 2282 munerabibis,
2485 2214 2617 2270 aliis
2647 2214 2862 2287 gravis,
2894 2219 3069 2286 atque
3125 2214 3428 2271 terribilis.
3466 2214 3576 2273 Vel
3609 2217 3697 2273 in-

2035 2309 2123 2360 ter
2156 2307 2197 2339 ¹⁴
2226 2309 2282 2360 et
2310 2304 2582 2377 impium,
2608 2309 2663 2360 et
2695 2308 3054 2376 peccatorem
3085 2304 3221 2360 fecit
3250 2304 3651 2362 differentiam
3675 2324 3689 2363 :

2034 2400 2091 2450 et
2118 2394 2333 2467 impios
2362 2394 2601 2466 quidem
2635 2394 2718 2449 ait
2747 2393 2805 2448 in
2828 2394 3124 2465 judicium
3173 2410 3288 2450 non
3347 2410 3685 2468 resurgere,

2032 2482 2090 2540 id
2121 2488 2228 2553 est,
2263 2487 2328 2539 ut
2356 2482 2628 2555 superius
2657 2482 2937 2552 diximus,
2961 2499 3077 2539 non
3109 2482 3168 2538 in
3200 2484 3690 2541 communicatio-

2034 2589 2166 2629 nem
2197 2572 2393 2628 venire
2436 2570 2755 2644 peccatoris
2782 2572 2825 2606 1⁵
2858 2589 2871 2627 :
2906 2571 3015 2627 bos
3073 2572 3132 2626 in
3189 2572 3432 2628 consilio
3486 2575 3689 2644 justo.

2031 2678 2186 2730 rum,
2221 2661 2329 2716 hoc
2360 2667 2468 2733 est,
2502 2665 2567 2715 ut
2591 2659 2756 2716 nulla
2784 2659 2900 2717 illis
2941 2661 3018 2716 sit
3048 2661 3106 2716 in
3145 2662 3450 2732 justorum
3484 2678 3683 2719 remu-

2031 2749 2329 2806 neratione
2359 2748 2713 2806 communio.
2753 2750 3083 2805 Tradentur
3141 2765 3278 2823 ergo
3336 2750 3518 2806 etiam
3566 2751 3682 2824 ipsi

2031 2837 2351 2911 suppliciis,
2383 2854 2499 2893 non
2557 2838 2712 2909 quod
2769 2854 2872 2910 per
2921 2841 3161 2909 peccata
3216 2836 3683 2896 excluduntura

2029 2927 2253 2999 primis,
2289 2942 2357 2981 ea
2386 2925 2513 2982 sine
2533 2926 2733 2993 dubio,
2767 2942 2892 2997 quae
2929 2931 3070 2982 sunt
3118 2943 3154 2982 a
3200 2926 3408 2999 primis
3441 2928 3679 2986 diversa

2028 3014 2397 3081 facientibus,
2429 3031 2488 3070 1n
2521 3014 2630 3070 hoc
2660 3015 2812 3070 enim
2856 3016 2965 3070 erit
3021 3015 3367 3085 differentia,
3402 3021 3469 3072 ut
3502 3017 3679 3091 impii

2028 3104 2264 3177 quidem
2297 3108 2609 3175 resurgant
2638 3120 2753 3159 non
2784 3102 3156 3173 discutiendi,
3215 3106 3316 3161 sed
3360 3106 3568 3162 statim
3600 3106 3681 3164 lo-

2800 3201 3130 3265 peccatores
3185 3210 3341 3263 vero,
3389 3199 3454 3250 ut
3509 3195 3679 3253 nulla

2016 3281 2199 3354 justis
2229 3280 2640 3338 communione
2659 3282 3004 3353 jungantur.
3039 3283 3154 3339 Hoc
3197 3287 3394 3339 autem
3422 3284 3678 3340 manife-

2024 3372 2177 3427 stius
2201 3388 2269 3426 ex
2299 3371 2413 3437 his,
2447 3387 2574 3442 quae
2599 3375 2947 3442 sequuntur,
2982 3372 3316 3427 ostenditur
3346 3389 3360 3428 :
3398 3372 3677 3441 Quoniam

2021 3462 2175 3516 novit
2206 3461 2469 3515 Dominus
2497 3461 2648 3514 viam
2664 3460 2963 3530 justorum,
2998 3459 3056 3515 id
3106 3463 3214 3530 est,
3244 3459 3530 3531 placitum
3561 3462 3676 3518 sibi

2024 3553 2080 3603 et
2109 3552 2412 3620 acceptum
2441 3562 2572 3604 esse
2611 3547 3099 3603 remunerationis
3156 3549 3495 3605 testimonio
3544 3567 3674 3622 per-

2024 3637 2253 3693 docebit
2286 3655 2298 3703 ;
2331 3640 2387 3691 et
2417 3638 2522 3692 iter
2561 3637 2858 3708 impiorum
2899 3635 3121 3707 peribit.
3154 3637 3285 3694 Ideo
3343 3638 3504 3694 enim
3556 3656 3671 3697 non

2024 3730 2339 3797 resurgunt
2369 3726 2439 3781 ad
2472 3725 2963 3782 examinationem
2988 3725 3178 3798 impii,
3230 3726 3368 3799 quia
3398 3728 3671 3784 omnium

2022 3850 2150 3906 dice
2178 3849 2465 3931 scriptum
2495 3852 2620 3906 erat
2637 3866 2795 3931 non:
2831 3867 2934 3931 pro
2994 3851 3158 3931 sicut_,_
3200 3854 3324 3931 erat
3350 3852 3464 3931 sed.
3500 3852 3669 3931 iliaca

2022 3921 2474 3978 amanuensium
2534 3921 2882 3977 certissimis
2963 3921 3194 3978 mendis
3249 3927 3451 3980 textus
3508 3923 3666 3980 labo-

2131 4010 2164 4047 a
2196 4035 2207 4048 .

2022 3993 3134 4138 ra11??Elegantissimarriexpositionem
3186 4063 3368 4138 Anitori
3416 4065 3665 4138 pristino

2021 4135 2252 4202 reddas,
2277 4134 2329 4189 si
2362 4151 2490 4205 quae
2549 4134 2889 4191 exciderunt
2940 4134 3059 4190 haec
3087 4135 3285 4206 verba,
3330 4134 3435 4192 aut
3466 4137 3560 4194 bis
3588 4139 3666 4194 si-

2021 4206 2183 4262 milia
2213 4206 2473 4262 sufﬁcias
2506 4222 2519 4261 :
2549 4207 2643 4262 sed
2671 4207 2780 4262 tale
2806 4209 2905 4276 est,
2951 4208 3004 4261 si
3020 4206 3274 4278 judicem
3294 4211 3663 4281 posuerimus,

2019 4286 2133 4432 cf?
2159 4347 2476 4432 .Manilesto
2507 4364 2700 4405 errore
2758 4349 3104 4431 dilectionem
3161 4350 3394 4432 praefert
3411 4367 3525 4408 ms.
3564 4368 3667 4425 pro

2020 4422 2357 4493 dilationem
2386 4437 2399 4488 ;
2436 4435 2570 4493 mox
2599 4436 2852 4493 quoque,
2886 4422 3096 4493 vispro
3123 4422 3197 4476 vi.

2093 4493 2135 4576 ιξ
2164 4488 2569 4576 supplendum
2599 4488 2849 4558 videtur,
2889 4488 3011 4546 scd'
3035 4494 3221 4548 statim
3271 4493 3668 4551 sceleratorum

262 4561 512 4617 fortasse
538 4552 838 4633 glossema
867 4552 940 4615 ab
967 4552 1069 4616 ora
1097 4562 1312 4617 codicis
1343 4563 1401 4618 in
1443 4552 1669 4620 textum
1696 4570 1913 4622 temere
1943 4552 1988 4616 D
2018 4552 2307 4619 sententia
2320 4566 2430 4633 etc.

262 4636 687 4779 In}?§latr?itl%tsrio
720 4701 1176 4779 mendo_legitur
1204 4704 1262 4758 in
1295 4705 1653 4778 apographo,
1702 4723 1911 4779 praepa—

256 4777 552 4849 rationem,
581 4792 685 4848 pro
712 4791 828 4849 quo
860 4774 1299 4849 substituimus,
1331 4774 1762 4849 comparatione.

329 4849 351 4880 ⁸
383 4846 1289 4922 Facile:assen_tiarrescribenti,
1347 4857 1407 4904 ut
1449 4846 1769 4920 nunquam,
1803 4867 1907 4922 pro

259 4917 638 4974 incommoda
665 4917 883 4974 codicis
914 4916 1183 4986 lectione,
1232 4920 1281 4975 et
1338 4936 1504 4992 quam
1536 4938 1555 4975 :
1590 4916 1713 4976 tum
1750 4916 1910 4977 aesti-

258 4992 500 5060 mentur,
532 5006 638 5060 pro
667 4992 1039 5047 aestimantur.

331 5060 350 5093 ⁷
382 5059 617 5130 Notum,
647 5066 887 5133 veteres
944 5061 1169 5133 aliquot
1225 5077 1359 5116 cum
1418 5062 1735 5129 versioncs,
1770 5079 1904 5118 cum

262 5131 701 5205 tractaturesin
732 5132 973 5188 instanti
998 5131 1230 5205 legisse,
1250 5137 1562 5203 resurgant.
1586 5134 1792 5190 Noster
1819 5139 1906 5189 ta-

260 5217 397 5275 men
431 5217 546 5257 non
577 5202 688 5258 sibi
722 5219 909 5275 usque
938 5202 1082 5261 adeo
1112 5208 1201 5260 est
1229 5202 1528 5271 constans,
1590 5210 1653 5261 ut
1685 5222 1818 5262 mox
1844 5206 1904 5261 in

259 5273 459 5348 futuro
486 5289 600 5348 non
633 5273 915 5348 praeferat,
949 5280 1261 5348 resurgent.

328 5345 348 5378 ⁸
382 5344 945 5420 Ηθοίἰυεδρυειεὼὶῐ
978 5344 1209 5419 sensus,
1264 5346 1313 5403 si
1371 5364 1539 5420 quam
1594 5347 1901 5415 rescribas,

258 5432 367 5488 pro
397 5431 509 5488 non
539 5416 849 5486 particula.

326 5488 461 5564 °_Ita
489 5486 682 5564 locum
714 5504 782 5544 ex
813 5489 1046 5564 ingenio
1077 5489 1339 5563 refigere,
1399 5490 1588 5564 coegit
1618 5491 1903 5547 orationis

257 5559 460 5634 series,
493 5563 813 5634 etsensus,
847 5559 957 5634 q'ui
983 5565 1153 5617 antea
1190 5559 1292 5634 aut
1348 5559 1550 5634 nullu's
1605 5566 1748 5630 erat,
1801 5566 1904 5618 aut

253 5630 427 5712 plane
449 5631 751 5707 scriptoris
780 5630 963 5690 menti
995 5633 1341 5690 contrarius.
1374 5633 1483 5691 Pro
1510 5650 1663 5709 nam,
1716 5633 1777 5691 in
1805 5650 1900 5697 co-

1734 5851 1753 5879 Ι

2092 4635 2135 4669 1³
2165 4634 2230 4688 In
2257 4632 2456 4688 codice
2484 4636 2609 4688 erat
2637 4632 2832 4690 hiulco
2862 4650 3062 4701 sensu,
3120 4636 3483 4703 aestimantes,
3518 4642 3580 4693 et
3608 4638 3668 4693 in

2019 4704 2405 4777 subsequenti
2464 4721 2659 4781 versu,
2716 4721 2860 4781 cum,
2919 4721 3023 4778 pro
3056 4707 3248 4781 _quod.
3311 4707 3490 4781 Paulo
3522 4725 3669 4781 quo-

2020 4794 2132 4849 que
2163 4774 2293 4849 post
2322 4791 2517 4849 vocem
2551 4774 2882 4848 differentia,
2914 4774 3117 4849 magis,
3136 4793 3314 4849 quam
3374 4779 3448 4834 ab
3477 4774 3669 4836 ex'esis

2018 4847 2078 4903 in
2111 4847 2222 4904 ms.
2254 4847 2484 4916 litteris,
2516 4862 2585 4902 ex
2615 4852 2888 4904 contextu
2920 4864 2986 4904 ac
3009 4847 3668 4908 serie—orationisexcu-

2019 4920 2234 4976 (limus.

2093 4993 2137 5026 ¹⁴
2162 4992 2269 5064 Pro
2300 4992 2462 5059 inter,
2494 4989 2697 5046 vocula
2725 4994 2993 5064 corrupte
3022 4995 3146 5047 erat
3171 4992 3228 5047 in
3262 5009 3373 5049 ms.
3398 4994 3569 5049 enim.

2092 5064 2136 5098 1⁵
2163 5063 2270 5117 Vix
2294 5064 2451 5118 dictu
2510 5066 2620 5133 est,
2670 5061 3261 5133 quibus‘fcedaretur
3315 5063 3410 5121 hic
3456 5081 3663 5122 versus

2024 5134 2277 5202 mendis,
2301 5150 2431 5206 quze
2459 5150 2528 5190 ex
2552 5132 2788 5207 ingenio
2819 5134 3108 5207 castigare
3139 5152 3377 5192 necesse
3410 5136 3662 5193 fuit.Pro

2013 5205 2590 5270 communicationem,
2608 5205 2734 5259 erat
2759 5205 2817 5260 in
2838 5205 3621 5265 mssiea‘communicationem
3640 5227 3665 5273 ;

2012 5285 2453 5351 peccatores,pro
2481 5278 2781 5351 peccatoris
2805 5278 3096 5351 {etquod
3129 5279 3431 5351 negotium
3464 5281 3661 5351 majus

2013 5346 2369 5474 incessebat,
2394 5346 2617 5420 absque
2646 5346 2767 5403 ulla
2796 5346 3408 5414 distinctionis'nota,
3442 5351 3524 5419 hi,
3556 5346 3658 5424 pro

2051 5435 2128 5474 os.

2051 5435 2128 5475 08.

2085 5492 2129 5527 ¹⁶
2160 5489 2331 5560 lllud,
2363 5493 2499 5560 suis,
2531 5491 2604 5546 ab
2630 5489 3110 5549 evanescentibus
3142 5493 3202 5549 in
3255 5492 3455 5551 codice
3508 5491 3657 5552 litte.

2012 5560 2093 5620 ris
2122 5562 2504 5638 conjectando
2534 5562 2897 5621 excudimus.
