3980 6184
177 284 308 364 869

1357 277 1859 342 BREVIARIUM
1905 278 1985 341 IN
2029 283 2418 352 PSALMOS.

3483 295 3606 358 870

173 418 291 473 via:
326 414 581 489 perfecta
610 410 710 468 Dei
742 409 947 468 notitia
979 410 1359 466 continentur
1395 429 1407 466 :
1443 416 1618 482 atque
1648 413 1720 467 ab
1754 413 1844 468 his
1872 418 1926 482 Α
1959 417 2196 488 vatoris,
2256 437 2458 476 verum
2517 423 2692 478 etiam
2751 423 3005 480 hmretici
3079 427 3335 484 caecitate
3389 430 3606 484 mentis

178 505 356 563 nulla
402 503 682 579 dilatione
712 501 1198 557 resurrectionem
1228 516 1432 555 eorum
1463 501 1738 564 conditio,
1784 506 1840 555 et

180 611 320 653 sors
351 593 530 664 digna
559 591 860 662 suscipiet.

683 733 811 786 PSA
821 729 1006 786 LMUS
1045 729 1353 785 TERTIUS

187 826 448 901 Psalmus
474 820 670 901 David,
699 836 824 875 cum
853 823 1062 901 lugeret
1090 835 1127 873 a
1154 819 1294 901 facie
1334 818 1566 901 Absalon
1595 819 1706 887 ﬁlii
1732 820 1839 900 sui.

262 894 521 952 Absalon
554 896 772 960 autem,
801 893 901 962 qui
934 893 1372 961 interpretatur,
1402 893 1578 960 patris
1594 906 1724 960 pax,
1760 893 1842 944 si-

267 967 508 1030 gniﬁcat
531 964 744 1019 Judam
780 962 1156 1030 proditorem,
1195 978 1228 1016 a
1258 961 1428 1030 cujus
1468 962 1611 1016 facie
1643 961 1842 1026 David,

267 967 508 1050 gniﬁcat
531 967 744 1046 Judoam
780 967 1156 1044 proditorem,
1195 978 1228 1016 a
1258 967 1428 1042 cujus
1468 967 1611 1042 facie
1643 967 1844 1041 David,

267 1040 344 1115 id,
376 1035 808 1115 eAst,__Christusz
839 1037 938 1115 Dei
968 1038 1177 1099 Virtus,
1212 1036 1269 1115 et
1300 1031 1400 1086 Dei
1432 1038 1718 1115 sapientia
1752 1048 1845 1115 ve-

266 1110 355 1165 lut
386 1103 567 1187 fugit,
614 1105 848 1187 quando
882 1104 1069 1187 illum,
1104 1108 1416 1187 postquam
1463 1103 1732 1187 diabolus
1789 1103 1847 1158 in

269 1198 366 1238 cor
394 1175 524 1251 ejus
554 1175 814 1243 intravit,
855 1175 1080 1231 occulto
1102 1175 1328 1246 judicio
1356 1175 1628 1230 deseruit.

268 1315 512 1379 Domine,
539 1311 672 1382 quid
713 1310 1076 1380 multiplicati
1113 1317 1262 1363 sunt.
1324 1311 1444 1362 Vox
1499 1307 1712 1364 Christi
1775 1307 1848 1361 ad

198 1406 427 1462 Patrem
459 1418 562 1474 pro
595 1397 1066 1472 persecutoribus
1105 1397 1252 1468 suis,
1281 1397 1389 1451 hoc
1421 1401 1528 1464 est,
1583 1395 1802 1452 Judaeis
1835 1413 1848 1450 :

195 1499 258 1548 et
287 1489 540 1547 Ecclesia
571 1505 674 1560 pro
734 1486 856 1559 [ms.
910 1487 1033 1558 per]
1089 1485 1377 1542 universis
1436 1485 1689 1540 inimicis
1730 1483 1854 1540 suis

201 1582 516 1639 Dominum
549 1577 891 1648 alloquitur.
919 1575 1021 1630 Hic
1044 1580 1239 1630 autem
1274 1575 1556 1630 Dominus
1588 1573 1855 1630 Christus

202 1673 410 1725 contra
432 1683 492 1722 se
510 1664 755 1738 populos
771 1663 1181 1733 excitatos,qui
1207 1663 1275 1718 ad
1300 1677 1397 1718 eos
1419 1666 1654 1716 venerat
1679 1677 1857 1716 causa

1953 508 2387 576 percutiuntur,
2423 511 2524 582 qui
2577 512 2852 567 dentibus
2883 513 3261 571 detractionis
3290 518 3606 573 corrodunt

1954 596 2131 651 verba
2159 599 2440 666 veritatis,
2478 601 2565 655 lta
2625 606 2682 656 et
2712 601 2900 657 Judaei
2929 604 3162 673 quando
3195 606 3466 662 dicebant
3500 625 3512 662 :
3547 608 3608 662 Si

1953 700 2052 738 rea:
2109 688 2285 741 Israel
2334 697 2428 753 est,
2489 689 2787 744 descendat
2840 690 2904 745 de
2960 707 3139 757 cruce,
3169 696 3220 746 et
3251 696 3526 750 credimus
3556 698 3610 752 ei

1952 774 2163 840 (Matth.
2216 793 2389 840 xxvu,
2452 779 2577 848 42);
2612 779 2834 834 inimici
2895 779 3151 836 nominis
3207 781 3416 838 Christi
3471 801 3608 839 con-

1957 862 2182 919 fusione
2219 866 2482 937 percussi
2509 880 2650 922 sunt
2682 885 2693 922 :
2725 869 2972 940 ideoque
3022 870 3251 925 contriti
3285 878 3442 937 sunt,
3471 875 3612 943 quia

1956 953 2261 1008 confestim
2293 963 2687 1026 cognoverunt
2717 975 2849 1012 eum
2885 959 3201 1014 resurrexsi
3232 976 3292 1015 se
3314 960 3371 1014 in
3402 961 3609 1032 gloria.

1959 1041 2181 1096 Domini
2234 1052 2311 1097 est
2365 1045 2534 1099 salus.
2569 1046 2803 1101 {Eterna
2833 1047 2990 1102 enim
3036 1047 3154 1103 vita
3186 1048 3436 1104 interimi
3496 1067 3610 1106 non

1961 1134 2169 1200 potest,
2204 1148 2306 1186 nec
2337 1133 2654 1190 Salvatoris
2701 1135 2863 1192 salus
2919 1136 3209 1193 ullatenus
3269 1141 3561 1210 amputari
3596 1160 3610 1209 ;

1961 1224 2018 1274 et
2051 1220 2178 1274 ideo
2213 1221 2516 1278 credentes
2546 1223 2605 1278 in
2635 1241 2767 1278 eum
2808 1226 3133 1280 benedictio
3165 1227 3430 1299 sequitur
3459 1246 3613 1286 sem-

1964 1308 2208 1378 piterna.

2432 1454 2670 1509 PSALM
2680 1456 2765 1510 US
2805 1456 3155 1521 QUARTUS.

1966 1557 2027 1611 In
2055 1559 2220 1626 ﬁnem
2253 1561 2311 1613 in
2339 1562 2684 1616 carminibus
2735 1564 2989 1619 Psalmus
3046 1566 3238 1620 David.
3301 1568 3404 1623 Hic
3455 1569 3614 1625 enim

2038 1629 2174 1684 finis
2205 1631 2615 1705 perfectionem
2651 1633 2963 1705 signiﬁcat,
3010 1653 3124 1691 non
3154 1641 3616 1696 consummatio-

2042 1717 2194 1776 nem.
2215 1702 2500 1776 APsalmus
2531 1704 2602 1776 ad
2625 1775 2635 1776 ί
2659 1702 2827 1776 opus,
2879 1707 3174 1763 canticum
3207 1726 3340 1765 vero
3371 1712 3620 1767 refertur

205 1756 562 1816 salvationis.
593 1754 864 1819 Dicendo,
891 1752 1293 1841 tribulantmc,
1327 1752 1856 1841 ostenditmagno-
1890 1778 1937 1841 Β
2039 1752 2908 1839 gagagggiggygf1,3333“;

205 1863 344 1921 pere
374 1845 692 1901 caecitatem
725 1841 958 1896 illorum
992 1857 1052 1895 se
1086 1840 1365 1907 doluisse,
1415 1839 1514 1911 qui
1547 1839 1860 1895 obstinatis

206 1936 512 1992 mentibus
541 1949 676 1989 eum
709 1934 1078 2003 respuerunt.
1113 1929 1272 1984 Multi
1297 1930 1503 1984 dicunt.
1539 1931 1598 1984 In
1630 1933 1859 1984 tantum

208 2025 381 2081 multi
411 2023 670 2087 fuerunt,
704 2025 770 2075 ut
799 2021 976 2076 etiam
1008 2021 1077 2074 de
1110 2035 1355 2074 numero
1381 2019 1718 2074 Judmorum
1750 2023 1866 2073 tra-

207 2115 366 2170 ditor
404 2112 584 2168 ludas
614 2109 731 2165 illis
763 2109 939 2165 fuerit
970 2113 1342 2181 aggregatus.
1402 2108 1572 2163 Multi
1626 2107 1815 2162 dicunt
1849 2125 1862 2162 :

210 2219 350 2259 nam
381 2217 516 2258 cum
548 2199 828 2272 repetitur
858 2201 979 2270 (ms.
1042 2197 1350 2269 reperitur)
1409 2197 1622 2268 sapius
1677 2198 1864 2262 multi,

211 2292 544 2350 ostenditur
590 2307 740 2344 saeva
801 2287 1192 2342 numerositas
1250 2286 1590 2358 impiorum.
1647 2286 1764 2341 Non
1791 2294 1870 2341 est

213 2382 387 2437 salus.
421 2380 538 2435 Hoc
570 2379 640 2434 ad
674 2377 802 2433 illas
834 2393 1002 2431 voces
1032 2377 1281 2447 pertinet
1307 2376 1644 2430 Judaeorum
1676 2375 1867 2430 dicen-

215 2471 366 2525 tium
427 2487 440 2524 :
499 2469 645 2523 Alios
697 2467 873 2522 salvos
901 2467 1051 2536 fecit,
1111 2481 1169 2519 se
1196 2467 1380 2533 ipsum
1419 2481 1529 2520 non
1555 2473 1726 2536 potest
1753 2465 1864 2518 sal-

214 2575 344 2614 vum
399 2560 585 2627 facere
637 2554 846 2626 (Matth.
908 2570 1084 2624 xxvn,
1117 2554 1227 2623 42).
1279 2553 1351 2607 Tu
1381 2561 1582 2619 autem,
1621 2554 1863 2608 Domine.

216 2647 477 2703 Verbum
538 2661 670 2700 caro
732 2645 974 2711 factum,
1029 2641 1290 2697 hominis
1349 2647 1437 2698 est
1466 2642 1779 2713 susceptio,
1813 2644 1870 2696 et

218 2735 486 2793 Ecclesiae
537 2751 550 2790 :
599 2738 952 2805 quaprOpter
1008 2748 1139 2787 caro
1197 2731 1337 2786 dicit
1392 2731 1638 2803 gloriam
1701 2747 1868 2786 suam

220 2831 281 2882 et
331 2824 736 2881 exaltationem
806 2822 1037 2894 capitis,
1110 2838 1286 2893 quam
1361 2821 1620 2892 suscepit
1677 2817 1870 2875 omni-

223 2920 432 2988 potens
509 2911 766 2968 Verbum
829 2929 842 2965 :
910 2913 1032 2967 Voce
1115 2927 1254 2964 mea.
1342 2909 1459 2964 Hoc
1543 2908 1872 2981 evangelica

222 3004 401 3060 verba
456 3000 772 3069 declarant,
837 2999 934 3054 ubi
993 3000 1076 3055 ait
1133 2999 1362 3054 Filius:
1413 3005 1575 3054 Pater
1627 2999 1873 3069 clari/ica

222 3094 429 3148 Filium
484 3100 640 3146 tuum
697 3090 874 3161 (Joan.
931 3105 1068 3159 xvn,
1122 3089 1196 3158 1),
1255 3093 1362 3143 etc.
1398 3089 1462 3142 Et
1501 3087 1779 3143 exaudivit
1811 3087 1876 3140 de

223 3190 407 3236 monte
437 3187 618 3235 sancto
646 3195 764 3243 suo,
823 3179 880 3232 id
914 3183 1023 3247 est,
1083 3177 1153 3232 de
1211 3175 1542 3230 Divinitatis
1599 3173 1875 3230 excellen-
1905 3144 1946 3210 C

225 3270 461 3325 tissime
493 3266 850 3333 summitate,
907 3265 1141 3338 quando
1173 3266 1254 3320 ait
1300 3283 1312 3320 :
1349 3266 1411 3319 Et
1464 3264 1788 3334 clariﬁcavi,
1827 3267 1879 3318 et

229 3361 435 3413 iterum
464 3357 781 3427 clarificabo
813 3357 987 3427 (Joan.
1037 3371 1137 3420 xu,
1170 3355 1280 3423 28).
1318 3355 1429 3426 Ego
1481 3353 1734 3407 dormivi.
1765 3351 1874 3406 Ve-

233 3446 322 3502 nit
351 3446 422 3500 ad
454 3445 772 3502 secundam
799 3447 1046 3515 partem,
1079 3443 1137 3496 in
1169 3459 1284 3513 qua
1316 3441 1790 3497 dormitationem
1822 3445 1879 3495 et

228 3535 659 3608 soporationcm
693 3531 1004 3605 passionis,
1047 3537 1103 3586 et
1149 3531 1630 3587 resurrectionem
1662 3529 1876 3586 Christi

223 3624 520 3696 exprimit,
553 3624 624 3678 de
653 3639 770 3693 qua
792 3622 915 3694 ipse
945 3619 1091 3676 dixit
1149 3637 1160 3674 :
1216 3622 1536 3675 Potestatem
1565 3619 1728 3675 habeo
1773 3635 1875 3690 po-

221 3711 394 3768 nendi
447 3713 696 3766 animam
751 3726 948 3778 meam,
1004 3713 1056 3764 et
1108 3713 1426 3780 potestatem
1481 3708 1648 3763 habeo
1677 3708 1875 3763 iterum

217 3800 480 3856 sumendi
507 3817 630 3856 eam
663 3801 842 3870 (Joan.
877 3816 932 3865 x,
971 3800 1079 3866 18).
1113 3803 1178 3852 Et
1237 3799 1364 3853 ideo
1415 3797 1684 3866 surrexit,
1739 3796 1878 3868 quia

218 3891 419 3945 divina
451 3889 711 3961 potentia
739 3888 1061 3942 humanam
1103 3889 1231 3957 ejus
1292 3898 1560 3942 naturam
1594 3886 1872 3957 suscepit.

218 3979 407 4033 Aliter
439 3996 451 4033 :
487 3976 769 4033 Dormivit
811 3975 1068 4032 Ecclesia
1100 3991 1200 4046 per
1230 3974 1630 4030 inﬁdelitatem
1669 3995 1682 4036 ς
1746 3991 1876 4028 sur-

222 4068 376 4122 rexit
397 4071 593 4122 autem
618 4082 720 4138 per
744 4065 1231 4120 illuminationem
1254 4063 1703 4118 ﬁdei.Dorrr_ivit
1722 4062 1877 4117 Chri-

219 4161 355 4212 stus
388 4155 444 4210 in
480 4161 665 4210 morte
697 4172 799 4226 per
852 4155 1210 4226 passionem,
1261 4153 1578 4209 resurrexit
1631 4171 1732 4225 per
1760 4152 1881 4225 glo-

221 4246 378 4300 riam
437 4243 904 4299 resurrectionis.
965 4249 1085 4300 Non
1141 4243 1338 4298 timebo
1395 4243 1597 4297 millia.
1654 4244 1712 4297 In
1746 4260 1878 4314 pas-

222 4334 393 4390 sione
414 4333 568 4388 enim
601 4332 910 4388 Salvatoris
935 4349 1147 4403 magna
1177 4348 1309 4386 eum
1335 4331 1529 4403 populi
1565 4332 1878 4388 multitudo

223 4422 638 4492 circumdedit,
670 4437 847 4492 quam
881 4421 1124 4476 minimc
1167 4421 1365 4476 timuit
1397 4438 1408 4475 :
1445 4420 1584 4492 quia
1615 4426 1746 4491 post
1775 4422 1877 4476 tri-

2046 1933 2179 1986 Cum
2211 1934 2554 1988 invocaremt
2587 1935 2772 1989 Mater
2803 1935 3059 1993 Ecclesia
3088 1939 3418 2010 gratulatur
3446 1959 3620 1998 exau-

1975 2020 2155 2075 ditam
2211 2038 2270 2076 se
2327 2038 2454 2076 esse
2504 2039 2537 2076 a
2569 2024 2944 2092 Deojustitiaa
2977 2043 3117 2092 suze,
3177 2044 3210 2082 a
3267 2045 3382 2100 quo
3423 2031 3470 2083 ei
3533 2036 3622 2086 est

1975 2125 2146 2164 omne
2178 2111 2331 2181 quod
2376 2111 2606 2179 justum
2667 2111 2840 2167 habet
2887 2118 2944 2169 et
2973 2119 3142 2184 recte,
3168 2116 3414 2186 justitiaz
3455 2133 3573 2173 suae
3609 2137 3622 2177 :

1976 2199 2113 2269 quia
2143 2203 2356 2253 sancta:
2389 2199 2691 2255 Trinitatis
2732 2202 3015 2258 unitatem
3049 2209 3104 2259 et
3135 2205 3621 2278 omnipotentiam

1976 2288 2307 2342 conﬁtetur.
2367 2288 2499 2352 Quae
2553 2305 2613 2344 se
2671 2289 2971 2346 dilatatam
3033 2309 3160 2348 esse
3191 2294 3351 2364 dicit,
3386 2297 3622 2366 quando

1976 2377 2336 2432 contessores
2368 2377 2534 2444 ﬁunt,
2569 2383 2624 2432 et
2657 2385 2940 2448 martyres
2991 2388 3366 2438 coronantur.
3399 2384 3577 2440 Aliter
3607 2403 3620 2441 :

1975 2465 2058 2518 Ab
2091 2466 2378 2537 angustiis
2399 2466 2647 2522 tristitiae
2673 2467 2727 2521 in
2755 2467 3123 2525 latitudinem
3153 2472 3502 2544 gaudiorum
3532 2491 3626 2531 me

1978 2553 2289 2609 adduxisti.
2353 2555 2608 2611 Miserere
2665 2560 2792 2612 mei.
2851 2558 2945 2614 Pia
3000 2565 3186 2615 mater
3227 2563 3626 2620 miserendum

1979 2659 2105 2697 esse
2138 2643 2364 2699 dicebat
2395 2644 2528 2710 sibi,
2553 2646 2599 2699 si
2634 2663 2736 2717 pro
2769 2646 2903 2702 ﬁliis
2939 2649 3241 2704 audiretur
3270 2653 3399 2723 ejus
3421 2654 3626 2708 oratio.

1978 2732 2109 2786 Filii
2138 2732 2429 2788 hominum
2455 2750 2750 2804 usquequo,
2783 2741 2890 2790 etc.
2949 2739 3150 2792 Merito
3210 2745 3411 2796 sancta
3441 2741 3630 2796 Eccle-

1981 2822 2070 2875 sia
2126 2838 2224 2875 eos
2283 2822 2503 2876 diutius
2563 2839 2765 2893 graves
2819 2825 2990 2880 corde
3045 2826 3225 2881 fuisse
3258 2829 3490 2891 fatetur,
3524 2830 3624 2901 qui

1982 2917 2113 2981 post
2140 2910 2394 2965 veritatis
2443 2912 2912 2981 praedicationem
2955 2915 3195 2970 adorare
3235 2918 3424 2988 magis
3474 2918 3629 2974 idola

1982 2998 2280 3070 elegerunt
2331 2999 2621 3066 falsitatis,
2691 3017 2816 3072 qua:
2877 3007 3016 3057 sunt
3046 3003 3271 3059 vanitas
3302 3011 3359 3060 et
3391 3008 3634 3061 menda-

1983 3087 2159 3141 cium.
2223 3089 2291 3141 Et
2349 3087 2552 3143 merito
2604 3087 2717 3144 tale
2775 3107 2985 3145 nomen
3045 3101 3449 3164 susceperunt,
3497 3095 3636 3166 quia

1986 3181 2188 3230 contra
2219 3176 2563 3247 dignitatem
2622 3178 2883 3234 veritatis
2934 3181 3106 3236 erecti
3139 3187 3298 3237 sunt.
3333 3184 3396 3237 Et
3425 3186 3631 3254 scitote,

1987 3265 2094 3320 hoc
2133 3269 2238 3335 est,
2273 3265 2510 3336 credite,
2544 3267 2681 3338 quia
2729 3267 3046 3333 Christum,
3083 3286 3254 3340 quem
3285 3271 3471 3326 Judaei
3502 3289 3634 3328 cru-

1987 3354 2312 3422 eiﬁxerunt,
2372 3359 2524 3410 Deus
2584 3361 2747 3428 pater
2805 3356 3134 3413 miriﬁeavit
3165 3359 3225 3414 in
3267 3363 3640 3418 resurrectio-

1987 3459 2076 3509 ne,
2109 3448 2166 3498 et
2196 3444 2556 3499 ascensione.
2613 3445 2680 3499 Et
2736 3445 2860 3512 ipse
2893 3444 3069 3501 Filius
3125 3449 3417 3504 exaudivit
3449 3451 3638 3506 Eccle-

1987 3532 2135 3586 siam
2171 3549 2361 3596 suam,
2421 3549 2773 3604 quocunque
2834 3534 2891 3587 in
2923 3539 3186 3607 tempore
3237 3537 3639 3595 clamaverunt

1989 3622 2060 3675 ad
2095 3637 2228 3675 eum
2293 3637 2304 3674 :
2366 3626 2420 3675 et
2482 3621 2711 3686 merito,
2746 3621 2883 3693 quia
2910 3622 3040 3695 ipsa
3071 3624 3304 3696 populis
3363 3626 3530 3683 illum
3566 3629 3636 3684 ad

1990 3709 2420 3764 miriﬁcandum
2499 3711 2851 3781 praedicavit.
2925 3713 3258 3772 lrascimini.
3332 3716 3642 3773 Praeteritis

1990 3798 2241 3869 peccatis
2295 3798 2464 3853 irasci
2522 3799 2768 3861 debetis,
2829 3805 2893 3855 ut
2951 3808 3295 3873 praesentem
3336 3805 3640 3877 nequitam

1990 3889 2243 3958 eﬁ'ugere
2274 3887 2514 3958 possitis
2549 3905 2561 3942 :
2597 3893 2772 3959 atque
2795 3889 2974 3944 nolite
3006 3891 3217 3946 iterum
3251 3892 3437 3948 facere
3464 3893 3638 3948 mala.

1989 3977 2460 4046 Compungimini,
2494 3976 2820 4032 deferentes
2873 3995 3080 4049 pravas
3137 3980 3519 4050 cogitationes
3549 3997 3643 4037 ve-

1991 4069 2165 4120 stras.
2199 4066 2527 4136 Antequam
2587 4065 2806 4121 scelera
2839 4068 3204 4137 perpetretis,
3257 4085 3382 4140 quae
3414 4085 3647 4141 semper

1987 4154 2265 4208 cordibus
2323 4153 2530 4209 vestris
2583 4154 2890 4210 involvitis.
2926 4155 3392 4226 Compungimini,
3423 4159 3496 4212 ad
3529 4175 3650 4230 prn-

1991 4243 2302 4297 nitcntiam
2356 4241 2640 4297 videlicet.
2693 4243 2849 4296 Idem
2900 4259 3054 4310 vero,
3100 4245 3254 4315 quod
3302 4263 3482 4318 supra
3523 4263 3646 4315 cor,

1991 4332 2085 4385 hic
2144 4329 2336 4385 cubile
2389 4329 2731 4384 nominavit.
2784 4325 3102 4400 Sacriﬁcale
3134 4350 3146 4387 :
3179 4332 3282 4388 Hic
3342 4334 3524 4391 altera
3555 4352 3646 4391 res

1992 4420 2270 4485 inchoat;
2302 4419 2358 4472 in
2393 4435 2508 4488 qua
2539 4417 2999 4474 clementissima
3030 4427 3217 4476 mater
3248 4423 3438 4490 docet,
3470 4429 3646 4496 atque

225 4513 418 4567 duum
471 4527 532 4566 se
593 4513 1055 4565 resurrecturum
1117 4497 1418 4580 przescivit.
1482 4509 1550 4563 Et
1597 4525 1730 4564 caro
1759 4511 1887 4580 ejus
1918 4516 1964 4579 Ι)
1998 4508 2140 4563 dicit
2174 4523 2185 4562 :
2224 4507 2532 4576 Sacriﬁcate
2568 4507 2899 4575 sacriﬁcium
2933 4502 3161 4574 iustitia:
3188 4529 3206 4562 :
3242 4509 3297 4563 id
3332 4514 3441 4577 est,
3492 4515 3647 4565 recte

226 4599 393 4655 salva
425 4599 574 4654 facta
605 4605 714 4655 est.
750 4598 1008 4653 Ecclesia
1069 4599 1139 4652 de
1185 4597 1410 4652 Christo
1467 4599 1708 4652 Domino
1757 4616 1886 4670 suo,

229 4689 344 4744 hoc
375 4693 703 4760 est,corpus
734 4686 907 4759 capiti
935 4704 1040 4743 suo
1073 4685 1466 4758 loquitur.lllo
1497 4687 1652 4742 enim
1693 4705 1886 4743 resur-

230 4781 427 4850 gente,
479 4776 608 4848 ipsa
664 4775 885 4832 salvata
941 4780 1048 4832 est.
1111 4776 1378 4843 Quoniam
1433 4781 1494 4831 tu
1550 4778 1887 4848 percussisti.

232 4867 363 4924 Non
419 4859 610 4921 solum
643 4866 1036 4934 adversantes,
1097 4865 1152 4920 id
1195 4868 1302 4933 est,
1338 4871 1736 4937 persecutores
1766 4865 1890 4922 Sal-

1997 4598 2189 4661 vivite,
2224 4599 2281 4650 et
2310 4595 2486 4650 corda
2513 4599 2705 4650 vestra
2735 4595 3023 4650 divinitati
3057 4598 3278 4652 munda
3307 4613 3539 4669 semper
3568 4599 3651 4653 of-

2000 4689 2160 4742 ferte.
2212 4685 2278 4739 Et
2333 4692 2542 4756 sperate
2615 4685 2677 4738 in
2734 4686 2980 4752 Domino,
3041 4690 3106 4740 ut
3169 4687 3348 4741 vitam
3435 4687 3648 4742 bonam

2001 4792 2135 4848 spes
2158 4773 2379 4830 felicior
2409 4773 2820 4845 subsequatur.
2854 4773 3017 4828 Multi
3046 4775 3222 4843 idem,
3251 4779 3360 4841 etc,
3395 4778 3504 4830 etc.

311 5043 455 5125 Hac
477 5043 549 5098 ad
584 5043 877 5125 specimen
912 5042 1106 5125 potius
1137 5043 1327 5125 operis
1359 5044 1729 5125 capiendum,
1763 5045 1915 5125 satis
1939 5043 2288 5125 abundeque
2322 5042 2555 5125 fuerint,
2593 5042 2702 5125 nisi
2737 5045 2793 5096 et
2823 5039 3002 5097 latius
3031 5041 3296 5125 fortasse,
3332 5060 3505 5125 quam
3551 5061 3655 5125 par

239 5121 391 5180 erat,
424 5113 718 5186 descripta
744 5113 1057 5170 incuriosis
1083 5113 1775 5171 hominibus'videantur.
1809 5117 1918 5172 Sed
1963 5122 2027 5170 ut
2056 5117 2126 5170 ad
2193 5113 2522 5186 “repositum
2584 5114 2835 5176 redeam,
2885 5114 3177 5170 coronidis
3208 5113 3364 5182 loco,
3387 5113 3651 5171 admoni-

242 5189 469 5240 tionem
500 5185 670 5240 istam
702 5203 818 5240 uno
849 5186 1040 5240 adhuc
1071 5186 1334 5240 exemnlo
1366 5185 1732 5240 concludam.
1762 5205 1830 5240 ex
1861 5205 1974 5240 ouo
2007 5134 2302 5240 intelﬁeas
2333 5201 2506 5240 uuam
2541 5187 2617 5239 sit
2652 5183 2921 5239 Breviarii
2962 5191 3164 5240 auctor
3192 5187 3465 5240 sublestae
3497 5188 3651 5240 ﬁdei.

2177 5205 2190 5241 l

242 5189 469 5243 tionem
500 5185 670 5240 istam
702 5203 818 5240 uno
844 5186 1040 5259 adhuc
1071 5186 1334 5259 exemplo
1366 5185 1732 5259 concludam,
1762 5205 1830 5242 ex
1861 5205 1974 5259 quo
2007 5187 2147 5242 intel

2198 5183 2302 5257 gas
2333 5201 2506 5256 quam
2541 5187 2617 5239 sit
2652 5183 2921 5257 Breviarii
2962 5191 3164 5241 auctor
3192 5187 3465 5242 sublestas
3497 5188 3654 5256 ﬁdei,

242 5259 348 5331 qui
380 5263 573 5331 et_pro
606 5257 934 5331 Augustino
967 5274 1029 5331 se
1058 5256 1371 5331 venditarit
1401 5258 1734 5329 aliquando,
1769 5265 1826 5314 et
1855 5256 2044 5330 ipsam
2077 5256 2564 5331 Augustinianam
2604 5256 2971 5331 Psalmornm
3004 5257 3424 5331 expositionem
3457 5275 3652 5331 perva-

245 5331 413 5387 serit.

500 5326 726 5401 otatuni
757 5329 864 5384 hoc
896 5329 1119 5400 pridem
1154 5326 1543 5386 Benedictini's
1573 5326 1921 5396 editoribus,
1953 5332 2012 5384 in
2045 5326 2230 5383 tribus
2263 5345 2404 5401 mss.
2439 5327 2736 5401 Vaticano,
2771 5326 3010 5395 scilicet,
3046 5326 3105 5401 et
3145 5329 3342 5401 Regio,
3375 5335 3433 5385 et
3457 5326 3656 5401 Claro-

247 5405 533 5472 montano
565 5399 798 5454 Patrum
835 5396 1479 5472 Dominicanorum,qui
1510 5402 1822 5472 Augustini
1845 5405 2128 5456 tractatus
2152 5401 2207 5454 in
2240 5399 2505 5472 Psalmos
2536 5396 3283 5472 continent,e_narrationein
3318 5418 3412 5456 xw
3444 5400 3655 5472 psalmi

247 5491 318 5529 ex
345 5471 622 5526 Breviarii
655 5478 910 5543 auctore,
943 5473 1037 5526 vix
1068 5472 1270 5543 paucis
1308 5469 1550 5527 mutatis
1594 5469 1808 5538 verbis,
1858 5472 2056 5528 haberi
2093 5472 2198 5526 hac
2229 5470 2367 5543 poni
2395 5469 2656 5540 proxime
2686 5475 2818 5524 ante
2849 5470 3108 5535 alteram,
3143 5488 3269 5543 qua:
3300 5469 3655 5543 vere—Augu-

249 5544 395 5603 stini
429 5547 538 5597 est.
575 5542 930 5616 Describitur
959 5541 1112 5616 vero,
1148 5548 1212 5597 ut
1241 5560 1418 5616 penes
1449 5544 1663 5599 falsum
1696 5544 2110 5616 Hieronymum
2142 5541 2411 5598 abinitio

2462 5559 2477 5622 ξ
2505 5544 2842 5624 ‘Oppprtune
2871 5543 3369 5624 quartusdecimus
3399 5545 3656 5624 Psalmus

251 5621 428 5678 lectus
457 5618 618 5685 est,ct
644 5615 948 5672 secundum
977 5614 1224 5671 ordinem
1241 5611 1322 5671 ita
1351 5621 1607 5688 evemt,et
1629 5621 1834 5672 caetera
1862 5611 1933 5674 ad
1959 5616 2135 5672 ﬁnem
2168 5611 2480 5688 usque,qui
2503 5611 3320 5688 hacinsuper'subscriptione
3353 5616 3656 5675 munitur:
