3980 6184
447 303 562 365 ΘΠ

1940 292 2366 358 APPENDIX.
3640 307 3720 368 ειη

451 435 696 508 Ezplicit
724 436 985 508 tractatus
1012 433 1225 490 Aurelii
1251 434 1546 508 Augustini
1571 432 1900 508 episcopi_de_
1924 432 2135 503 psalmo
2164 427 2386 508 x1v._Si
2421 428 2669 508 aliorum
2697 432 2979 508 veterum,
3005 499 3020 508 _
3038 428 3137 502 qui
3196 428 3252 483 in
3283 429 3511 487 Psalmos
3558 436 3639 490 seri

453 453 696 508 uzpucu
724 453 985 490 tractatus
1012 453 1223 490 aurem
1251 453 1543 505 A‘uguuzm
1571 453 1804 505 eplscopl
1834 453 1898 488 ae
1924 453 2135 503 psalmo
2166 453 2279 485 xw.
2333 453 2386 484 Di
2421 453 2669 484 auorum
2701 453 2979 494 veterum,
3038 453 3137 502 qu1
3196 453 3252 483 lu
3283 453 3511 487 rsaimos
3558 453 3639 490 scn
3670 454 3727 495 ae-

453 513 612 573 runt,
645 506 871 562 codices
904 522 1083 562 manu
1112 510 1378 561 exaratos
1408 504 1467 561 in
1505 510 1777 577 promptu
1810 504 2182 577 haberemus,
2217 499 2551 577 quinuparia
2579 499 2843 577 exempla
2873 499 3025 570 apud
3055 516 3154 556 eos
3183 509 3561 577 concurrerent,
3589 453 3727 565 nullus

3670 454 3728 495 86-

452 572 675 649 dubito,
708 583 810 634 aut
837 578 995 633 enim
1027 577 1294 633 omnium
1322 580 1458 633 ante
1491 572 1552 634 se
1582 572 1903 633 tractarnm
1933 574 2150 647 scripta
2181 572 2533 644 compilavit,
2567 577 2668 627 aut
2695 575 2849 628 certe
2878 588 3156 643 personas
3185 572 3368 629 induit
3397 572 3732 649 pseudbnymui

451 649 566 706 iste
596 648 874 705 Breviarii
904 653 1121 705 auctor.

456 821 3224 855 mm

3229 821 3736 861 Μ

1104 974 2121 1110 BREVIABIUM
2224 974 2388 1102 ΙΝ
2482 969 3314 1114 PSALMOS;

1935 1360 2375 1422 PROLOGUS.

517 1550 784 1608 Proxime
819 1566 953 1606 cum
986 1548 1249 1621 Origenis
1295 1546 1668 1617 Psalterium,
1703 1546 1860 1619 quod
1890 1545 2099 1601 Enchi-
2129 1546 2184 1613 Α
2213 1561 2341 1617 quae
2369 1542 2466 1600 ille
2496 1544 2793 1616 preteriit,
2856 1544 2959 1602 sed
3026 1545 3185 1616 quod
3216 1561 3284 1603 ea
3326 1560 3442 1616 qua
3468 1544 3519 1600 in
3546 1545 3677 1602 tomis
3691 1545 3740 1602 id

449 1642 642 1697 ridion
672 1639 770 1695 ille
799 1638 1063 1708 vocabat,
1098 1636 1317 1692 strictis
1347 1640 1405 1692 et
1437 1636 1783 1692 necessariis
1814 1636 2106 1706 interpre-

446 1729 770 1785 tationibus
826 1727 1194 1794 adnotatum,
1252 1725 1311 1779 in
1362 1741 1672 1780 commune
1723 1724 2104 1796 legeremus:

448 1817 627 1875 simul
658 1822 900 1887 uterque
932 1814 1436 1888 deprehendimus
1495 1812 1779 1869 nonnulla
1809 1829 1965 1881 eum,
2015 1810 2104 1867 vel

448 1904 859 1982 perstrinxisse
880 1904 1099 1975 leviter,
1118 1904 1206 1960 vel
1236 1904 1453 1959 intacta
1485 1902 1716 1975 penitus
1747 1902 2056 1973 reliquisse
2088 1918 2101 1956 :

450 1997 522 2052 de
552 1996 770 2068 quibus
802 1994 859 2048 in
891 1992 1005 2049 alio
1036 2008 1209 2065 opere
1254 1991 1539 2048 latissime
1570 1990 1914 2062 disputavit,
1948 1990 2101 2063 quod

448 2082 675 2140 scilicet
704 2099 818 2138 non
852 2085 1084 2155 putaret
1118 2096 1241 2136 rem
1300 2095 1577 2151 magnam
1621 2078 1780 2135 brevi
1833 2095 2104 2135 sermone

447 2172 815 2229 concludere.
850 2170 1036 2243 Igitur
1082 2187 1187 2242 pro
1219 2168 1615 2225 familiaritate
1654 2184 1781 2239 quae
1813 2168 1965 2224 inter
1996 2184 2102 2223 nos

446 2266 559 2331 est,
591 2261 861 2318 studiose
890 2264 949 2315 et
977 2258 1179 2315 sedule
1229 2258 1562 2330 postulasti,
1623 2264 1688 2312 ut
1743 2273 2103 2330 quaecunque

448 2350 593 2408 mihi
622 2349 801 2422 digna
830 2348 1113 2404 memoria
1142 2346 1470 2414 videantur,
1525 2345 1711 2417 signis
1741 2345 2101 2416 quibusdam

444 2440 641 2513 potius
672 2454 850 2510 quam
874 2434 1459 2509 interpretationibus
1482 2434 1924 2490 adnotarem.Et
1946 2433 2101 2505 quod

447 2527 640 2585 solent
666 2527 725 2583 hi
760 2527 966 2593 facere,
1024 2525 1123 2596 qui
1183 2524 1241 2579 in
1275 2522 1432 2579 brevi
1476 2522 1692 2578 tabella
1722 2526 2014 2578 terrarum
2045 2527 2101 2577 et

448 2616 685 2673 urbium
736 2615 887 2671 situs
935 2613 1207 2686 pingunt,
1260 2617 1317 2668 et
1361 2610 1681 2667 latissimas
1731 2611 1998 2683 regiones
2040 2611 2101 2666 in

449 2706 680 2762 modico
713 2703 902 2776 spatio
927 2706 1216 2757 conantur
1236 2700 1545 2757 ostendere
1580 2716 1592 2754 :
1627 2701 1712 2755 ita
1744 2700 1801 2755 in
1837 2699 2100 2755 Psalterii

449 2810 621 2869 opere
651 2791 961 2859 latissimo,
1021 2791 1188 2863 quasi
1222 2790 1556 2863 praeteriens
1588 2788 1785 2861 aliqua
1816 2788 2098 2860 perstrin-

446 2898 665 2955 gerem,
700 2886 767 2937 ut
795 2896 863 2937 ex
891 2879 1095 2953 paucis
1124 2896 1251 2951 qum
1290 2879 1637 2952 tetigissem,
1697 2878 2101 2950 intelligantur

446 2976 506 3027 et
563 2975 770 3027 caetera
817 2987 945 3043 quae
1001 2970 1219 3026 omissa
1275 2972 1436 3035 sunt,
1484 2983 1662 3040 quam
1691 2967 1810 3021 vim
1842 2966 2097 3023 habeant

446 3062 622 3133 atque
651 3059 961 3116 rationem.
994 3059 1120 3117 Non
1154 3059 1307 3130 quod
1338 3062 1540 3129 putem
1589 3073 1623 3112 a
1653 3072 1747 3112 me
1777 3072 1951 3128 posse
1980 3055 2094 3111 dici

517 3219 534 3252 ¹
591 3220 861 3291 Sumpta
900 3233 968 3291 ex
1023 3217 1254 3291 Origine
1312 3215 1673 3291 comparatio
1745 3220 2092 3291 est,‘quam

445 3290 697 3361 ipsemet
726 3286 798 3346 ab
832 3289 1067 3361 Hebraeo
1101 3286 1355 3361 quodam
1376 3286 1651 3361 didicisse
1677 3303 1739 3342 se
1766 3286 2089 3358 profitetur.

443 3359 673 3420 Placuit
726 3366 783 3418 et
838 3361 897 3417 S.
931 3359 1173 3417 Hilario.
1206 3359 1480 3415 Dicemus
1537 3360 1609 3415 de
1638 3375 1707 3414 ea
1736 3374 1845 3414 nos
1892 3363 2093 3429 postea

2212 1632 2472 1690 homiliis
2504 1634 2629 1706 ipse
2683 1634 2987 1705 disseruit,
3038 1633 3129 1690 vel
3163 1650 3269 1707 ego
3323 1633 3546 1690 arbitror
3568 1634 3741 1701 lectione,

2211 1722 2273 1778 in
2303 1722 2460 1777 hunc
2490 1728 2809 1794 angustum
2834 1721 3392 1780 Commentariolum
3421 1720 3741 1779 referam.Pul-

2213 1812 2425 1866 terium
2484 1811 2749 1869 Graecum
2807 1817 2915 1879 est,
2973 1816 3030 1867 et
3059 1812 3266 1869 Latine
3310 1828 3564 1885 organum
3587 1812 3739 1878 dicitur,

2214 1900 2369 1972 quod
2405 1900 2639 1955 Hebraei
2668 1918 2846 1957 NEBEL
2902 1905 3135 1957 vocant.
3197 1900 3455 1961 Psalmus
3496 1901 3674 1970 dicitur,
3703 1916 3740 1961 eo

2214 1990 2370 2061 quod
2404 2006 2440 2044 a
2465 1988 2750 2047 Psalterio
2782 2006 2995 2046 nomen
3026 1989 3363 2063 accepit,vel
3394 2006 3487 2063 pro
3515 1988 3738 2061 psallendo.

2213 2078 2487 2142 Quamvis
2519 2078 2697 2134 David
2741 2096 2945 2135 omnes
3001 2080 3267 2152 psalmos
3324 2083 3599 2145 cantasset,
3620 2082 3741 2133 tamen

2213 2183 2416 2223 omnes
2448 2166 2661 2239 psalmi
2694 2167 2753 2222 in
2784 2184 3036 2240 persona
3063 2167 3284 2224 Christi
3330 2167 3603 2241 pertinent,
3626 2170 3665 2221 et
3682 2166 3740 2235 qni

2212 2255 2545 2327 praelitulati
2607 2271 2735 2312 esse
2776 2273 2893 2312 non
2945 2256 3225 2312 videntur
3254 2256 3402 2328 apud
3430 2255 3742 2322 ΗΘΜ-κοιίλη

2213 2361 2328 2400 uno
2350 2345 2576 2417 psalmo
2608 2344 2917 2401 habentur.
2940 2345 3089 2401 Nam
3119 2360 3224 2417 per
3253 2344 3476 2401 titulum
3502 2341 3742 2413 intelligitur

2216 2432 2678 2506 uniuscujusque
2708 2433 2921 2506 psalmi
2949 2434 3309 2491 intellectus.
3334 2434 3471 2500 Quid
3498 2437 3574 2488 est
3594 2428 3741 2497 titulun,

2212 2522 2326 2578 nisi
2356 2522 2534 2578 clavis
2558 2522 2623 2576 1?
2652 2522 2726 2578 Ut
2752 2523 2835 2579 ita
2864 2522 3139 2591 dixerim,
3197 2524 3255 2578 in
3306 2524 3531 2581 domum
3573 2535 3658 2579 non
3693 2517 3743 2573 in-

2210 2610 2472 2682 greditur
2527 2611 2640 2666 nisi
2701 2627 2803 2683 per
2858 2610 3105 2683 clavem,
3168 2612 3247 2667 ita
3304 2616 3359 2667 et
3394 2610 3742 2679 uniuscujusque

2210 2698 2421 2770 psalmi
2453 2699 2781 2756 intellectus
2811 2717 2913 2772 per
2943 2699 3191 2766 clavem,
3214 2700 3323 2757 hoc
3348 2703 3451 2771 est,
3480 2714 3565 2771 per
3586 2694 3740 2752 tittilum

2207 2785 2573 2859 intelligitur,
2606 2788 2664 2843 in
2698 2789 2869 2858 cujus
2901 2805 3157 2860 persona
3182 2794 3466 2857 cantatur,
3492 2790 3576 2844 aut
3599 2786 3643 2840 in
3664 2796 3744 2853 pet-

2209 2892 2355 2931 sona
2383 2876 2622 2946 Christi,
2652 2881 2755 2932 aut
2788 2878 2845 2931 in
2879 2894 3135 2950 persona
3186 2877 3466 2945 Ecclesiae,
3493 2874 3641 2933 autin
3662 2884 3739 2944 pe:-

2203 2981 2348 3021 sona
2375 2964 2693 3037 prophetae.

2203 3216 2276 3271 ad
2317 3215 2741 3289 Praefationem_
2773 3214 3013 3289 alterius
3072 3218 3445 3289 Expositz‘onis
3470 3211 3740 3289 Ρδαὶῃιοναριι

2203 3304 2381 3358 quam
2412 3287 2615 3342 itidem
2670 3285 2814 3342 falso
2847 3286 3135 3343 tributam
3160 3282 3500 3361 Hieronymo
3526 3282 3743 3340 subnecte-

2206 3375 2361 3414 IDUS.

1089 3524 3742 3570 ξιτ-ΞΜ

1332 3699 1733 3788 PSALMI
1794 3700 2373 3789 INCIPIUNT
2432 3702 2965 3789 EDISSERI.

931 4008 1263 4067 PSALMUS
1302 4008 1594 4065 PRIMUS.

512 4123 540 4151 ‹‹
576 4101 788 4156 Beatus
818 4099 907 4155 vir
937 4099 1039 4171 qui
1097 4116 1213 4155 non
1272 4097 1416 4154 abiit
1471 4099 1530 4153 in
1590 4097 1831 4154 consilio
1889 4098 2094 4171 impio-

441 4205 595 4245 rum.
628 4212 655 4239 »
688 4187 936 4253 Quidam
997 4187 1202 4243 dicunt
1231 4186 1385 4243 hunc
1415 4185 1713 4259 psalmum
1744 4187 1912 4257 quasi
1947 4204 2092 4259 prae—

438 4276 721 4332 fationem
753 4293 881 4333 esse
912 4277 1168 4349 Spiritus
1201 4276 1411 4345 sancti,
1444 4279 1502 4332 et
1533 4274 1661 4331 ideo
1688 4273 1926 4330 titulum
1978 4292 2092 4331 non

437 4365 674 4421 habere.
705 4364 817 4420 Alii
850 4366 908 4420 in
938 4382 1004 4421 eo
1038 4366 1193 4438 quod
1227 4365 1453 4437 primus
1483 4364 1811 4432 sit,ordinis
1843 4366 1968 4421 suis
1989 4365 2091 4420 ha-

438 4455 578 4512 bere
607 4453 988 4527 principium,
1016 4460 1102 4511 .et
1130 4451 1473 4525 πλεονασμὸν
1519 4470 1649 4510 esse
1705 4452 1911 4509 vitium
1957 4471 2088 4510 eum

438 4543 697 4617 primum
730 4543 943 4609 dicere,
967 4548 1099 4600 ante
1131 4560 1305 4615 quem
1330 4541 1529 4599 nullus
1550 4542 1643 4598 sit.
1672 4542 1854 4598 Aliter
1887 4559 1899 4599 :
1924 4544 2091 4614 Apud

439 4635 729 4704 Hebraeos,
764 4636 823 4688 et
870 4632 1095 4705 primus
1154 4637 1213 4687 et
1266 4632 1561 4688 secundus
1620 4648 1775 4686 unus
1823 4635 1912 4687 est
1942 4630 2093 4704 psal-

436 4738 574 4780 mus
603 4722 849 4795 quodin
909 4720 1307 4794 apostolorum
1363 4736 1598 4792 quoque
1651 4720 1891 4775 Actibus
1929 4736 2092 4775 com-

436 4812 737 4885 probatur.
798 4810 1061 4883 Denique
1119 4810 1259 4882 quia
1314 4828 1348 4865 a
1403 4810 1767 4865 beatitudine
1817 4813 2088 4880 coeperat,

446 4901 506 4955 in
560 4900 923 4957 beatitudine
980 4898 1216 4969 desinit,
1258 4899 1506 4954 dicens:
1566 4899 1723 4953 Beati
1763 4912 1945 4954 omnes
1998 4899 2095 4969 qui

440 4990 727 5059 conﬁdunt
756 4991 817 5044 in
846 5005 974 5045 eum
1008 4990 1178 5061 (Psal.
1241 5006 1302 5055 II,
1355 4988 1464 5058 13).
1498 4985 1672 5043 Aliter
1705 5002 1718 5041 :
1753 4987 1960 5042 Beatus
1991 4986 2090 5058 qui

438 5094 554 5134 non
586 5078 878 5150 cogitavit,
914 5095 1029 5134 non
1063 5078 1216 5151 fecit,
1250 5094 1367 5133 non
1400 5076 1598 5132 docuit
1628 5075 1801 5131 mala.
1835 5074 2016 5131 Aliter
2074 5092 2086 5131 :

438 5170 649 5222 Beatus
678 5165 780 5239 qui
803 5182 917 5222 non
945 5170 1036 5222 est
1061 5166 1322 5234 Judaeus,
1356 5165 1612 5239 gentilis,
1641 5163 2091 5220 haereticusAli-

435 5259 527 5312 ter
561 5271 573 5309 :
608 5253 1024 5323 Tertullianus,
1086 5256 1144 5311 in
1203 5256 1351 5312 libro
1381 5255 1446 5311 de
1474 5254 1823 5327 Spectaculis,
1880 5253 2091 5310 asserit

2118 4013 2160 4078 C
2197 4009 2518 4067 ambulavit
2545 4036 2559 4079 ;
2591 4010 2699 4067 hoc
2731 4010 2947 4083 quippe
2978 4010 3343 4084 impossibile
3379 4013 3459 4066 est
3485 4024 3496 4062 :
3525 4004 3634 4077 quia
3655 3991 3736 4052 nul-

2202 4100 2296 4159 lus
2326 4101 2548 4173 absque
2570 4105 2825 4172 peccato,
2852 4116 2957 4155 nec
2990 4100 3039 4155 si
3071 4101 3251 4157 unius
3276 4100 3498 4175 quidem
3525 4094 3644 4150 hora
3666 4085 3737 4177 fut-

2204 4187 2279 4243 rit
2306 4189 2427 4243 vita
2456 4189 2605 4259 ejus.
2648 4187 2888 4243 Nullum
2920 4189 3048 4245 sine
3088 4195 3324 4261 peccato
3372 4186 3500 4243 dicit
3527 4202 3538 4239 :
3565 4177 3641 4235 sed
3667 4194 3682 4222 ι
3704 4183 3738 4222 ιη

2201 4276 2295 4332 via
2324 4281 2695 4348 peccatorum
2729 4294 2844 4333 non
2899 4278 3098 4348 stetit,
3134 4278 3245 4334 hoc
3274 4283 3379 4345 est,
3434 4272 3522 4347 qui
3548 4282 3637 4324 non
3659 4273 3738 4333 Pa"

2203 4366 2484 4421 severavit
2510 4365 2567 4420 in
2602 4363 2835 4437 delicto,
2871 4366 2971 4422 sed
3032 4382 3135 4439 per
3174 4363 3548 4439 paenitentiam
3592 4352 3646 4444 ad
3668 4360 3738 4444 Ψ·

2202 4453 2347 4509 liora
2394 4470 2710 4510 conversus
2755 4459 2868 4511 est.
2919 4477 2947 4505 «
2998 4459 3065 4510 Et
3109 4456 3170 4511 in
3200 4453 3461 4511 cathedra
3487 4440 3736 4521 pestilentis

2202 4560 2316 4598 non
2350 4543 2517 4598 sedit.
2554 4566 2581 4593 ››
2614 4543 2722 4600 Pro
2753 4543 3163 4616 pestilentibus
3194 4544 3253 4600 in
3284 4543 3502 4599 Hebraeo
3539 4532 3737 4589 dcimam

2201 4631 2396 4700 habet,
2430 4633 2586 4703 quod
2627 4630 2849 4688 scilicet
2904 4649 3108 4689 omnes
3166 4630 3471 4705 discipulos
3520 4621 3738 4707 perverﬂl’

2203 4721 2404 4776 doctor
2434 4719 2660 4776 illudat.
2696 4721 2858 4777 Unde
2902 4721 3188 4787 Jeremias
3236 4738 3251 4776 :
3306 4720 3418 4777 Non
3454 4713 3568 4779 sedi,
3608 4705 3737 4768 ait,“

2201 4810 2438 4867 concilio
2468 4810 2779 4865 ludentium
2808 4812 3024 4881 (Jerem.
3057 4828 3148 4882 xv,
3178 4812 3287 4882 17).
3594 4884 3628 4891 _
3653 4878 3662 4891 .

2277 4921 2305 4948 «
2335 4899 2447 4954 Sed
2504 4898 2565 4953 in
2622 4896 2750 4971 lege
2809 4898 3043 4955 Domini
3074 4899 3341 4956 voluntas
3384 4895 3519 4967 ejus,
3545 4907 3567 4941 ο

2200 4988 2315 5042 duo
2374 4986 2590 5053 retulit,
2652 4966 2716 5041 ut
2765 4987 2979 5043 habeat
3031 4966 3419 5053 voluntatem,
3453 4985 3504 5037 et
3530 4966 3733 5055 voluntati

2193 5077 2409 5149 jungat
2434 5080 2491 5131 et
2513 5046 2797 5133 studium.
2831 5099 2858 5126 ‹‹
2892 5077 2960 5131 Et
2988 5079 3047 5132 in
3080 5078 3195 5147 lege
3218 5076 3334 5148 ejus
3371 5046 3665 5149 meditabitur
3682 5046 3738 5103 ἄν

2198 5181 2261 5220 ac
2284 5147 2455 5220 nocte.
2491 5185 2519 5215 ››
2550 5163 2845 5221 Meditatio
2878 5164 3023 5237 legis
3053 5171 3161 5235 est,
3194 5147 3306 5221 non
3330 5160 3499 5220 solum
3523 5155 3571 5209 in
3596 5147 3731 5237 ιθεως

2199 5253 2290 5309 dis
2320 5253 2659 5325 Scripturis,
2691 5253 2792 5309 sed
2837 5222 3012 5309 etiam
3062 5255 3121 5310 in
3149 5222 3243 5310 his
3280 5268 3399 5325 qua
3426 5244 3619 5325 Scripta,
3642 5222 3732 5325 ﬁt“?

3667 4878 3734 4931 bus

439 5345 595 5401 hunc
624 5343 922 5442 psalmum
954 5313 1022 5400 et,
1049 5345 1121 5400 de
1167 5344 1385 5418 Josepb
1450 5313 1621 5417 posse
1679 5313 1929 5414 intelligi
1988 5342 2087 5415 qui
2123 5377 2168 5442 Β
2199 5313 2482 5441 faciendo.
2512 5313 2721 5441 Justus
2748 5340 2947 5414 igitur,
3001 5342 3120 5400 sive
3149 5313 3441 5403 nanducet,
3470 5313 3730 5442 sive-Eii?

437 5449 652 5507 corpus
682 5430 915 5489 Domini
946 5433 1228 5506 sepelivit,
1252 5440 1309 5489 et
1328 5435 1398 5490 de
1420 5434 1513 5490 his
1535 5433 1636 5506 qui
1667 5433 1738 5489 ad
1763 5433 2094 5505 spectacula

434 5522 703 5598 gentium
736 5538 855 5578 non
886 5524 1257 5579 conveniunt.
1290 5545 1319 5575 «
1353 5524 1423 5579 Et
1460 5522 1520 5578 in
1575 5523 1669 5579 via
1716 5526 2089 5595 peccatorum

434 5610 772 5679 nonstetit.
801 5610 987 5669 nsNon
1019 5611 1188 5682 dixit,
1243 5616 1301 5670 et
1328 5612 1389 5668 in
1427 5611 1521 5668 via
1549 5618 1922 5684 peccatorum
1970 5624 2088 5666 non

2204 5431 2322 5487 sive
2378 5431 2649 5499 dormiat,
2706 5430 2768 5486 in
2800 5432 3038 5488 nomine
3070 5431 3301 5489 Domini
3341 5423 3515 5486 omnia
3557 5406 3725 5471 facian”:

2203 5520 2522 5576 meditatur
2549 5519 2738 5592 legem
2771 5520 2899 5591 ejus
2925 5521 3019 5578 die
3048 5538 3117 5578 ac
3145 5524 3323 5579 nocte.

2196 5672 2205 5677 _
2270 5632 2299 5661 ‹‹
2320 5609 2393 5667 Et
2420 5608 2531 5667 erit
2560 5584 2840 5682 tanquam
2869 5608 3097 5684 lignum
3128 5610 3277 5685 quod
3305 5602 3584 5683 plantatum
3604 5584 3681 5650 θοι»
3704 5594 3719 5623 ⁸
