3980 6184
196 324 323 402 8‘13

1400 340 1894 400 BREVIARIUM
1946 340 2022 398 ιιι
2076 339 2448 401 PSALMt)S.

3494 346 3613 404 8'74

194 480 309 531 etc.
344 474 450 528 Pro
482 473 831 543 plantatum,
878 472 1359 538 transphmtatum.
1411 470 1619 541 Aquila
1653 474 1845 541 trans-
1876 471 1932 537 Α
1963 469 2254 541 dirigitur.
2292 469 2385 524 Sic
2418 476 2473 524 et
2501 470 2742 540 impius,
2776 471 2873 541 qui
2919 473 3096 526 semel
3130 474 3313 530 Deum
3367 491 3611 547 negave-

194 563 355 618 tulit.
408 560 655 633 Lignum
703 566 897 616 autem
941 560 1033 615 cui
1090 560 1176 613 vir
1215 560 1421 614 beatus
1459 564 1850 629 comparatur,

193 651 551 723 sapientiam
612 655 773 719 puto,
845 652 915 704 de
978 666 1095 719 qua
1150 653 1207 702 et
1255 649 1526 703 Solomon
1570 647 1849 717 loquitur.

192 743 440 809 Lignum
485 740 618 795 vitae
662 747 741 792 est
789 739 875 792 his
921 741 1018 808 qui
1057 742 1364 809 sequuntur
1391 754 1515 791 eam
1546 738 1728 803 (Prov.
1764 755 1849 802 Ill,

195 830 311 899 18).
356 826 651 899 Sapientia
700 832 896 881 autem
946 842 1049 897 per
1077 825 1420 897 Apostolum
1452 825 1718 880 Christus
1744 825 1850 899 ‘Dei

194 919 382 974 Filius
412 914 1054 971 declaratur.Christu1/i
1086 916 1187 977 ait,
1222 917 1320 971 Dei
1349 916 1628 978 virtutem,
1662 918 1714 968 et
1749 917 1861 983 Dei,

186 1008 538 1079 sapientiam
576 1006 623 1075 (Ι
650 1005 771 1059 Cor.
805 1006 847 1072 Ι,
879 1006 972 1073 24,
1005 1004 1113 1059 hoc
1143 1010 1250 1070 est,
1293 1004 1522 1059 Christo
1574 1003 1716 1057 Filio
1748 1003 1845 1058 Dei

189 1096 512 1152 conformis
542 1094 745 1165 utique
767 1093 955 1148 factus
972 1094 1201 1164 corpori
1224 1091 1419 1164 gloriae
1445 1093 1595 1159 eius.
1627 1114 1654 1143 ιι
1684 1092 1848 1156 Quod

189 1185 451 1239 fructum
484 1199 661 1237 suum
692 1181 854 1236 dabit
883 1182 942 1236 in
975 1187 1239 1253 tempore
1271 1198 1397 1236 suo.
1436 1203 1465 1230 »
1499 1182 1663 1235 Dabit
1688 1182 1847 1235 enim

193 1275 452 1328 fructum
480 1288 596 1325 non
627 1286 978 1341 quocunque
1009 1275 1292 1341 tempore,
1328 1271 1426 1326 sed
1460 1270 1796 1341 praesicripto
1832 1286 1844 1323 :

191 1363 298 1417 illo
327 1361 550 1416 scilicet
577 1377 712 1414 cum
767 1360 1008 1414 devictis
1067 1362 1455 1430 potestatibus
1507 1358 1847 1430 principati-

194 1453 425 1521 busque
453 1448 762 1504 tradiderit
792 1465 1037 1520 regnum
1074 1454 1185 1502 Deo
1224 1448 1397 1514 Patri,
1447 1448 1846 1523 conformatus

193 1525 450 1595 claritati
478 1538 738 1608 corporis
771 1537 883 1591 sui.
920 1538 1081 1601 Quod
1116 1543 1312 1591 autem
1344 1553 1407 1591 se
1437 1538 1703 1591 arborem
1737 1540 1844 1590 Do-

196 1630 401 1684 minus
431 1627 542 1681 diei
573 1626 777 1687 voluit,
801 1627 883 1681 ait
915 1642 928 1681 :
963 1628 1067 1680 Aut
1094 1627 1266 1694 facite
1292 1626 1539 1680 arborem
1575 1626 1777 1680 bonam
1794 1626 1847 1678 et

192 1715 449 1789 fructum
478 1719 600 1785 eius
633 1715 831 1771 bonum
879 1716 1088 1785 (Matth.
1123 1732 1224 1778 xu,
1266 1717 1377 1785 33').
1411 1715 1574 1777 Quod
1620 1713 1845 1786 lignum

193 1807 283 1863 ita
334 1805 522 1860 dixit:
558 1806 619 1859 Si
665 1807 725 1859 in
772 1805 943 1859 viridi
997 1803 1151 1873 tigno
1190 1805 1288 1859 hoc
1333 1806 1567 1873 faciunt,
1604 1805 1661 1859 in
1688 1802 1845 1857 arido

189 1898 289 1967 ﬁet
315 1896 469 1967 (Luc.
502 1909 665 1960 xxm,
697 1895 789 1947 31.

270 2026 291 2051 ι
325 1998 394 2057 Et
427 1998 627 2061 folium
678 2001 806 2071 ejus
851 2016 964 2054 non
998 1999 1244 2055 decidet.
1281 2023 1309 2049 »
1342 2001 1533 2055 Verba
1564 1999 1841 2054 doctrina;

192 2108 321 2163 quas
342 2091 415 2146 ad
437 2090 690 2146 salutem
711 2088 990 2160 gentibus
1012 2089 1513 2160 proﬁciuntjuxta
1533 2088 1676 2143 illud
1692 2091 1843 2159 Apo-

192 2179 445 2252 calypsis
478 2195 493 2232 :
526 2180 592 2234 Et
617 2177 761 2250 [otia
792 2179 937 2248 tigni
964 2179 1125 2248 hujus
1172 2180 1251 2233 ad
1277 2180 1576 2234 sanitatem
1602 2180 1846 2249 gentium

193 2269 378 2342 (Apoc.
409 2285 548 2339 χχιι,
573 2267 650 2339 2).
676 2290 703 2316 ‹‹
734 2266 1022 2322 Etomnia
1054 2283 1463 2339 queecunnque
1495 2266 1847 2338 fecerit,pro-

194 2359 609 2431 sperabuntur.
648 2380 676 2406 ››
704 2348 889 2412 Judzei
924 2356 1081 2412 hunc
1132 2356 1431 2412 Psalmum
1462 2356 1684 2411 dictum
1719 2372 1846 2412 esse
1894 2416 1897 2417 ν

192 2448 534 2504 existimant
561 2446 634 2501 de
661 2446 851 2502 Josia:
878 2446 1036 2516 quod
1073 2446 1236 2501 solus
1268 2446 1418 2501 inter
1448 2446 1724 2517 profanos
1759 2461 1844 2498 re~

194 2550 301 2610 ges
331 2552 446 2591 non
494 2535 702 2590 abierit
730 2536 789 2589 in
823 2534 1066 2589 consilio
1110 2534 1446 2605 impiorum,
1480 2535 1577 2589 sed
1611 2540 1848 2589 secutus

193 2622 273 2681 ait
300 2624 488 2696 legem
522 2623 642 2680 Dei.
676 2623 893 2679 Verum
924 2622 1032 2677 hoc
1078 2624 1231 2693 quod
1278 2623 1451 2677 modo
1490 2622 1702 2677 lectum
1737 2626 1845 2675 est.

195 2738 223 2765 ‹‹
284 2715 354 2769 Et
402 2714 599 2769 omnia
656 2729 1016 2784 qumcunque
1066 2712 1237 2767 faciet
1267 2712 1787 2783 prosperabuntur,
1818 2733 1844 2759 »

193 2820 313 2859 non
346 2802 538 2858 solum
568 2803 639 2857 de
666 2802 847 2866 Josia,
869 2801 970 2857 sed
1002 2802 1073 2855 de
1105 2800 1263 2855 nullo
1295 2805 1629 2856 sanctorum
1665 2798 1848 2867 accipi

200 2897 417 2964 potest,
468 2890 581 2946 nisi
629 2892 773 2946 forte
822 2891 880 2944 in
916 2890 1110 2945 futuro
1160 2888 1394 2944 sznculo.
1430 2888 1640 2943 Melius
1669 2888 1851 2960 igitur

195 2983 271 3037 de
310 2996 375 3035 eo
406 2979 789 3051 intelligimus
822 2979 1080 3041 homine,
1131 2979 1229 3049 qui
1262 2996 1295 3033 a
1326 2978 1621 3033 Salvatore
1651 2981 1849 3031 nostro

196 3074 547 3141 assumptus
577 3075 665 3125 est
695 3074 871 3140 atque
901 3066 1160 3123 salvatus
1196 3085 1209 3122 :
1241 3085 1353 3122 non
1386 3084 1501 3138 quo
1550 3066 1731 3121 alium
1764 3082 1851 3119 as-

199 3158 522 3230 sumpisse,
556 3157 736 3213 alium
788 3162 1159 3229 assumptum
1209 3174 1336 3212 esse
1374 3161 1693 3221 testemur;
1750 3155 1849 3210 sed

195 3265 318 3321 quo
352 3264 506 3303 unus
538 3253 710 3319 atque
739 3247 896 3302 idem
930 3246 1110 3300 Filius
1166 3246 1265 3300 Dei
1298 3248 1355 3300 et
1384 3245 1540 3299 filius
1571 3244 1848 3309 hominis,

199 3338 303 3410 qui
336 3343 469 3393 ante
500 3336 712 3393 saecula
740 3337 998 3392 Verbum
1030 3352 1264 3407 semper
1313 3336 1443 3400 fuit,
1500 3334 1624 3406 ipse
1651 3338 1853 3404 postea

200 3432 260 3481 et
291 3442 526 3481 carnem
557 3430 645 3481 est
675 3424 950 3498 dignatus
982 3441 1305 3480 assumere.
1348 3442 1351 3445 '

273 3555 300 3581 «
335 3532 459 3587 Non
491 3532 576 3586 sic
606 3531 793 3603 impii,
830 3536 942 3586 non
977 3530 1079 3586 sic.
1116 3554 1142 3581 »
1193 3532 1254 3585 Id
1288 3532 1437 3602 quod
1475 3531 1732 3586 secundo
1764 3531 1851 3584 di-

200 3623 377 3689 citur,
405 3638 515 3676 non
542 3621 708 3685 sic,in
742 3620 993 3676 Hebraeis
1023 3619 1419 3675 voluminibus
1445 3638 1556 3675 non
1582 3620 1849 3689 habetur,

200 3688 303 3766 sed
338 3727 412 3766 ne
442 3710 498 3763 in
531 3710 676 3780 ipsis
708 3709 942 3781 quidem
971 3706 1109 3764 [ΚΧ
1137 3708 1578 3780 Interpretibus.
1614 3710 1758 3763 Nam
1780 3688 1881 3761 inv

199 3797 484 3870 exemplis
516 3797 784 3870 Origenis
808 3797 863 3851 in
896 3795 1229 3853 Caesariensi
1258 3797 1609 3853 bibliotheca
1630 3797 1851 3869 legens,

202 3887 387 3944 semel
435 3892 665 3942 tantum
712 3886 996 3958 scriptum
1044 3887 1251 3958 reperi.
1306 3888 1461 3940 Inter
1509 3886 1754 3957 impium
1798 3890 1856 3939 et

210 3981 576 4051 peccatorem
634 3976 741 4030 hoc
805 3975 1065 4041 interest,
1111 3976 1209 4047 qui
1259 3976 1476 4047 impius
1524 3980 1631 4039 est,
1686 3978 1859 4045 negat

206 4067 397 4123 Deum
433 4083 444 4120 :
480 4064 579 4137 qui
606 4068 871 4135 peccator
900 4069 1010 4130 est,
1042 4065 1353 4119 conﬁtetur
1368 4070 1424 4119 et
1450 4068 1663 4137 peccat.
1697 4063 1859 4118 Sicut

197 4156 407 4227 justus
442 4154 527 4210 vir
553 4156 931 4225 comparatur
959 4153 1118 4226 ligno
1150 4172 1161 4209 :
1193 4154 1275 4209 sic
1308 4154 1527 4225 impius
1557 4169 1859 4225 compara-

204 4254 306 4299 tur
337 4242 580 4316 pulveri.
621 4242 726 4308 Qui
759 4244 953 4313 justus
984 4244 1090 4314 est,
1123 4242 1282 4314 ligno
1315 4242 1567 4315 paradisi
1620 4258 1862 4312 compa-

206 4338 377 4388 ratur
408 4349 420 4387 :
457 4332 554 4405 qui
589 4336 785 4386 autem
818 4330 1037 4402 impius
1068 4337 1175 4403 est,
1203 4331 1420 4404 pulveri
1467 4337 1857 4402 comparatur.

214 4481 221 4489 .
285 4463 312 4491 ‹‹
345 4440 453 4494 Sed
486 4443 769 4509 tanquam
804 4439 1015 4512 pulvis,
1040 4456 1212 4511 quem
1246 4440 1478 4511 projicit
1506 4443 1711 4494 ventus
1734 4437 1864 4492 afa-

206 4532 300 4587 cie
330 4534 515 4584 terrae.
547 4550 576 4578 »
610 4526 809 4582 Pulvis
839 4526 974 4583 licet
1003 4529 1074 4583 de
1114 4532 1265 4584 terra
1300 4528 1394 4599 sit,
1429 4533 1619 4583 tamen
1652 4525 1867 4582 desinit

207 4633 343 4676 esse
373 4622 548 4673 terra.
582 4618 727 4672 Tum
762 4617 963 4672 infelix
1016 4616 1128 4672 erit
1183 4617 1423 4689 impius,
1458 4623 1522 4672 ut
1553 4632 1658 4671 nec
1690 4621 1865 4670 terre-

212 4723 329 4763 nus
349 4706 585 4778 quidem
615 4706 692 4761 sit
722 4705 1186 4776 pulvis.Videtur
1208 4707 1445 4778 quidem
1468 4706 1678 4760 habere
1704 4709 1868 4758 terrae

210 4795 636 4865 substantiam,
672 4795 773 4850 sed
805 4794 982 4850 habet
1043 4812 1211 4850 suam
1246 4795 1638 4850 substantiam
1676 4811 1686 4848 :
1726 4790 1871 4848 nihil

210 4886 397 4942 habet
428 4883 705 4951 solidum,
741 4884 841 4939 sed
879 4885 1032 4957 quod
1067 4884 1262 4952 habet,
1299 4885 1369 4939 ad
1416 4898 1645 4956 pmna‘m
1680 4883 1870 4938 habet.

188 4975 346 5032 _Huc
394 4972 646 5043 illucque
697 4972 1078 5045 dispergitur,
1132 4990 1437 5045 nunquam
1488 4974 1545 5027 in
1576 4990 1692 5027 uno
1751 4971 1875 5025 loco

194 5069 312 5121 est
341 5081 356 5130 ;
391 5079 738 5134 quocunque
768 5067 979 5118 ventu‘s
1012 5062 1267 5129 traxerit,
1300 5062 1437 5116 illuc
1468 5064 1594 5132 ejus
1625 5062 1878 5132 impetus

296 5205 309 5238 ί
346 5202 613 5257 Diximus
644 5221 676 5278 a
706 5208 941 5260 Servato
974 5206 1156 5278 Lupo,
1204 5207 1262 5259 in
1298 5205 1632 5278 Collectmwo
1664 5205 1728 5259 de
1772 5206 1875 5258 tri-

220 5281 323 5331 bus
355 5277 765 5346 qua’stionibus,
823 5276 1250 5331 laudari'hunc
1300 5276 1631 5347 Hieronymi
1686 5280 1877 5330 locum

182 5347 319 5402 rhis
348 5346 584 5403 verbis;
622 5369 649 5395 ‹‹
686 5348 840 5401 Idem
875 5350 1085 5403 Doctor
1107 5349 1539 5418 (Hieronymus)
1565 5347 1677 5400 alio
1708 5349 1879 5400 γνώω

196 5434 465 5485 sensum
500 5419 1028 5487 primicstinalionis
1058 5427 1345 5490 expressi.
1380 5420 1433 5472 in
1472 5419 1881 5488 explanatione

223 5490 397 5561 primi
437 5490 642 5559 psalmi
676 5507 688 5543 :
728 5490 831 5556 Qui
876 5501 1055 5543 autem
1109 5508 1213 5544 non
1267 5493 1463 5553 credit,
1522 5491 1883 5560 inquit,jam

212 5561 505 5635 judicatus
561 5563 825 5635 gsnjam
862 5561 1016 5615 enim
1068 5563 1486 5635 praejudicatus
1548 5561 1616 5615 ad
1653 5577 1881 5635 poenam

223 5629 400 5689 est.'»
434 5633 643 5687 Confer
688 5629 847 5688 nunc
894 5629 1095 5689 verum
1150 5629 1598 5706 Hieronymum,
1645 5629 1884 5704 Dialogo

514 5759 779 5823 ΡΑτιιοι..
825 5760 1040 5825 XXVI.
1098 5816 1105 5823 .

1935 559 2058 626 .rit,
2110 576 2462 629 quocunque
2506 558 2673 614 illum
2721 577 2865 613 aura
2912 559 3127 615 diaboli
3176 565 3431 628 traxerit,
3473 564 3609 619 illuc

1962 664 2154 701 errore
2186 648 2543 717 perducitur.

2038 759 2064 784 »
2100 738 2229 791 ldeo
2262 753 2377 791 non
2405 744 2713 809 resurgant
2738 738 2901 809 impii
2927 739 2982 791 in
3010 739 3287 809 judicio.»
3312 742 3435 796 Non
3470 744 3609 813 quia

1962 841 2077 879 non
2109 832 2437 896 resurgant,
2472 826 2570 880 sed
2606 827 2742 897 quia
2774 828 2828 880 in
2859 828 3080 896 judicio
3113 844 3225 883 non
3259 837 3604 901 resurgant:

1952 913 2077 982 jam
2110 914 2264 968 enim
2297 915 2367 968 de
2398 914 2490 969 his
2524 916 2964 986 prejudicatum
2999 923 3087 972 est
3120 919 3156 972 ί.
3191 939 3218 970 ιι
3249 918 3447 987 Neque
3480 935 3607 989 pec~

1959 1009 2184 1058 catores
2216 1003 2272 1057 in
2321 1003 2564 1058 concilio
2600 1005 2923 1073 justorum.
2963 1031 2982 1053 ιι
3022 1007 3079 1061 Si
3117 1024 3230 1061 non
3286 1015 3605 1079 resurgunt

1962 1097 2287 1161 peccatores
2320 1092 2376 1145 in
2408 1092 2653 1149 concilio
2678 1096 2997 1161 ,justorum,
3018 1097 3247 1152 diversa
3278 1103 3366 1152 est
3398 1114 3606 1169 pecca-

1960 1186 2147 1235 terum
2171 1181 2592 1251 justorumque
2625 1184 2987 1238 resurrectio.

2030 1294 2055 1317 ‹‹
2085 1269 2233 1332 Quia
2252 1270 2550 1340 cognoscit
2573 1272 2851 1325 Dominus
2880 1273 3031 1327 viam
3058 1274 3418 1342 iustorum.»
3448 1274 3605 1330 Nihil

1958 1357 2114 1411 aliud
2168 1358 2465 1428 cognoscit
2518 1360 2817 1423 Dominus,
2870 1362 2980 1415 nisi
3030 1364 3183 1433 quod
3234 1363 3438 1418 notitia
3475 1365 3605 1435 ejus

1957 1447 2201 1517 dignum
2233 1453 2339 1501 est.
2376 1447 2654 1515 Cognoscit
2703 1452 2903 1520 quippe
2954 1452 3211 1506 Dominus
3249 1469 3335 1507 eos
3364 1455 3460 1524 qui
3488 1455 3605 1523 ejus

1954 1544 2082 1589 sunt
2114 1536 2184 1605 (ll
2216 1537 2349 1599 Tim,
2395 1554 2458 1603 ιι,
2494 1536 2582 1607 19)
2634 1554 2647 1590 ;
2697 1545 2749 1593 et
2780 1541 2831 1593 si
2875 1542 2974 1610 qui
3019 1543 3208 1603 nescit,
3258 1544 3532 1597 nescietur
3562 1545 3609 1611 (Ι

1958 1624 2077 1679 Cor.
2111 1640 2225 1688 xxv,
2257 1626 2368 1693 38).
2404 1624 2471 1678 Et
2502 1625 2573 1679 ad
2609 1631 2939 1695 peccatores
2971 1628 3184 1682 dicitur
3216 1648 3228 1683 :
3270 1631 3539 1685 Discedite
3565 1648 3607 1686 α

1956 1729 2058 1782 me,
2084 1715 2328 1783 aperarii
2355 1714 2690 1783 iniquitatis,
2721 1732 2832 1770 non
2861 1717 2991 1770 novi
3022 1732 3109 1771 vos
3141 1718 3288 1788 (Luc.
3322 1719 3603 1789 xvui,37).

1953 1801 2123 1856 Viam
2171 1809 2366 1857 autem
2390 1803 2691 1871 justorum
2722 1803 2889 1859 illum
2922 1810 3062 1876 puto
3121 1822 3250 1861 esse
3280 1807 3381 1877 qui
3412 1806 3601 1877 loqui-

1955 1896 2050 1945 tur
2082 1908 2095 1946 :
2128 1892 2237 1960 Ego
2278 1908 2401 1947 sum
2462 1894 2549 1947 υιά
2578 1894 2761 1963 (Joau.
2795 1911 2887 1960 xv,
2916 1896 2991 1962 6).
3027 1900 3105 1949 De
3135 1912 3250 1967 quo
3281 1900 3337 1950 et
3368 1896 3609 1966 prophe-

1952 1985 2015 2034 ta
2044 1980 2185 2034 dicit
2219 1997 2231 2033 :
2275 1981 2457 2035 Videte
2486 1996 2612 2052 quae
2636 1984 2706 2036 sit
2737 1984 2827 2037 via
2859 1984 2998 2038 bona
3030 1983 3248 2054 (Jerem.
3282 2001 3356 2052 vx,
3389 1986 3498 2052 16).
3532 1987 3607 2038 Et

1949 2070 2056 2124 iter
2084 2071 2383 2140 impiorum
2409 2071 2628 2140 peribit.
2684 2072 2868 2134 Quam
2916 2071 3251 2136 clementer,
3294 2089 3407 2127 non
3438 2072 3606 2143 impii

1956 2160 2244 2228 peribunt,
2281 2160 2379 2212 sed
2415 2159 2712 2230 impietas.

2568 2283 2888 2340 PSALMUS
2934 2285 3001 2340 ΙΙ.

2026 2393 2211 2455 Quare
2281 2391 2643 2445 fremuerunt
2708 2396 2929 2463 gentes,
2986 2397 3042 2446 et
3090 2392 3288 2465 pOpuli
3345 2393 3607 2449 meditati

1957 2486 2095 2535 sunt
2152 2480 2370 2535 inania.
2428 2499 2454 2530 υ
2511 2481 2763 2534 Audacis
2794 2487 2883 2536 est
2912 2480 3069 2536 hunc
3102 2483 3396 2553 psalmum
3424 2484 3605 2538 inter-

1959 2570 2167 2641 pretari
2195 2568 2338 2624 velle
2372 2574 2503 2640 post
2536 2574 2768 2624 Petrum
2808 2588 2818 2625 :
2853 2571 2969 2625 imo
3001 2572 3071 2625 de
3101 2588 3168 2626 eo
3200 2571 3417 2627 sentire
3447 2571 3607 2627 aliud

1960 2676 2137 2730 quam
2169 2658 2227 2713 in
2255 2658 2494 2713 Actibus
2526 2659 2922 2730 apostolorum
2958 2660 3168 2715 dixerit
3198 2666 3424 2717 Petrus.

2031 2772 2057 2798 ‹‹
2114 2748 2431 2803 Astiterunt
2482 2765 2643 2820 rcges
2675 2753 2861 2815 terra},
2897 2734 2953 2803 et
2984 2750 3275 2821 principes
3323 2734 3607 2806 convene-

1960 2842 2097 2891 runt
2142 2837 2200 2891 in
2255 2854 2437 2890 unum
2490 2837 2767 2892 adversus
2825 2838 3135 2893 Dominum
3204 2844 3261 2893 et
3330 2839 3608 2894 adversus

1960 2926 2254 2980 Christum
2287 2927 2438 2996 ejus.
2478 2948 2504 2974 »
2540 2926 2664 2981 Non
2699 2925 2887 2980 solum
2942 2928 3196 2982 Herodes
3230 2944 3327 2982 rex
3357 2930 3493 2996 (Act.
3532 2944 3607 2995 ιν,

1958 3014 2072 3085 27),
2108 3015 2206 3069 sed
2239 3014 2412 3069 etiam
2448 3012 2526 3067 illi
2575 3031 2737 3087 reges
2788 3016 3065 3070 adversus
3117 3016 3433 3071 Dominum
3464 3032 3602 3071 con-

1968 3105 2264 3169 stiterunt,
2291 3120 2541 3174 quorum
2564 3120 2734 3175 regna
2767 3103 2817 3157 ei
2849 3103 2908 3157 in
2939 3109 3153 3174 puncto
3178 3104 3458 3176 temporis
3482 3088 3605 3159 dia-

1883 3215 1925 3280 c
1968 3192 2136 3248 bolus
2168 3192 2427 3247 ostendit
2456 3192 2673 3262 (Matth.
2707 3211 2783 3249 ιν.
2816 3194 2889 3262 8).

2037 3305 2063 3331 «
2095 3281 2520 3352 Dirumpamus
2552 3280 3027 3362 vinculaeorum,
3060 3285 3116 3336 et
3148 3283 3544 3355 projiciamus,
3579 3305 3607 3333 »

1963 3376 2072 3425 etc.
2124 3372 2385 3435 Quatuor
2441 3371 2832 3442 praecedentes
2875 3388 3079 3427 versus
3126 3372 3215 3426 vel
3259 3372 3471 3445 angeli,
3520 3370 3610 3428 vel

1962 3459 2253 3532 prophetae
2285 3463 2423 3514 sunt
2452 3458 2652 3528 locuti,
2686 3460 2966 3515 mirantes
3007 3477 3187 3532 quare
3236 3461 3495 3517 humana
3526 3467 3609 3517 te-

1965 3549 2199 3603 meritas
2232 3548 2507 3603 adversus
2528 3548 2624 3603 Dei
2647 3548 2855 3603 Filium
2886 3551 3382 3606 consurrexerit.A
3402 3552 3610 3623 quinto

1962 3642 2155 3692 autem
2184 3637 2465 3692 versiculo
2498 3637 2781 3692 Dominus
2802 3637 2927 3710 ipse
2950 3640 3265 3711 respondit,
3299 3640 3610 3696 cohortans

1966 3727 2243 3797 populum
2277 3726 2607 3798 gentilium,
2639 3732 2694 3781 et
2725 3733 2954 3783 montes
3013 3729 3112 3801 qui
3144 3729 3257 3785 sibi
3290 3746 3357 3785 ex
3386 3729 3609 3785 Judzeis

1967 3815 2243 3870 credituri
2304 3819 2463 3878 sunt,
2512 3822 2575 3869 ut
2624 3815 2831 3887 legalia
2877 3817 3108 3872 vincula
3164 3817 3505 3880 dissolvant,
3555 3823 3611 3872 et

1965 3920 2137 3975 grave
2186 3920 2334 3958 onus
2399 3903 2544 3975 legis
2595 3904 2893 3973 abjiciant,
2946 3908 3101 3977 quod
3145 3924 3258 3962 non
3301 3911 3615 3976 potuerunt

1966 3997 2197 4063 portare
2228 3998 2419 4064 patres
2447 4009 2648 4048 eorum
2681 3992 2816 4063 (Act.
2866 4012 2957 4059 xv,
3013 3996 3117 4063 10),
3160 3996 3259 4049 sed
3294 4003 3616 4066 sequantur

1969 4098 2102 4135 eum
2136 4082 2306 4152 cujus
2332 4080 2543 4152 jugum
2590 4098 2765 4137 suave
2813 4088 2919 4149 est,
2973 4087 3029 4137 et
3072 4100 3221 4137 onus
3250 4081 3374 4138 leve
3404 4081 3613 4152 (Matth.

1969 4186 2046 4239 x1,
2079 4172 2190 4238 30).

2043 4283 2069 4309 ‹‹
2130 4258 2237 4322 Qui
2288 4258 2513 4313 habitat
2565 4259 2622 4313 in
2652 4258 2814 4313 caelis
2847 4259 3112 4314 irridebit
3153 4276 3270 4315 eos.
3307 4282 3334 4309 ››
3375 4261 3476 4315 Per
3508 4259 3618 4314 hu-

1971 4365 2155 4403 mana:
2189 4348 2696 4403 sermocinationis
2726 4347 3010 4419 exempla,
3037 4348 3276 4404 affectus
3310 4349 3411 4403 Dei
3444 4350 3624 4404 disci-

1975 4455 2107 4492 mus
2140 4454 2152 4490 :
2187 4454 2300 4490 non
2332 4453 2446 4507 quo
2480 4435 2573 4491 ille
2617 4436 2950 4509 quempiam
3004 4438 3285 4506 derideat,
3333 4439 3431 4494 sed
3466 4440 3621 4510 quod

1978 4542 2083 4580 nos
2113 4524 2305 4580 derisu
2342 4526 2520 4597 digna
2553 4524 2856 4580 faciamus.
2917 4527 2978 4582 Et
3025 4527 3287 4581 Dominus
3314 4527 3622 4581 subsanna-

1902 4584 1943 4669 ί)
1978 4616 2055 4669 bit
2084 4627 2191 4670 eos.
2226 4584 2619 4668 Suhsahnatio
2654 4614 2883 4686 proprie
2914 4619 3125 4687 rugata
3157 4617 3365 4680 fronte,
3399 4618 3455 4669 et
3487 4630 3624 4668 con-

1980 4709 2163 4759 tracto
2212 4720 2353 4759 naso
2404 4704 2766 4776 exprimitur.
2811 4704 2981 4760 Absit
3030 4704 3226 4775 itaque
3279 4704 3383 4759 hoc
3418 4720 3521 4758 nos
3554 4703 3625 4759 de

1983 4793 2097 4848 Deo
2150 4790 2527 4864 corporaliter
2570 4792 2923 4864 existimare,
2979 4794 3132 4865 quod
3184 4792 3359 4848 etiam
3408 4791 3465 4846 in
3498 4809 3629 4864 gra-

1983 4883 2152 4937 vibus
2220 4881 2361 4935 viris
2430 4880 2666 4952 quidam
2729 4882 3142 4953 reprhensione
3193 4882 3437 4955 dignum
3475 4882 3631 4937 arbi-

1986 4976 2236 5025 trautur.

2064 5086 2082 5105 -
2138 5060 2298 5114 Tune
2339 5059 2612 5131 loquntur
2641 5061 2711 5114 ad
2744 5076 2842 5115 eos
2872 5061 2927 5114 in
2962 5061 3047 5115 ira
3079 5078 3206 5115 sua.
3247 5085 3265 5109 ι»
3304 5062 3382 5116 De
3416 5060 3503 5115 ira
3536 5059 3631 5115 Dei

1990 5206 2189 5275 contra
2238 5201 2599 5271 Pelagianos,
2652 5220 2811 5257 num.
2864 5204 2977 5257 28:
3017 5225 3043 5252 ι(
3080 5206 3140 5257 In
3181 5204 3390 5275 primo,
3422 5202 3632 5273 inquit,

1988 5273 2221 5327 l’salino
2254 5275 2501 5341 canitur,
2535 5276 2793 5343 quoniam
2820 5292 2931 5327 non
2966 5273 3255 5344 resurgunt
3285 5276 3445 5345 impii
3474 5277 3529 5327 in
3549 5276 3639 5345 ju-

1989 5348 2146 5399 dicio.
2182 5348 2307 5398 iam
2358 5345 2514 5399 enim
2566 5344 2621 5399 in
2672 5345 3053 5415 perditionem
3091 5344 3632 5418 suntpi-zclurlicati.

1993 5419 2169 5488 Neque
2198 5428 2495 5486 peccatores
2548 5418 2600 5469 in
2635 5419 2863 5471 comi/iu
2910 5419 3177 5483 iustorum
3227 5436 3243 5471 :
3295 5420 3449 5472 aliud
3483 5418 3638 5471 enim

1992 5496 2079 5543 est
2109 5489 2351 5558 gloriam
2388 5490 2633 5559 pendere
2687 5490 3046 5559 resurgendi,
3099 5491 3252 5543 aliud
3296 5490 3480 5559 perire
3513 5503 3641 5560 per-

1993 5567 2186 5632 petuo.
2223 5582 2248 5607 υ

3283 5759 3363 5818 28
