3980 6184
491 314 609 376 875

1985 315 2379 375 APPENDIX
2396 358 2408 370 .

3674 336 3751 393 876

491 454 549 504 et
597 447 928 503 Lactantius
980 446 1203 501 librum
1247 446 1706 518 pulcherrimum
1766 446 2019 518 scripsit,
2080 448 2136 500 et
2163 449 2217 511 Α
2248 444 2559 501 noluerunt
2587 448 2827 504 adorare
2874 449 3105 518 Filium,
3150 451 3327 509 iratus
3369 460 3448 511 est
3469 457 3701 529 Dominus,
3720 474 3761 520 et

492 538 617 609 ipse
649 536 927 609 Origenes
958 536 1307 591 cneberrime
1354 536 1636 606 disputat,
1687 553 1801 590 non
1835 540 1955 589 tam
1989 535 2134 589 iram

492 642 825 696 esse,quam
858 624 1281 681 neccessariam
1313 626 1839 694 correptionem,ut
1871 624 2050 694 patris
2078 623 2135 676 in

494 715 703 782 filium,
730 714 940 770 medici
970 714 1029 768 in
1061 700 1638 786 mgrotum,magistri
1668 713 1726 767 in
1759 712 2134 783 discipulum.

492 805 584 859 Ira
615 809 809 859 autem
842 802 1197 875 patientibus
1221 802 1402 857 videri
1438 806 1764 874 potest.non
1801 801 1955 872 quod
1990 805 2138 856 Deus

494 895 764 949 emendet
824 892 1028 947 iratus.
1099 916 1125 941 «
1180 893 1247 945 Et
1278 891 1335 945 in
1378 893 1569 946 furore
1618 907 1723 945 suo
1765 888 2139 945 conturbabit

493 997 612 1037 eos.
646 1003 673 1031 ››
709 980 868 1036 Sicut
918 979 975 1034 in
1028 978 1277 1051 Epistola
1318 979 1389 1033 ad
1442 979 1734 1033 Romanos
1768 995 1780 1031 :
1818 978 2134 1041 Revelatur,

492 1070 704 1142 inquit,
744 1072 833 1124 ira
881 1070 981 1123 Dei
1020 1070 1190 1140 (Rom.
1227 1086 1264 1136 1,
1302 1068 1409 1139 18),
1444 1072 1508 1121 ut
1539 1067 1636 1137 qui
1670 1084 1796 1121 eam
1832 1071 2135 1121 venturam

493 1159 849 1232 intelligunt,
885 1159 1161 1213 studeant
1188 1158 1442 1212 devitare
1477 1174 1489 1210 :
1525 1158 1608 1211 ita
1648 1161 1707 1211 et
1752 1156 1806 1210 in
1866 1154 2134 1227 praesenti

493 1249 615 1304 loco
647 1249 916 1320 benigne,
969 1265 1082 1302 non
1133 1246 1234 1313 ait,
1285 1245 1486 1317 puniet
1539 1262 1551 1299 :
1608 1245 1729 1315 sed,
1760 1243 2038 1313 turbabit,
2072 1247 2136 1297 ut

488 1338 711 1409 absque
744 1337 929 1409 pcenis
958 1337 1053 1406 qui
1087 1335 1359 1389 turbatus
1389 1339 1496 1399 est,
1532 1333 1873 1404 corrigatur.

561 1450 588 1475 «
623 1428 739 1499 Ego
780 1432 995 1481 autem.
1033 1448 1059 1474 ››
1094 1424 1213 1479 Vox
1241 1422 1454 1478 Christi
1494 1440 1507 1477 :
1544 1444 1571 1471 «
1604 1421 1969 1476 Constitutus
2000 1437 2132 1476 sum

484 1534 602 1582 rex,
642 1538 669 1565 »
702 1533 806 1587 pro
837 1520 999 1587 parte
1031 1512 1223 1568 carnis
1254 1512 1485 1567 dicitur.
1521 1534 1548 1561 κ
1583 1512 1668 1565 Ab
1701 1527 1787 1576 eo,
1825 1532 1850 1557 ››
1881 1516 1994 1564 Deo
2027 1514 2131 1564 Pa-

484 1611 592 1659 tre.
628 1628 655 1654 ‹‹
689 1605 876 1674 Super
905 1602 1067 1669 Sion,
1104 1625 1124 1649 η
1158 1601 1215 1655 id
1245 1605 1353 1669 est,
1388 1616 1564 1671 super
1593 1597 1933 1654 Ecclesiam.
1967 1598 2130 1663 Sion,

483 1694 703 1763 specula
726 1694 856 1747 vitae
886 1692 1359 1761 interpretatur.«
1376 1689 1627 1744 Montem
1648 1691 1917 1743 sanctum
1942 1689 2123 1757 ejus.-

2250 534 2545 605 perierunt
2575 537 2645 592 de
2676 540 2768 591 via
2800 542 2976 594 recta.
3009 540 3119 595 Via
3160 542 3332 612 justa,
3376 544 3453 600 vel
3491 552 3629 617 recta,
3651 552 3758 606 Chri-

2249 628 2375 678 stus
2443 630 2550 679 est.
2621 626 2684 679 In
2749 627 2839 682 via
2904 645 3131 697 sumus,
3182 633 3400 702 quando
3442 638 3661 692 mandata
3698 642 3759 696 Dei

2248 711 2582 783 implemus.
2617 714 2697 768 De
2726 716 2817 771 via
2848 718 3128 787 perimus,
3159 721 3381 790 quando
3409 723 3472 777 ab
3497 724 3566 779 eis
3588 726 3762 783 declina-

2251 816 2404 855 mus.

2317 911 2344 937 «
2379 888 2440 943 In
2485 890 2641 945 brevi
2691 893 2777 947 ira
2805 894 2952 964 ejus.
2985 917 3034 964 ››,
3079 896 3195 952 Ηοο
3232 902 3337 967 est,
3383 901 3436 954 in
3476 900 3601 956 exitu
3626 905 3762 960 unius-

2246 977 2532 1049 cujusque
2563 979 2843 1035 hominis.
2888 982 2988 1038 Vel
3020 983 3177 1040 brevi
3208 985 3293 1040 ira
3320 986 3375 1041 in
3397 988 3480 1042 die
3498 989 3677 1059 judicii,
3698 1001 3763 1047 aut

2244 1064 2388 1119 illud
2423 1083 2437 1121 :
2475 1068 2616 1122 Cum
2635 1071 2785 1124 enim
2808 1070 3056 1127 dixerint
3085 1074 3348 1147 homines,
3370 1093 3472 1147 pas:
3493 1081 3535 1132 et
3557 1082 3762 1147 securitas,

2245 1161 2376 1208 tunc
2404 1158 2582 1211 veniet
2644 1159 2729 1212 eis
2776 1161 3093 1230 repentinus
3141 1165 3388 1219 interitus
3431 1167 3474 1236 (I
3498 1167 3634 1221 Thess.
3661 1171 3762 1235 v,3).

2248 1263 2270 1291 ι
2307 1242 2464 1297 Beati
2495 1260 2698 1299 omnes
2729 1246 2829 1317 qui
2860 1250 3165 1305 confidunt
3193 1250 3251 1305 in
3282 1268 3427 1307 eum.
3461 1276 3486 1302 υ
3512 1254 3613 1309 Non
3638 1256 3682 1310 in
3702 1256 3764 1311 ho-

2244 1329 2525 1399 minibus,
2561 1348 2749 1404 neque
2794 1335 2853 1389 in
2898 1338 3250 1410 semetipsis,
3301 1342 3395 1396 sed
3433 1340 3485 1396 in
3513 1342 3673 1397 Deum.
3697 1344 3764 1400 Iste

2244 1419 2529 1491 psalmus,
2576 1426 2653 1496 out
2710 1423 2931 1494 praefati
2965 1443 3195 1496 sumus,
3230 1429 3287 1483 in
3318 1430 3679 1487 beatitudinem
3700 1439 3764 1488 ter-

2243 1508 2520 1579 minatur,
2555 1511 2709 1566 unde
2737 1513 3003 1584 superior
3051 1516 3277 1588 incipit,
3324 1523 3379 1573 et
3405 1518 3520 1574 ideo
3561 1522 3679 1591 apud
3701 1521 3762 1574 lle-

2245 1595 2432 1653 brzeos
2464 1615 2536 1669 po
2568 1616 2684 1655 uno
2719 1598 3031 1658 habentur.

2831 1707 3151 1766 PSALMUS
3205 1711 3296 1768 ΙΙΙ.

483 1797 659 1889 motus.
684 1784 772 1836 est
802 1778 1075 1879 Ecclesia,
1108 1778 1353 1889 vellipse
1383 1777 1667 1889 Christu‘s,
1704 1782 1791 1889 ,ut
1833 1775 1978 1889 illud
2017 1792 2028 1830 :
2064 1778 2131 1831 Et
2164 1825 2209 1889 Β
2240 1793 2492 1889 ρδξιιῖηαε
2519 1745 3166 1889 Βρυίά,ᾳηαέἓοῖι;;ὲὲἷι
3360 1802 3583 1857 Amatam
3607 1803 3764 1858 manu;

482 1871 587 1924 erit
638 1870 698 1923 in
741 1870 1053 1925 novissimis
1097 1868 1288 1924 diebus
1332 1871 1885 1940 praeparatus’mons
1939 1866 2133 1921 domus

486 1961 710 2015 Domini
738 1962 796 2014 in
824 1961 1026 2015 vertice
1054 1961 1325 2014 montium
1354 1958 1485 2029 (lsa.
1521 1974 1582 2025 ιι,
1623 1958 1698 2026 2).
1742 1978 1769 2005 ‹‹
1803 1954 2132 2013 Praedicans

481 2054 836 2120 prmceptum
888 2048 1140 2103 Domini.
1189 2069 1217 2097 »
1268 2052 1383 2102 Hoc
1445 2045 1903 2111 est_doctrinam
1954 2044 2132 2098 Evan-

484 2140 640 2214 gelii.

556 2254 583 2279 «
612 2230 897 2285 Dominus
928 2229 1075 2283 dixit
1103 2229 1173 2282 ad
1207 2243 1318 2293 me,
1362 2225 1542 2280 Filius
1590 2241 1756 2280 meus
1785 2240 1846 2279 es
1878 2229 1936 2278 tu
1975 2240 1988 2277 :
2024 2238 2128 2293 ego

483 2318 656 2372 hodie
685 2318 858 2389 genui
892 2321 966 2371 te.
1004 2338 1031 2365 ››
1063 2317 1235 2370 Jesus
1270 2313 1536 2369 Christus
1568 2317 1657 2367 est
1693 2311 1816 2366 heri
1847 2317 1902 2366 et
1932 2311 2124 2381 hodie,

482 2409 540 2460 et
589 2405 648 2458 in
680 2410 959 2460 mternum
1013 2405 1197 2470 (Hebr.
1228 2420 1351 2468 x111,
1385 2404 1461 2471 8).
1511 2405 1683 2456 Recte
1712 2405 1906 2455 autem
1937 2405 1994 2454 et
2025 2399 2122 2469 qui

478 2497 655 2548 natus
685 2497 774 2548 est
803 2493 864 2547 in
896 2497 1177 2563 tempore,
1211 2490 1426 2545 dicitur
1459 2507 1472 2545 :

551 2604 580 2633 «
613 2580 849 2637 Postula
878 2599 912 2636 a
943 2597 1056 2646 me,
1089 2585 1145 2635 et
1175 2580 1323 2635 dabo
1352 2579 1453 2633 tibi
1487 2583 1691 2651 gentes
1722 2576 2121 2633 hereditatem

476 2675 660 2727 tuam.
713 2692 742 2721 »
793 2676 875 2726 Ac
923 2670 971 2726 si
1023 2670 1178 2725 dicat
1229 2687 1240 2724 :
1291 2669 1475 2724 Deum
1506 2668 1692 2723 Judaei
1724 2672 1778 2722 te
1810 2666 2124 2722 noluerunt

475 2760 730 2833 recipere
762 2776 775 2816 :
806 2776 1011 2816 omnes
1059 2763 1260 2831 gentes
1311 2757 1417 2813 tibi
1464 2757 1694 2812 venient
1722 2756 1782 2810 in
1817 2755 2120 2817 haeredita-

473 2854 613 2907 tem.

548 2963 576 2991 «
613 2941 797 3013 Reges
827 2957 925 2996 eos
956 2939 1015 2994 in
1052 2938 1213 3010 virga
1239 2937 1442 2993 ferrea.
1480 2959 1506 2985 ››
1541 2937 1602 2991 In
1633 2936 1781 2991 dura
1811 2934 2121 3005 disciplina

474 3031 893 3086 Romanorum.
943 3028 1045 3085 Vel
1080 3046 1183 3100 per
1236 3028 1454 3099 virgam
1507 3028 1773 3092 ferream,
1807 3021 2121 3095 disciplina

481 3118 904 3175 intolerabilis:
959 3118 1098 3190 quia
1145 3117 1321 3171 corda
1368 3114 1604 3169 illorum
1635 3119 1900 3169 tortuosa
1929 3117 2113 3168 erant.

2314 1865 2429 1945 Iste
2453 1865 3043 1949 psalmus‘posterior'
3060 1865 3541 1949 estsequentibus
3566 1873 3765 1949 plurimis,

2315 1937 2416 2017 qui
2449 1937 2518 2018 ad
2551 1937 3365 2018 Saulisyideqturhistoriam
3395 1937 3656 2018 pertinere.
3678 1946 3767 1998 Ante

2311 2008 2602 2087 siquidem
2636 2010 2815 2087 David
2847 2028 2880 2067 a
2910 2011 3048 2067 Saul
3070 2018 3160 2069 est
3192 2008 3407 2086 passus'
3428 2016 3766 2087 insidias,quam

2309 2079 2582 2160 Absalom
2614 2082 2897 2160 adversus
2922 2099 3057 2138 eum
3080 2079 3246 2142 arma
3273 2079 3768 2160 οοπίρβιιθιὸρᾶξᾳυὶι

2312 2152 2674 2221 propositum
2702 2152 2754 2208 ei
2783 2159 2927 2219 erat,
2959 2161 3024 2209 ut
3052 2173 3167 2211 non
3194 2152 3509 2214 tantum'de
3534 2175 3587 2214 se
3612 2152 3766 2213 referret

2311 2238 2436 2291 quae
2470 2239 2696 2300 passus
2745 2230 2852 2300 est,
2913 2242 3089 2300 quam
3140 2234 3207 2284 ut
3254 2246 3354 2300 per
3405 2229 3681 2300 exemplum
3711 2228 3765 2300 sui

2310 2309 2513 2349 omnes
2544 2293 2810 2374 homines
2840 2293 3196 2374 institueret,
3236 2293 3363 2374 ideo
3393 2293 3577 2372 primis
3601 2298 3770 2374 θεουορα

2307 2369 2620 2435 praeposuit
2666 2371 2729 2421 ut
2786 2369 3172 2425 tentationum
3222 2369 3476 2428 ordinem
3527 2374 3697 2427 doceat
3716 2370 3767 2425 Si-

2307 2436 2545 2522 qUiflem
2604 2445 2739 2522 ante
2792 2446 3039 2522 propter
3091 2449 3329 2522 peccata
3386 2443 3693 2522 corripimur,
3730 2446 3765 2522 et

2306 2512 2507 2589 postea
2579 2513 2813 2589 propter
2868 2512 3137 2589 virtutem
3194 2512 3763 2589 probamurflnbavicl

2305 2595 2437 2633 vero
2482 2582 2871 2661 tentationum
2921 2584 3061 2639 ordo
3112 2582 3520 2661 mutatusgest.
3563 2586 3659 2661 _Sub
3685 2582 3769 2637 Saul

2306 2652 2726 2732 persecutione,
2779 2652 3059 2732 innocens
3110 2655 3240 2712 fuit.
3303 2658 3418 2713 Sub
3460 2656 3769 2732 Asalom,ma-

2303 2721 2683 2793 nifestissime
2736 2723 3000 2780 criminis
3052 2742 3192 2783 reus
3233 2733 3477 2793 tenetur,
3503 2727 3617 2783 Uria
3652 2727 3771 2780 inter-

2302 2792 2480 2874 fecto...
2526 2798 2667 2865 Lege
2720 2796 3203 2874 quinquagesimi
3252 2792 3467 2874 psalmi
3498 2799 3703 2857 titulum,
3735 2800 3770 2849 et

2299 2863 2356 2988 itn
2367 2863 2589 2988 tilliges
2605 2863 2754 2920 eum
2778 2863 2951 2937 juxta
2967 2863 3238 2926 o'rdinem
3252 2863 3510 2944 .priorum
3530 2885 3635 2928 esse
3657 2881 3772 2940 quam

2327 2952 2387 2988 er
2417 2952 2559 2988 ium.

2300 2944 2535 2990 tertium
2547 2977 2559 2990 .

2299 3046 2327 3073 ‹‹
2355 3023 2619 3095 Domine,
2652 3025 2793 3096 quid
2828 3026 3203 3099 multiplicati
3245 3036 3403 3099 sunt,
3458 3033 3547 3103 qui
3573 3024 3770 3084 tribulam

2226 3111 2357 3176 hac,
2390 3112 2561 3168 multi
2604 3120 2926 3186 exsurgunt
2973 3117 3288 3175 adversum
3338 3137 3446 3176 me.
3474 3141 3499 3171 η
3544 3120 3695 3174 Potest
3715 3113 3770 3167 hic

473 3230 502 3258 «
544 3210 849 3279 Tanquam
883 3189 991 3263 vasi
1033 3205 1194 3279 ﬁguli
1227 3204 1558 3276 confringes
1589 3219 1707 3259 eos.
1743 3224 1770 3254 »
1803 3202 1917 3256 Vas
1948 3200 2110 3273 ﬁguli
2146 3189 2188 3255 C
2228 3201 2494 3273 psalmus
2523 3206 2579 3257 et
2610 3204 2679 3258 ad
2718 3204 2913 3271 David,
2946 3210 3003 3260 et
3030 3206 3102 3262 ad
3145 3207 3464 3274 Christum,
3494 3212 3544 3263 et
3568 3222 3651 3280 per
3668 3217 3767 3264 eum,

472 3301 787 3369 antequam
818 3296 878 3351 in
910 3300 1120 3351 testam
1171 3294 1345 3350 fuerit
1375 3293 1751 3358 obduratum,
1784 3291 1832 3346 si
1863 3290 2114 3361 dissipe-

468 3390 587 3456 tur,
621 3384 988 3441 reformabile
1032 3388 1138 3439 est.
1192 3383 1342 3453 Lege
1384 3381 1699 3437 Jeremiam
1744 3382 1962 3448 (Jerem.
1997 3398 2108 3443 xu,

469 3475 578 3544 11).
612 3474 668 3529 Si
704 3477 897 3528 autem
931 3470 1111 3527 semel
1143 3475 1293 3526 testa
1323 3472 1505 3525 fracta
1538 3470 2109 3540 fuerit,nequaquam

464 3563 525 3615 in
552 3562 847 3634 integrum
878 3560 1171 3633 compingi
1206 3564 1411 3631 potest.
1438 3559 1649 3614 Verum
1676 3575 1805 3630 quae
1836 3558 1991 3629 apud
2014 3556 2113 3613 ho-

464 3650 654 3704 mines
685 3649 1073 3721 impossibilia
1105 3654 1261 3718 sunt,
1313 3649 1465 3721 apud
1527 3648 1711 3703 Deum
1754 3652 1893 3703 sunt
1923 3646 2108 3718 possi-

463 3736 608 3793 bilia
636 3739 786 3809 (Luc.
815 3755 974 3807 xvm,
1003 3739 1115 3808 27).
1150 3726 1412 3809 Figulus,
1436 3736 1701 3792 Christus
1735 3753 1747 3790 :
1782 3736 2104 3805 vas,homo,

463 3832 529 3882 ut
574 3832 663 3882 est
708 3827 852 3882 illud
911 3845 922 3881 :
974 3829 1125 3883 Sicut
1170 3843 1263 3881 vas
1310 3828 1371 3881 in
1399 3842 1570 3881 manu
1610 3827 1790 3895 ﬁguli,
1821 3828 1899 3881 sic
1926 3842 2017 3881 vos
2048 3827 2107 3880 in

461 3932 634 3972 manu
662 3934 809 3982 mea,
840 3917 977 3972 dicit
1005 3916 1271 3972 Dominus
1300 3916 1514 3986 (Jerem.
1566 3932 1727 3980 xvm,
1758 3914 1835 3985 6).
1869 3914 2048 3969 Aliter
2089 3932 2102 3969 :

460 4005 858 4079 Confringitur
889 3994 1375 4076 in'pmnitentiam
1408 4003 1523 4071 hic,
1553 4003 1644 4058 vel
1686 4003 1747 4058 in
1778 4003 1872 4058 die
1893 4002 2105 4073 judicii

418 4088 423 4093 ”
458 4094 515 4149 in
558 4095 764 4166 ignem.

529 4208 543 4234 ί
591 4184 755 4240 Nunc
800 4202 966 4257 reges
1019 4183 1345 4256 intelligite.
1395 4205 1423 4233 ››
1456 4183 1639 4255 Reges
1670 4181 1863 4238 saeculi
1897 4197 2102 4237 omnes

454 4272 541 4326 vel
573 4289 737 4345 reges
770 4274 956 4328 sancti
988 4272 1573 4345 apostoli,intelligite
1598 4271 1711 4326 ista
1741 4271 2097 4342 supradicta.

454 4383 483 4409 ‹‹
528 4361 876 4416 Erudimini.
937 4384 957 4409 υ
1014 4362 1131 4416 Hoc
1181 4366 1290 4431 est,
1341 4360 1752 4431 vosmetipsos,
1805 4358 1889 4414 vel
1931 4358 2095 4414 alios.

455 4471 484 4501 ‹‹
515 4450 623 4514 Qui
644 4450 925 4522 judicatis
956 4456 1225 4519 terrram,
1259 4470 1287 4499 ››
1319 4453 1584 4525 sanctam
1618 4448 1953 4503 Ecclesiam.

528 4562 550 4590 ι
586 4540 805 4595 Servite
833 4539 1078 4594 Domino
1132 4538 1190 4593 in
1242 4538 1469 4593 timore.
1508 4558 1529 4587 ι
1564 4536 1796 4592 Timore
1837 4537 2001 4607 dixit,
2033 4539 2098 4590 ut
2128 4558 2174 4623 Β

450 4628 761 4685 elationem
809 4628 892 4683 eis
941 4627 1168 4703 tolleret
1200 4643 1212 4682 :
1247 4628 1384 4698 quia
1432 4642 1596 4698 reges
1622 4642 1721 4681 eos
1753 4624 2093 4696 appellarat.

450 4740 479 4767 «
512 4719 583 4773 Et
635 4717 919 4774 exsultate
959 4717 1031 4772 ei.
1079 4738 1104 4768 ι)
1162 4715 1233 4771 Ut
1275 4732 1374 4770 eos
1420 4714 1634 4770 iterum
1667 4715 1995 4783 cofortaret,
2030 4720 2095 4768 ut

446 4806 594 4863 illud
628 4823 640 4860 :
675 4830 702 4857 «
754 4807 1011 4862 Gaudete
1049 4823 1117 4861 ex
1146 4805 1451 4870 exsultate,
1482 4798 1615 4857 cum
1648 4809 1935 4869 tremore;
1971 4825 1998 4852 ››
2032 4808 2096 4857 ut

452 4912 586 4949 cum
637 4901 887 4951 tremore
936 4900 1154 4962 essent,
1208 4894 1264 4948 id
1294 4898 1402 4959 est,
1434 4897 1686 4947 tremore
1715 4891 1993 4962 corporis,
2035 4897 2091 4947 et

446 4984 656 5040 timore
687 4985 913 5040 animae.

516 5095 544 5121 «
577 5073 1006 5145 Apprehcndite
1046 5073 1438 5144 disciplinam,
1490 5089 1562 5126 ne
1607 5071 1840 5141 quando
1867 5070 2085 5126 irasca-

440 5166 536 5216 tur
580 5162 948 5217 Dominus.»
998 5162 1104 5217 Pro
1154 5179 1220 5217 eo
1289 5160 1444 5234 quod
1494 5160 1551 5215 in
1602 5159 1798 5215 Graeco
1846 5160 2082 5227 dicitur,

439 5244 691 5321 δρόξασῦε
748 5246 967 5311 παιδίας
1004 5268 1016 5305 :
1061 5251 1120 5306 in
1188 5251 1423 5306 Hebraeo
1483 5248 1696 5321 legitur
1727 5266 1904 5304 NESCU
1948 5267 2079 5318 om,

434 5341 588 5412 quod
642 5341 1004 5411 interpretari
1058 5346 1265 5412 potest,
1316 5340 1539 5396 adorata
1585 5340 1785 5409 ﬁlium.
1820 5340 2078 5411 Apertis-

431 5429 584 5485 sima
636 5430 833 5501 itaque
878 5431 945 5483 de
993 5430 1220 5485 Christo
1261 5428 1563 5501 propheta,
1609 5433 1666 5483 et
1694 5429 1834 5483 ordo
1867 5443 2076 5499 praece-

429 5520 536 5591 pti,
569 5520 805 5576 adorato
867 5520 1075 5575 Filium
1110 5538 1123 5588 ;
1167 5536 1239 5575 ne
1270 5520 1414 5574 forte
1446 5519 1731 5573 irascatur
1770 5518 2073 5583 Dominus,

433 5608 543 5669 hoc
574 5613 682 5681 est,
713 5612 902 5665 Pater.
940 5615 1005 5666 Et
1029 5609 1266 5681 pereatis
1292 5607 1364 5662 de
1390 5609 1481 5662 via
1517 5608 1695 5677 justa.
1725 5606 1945 5661 Judmis
1976 5608 2075 5679 qui

2224 3290 2295 3345 ad
2327 3307 2531 3346 omnes
2560 3295 2794 3348 sanctos
2825 3293 3134 3364 pertinere.

2295 3402 2321 3428 ‹‹
2361 3381 2660 3443 Exaudivit
2689 3397 2782 3436 me
2811 3382 2882 3437 de
2913 3388 3111 3439 monte
3161 3391 3365 3443 sancto
3395 3404 3513 3445 suo.
3543 3408 3567 3437 η
3593 3387 3766 3437 Montem

2222 3473 2490 3524 sanctum
2517 3474 2655 3541 puto
2686 3470 3058 3542 unigenitum
3083 3490 3216 3530 esse
3238 3475 3445 3532 Filium
3472 3473 3636 3541 Dei,ad
3657 3482 3769 3542 quem

2221 3557 2280 3612 in
2314 3558 2649 3615 novissimis
2679 3559 2886 3615 diebus
2935 3561 3135 3633 populi
3167 3565 3494 3621 conﬂuituri
3521 3567 3653 3624 sunt,
3679 3556 3773 3613 Isaia

2219 3651 2275 3702 et
2304 3647 2542 3703 Michaea
2598 3648 2706 3703 hoc
2754 3648 2949 3719 ipsum
3001 3651 3455 3711 vaticinantibus
3498 3654 3608 3726 (Isa.
3652 3646 3772 3715 11,2;

2216 3736 2378 3791 Mich.
2421 3753 2494 3803 IV,
2549 3736 2624 3798 1ξ.
2680 3737 2791 3792 Sed
2836 3742 2892 3792 et
2938 3737 3010 3794 de
3040 3739 3301 3799 Ecclesia
3332 3741 3658 3815 intelligitur,
3682 3731 3770 3806 qui?

2218 3841 2331 3880 non
2368 3830 2558 3897 potest
2596 3824 2797 3881 civitas
2837 3826 3116 3884 abscondi
3161 3847 3342 3904 super
3380 3836 3611 3888 montem
3643 3822 3768 3899 posita

2216 3913 2421 3984 (Matth.
2452 3932 2507 3981 v,
2543 3914 2649 3985 14).

2287 4025 2314 4051 ι(
2365 4003 2482 4074 Ego
2542 4003 2754 4070 dormi,
2802 4007 2860 4059 et
2913 4010 3224 4077 soporatus
3257 4025 3415 4078 sum,
3457 4012 3511 4065 et
3536 3994 3767 4062 exsurrexi.

2213 4091 2352 4162 quia
2382 4090 2665 4147 Dominus
2687 4092 2946 4165 suscepit
2969 4110 3121 4150 me.»
3144 4096 3323 4161 Quasi
3354 4113 3598 4162 somnus,
3621 4086 3765 4160 inquit,

2212 4186 2271 4236 et
2298 4179 2461 4236 locus
2492 4184 2621 4253 ejus
2652 4182 3000 4253 persecutio.

2287 4292 2307 4320 ι
2346 4270 2469 4325 Non
2504 4271 2721 4327 timebo
2755 4272 2941 4328 millia
2967 4274 3169 4346 populi
3200 4274 3601 4333 oircumdantis
3626 4284 3709 4324 me.
3752 4284 3767 4305 ι

2212 4364 2275 4414 Et
2304 4359 2484 4415 David
2515 4365 2708 4432 potest
2734 4360 2845 4417 hoc
2875 4362 2945 4417 de
2973 4362 3274 4433 Absolom,
3325 4372 3382 4423 et
3427 4362 3647 4422 exercitu
3686 4354 3768 4424 eius

2208 4448 2398 4504 dicere
2432 4464 2444 4502 :
2479 4452 2534 4502 et
2568 4448 2847 4505 Dominus
2877 4449 2949 4505 de
2977 4450 3197 4508 Judmis
3229 4452 3599 4509 frementibus
3628 4445 3766 4500 adver-

2207 4553 2338 4591 sum
2371 4553 2452 4607 se,
2483 4543 2540 4592 et
2569 4535 2960 4594 clamantibus
3016 4555 3029 4594 :
3068 4540 3230 4611 Tolle,
3264 4541 3416 4609 tolle,
3445 4537 3666 4607 cruci/Ege
3686 4541 3768 4585 ενα

2206 4624 2385 4696 (Joan.
2424 4643 2533 4692 xix,
2565 4626 2619 4697 6,
2656 4626 2766 4697 15).

2277 4736 2306 4764 ‹‹
2357 4716 2638 4780 Quoniam
2688 4719 2748 4769 tu
2806 4718 3151 4788 percussisti
3210 4736 3416 4776 omnes
3470 4711 3763 4773 adversantes

2203 4802 2347 4858 mihi
2388 4803 2514 4858 sine
2556 4806 2760 4859 'causa.
2814 4827 2842 4853 »
2902 4807 3156 4861 Percutit
3214 4809 3507 4871 Dominus,
3544 4809 3594 4859 ct
3624 4800 3762 4854 vineas

2199 4892 2658 4965 alienigenarum
2717 4893 2776 4947 in
2834 4895 3138 4966 grandine,
3170 4901 3228 4952 et
3281 4897 3550 4959 Salvator,
3576 4890 3655 4962 qui
3692 4895 3760 4955 Ρτθ

2198 4982 2367 5038 nobis
2400 4982 2589 5036 factus
2616 4985 2705 5037 est
2736 4982 2951 5051 omnia,
2985 5000 3304 5054 percussus
3356 5003 3389 5041 a
3437 4984 3586 5038 Patre
3609 4969 3757 5033 scribi—

2192 5076 2291 5126 tur
2322 5088 2334 5124 :
2369 5071 2682 5125 Percutiam
2708 5074 3059 5141 pastorem,et
3086 5090 3208 5130 oves
3250 5074 3604 5146 dispergmtur
3626 5057 3755 5135 (lac/l-

2192 5177 2315 5231 xm,
2345 5162 2422 5231 7).
2455 5161 2560 5216 Pro
2587 5161 2709 5214 sine
2755 5176 2919 5215 causa
2966 5165 3184 5229 autem,
3233 5159 3467 5219 maxilla
3509 5155 3685 5230 legitur
3720 5146 3758 5198 in

2190 5250 2447 5317 Hebraeo,
2485 5249 2540 5304 id
2572 5255 2679 5315 est,
2725 5265 2907 5304 LECHI.
2960 5251 3027 5306 Et
3073 5253 3207 5323 quia
3256 5250 3539 5307 maxillam
3586 5233 3753 5315 praemi.

2189 5343 2372 5408 surat,
2404 5342 2831 5410 consequenter
2856 5338 3140 5409 infertur;
3174 5362 3201 5391 «
3231 5345 3432 5396 Dentes
3460 5336 3750 5411 peccatorum

2189 5427 2532 5484 contrivisti.
2570 5450 2595 5476 »
2624 5427 3036 5499 Respondeant
3065 5447 3198 5503 ergo
3231 5428 3400 5486 amici
3429 5425 3592 5482 solius
3615 5416 3748 5472 histo-

2188 5520 2306 5584 riae,
2345 5518 2637 5590 quomodo
2689 5519 2836 5573 Deus
2887 5519 3213 5575 maxillam.
3245 5515 3531 5590 percutiat,
3576 5513 3621 5564 et
3657 5513 3749 5555 ron-

2186 5609 2397 5680 fringat
2430 5609 2632 5663 dentes
2653 5607 3342 5682 peccatorum,pugillum
3361 5607 3545 5662 contra
3563 5612 3615 5653 se
3631 5600 3744 5647 more
