3980 6184
231 343 354 401 877

1401 345 1895 407 BREVIAHIUM
1940 348 2017 405 IN
2062 349 2203 408 PSA
2222 350 2445 409 LMOS.

3531 357 3651 414 8'78

234 471 615 527 certantium.
641 493 669 521 «
695 474 904 526 Dentes
924 475 1294 544 peccatorum
1318 474 1707 530 contrivisti.»
1735 476 1893 530 Prin-
1921 483 1975 545 Α
2075 479 2263 559 David.
2300 479 2378 533 De
2418 479 2669 563 Ecclesia
2715 498 2840 563 quae
2892 482 2948 537 in
2998 483 3111 538 ﬁne
3162 489 3220 540 et
3271 502 3644 542 consomma-

232 563 397 633 cipes
437 560 826 616 Judaaorum:
880 562 1105 627 dentes,
1161 562 1247 617 vel
1300 562 1549 618 haeretici
1601 565 1889 631 doctores,

234 650 323 707 vel
356 651 530 705 verba
570 650 854 721 ipsorum.

313 760 341 792 ι
374 740 599 795 Domini
630 744 720 793 est
751 738 931 794 salus.
968 764 994 789 »
1048 744 1168 796 Hoc
1218 746 1325 808 est,
1359 760 1473 797 non
1515 745 1585 798 ab
1629 744 1884 812 homine,

232 831 337 884 sed
373 846 406 884 a
438 835 568 883 Deo.
592 829 723 899 Ipse
753 827 915 883 solus
948 835 1157 900 potest,
1186 835 1243 885 et
1278 848 1379 902 per
1408 832 1602 903 ipsum
1636 848 1668 885 a
1701 840 1884 887 morte

228 917 293 972 in
325 920 502 973 vitam
536 917 804 973 transire.
849 938 870 966 κ
894 919 960 972 Et
992 936 1170 989 super
1200 921 1481 991 populum
1516 927 1703 975 tuum.
1734 944 1753 968 ιι
1787 925 1885 975 Po-

228 1008 372 1080 pulo
412 1008 774 1063 credentium
823 1008 1284 1064 benedictionem
1338 1009 1639 1065 infundit:
1691 1014 1880 1066 trans-

230 1097 475 1152 mittens
501 1096 585 1152 eis
605 1096 889 1169 Spiritum
912 1102 1201 1167 sanctum,
1225 1097 1313 1153 vel
1338 1098 1396 1152 in
1418 1099 1613 1153 futuro
1646 1100 1881 1169 quando

228 1187 494 1241 dicturus
547 1186 703 1240 erit:
759 1187 956 1251 Venite,
1001 1186 1265 1241 benedicti
1312 1189 1493 1242 Patris
1538 1189 1668 1253 mci,
1698 1190 1877 1258 perci-

221 1277 339 1347 pite
357 1292 597 1344 regnum
626 1275 765 1347 quod
791 1275 934 1331 vobis
958 1284 1226 1346 paratum
1254 1285 1331 1331 est
1362 1277 1439 1339 ab,
1454 1278 1665 1346 origine
1684 1277 1880 1331 mundi

224 1366 435 1435 (Matth.
471 1381 600 1430 xxv,
634 1364 746 1432 34).

821 1472 1059 1526 PSALM
1072 1472 1151 1526 US
1190 1472 1282 1527 IV.

222 1566 293 1617 In
343 1562 509 1630 ﬁnem
555 1562 617 1614 in
662 1562 1023 1621 carminibus,
1068 1562 1319 1631 psalmus
1353 1561 1542 1616 David.
1578 1562 1640 1616 In
1675 1562 1871 1631 ﬁnem,

304 1631 367 1705 id
416 1633 633 1705 est,_in
682 1631 930 1705 Christo.
982 1632 1140 1686 Finis
1184 1632 1344 1705 enim
1394 1633 1873 1705 LegisﬂCbristus

301 1704 371 1758 ad
415 1702 702 1775 justitiam
750 1703 906 1758 omni
940 1703 1217 1758 credenti.
1253 1704 1313 1759 ln
1349 1702 1730 1775 carminibus,
1766 1705 1874 1760 hoc

298 1775 499 1899 Esau-ip.
541 1774 834 1830 laudibus.
872 1774 1137 1829 Psalmus
1189 1775 1387 1840 David,
1438 1775 1546 1831 hoc
1594 1781 1701 1843 est,
1742 1776 1871 1832 laus

376 1862 456 1899 τις
489 1863 522 1898 ι.

292 1845 522 1901 Christi.

254 1957 322 1997 ,‹‹
352 1939 496 1989 Cum
554 1934 881 1990 invocarem
940 1935 1235 1990 exaudivit
1283 1951 1374 1990 me
1425 1936 1580 1991 Deus
1622 1934 1867 2006 justitiae

216 2040 383 2079 meae.
422 2046 448 2071 ››
504 2025 895 2095 Incongruum
925 2028 1014 2080 est
1044 2024 1151 2079 hoc
1183 2024 1252 2079 de
1283 2025 1461 2079 David
1495 2025 1772 2096 accipere,
1807 2028 1871 2079 ut

215 2112 320 2183 qui
372 2113 430 2166 in
481 2112 767 2182 superiori
815 2112 1040 2185 psalmo
1075 2119 1309 2185 propter
1336 2113 1688 2168 occisionem
1726 2113 1867 2168 Uria:

213 2217 367 2273 pene
425 2207 512 2256 est
570 2200 911 2256 interfectus
970 2219 1002 2255 ει
1052 2201 1168 2256 lilio
1224 2204 1296 2271 (ll
1344 2203 1468 2272 Reg.
1519 2219 1596 2268 xx,
1652 2203 1864 2271 15-17),

214 2306 379 2344 nunc
404 2290 616 2344 audeat
645 2290 835 2345 dicere
868 2306 881 2342 :
930 2314 949 2336 α
989 2290 1293 2345 Exaudivit
1326 2307 1415 2345 me
1449 2296 1596 2345 Deus
1619 2290 1864 2360 justitiac

212 2395 381 2433 meae.
416 2402 443 2427 ››
486 2378 668 2434 Totus
699 2378 895 2450 itaque
930 2378 1194 2449 psalmus
1226 2379 1295 2433 ad
1329 2378 1646 2444 Christum,
1680 2384 1737 2433 et
1765 2396 1868 2450 per

209 2468 509 2523 Christum
544 2469 616 2524 ad
640 2468 836 2539 justos
871 2468 1208 2522 referendus
1261 2472 1367 2523 est.
1405 2472 1619 2522 Horum
1674 2467 1866 2522 simile

208 2556 355 2628 quid
388 2556 561 2611 etiam
584 2556 762 2612 Jacob
794 2556 1026 2612 locutus
1056 2562 1162 2621 est,
1192 2557 1390 2611 dicens
1425 2574 1437 2611 :
1484 2556 1750 2611 Exaudiet
1780 2573 1867 2611 me

211 2664 339 2701 cras
359 2647 587 2717 justitia
617 2663 737 2701 mea
767 2647 919 2715 (Gen.
953 2664 1083 2717 xxx,
1117 2647 1228 2717 33).

292 2759 311 2783 -
352 2734 412 2789 In
462 2735 839 2790 tribulatione
894 2752 1024 2789 mea
1072 2735 1327 2790 dilatasti
1381 2735 1543 2790 mihi.
1591 2734 1862 2790 Miserere

207 2823 351 2889 mei,
406 2829 461 2878 et
516 2825 722 2884 exaudi
780 2823 1101 2880 orationem
1162 2839 1438 2879 meam.»
1502 2824 1659 2877 Licet
1718 2822 1863 2877 mihi

206 2911 499 2969 auxilium
557 2912 777 2981 tuleris,
824 2919 881 2968 et
930 2913 990 2967 in
1040 2912 1415 2968 tribulatione
1448 2929 1575 2966 mea
1605 2911 1861 2967 dilatasti

207 3001 361 3057 mihi
386 3019 398 3056 :
434 3007 630 3056 tamen
659 3019 764 3073 ego
795 3001 1195 3057 misericordia
1221 3005 1321 3055 tua
1346 3017 1577 3071 semper
1606 3000 1857 3072 indigeo.
1890 3000 1915 3006 ⁷

290 3115 311 3140 ι
350 3090 423 3146 Ut
451 3091 592 3162 quid
624 3090 870 3163 diligitis
909 3091 1246 3155 vanitatem,
1280 3095 1336 3145 et
1383 3089 1647 3161 queritis
1698 3105 1859 3144 men-

205 3180 497 3235 dacium?
544 3179 893 3252 Diapsalma.
930 3200 958 3227 »
1014 3179 1269 3233 Verbum
1318 3195 1473 3243 sum,
1508 3177 1643 3231 LXX
1674 3178 1856 3232 Inter-

2074 550 2228 603 tione
2278 552 2483 605 mundi
2541 550 2935 607 hzereditatem
2977 561 3359 612 consecutura
3388 563 3477 613 est
3512 558 3646 613 uni-

2071 622 2252 705 versis
2304 623 2639 705 nationibus
2679 625 2905 705 Christo
2956 627 3344 692 credentibus,
3380 630 3643 701 psalmus

2070 700 2588 771 isle_contexitu_r.
2657 700 2910 771 Denique
2970 702 3026 751 et
3081 715 3149 751 ex
3207 700 3454 769 persona
3512 703 3640 771 ejus

2066 764 2249 818 oratio
2282 766 2352 818 ad
2389 767 2697 821 Dominum
2739 764 3029 839 dirigitur.

2073 891 2093 917 α
2128 871 2311 927 Verba
2344 889 2474 927 mea
2503 874 2745 930 auribus
2775 876 3026 946 percipe,
3060 875 3324 931 Domine.
3357 899 3383 924 η
3426 877 3633 934 Nullus

1994 959 2169 1014 habet
2217 960 2365 1016 hanc
2416 963 2687 1017 ﬁduciam
2740 964 2847 1019 nisi
2906 964 3175 1019 Ecclesia.
3212 965 3318 1030 Qui
3370 973 3636 1037 peccator

1991 1059 2099 1116 est,
2136 1066 2247 1104 non
2282 1057 2370 1105 est
2400 1068 2582 1107 ausus
2625 1053 2815 1108 dicere
2848 1071 2859 1107 :
2912 1077 2938 1103 α
2973 1054 3164 1109 Verba
3212 1070 3343 1109 mea
3391 1055 3636 1111 auribus

1990 1139 2242 1210 percipe,
2277 1140 2554 1207 Domine;
2595 1164 2615 1190 ι
2652 1141 2753 1213 qui
2786 1142 3057 1198 irascitur
3086 1147 3142 1197 et
3172 1142 3489 1213 maledicit,
3515 1161 3630 1200 non

1988 1231 2076 1281 est
2123 1244 2304 1282 ausus
2353 1229 2587 1283 dicere:
2642 1257 2664 1275 ιι
2700 1230 2890 1286 Verba
2935 1249 3064 1286 mea
3108 1231 3348 1287 auribus
3382 1233 3633 1305 percipe,

1993 1316 2269 1383 Domine;
2309 1340 2329 1366 ι
2389 1318 2489 1372 sed
2530 1325 2693 1390 optat
2722 1324 2787 1373 ut
2816 1320 2970 1374 Deus
3002 1319 3235 1376 claudat
3267 1338 3440 1376 aures
3471 1339 3632 1378 suas.

1988 1430 2013 1453 ‹‹
2056 1405 2310 1477 intelligo
2342 1406 2657 1462 clamorem
2692 1425 2909 1475 meum,
2938 1432 2964 1458 ››
2997 1414 3105 1463 etc.
3130 1408 3361 1465 Clamor
3394 1409 3452 1464 in
3484 1411 3639 1465 Scri-

1986 1496 2175 1564 pturis
2224 1511 2334 1549 non
2367 1497 2542 1562 vocis,
2578 1497 2678 1552 sed
2712 1498 2903 1552 cordis
2934 1501 3041 1552 est.
3077 1498 3335 1569 Denique
3367 1499 3439 1553 ad
3471 1500 3631 1571 Moy-

1984 1600 2088 1637 sen
2139 1583 2350 1637 dicitur
2384 1602 2395 1639 :
2446 1585 2593 1654 Quid
2621 1586 2826 1640 clamas
2861 1585 2937 1641 ad
2978 1602 3068 1640 me
3110 1586 3308 1657 (Exod.
3341 1604 3457 1653 xiv,
3492 1588 3631 1657 15)?

1983 1689 2117 1727 cum
2165 1676 2388 1745 Moyses
2436 1678 2569 1728 ante
2620 1691 2735 1728 non
2784 1673 3112 1730 clamasset.
3145 1676 3392 1746 Intelligo
3419 1677 3627 1731 clamo-

1981 1779 2102 1816 rem
2152 1779 2351 1817 meum.
2411 1763 2479 1817 Et
2528 1763 2887 1834 Apostolus:
2940 1763 3247 1819 Clamantes
3284 1766 3347 1819 in
3373 1766 3627 1821 cordibus

1900 1873 1947 1936 Β
1978 1852 2201 1917 nostris,
2256 1850 2395 1905 abba
2436 1859 2592 1921 pater
2642 1852 2841 1920 (Galat.
2891 1869 2967 1921 ιν,
2998 1854 3073 1923 6).
3124 1852 3331 1924 Utique
3371 1854 3472 1926 qui
3503 1854 3626 1909 cla-

1980 1944 2121 1997 mat.
2157 1956 2268 1994 non
2322 1940 2378 1993 in
2428 1941 2601 1995 corde
2648 1940 2879 2005 clamat,
2913 1942 3014 1995 sed
3056 1943 3113 1996 in
3154 1941 3356 2013 lingua
3385 1942 3619 1998 clamat.

1979 2028 2046 2082 Et
2074 2029 2364 2098 quomodo
2397 2028 2539 2083 dicit
2571 2029 2902 2101 Apostolus,
2936 2031 3230 2085 clamantes
3270 2033 3326 2084 in
3369 2032 3624 2085 cordibus

1976 2118 2180 2171 nostris
2235 2116 2473 2187 (Ibid)?
2520 2118 2759 2181 Quando
2807 2117 2987 2190 igitur
3023 2118 3277 2190 gemitus
3318 2125 3532 2183 noster,
3566 2124 3624 2175 et

1979 2205 2335 2260 conscientia
2384 2207 2747 2277 deprecatur,
2779 2206 2958 2261 istum
3003 2207 3316 2263 clamorem
3351 2207 3623 2279 intelligit

1982 2296 2149 2349 Deus.
2184 2294 2346 2348 Unde
2394 2295 2536 2350 dicit
2581 2301 2637 2351 et
2682 2296 2963 2351 Jeremias
2999 2314 3011 2351 :
3066 2298 3183 2351 Non
3219 2296 3377 2353 sileat
3401 2297 3622 2368 pupilla

1976 2384 2124 2437 oculi
2151 2384 2261 2438 mei
2288 2384 2503 2454 (Thren.
2540 2402 2599 2449 ιι,
2636 2386 2741 2455 18).
2775 2384 2977 2439 Videte
3008 2384 3148 2455 quid
3182 2385 3337 2440 dicat
3373 2404 3385 2440 :
3434 2409 3460 2435 «
3493 2386 3620 2441 Non

1976 2475 2164 2525 taceat
2210 2472 2430 2543 pupilla
2481 2472 2633 2527 oculi
2684 2473 2794 2528 mei
2824 2491 2836 2535 ;
2870 2496 2897 2522 ››
2949 2478 3006 2528 et
3052 2473 3369 2545 aliquando
3400 2473 3623 2545 pupilla

1977 2558 2126 2613 oculi
2176 2559 2391 2615 clamat
2435 2561 2505 2615 ad
2556 2560 2760 2615 Deum.
2796 2561 3007 2633 Utique
3055 2561 3104 2616 si
3154 2560 3389 2627 clamat,
3420 2561 3622 2635 lingua

1974 2646 2207 2713 clamat,
2234 2665 2345 2703 non
2381 2649 2602 2720 pupilla
2632 2650 2805 2706 Oculi.
2830 2651 2939 2705 Sed
2975 2651 3268 2721 quomodo
3293 2650 3620 2706 clamamus

1972 2736 2030 2790 in
2065 2737 2340 2793 cordibus
2373 2738 2609 2802 nostris,
2634 2739 2868 2809 quando
2894 2755 3027 2793 cum
3061 2739 3281 2810 gemitu
3306 2740 3617 2794 Dominum

1973 2824 2389 2895 deprecamur:
2423 2826 2505 2880 sic
2537 2826 2771 2896 quando
2800 2825 3091 2897 lacrymas
3120 2827 3190 2880 ad
3214 2826 3399 2881 Deum
3429 2827 3619 2881 fundi-

1971 2927 2126 2977 mus,
2158 2929 2225 2968 eo
2276 2919 2536 2985 tempore
2585 2913 2807 2985 pupilla
2855 2914 3007 2969 oculi
3058 2914 3244 2969 nostri
3292 2914 3508 2970 clamat
3546 2916 3618 2970 ad

1973 3001 2299 3055 Dominum.
2353 3024 2381 3050 ‹‹
2416 3002 2534 3056 Rex
2563 3019 2751 3069 meus,
2784 3006 2844 3057 et
2873 3006 3023 3058 Deus
3052 3019 3237 3057 meus.
3276 3024 3304 3051 »
3353 3001 3456 3058 Ille
3486 3019 3616 3058 vere

1971 3105 2153 3143 ausus
2183 3093 2272 3143 est
2301 3090 2513 3155 dicere,
2553 3109 2574 3138 «
2609 3091 2725 3146 Rex
2755 3107 2921 3145 meus
2952 3096 3009 3145 et
3039 3091 3193 3145 Deus
3226 3107 3412 3161 meus,
3447 3113 3475 3140 »
3521 3092 3615 3146 cui

1971 3193 2087 3231 non
2149 3183 2352 3249 regnat
2406 3183 2711 3249 peccatum
2760 3178 2820 3233 in
2872 3178 3103 3234 mortali
3154 3196 3393 3251 corpore
3442 3180 3616 3251 (Rom.

200 3273 423 3340 pretes,
454 3240 843 3341 Symmachus
874 3273 931 3322 et
957 3267 1293 3335 Theodotio,
1326 3240 1635 3337 diiipsalmu
1661 3271 1851 3321 trans-
1890 3240 1932 3306 Ο
1970 3283 2044 3333 γι,
2084 3267 2190 3333 16).
2213 3240 2272 3316 νε
2311 3240 2425 3322 Rex
2472 3283 2639 3323 meus
2669 3273 2726 3323 et
2755 3269 2910 3323 Deus
2942 3285 3128 3335 meus,
3165 3291 3193 3317 »
3242 3240 3380 3341 quia
3410 3240 3619 3341 regnas

201 3356 493 3412 tulerunt.
525 3356 740 3429 Aquila
768 3374 923 3422 vero,
954 3372 1212 3427 semper;
1251 3362 1309 3410 et
1343 3362 1481 3427 puto
1512 3362 1613 3411 aut
1644 3355 1853 3410 musici

199 3446 513 3516 cujusdam
564 3447 693 3535 δορί
735 3463 862 3502 esse
900 3444 1293 3517 signaculum,
1327 3450 1430 3499 aut
1460 3451 1614 3499 certe
1644 3461 1851 3516 perpe-

197 3535 474 3589 tuitatem
531 3534 732 3590 eorum
783 3552 909 3607 quae
960 3534 1237 3606 praedicta
1284 3540 1444 3598 sunt,
1490 3534 1755 3598 indicari,
1794 3538 1862 3587 ut~

198 3624 542 3695 ubicunque
593 3641 747 3693 seu,
794 3624 902 3679 hoc
952 3630 1061 3690 est,
1106 3622 1436 3694 diapsa/ma,
1473 3622 1613 3689 sive,
1645 3638 1857 3691 semper

202 3713 541 3784 apponitur,
591 3713 669 3767 ibi
721 3713 980 3767 sciamus
1029 3728 1142 3767 non
1192 3716 1422 3766 tantum
1473 3711 1545 3764 ad
1599 3726 1855 3781 praesens

204 3806 467 3873 tempus,
510 3817 710 3857 verum
765 3802 835 3856 ad
889 3806 1190 3867 aeternum,
1231 3799 1316 3854 vel
1350 3816 1474 3870 quae
1506 3803 1852 3869 sequuntur,

205 3890 297 3944 vel
328 3907 456 3961 quae
489 3890 912 3963 praecesserint,
946 3889 1252 3960 pertinere.

283 4002 309 4027 ‹‹
345 3981 482 4044 Quae
514 3978 709 4034 dicitis
739 3979 799 4033 in
831 3979 1110 4034 cordibus
1140 3977 1366 4043 vestris,
1389 3982 1445 4030 et
1476 3977 1532 4030 in
1565 3976 1857 4031 cubilibus

204 4068 423 4123 vestris
472 4067 961 4141 compungimint.
998 4091 1023 4115 ››
1084 4067 1246 4131 Quod
1298 4066 1352 4119 in
1405 4066 1498 4120 die
1549 4064 1857 4137 cogitando

204 4157 487 4230 peccatis,
524 4163 691 4212 nocte
722 4156 948 4228 expiate
982 4172 1081 4227 per
1124 4155 1428 4227 lacrymas.

280 4268 308 4295 ‹‹
344 4246 679 4301 Sacriﬁcate
725 4245 1079 4301 sacriﬁcium
1135 4242 1390 4314 iustitiae,
1424 4248 1481 4298 et
1521 4246 1749 4315 sperate
1798 4241 1857 4295 in

202 4334 480 4390 Domino.
510 4354 537 4385 η
591 4333 950 4398 Sacriﬁcium
986 4339 1096 4388 Deo
1128 4332 1429 4387 immolate
1458 4331 1770 4401 justitiam,
1802 4333 1861 4385 et

202 4428 635 4495 consequenter
664 4422 978 4496 sperabitis
1008 4422 1067 4477 in
1100 4421 1365 4477 Domino.

281 4536 309 4562 «
344 4513 655 4587 Signatum
689 4518 777 4568 est
808 4527 986 4584 super
1016 4527 1124 4566 nos
1154 4510 1353 4565 lumen
1387 4508 1582 4563 vultus
1613 4507 1718 4577 tui,
1748 4507 1856 4562 Do-

1967 3354 2025 3409 in
2061 3372 2173 3423 me,
2208 3361 2264 3410 et
2301 3372 2415 3410 non
2466 3362 2671 3426 regnat
2723 3363 3065 3429 peccatum;
3117 3362 3420 3429 propterea
3473 3358 3621 3413 Deus

1965 3460 2133 3498 meus
2164 3461 2246 3498 es.
2281 3445 2366 3499 'l‘u
2407 3462 2468 3499 es
2507 3445 2661 3500 Deus
2710 3463 2895 3512 meus,
2924 3447 3063 3517 quia
3110 3463 3226 3500 non
3281 3451 3372 3501 est
3414 3451 3615 3501 venter

1968 3536 2117 3587 Deus
2152 3549 2316 3587 meus
2343 3550 2356 3594 ;
2400 3532 2535 3604 quia
2567 3550 2681 3588 non
2713 3539 2801 3589 est
2830 3551 3039 3589 aurum
3071 3533 3223 3589 Deus
3255 3551 3443 3602 meus,
3478 3534 3616 3605 quia

1966 3638 2081 3675 non
2134 3626 2223 3676 est
2272 3621 2451 3675 libido
2493 3627 2641 3677 Deus
2680 3639 2863 3677 meus.
2899 3624 3185 3686 Quoniam
3222 3627 3279 3677 tu
3315 3623 3499 3678 virtus
3529 3640 3612 3693 es,

1966 3715 2023 3764 et
2052 3726 2158 3782 ego
2190 3710 2359 3781 cupio
2388 3710 2602 3766 habere
2631 3711 2898 3779 virtutes,
2933 3717 3236 3783 propterea
3266 3716 3328 3766 tu
3361 3729 3423 3767 es
3455 3712 3609 3767 Deus

1968 3815 2159 3860 meus.
2190 3798 2298 3854 hoc
2330 3804 2418 3854 est
2448 3799 2630 3855 virtus
2664 3817 2811 3855 mea.

2047 3908 2067 3936 ι
2100 3888 2268 3942 Mane
2300 3888 2575 3943 exaudies
2604 3905 2800 3945 vocem
2846 3906 3060 3944 meam.
3096 3912 3123 3938 ιι
3174 3888 3422 3951 Quidam
3474 3888 3614 3942 sim-

1967 3976 2179 4047 plicius
2227 3976 2705 4047 interpretantur,
2755 3977 2862 4032 hoc
2910 3982 3018 4046 est,
3060 3992 3307 4048 exsurgo
3358 3974 3616 4031 diluculo

1969 4065 2037 4119 ad
2072 4066 2382 4131 orandum,
2415 4071 2471 4120 et
2500 4066 2779 4137 deprecor
2809 4070 2884 4122 te.
2922 4066 2985 4120 Et
3015 4081 3143 4136 quae
3174 4069 3262 4120 est
3293 4064 3407 4118 ista
3439 4064 3615 4119 inter-

1971 4154 2238 4225 pretatio,
2271 4172 2388 4225 qua
2436 4154 2666 4217 dicitur,
2717 4170 2888 4208 mane
2937 4170 3042 4207 nos
3095 4152 3349 4217 exaudit,
3380 4167 3617 4223 vespere

1968 4260 2084 4297 non
2114 4243 2369 4305 exaudit,
2406 4243 2596 4296 media
2628 4247 2792 4296 nocte
2824 4258 2939 4296 non
2974 4240 3228 4295 exaudit.
3263 4241 3373 4295 Sed
3424 4240 3619 4295 videte

1970 4331 2109 4402 quid
2140 4332 2295 4386 dicat
2330 4347 2342 4385 :
2385 4330 2649 4395 Quandiu
2688 4330 2745 4383 in
2778 4330 3035 4384 tenebris
3068 4328 3280 4385 erroris
3312 4345 3466 4395 sum,
3502 4345 3618 4383 non

1971 4437 2063 4475 me
2110 4419 2363 4474 exaudit.
2397 4419 2639 4481 Quando
2688 4434 2820 4472 vero
2870 4417 2957 4473 sol
2999 4417 3245 4488 justitize
3292 4417 3514 4472 venerit
3558 4417 3618 4471 in

1970 4508 2142 4563 corde
2197 4523 2345 4570 meo,
2392 4512 2531 4560 tunc
2585 4521 2677 4560 me
2737 4505 2991 4560 exaudit.
3053 4528 3081 4555 ‹‹
3125 4506 3294 4561 Mane
3341 4504 3620 4559 exaudies

206 4603 394 4669 mine,
422 4625 449 4651 η
482 4603 543 4657 In
576 4603 747 4673 cujus
778 4601 923 4657 facie
952 4599 1153 4654 lumen
1176 4598 1402 4652 Domini
1429 4597 1725 4668 signatum
1751 4600 1861 4665 est,
1893 4609 1939 4673 Ι)
1969 4613 2167 4651 vocem
2221 4611 2431 4650 meam.
2472 4618 2497 4642 υ
2552 4594 2674 4650 Non
2724 4593 2889 4661 dixit,
2924 4594 3095 4649 tertia
3133 4593 3294 4659 hora,
3328 4609 3443 4647 non
3476 4590 3624 4645 dixit

205 4692 320 4748 iste
376 4692 627 4748 revelata
678 4692 824 4747 facie
878 4690 1123 4763 gloriam
1160 4687 1383 4743 Domini
1435 4684 1863 4756 contemplatur

208 4783 288 4853 (11
331 4781 453 4835 Cor.
509 4799 593 4847 ιιι,
650 4782 760 4852 18).
811 4778 951 4835 Tale
1001 4779 1236 4849 signum
1286 4781 1342 4830 et
1388 4777 1446 4829 in
1500 4773 1860 4846 gementium

209 4870 507 4926 frontibus
558 4870 614 4924 in
669 4869 817 4924 libro
856 4865 1176 4923 Ezechielis
1208 4865 1501 4936 prophetae
1534 4862 1721 4917 notari
1751 4860 1860 4916 Do-

209 4958 413 5015 minus
446 4959 717 5030 praecepit
751 4957 965 5029 (Ezech.
997 4973 1078 5021 ix,
1110 4955 1183 5021 4).

288 5071 315 5097 α
350 5050 393 5102 Α
418 5049 610 5103 fructu
640 5046 942 5113 frumenti,
966 5050 1024 5101 et
1046 5044 1165 5099 vini
1192 5060 1393 5099 eorum
1416 5041 1619 5113 repleti
1648 5045 1806 5095 sunt.
1836 5062 1863 5087 ››

210 5138 275 5193 Id
310 5138 463 5209 quod
500 5138 557 5191 in
592 5135 863 5209 pluribus
896 5134 1197 5191 codicibus
1228 5130 1543 5197 invenitur,
1573 5139 1625 5184 et
1650 5131 1755 5185 olei
1782 5144 1866 5184 eo-

209 5244 360 5293 rum,
395 5243 527 5282 cum
579 5229 877 5282 vetustum
927 5223 1193 5296 Origenis
1236 5220 1565 5292 exemplum
1600 5217 1862 5273 Psalterii

210 5316 593 5382 revolverem,
626 5315 783 5387 quod
815 5314 1001 5386 ipsius
1033 5328 1210 5367 manu
1250 5312 1436 5365 fuerat
1466 5308 1864 5376 emendatum,

214 5420 325 5460 nec
378 5405 434 5458 in
488 5404 748 5469 Hebrzeo,
800 5418 905 5458 nec
954 5402 1014 5457 in
1064 5399 1286 5457 cmteris
1334 5396 1711 5465 editionibus,
1765 5411 1867 5449 nec

216 5493 376 5565 apud
414 5493 572 5565 ipsos
603 5490 986 5563 Septuaginta
1016 5489 1364 5560 lnterpretes
1410 5485 1616 5557 reperi.

823 5577 1159 5634 PSALMUS
1206 5576 1273 5631 V.

225 5671 286 5726 In
306 5670 475 5739 linem
495 5686 593 5741 pro
616 5686 682 5725 ea
702 5685 821 5742 quae
840 5666 1217 5726 haereditatem
1237 5663 1603 5736 consequitur,
1622 5662 1871 5716 Psalmns

1973 4690 2132 4741 sexta
2163 4685 2324 4745 hora.
2359 4701 2472 4738 non
2505 4683 2651 4738 dixit
2684 4682 2854 4754 plena
2884 4682 3011 4737 luce
3044 4700 3056 4738 :
3112 4682 3212 4737 sed
3257 4681 3446 4736 videte
3478 4679 3619 4751 quid

1974 4773 2174 4829 dicat:
2226 4774 2399 4841 Mane,
2434 4772 2633 4826 statim
2686 4776 2751 4825 ut
2800 4772 3050 4826 tenebra:
3096 4771 3296 4841 fugere
3326 4767 3623 4839 caeperint,

1972 4862 2213 4918 exaudis
2247 4878 2259 4915 :
2297 4861 2494 4916 statim
2533 4861 2590 4914 in
2624 4859 2913 4931 principio
2941 4858 3077 4913 boni
3108 4858 3301 4930 operis
3334 4873 3425 4911 me
3455 4872 3629 4911 exau-

1974 4952 2085 5019 dis,
2110 4967 2225 5005 non
2248 4950 2462 5021 quaeris
2496 4950 2690 5004 finem.
2724 4948 2822 5002 Est
2843 4948 2998 5002 enim
3034 4963 3229 5002 meum
3262 4944 3430 5013 velle,
3455 4950 3624 4999 tuum

1975 5040 2268 5111 perﬁcere.
2328 5060 2356 5088 «
2388 5038 2555 5092 Mane
2599 5036 2804 5091 astabo
2846 5035 2970 5090 tibi.
3009 5058 3037 5083 ››
3086 5035 3289 5090 Videte
3336 5033 3627 5098 ordinem,

1978 5144 2165 5197 mane,
2201 5144 2314 5182 non
2369 5141 2625 5197 vespere,
2675 5140 2789 5179 non
2842 5124 2897 5177 in
2949 5124 3227 5191 tenebris,
3277 5123 3379 5178 sed
3431 5136 3624 5177 mane.

1977 5240 2004 5267 ‹‹
2038 5216 2204 5271 Mane
2236 5216 2437 5270 astabo
2468 5213 2572 5267 tibi
2603 5230 2615 5278 ;
2654 5235 2679 5260 ››
2734 5212 2901 5266 stabo
2954 5216 3308 5281 constanter,
3343 5214 3401 5265 et
3430 5209 3625 5263 imita-

1976 5307 2082 5359 bor
2104 5304 2356 5374 Moysen.
2392 5326 2417 5350 ‹‹
2447 5302 2614 5356 Mane
2646 5302 2850 5356 astabo
2882 5299 2987 5355 tibi
3013 5326 3026 5367 ;
3051 5324 3078 5349 ι.
3117 5300 3222 5355 tibi
3256 5299 3483 5363 astabo,
3510 5314 3627 5351 non

1978 5393 2127 5449 aliis.
2161 5392 2304 5447 Cum
2356 5395 2549 5445 autem
2606 5407 2776 5444 mane
2828 5389 3024 5457 fuerit,
3058 5393 3115 5443 et
3163 5393 3399 5455 stetero,
3432 5391 3490 5442 et
3518 5385 3627 5440 tibi

1979 5487 2213 5546 stetero,
2257 5486 2397 5533 tunc
2456 5479 2725 5533 merebor
2784 5484 2837 5533 te
2894 5477 3105 5533 videre.
3155 5500 3182 5528 ‹‹
3215 5478 3285 5532 Et
3336 5474 3625 5531 videbo.»

1980 5570 2361 5636 Subauditur,
2395 5573 2451 5622 te
2498 5566 2725 5631 videbo,
2759 5565 2928 5621 multi
2980 5566 3130 5622 male
3179 5566 3402 5637 legunt,
3433 5567 3492 5618 et
3538 5561 3625 5616 di-

1986 5665 2145 5729 cunt,
2177 5656 2265 5710 καὶ
2316 5656 2503 5727 ἐπόψει
2557 5672 2668 5726 μεε
2727 5656 2826 5711 sed
2878 5657 3134 5711 sciamus
3178 5669 3432 5711 errorem
3463 5665 3628 5720 esse;
