  <div class='ocr_page' id='page_1' title='image "/cluster/home/n/w/nwhite01/storage/ocr_20150623/26/hvd.32044052772472/467.png"; bbox 0 0 3964 6190; ppageno 0'>
   <div class='ocr_carea' id='block_1_1' title="bbox 478 386 600 445">
    <p class='ocr_par' dir='ltr' id='par_1_1' title="bbox 478 386 600 445">
     <span class='ocr_line' id='line_1_1' title="bbox 478 386 600 445; baseline 0.008 -1"><span class='ocrx_word' id='word_1_1' title='bbox 478 386 600 445; x_wconf 87' lang='grc'>879</span> 
     </span>
    </p>
   </div>
   <div class='ocr_carea' id='block_1_2' title="bbox 1977 382 2397 443">
    <p class='ocr_par' dir='ltr' id='par_1_2' title="bbox 1977 382 2397 443">
     <span class='ocr_line' id='line_1_2' title="bbox 1977 382 2397 443; baseline -0.002 0"><span class='ocrx_word' id='word_1_2' title='bbox 1977 382 2397 443; x_wconf 84' lang='grc' dir='ltr'>ΑΡΡΕΝΠΙΧ.</span> 
     </span>
    </p>
   </div>
   <div class='ocr_carea' id='block_1_3' title="bbox 3691 388 3773 448">
    <p class='ocr_par' dir='ltr' id='par_1_3' title="bbox 3691 388 3773 448">
     <span class='ocr_line' id='line_1_3' title="bbox 3691 388 3773 448; baseline 0 0"><span class='ocrx_word' id='word_1_3' title='bbox 3691 388 3773 448; x_wconf 64' lang='lat'>8&amp;3</span> 
     </span>
    </p>
   </div>
   <div class='ocr_carea' id='block_1_4' title="bbox 477 513 3777 589">
    <p class='ocr_par' dir='ltr' id='par_1_4' title="bbox 477 513 3777 589">
     <span class='ocr_line' id='line_1_4' title="bbox 477 513 3777 589; baseline 0 -17"><span class='ocrx_word' id='word_1_4' title='bbox 477 517 561 573; x_wconf 88' lang='lat' dir='ltr'>sic</span> <span class='ocrx_word' id='word_1_5' title='bbox 606 515 840 583; x_wconf 89' lang='lat' dir='ltr'>dicitur,</span> <span class='ocrx_word' id='word_1_6' title='bbox 875 514 964 567; x_wconf 82' lang='grc' dir='ltr'>καὶ</span> <span class='ocrx_word' id='word_1_7' title='bbox 1016 513 1309 587; x_wconf 70' lang='grc' dir='ltr'>επόψομαι,</span> <span class='ocrx_word' id='word_1_8' title='bbox 1361 516 1469 571; x_wconf 91' lang='lat' dir='ltr'>hoc</span> <span class='ocrx_word' id='word_1_9' title='bbox 1518 520 1625 577; x_wconf 87' lang='lat' dir='ltr'>est,</span> <span class='ocrx_word' id='word_1_10' title='bbox 1676 516 1887 585; x_wconf 77' lang='lat' dir='ltr'>videbo,</span> <span class='ocrx_word' id='word_1_11' title='bbox 1942 520 2004 570; x_wconf 91' lang='lat' dir='ltr'>ut</span> <span class='ocrx_word' id='word_1_12' title='bbox 2051 515 2128 570; x_wconf 99' lang='lat' dir='ltr'>sit</span> <span class='ocrx_word' id='word_1_13' title='bbox 2156 516 2211 581; x_wconf 81' lang='grc' dir='ltr'><strong>Α</strong></span> <span class='ocrx_word' id='word_1_14' title='bbox 2243 516 2347 578; x_wconf 90' lang='lat' dir='ltr'>mi,</span> <span class='ocrx_word' id='word_1_15' title='bbox 2382 521 2439 571; x_wconf 91' lang='lat' dir='ltr'>et</span> <span class='ocrx_word' id='word_1_16' title='bbox 2488 534 2556 572; x_wconf 85' lang='lat' dir='ltr'>ex</span> <span class='ocrx_word' id='word_1_17' title='bbox 2606 516 2730 587; x_wconf 87' lang='lat' dir='ltr'>ipso</span> <span class='ocrx_word' id='word_1_18' title='bbox 2780 514 2981 570; x_wconf 78' lang='lat' dir='ltr'>ordine</span> <span class='ocrx_word' id='word_1_19' title='bbox 3025 513 3347 586; x_wconf 84' lang='lat' dir='ltr'>intelligere</span> <span class='ocrx_word' id='word_1_20' title='bbox 3377 530 3660 585; x_wconf 87' lang='lat' dir='ltr'>possumus,</span> <span class='ocrx_word' id='word_1_21' title='bbox 3684 520 3777 589; x_wconf 81' lang='lat' dir='ltr'>quia</span> 
     </span>
    </p>
   </div>
   <div class='ocr_carea' id='block_1_5' title="bbox 480 604 2125 677">
    <p class='ocr_par' dir='ltr' id='par_1_5' title="bbox 480 604 2125 677">
     <span class='ocr_line' id='line_1_5' title="bbox 480 604 2125 677; baseline -0.001 -17"><span class='ocrx_word' id='word_1_22' title='bbox 480 606 619 661; x_wconf 84' lang='lat' dir='ltr'>ordo</span> <span class='ocrx_word' id='word_1_23' title='bbox 670 622 845 677; x_wconf 83' lang='lat' dir='ltr'>quem</span> <span class='ocrx_word' id='word_1_24' title='bbox 897 604 1175 670; x_wconf 81' lang='lat' dir='ltr'>diximus,</span> <span class='ocrx_word' id='word_1_25' title='bbox 1207 606 1519 677; x_wconf 87' lang='lat' dir='ltr'>incipiente</span> <span class='ocrx_word' id='word_1_26' title='bbox 1566 605 1694 660; x_wconf 91' lang='lat' dir='ltr'>luce</span> <span class='ocrx_word' id='word_1_27' title='bbox 1740 605 2025 659; x_wconf 82' lang='lat' dir='ltr'>virtutum</span> <span class='ocrx_word' id='word_1_28' title='bbox 2068 604 2125 659; x_wconf 89' lang='lat' dir='ltr'>in</span> 
     </span>
    </p>
   </div>
   <div class='ocr_carea' id='block_1_6' title="bbox 482 693 2127 764">
    <p class='ocr_par' dir='ltr' id='par_1_6' title="bbox 482 693 2127 764">
     <span class='ocr_line' id='line_1_6' title="bbox 482 693 2127 764; baseline -0.001 -15"><span class='ocrx_word' id='word_1_29' title='bbox 482 693 679 749; x_wconf 86' lang='lat' dir='ltr'>anima</span> <span class='ocrx_word' id='word_1_30' title='bbox 710 710 860 758; x_wconf 89' lang='lat' dir='ltr'>mea,</span> <span class='ocrx_word' id='word_1_31' title='bbox 893 694 1125 764; x_wconf 82' lang='lat' dir='ltr'>quando</span> <span class='ocrx_word' id='word_1_32' title='bbox 1158 697 1312 749; x_wconf 90' lang='lat' dir='ltr'>stare</span> <span class='ocrx_word' id='word_1_33' title='bbox 1347 694 1451 747; x_wconf 85' lang='lat' dir='ltr'>tibi</span> <span class='ocrx_word' id='word_1_34' title='bbox 1483 710 1721 764; x_wconf 72' lang='lat' dir='ltr'>cmpero,</span> <span class='ocrx_word' id='word_1_35' title='bbox 1756 710 1869 747; x_wconf 90' lang='lat' dir='ltr'>non</span> <span class='ocrx_word' id='word_1_36' title='bbox 1904 695 2127 759; x_wconf 88' lang='lat' dir='ltr'>sedere,</span> 
     </span>
    </p>
   </div>
   <div class='ocr_carea' id='block_1_7' title="bbox 482 770 2131 853">
    <p class='ocr_par' dir='ltr' id='par_1_7' title="bbox 482 770 2131 853">
     <span class='ocr_line' id='line_1_7' title="bbox 482 770 2131 853; baseline -0.001 -16"><span class='ocrx_word' id='word_1_37' title='bbox 482 800 599 837; x_wconf 86' lang='lat' dir='ltr'>non</span> <span class='ocrx_word' id='word_1_38' title='bbox 622 784 839 852; x_wconf 78' lang='lat' dir='ltr'>jacere,</span> <span class='ocrx_word' id='word_1_39' title='bbox 874 783 975 837; x_wconf 90' lang='lat' dir='ltr'>sed</span> <span class='ocrx_word' id='word_1_40' title='bbox 1010 786 1201 848; x_wconf 89' lang='lat' dir='ltr'>stare;</span> <span class='ocrx_word' id='word_1_41' title='bbox 1235 794 1292 836; x_wconf 87' lang='lat' dir='ltr'>et</span> <span class='ocrx_word' id='word_1_42' title='bbox 1320 770 1543 837; x_wconf 81' lang='lat' dir='ltr'>statues</span> <span class='ocrx_word' id='word_1_43' title='bbox 1573 799 1753 853; x_wconf 81' lang='lat' dir='ltr'>supra</span> <span class='ocrx_word' id='word_1_44' title='bbox 1782 787 2006 853; x_wconf 83' lang='lat' dir='ltr'>petram</span> <span class='ocrx_word' id='word_1_45' title='bbox 2040 799 2131 853; x_wconf 89' lang='lat' dir='ltr'>pc-</span> 
     </span>
    </p>
   </div>
   <div class='ocr_carea' id='block_1_8' title="bbox 484 870 2130 943">
    <p class='ocr_par' dir='ltr' id='par_1_8' title="bbox 484 870 2130 943">
     <span class='ocr_line' id='line_1_8' title="bbox 484 870 2130 943; baseline -0.002 -16"><span class='ocrx_word' id='word_1_46' title='bbox 484 873 588 927; x_wconf 87' lang='lat' dir='ltr'>des</span> <span class='ocrx_word' id='word_1_47' title='bbox 642 888 801 927; x_wconf 88' lang='lat' dir='ltr'>meos</span> <span class='ocrx_word' id='word_1_48' title='bbox 847 870 1252 941; x_wconf 77' lang='lat' dir='ltr'>(Psal.xxx1x,</span> <span class='ocrx_word' id='word_1_49' title='bbox 1286 872 1361 939; x_wconf 87' lang='lat'>3),</span> <span class='ocrx_word' id='word_1_50' title='bbox 1412 877 1551 926; x_wconf 87' lang='lat' dir='ltr'>tunc</span> <span class='ocrx_word' id='word_1_51' title='bbox 1597 888 1695 941; x_wconf 89' lang='lat' dir='ltr'>per</span> <span class='ocrx_word' id='word_1_52' title='bbox 1740 872 1883 926; x_wconf 86' lang='lat' dir='ltr'>istos</span> <span class='ocrx_word' id='word_1_53' title='bbox 1914 872 2130 943; x_wconf 90' lang='lat' dir='ltr'>gradus</span> 
     </span>
    </p>
   </div>
   <div class='ocr_carea' id='block_1_9' title="bbox 487 960 2131 1026">
    <p class='ocr_par' dir='ltr' id='par_1_9' title="bbox 487 960 2131 1026">
     <span class='ocr_line' id='line_1_9' title="bbox 487 960 2131 1026; baseline -0.001 -11"><span class='ocrx_word' id='word_1_54' title='bbox 487 961 754 1016; x_wconf 88' lang='lat' dir='ltr'>merebor</span> <span class='ocrx_word' id='word_1_55' title='bbox 810 966 864 1015; x_wconf 86' lang='lat' dir='ltr'>te</span> <span class='ocrx_word' id='word_1_56' title='bbox 919 961 1132 1016; x_wconf 89' lang='lat' dir='ltr'>videre.</span> <span class='ocrx_word' id='word_1_57' title='bbox 1187 984 1213 1010; x_wconf 93' lang='grc'>‹‹</span> <span class='ocrx_word' id='word_1_58' title='bbox 1250 961 1534 1026; x_wconf 81' lang='lat' dir='ltr'>Quoniam</span> <span class='ocrx_word' id='word_1_59' title='bbox 1593 965 1655 1014; x_wconf 90' lang='lat' dir='ltr'>tu</span> <span class='ocrx_word' id='word_1_60' title='bbox 1704 977 1764 1015; x_wconf 89' lang='lat' dir='ltr'>cs</span> <span class='ocrx_word' id='word_1_61' title='bbox 1814 960 1967 1015; x_wconf 89' lang='lat' dir='ltr'>Deus</span> <span class='ocrx_word' id='word_1_62' title='bbox 2016 977 2131 1015; x_wconf 89' lang='lat' dir='ltr'>non</span> 
     </span>
    </p>
   </div>
   <div class='ocr_carea' id='block_1_10' title="bbox 488 1048 2131 1120">
    <p class='ocr_par' dir='ltr' id='par_1_10' title="bbox 488 1048 2131 1120">
     <span class='ocr_line' id='line_1_10' title="bbox 488 1048 2131 1120; baseline 0 -16"><span class='ocrx_word' id='word_1_63' title='bbox 488 1048 683 1104; x_wconf 85' lang='lat' dir='ltr'>volens</span> <span class='ocrx_word' id='word_1_64' title='bbox 728 1049 1119 1120; x_wconf 83' lang='lat' dir='ltr'>iniquitatem.</span> <span class='ocrx_word' id='word_1_65' title='bbox 1157 1073 1183 1099; x_wconf 86' lang='grc'>››</span> <span class='ocrx_word' id='word_1_66' title='bbox 1235 1050 1543 1120; x_wconf 81' lang='lat' dir='ltr'>Propterea</span> <span class='ocrx_word' id='word_1_67' title='bbox 1585 1066 1701 1104; x_wconf 88' lang='lat' dir='ltr'>non</span> <span class='ocrx_word' id='word_1_68' title='bbox 1734 1066 1826 1103; x_wconf 92' lang='lat' dir='ltr'>me</span> <span class='ocrx_word' id='word_1_69' title='bbox 1856 1049 2131 1104; x_wconf 82' lang='lat' dir='ltr'>exaudies</span> 
     </span>
    </p>
   </div>
   <div class='ocr_carea' id='block_1_11' title="bbox 486 1138 2133 1210">
    <p class='ocr_par' dir='ltr' id='par_1_11' title="bbox 486 1138 2133 1210">
     <span class='ocr_line' id='line_1_11' title="bbox 486 1138 2133 1210; baseline -0.001 -17"><span class='ocrx_word' id='word_1_70' title='bbox 486 1138 659 1210; x_wconf 89' lang='lat' dir='ltr'>plena</span> <span class='ocrx_word' id='word_1_71' title='bbox 687 1139 833 1207; x_wconf 91' lang='lat' dir='ltr'>luce,</span> <span class='ocrx_word' id='word_1_72' title='bbox 869 1140 968 1193; x_wconf 91' lang='lat' dir='ltr'>sed</span> <span class='ocrx_word' id='word_1_73' title='bbox 1004 1157 1194 1209; x_wconf 89' lang='lat' dir='ltr'>mane,</span> <span class='ocrx_word' id='word_1_74' title='bbox 1230 1139 1508 1210; x_wconf 87' lang='lat' dir='ltr'>quoniam</span> <span class='ocrx_word' id='word_1_75' title='bbox 1543 1156 1653 1193; x_wconf 89' lang='lat' dir='ltr'>non</span> <span class='ocrx_word' id='word_1_76' title='bbox 1688 1139 1797 1207; x_wconf 88' lang='lat' dir='ltr'>vis,</span> <span class='ocrx_word' id='word_1_77' title='bbox 1833 1145 1999 1203; x_wconf 90' lang='lat' dir='ltr'>Deus,</span> <span class='ocrx_word' id='word_1_78' title='bbox 2026 1138 2133 1192; x_wconf 90' lang='lat' dir='ltr'>ini-</span> 
     </span>
    </p>
   </div>
   <div class='ocr_carea' id='block_1_12' title="bbox 486 1228 2128 1299">
    <p class='ocr_par' dir='ltr' id='par_1_12' title="bbox 486 1228 2128 1299">
     <span class='ocr_line' id='line_1_12' title="bbox 486 1228 2128 1299; baseline -0.001 -16"><span class='ocrx_word' id='word_1_79' title='bbox 486 1229 791 1299; x_wconf 82' lang='lat' dir='ltr'>quitatem.</span> <span class='ocrx_word' id='word_1_80' title='bbox 814 1228 959 1283; x_wconf 89' lang='lat' dir='ltr'>Cum</span> <span class='ocrx_word' id='word_1_81' title='bbox 987 1228 1141 1282; x_wconf 90' lang='lat' dir='ltr'>enim</span> <span class='ocrx_word' id='word_1_82' title='bbox 1177 1229 1439 1283; x_wconf 84' lang='lat' dir='ltr'>recedere</span> <span class='ocrx_word' id='word_1_83' title='bbox 1462 1244 1684 1298; x_wconf 86' lang='lat' dir='ltr'>coepero</span> <span class='ocrx_word' id='word_1_84' title='bbox 1708 1229 1777 1281; x_wconf 83' lang='lat' dir='ltr'>ab</span> <span class='ocrx_word' id='word_1_85' title='bbox 1803 1228 2128 1298; x_wconf 79' lang='lat' dir='ltr'>iniquitate,</span> 
     </span>
    </p>
   </div>
   <div class='ocr_carea' id='block_1_13' title="bbox 487 1316 1665 1372">
    <p class='ocr_par' dir='ltr' id='par_1_13' title="bbox 487 1316 1665 1372">
     <span class='ocr_line' id='line_1_13' title="bbox 487 1316 1665 1372; baseline -0.002 -1"><span class='ocrx_word' id='word_1_86' title='bbox 487 1316 686 1371; x_wconf 82' lang='lat' dir='ltr'>statim</span> <span class='ocrx_word' id='word_1_87' title='bbox 721 1318 984 1372; x_wconf 85' lang='lat' dir='ltr'>merebor</span> <span class='ocrx_word' id='word_1_88' title='bbox 1012 1317 1441 1372; x_wconf 83' lang='lat' dir='ltr'>exauditionem</span> <span class='ocrx_word' id='word_1_89' title='bbox 1484 1322 1665 1370; x_wconf 89' lang='lat' dir='ltr'>tuam.</span> 
     </span>
    </p>
   </div>
   <div class='ocr_carea' id='block_1_14' title="bbox 568 1404 2131 1475">
    <p class='ocr_par' dir='ltr' id='par_1_14' title="bbox 568 1404 2131 1475">
     <span class='ocr_line' id='line_1_14' title="bbox 568 1404 2131 1475; baseline -0.001 -16"><span class='ocrx_word' id='word_1_90' title='bbox 568 1426 589 1454; x_wconf 79' lang='grc' dir='ltr'>ι</span> <span class='ocrx_word' id='word_1_91' title='bbox 621 1406 818 1475; x_wconf 87' lang='lat' dir='ltr'>Neque</span> <span class='ocrx_word' id='word_1_92' title='bbox 851 1406 1135 1460; x_wconf 83' lang='lat' dir='ltr'>habitabit</span> <span class='ocrx_word' id='word_1_93' title='bbox 1175 1408 1345 1475; x_wconf 82' lang='lat' dir='ltr'>juxta</span> <span class='ocrx_word' id='word_1_94' title='bbox 1374 1410 1429 1459; x_wconf 87' lang='lat' dir='ltr'>te</span> <span class='ocrx_word' id='word_1_95' title='bbox 1461 1404 1773 1475; x_wconf 82' lang='lat' dir='ltr'>malignus.</span> <span class='ocrx_word' id='word_1_96' title='bbox 1812 1428 1839 1453; x_wconf 88' lang='grc'><strong><em>››</em></strong></span> <span class='ocrx_word' id='word_1_97' title='bbox 1890 1405 2131 1467; x_wconf 87' lang='lat' dir='ltr'>Quando</span> 
     </span>
    </p>
   </div>
   <div class='ocr_carea' id='block_1_15' title="bbox 485 1493 2129 1565">
    <p class='ocr_par' dir='ltr' id='par_1_15' title="bbox 485 1493 2129 1565">
     <span class='ocr_line' id='line_1_15' title="bbox 485 1493 2129 1565; baseline -0.001 -16"><span class='ocrx_word' id='word_1_98' title='bbox 485 1493 701 1564; x_wconf 84' lang='lat' dir='ltr'>aliquis</span> <span class='ocrx_word' id='word_1_99' title='bbox 734 1495 949 1549; x_wconf 87' lang='lat' dir='ltr'>recedit</span> <span class='ocrx_word' id='word_1_100' title='bbox 980 1512 1013 1549; x_wconf 91' lang='lat' dir='ltr'>a</span> <span class='ocrx_word' id='word_1_101' title='bbox 1043 1494 1213 1549; x_wconf 81' lang='lat' dir='ltr'>nobis</span> <span class='ocrx_word' id='word_1_102' title='bbox 1245 1494 1343 1565; x_wconf 90' lang='lat' dir='ltr'>qui</span> <span class='ocrx_word' id='word_1_103' title='bbox 1374 1493 1567 1548; x_wconf 87' lang='lat' dir='ltr'>malus</span> <span class='ocrx_word' id='word_1_104' title='bbox 1602 1498 1710 1559; x_wconf 87' lang='lat' dir='ltr'>est,</span> <span class='ocrx_word' id='word_1_105' title='bbox 1744 1493 2129 1563; x_wconf 86' lang='lat' dir='ltr'>gratulemur,</span> 
     </span>
    </p>
   </div>
   <div class='ocr_carea' id='block_1_16' title="bbox 485 1581 2128 1654">
    <p class='ocr_par' dir='ltr' id='par_1_16' title="bbox 485 1581 2128 1654">
     <span class='ocr_line' id='line_1_16' title="bbox 485 1581 2128 1654; baseline -0.001 -17"><span class='ocrx_word' id='word_1_106' title='bbox 485 1583 594 1638; x_wconf 93' lang='lat' dir='ltr'>hoc</span> <span class='ocrx_word' id='word_1_107' title='bbox 626 1584 684 1637; x_wconf 92' lang='lat' dir='ltr'>in</span> <span class='ocrx_word' id='word_1_108' title='bbox 717 1584 885 1638; x_wconf 87' lang='lat' dir='ltr'>nobis</span> <span class='ocrx_word' id='word_1_109' title='bbox 921 1584 983 1637; x_wconf 80' lang='lat' dir='ltr'>fit</span> <span class='ocrx_word' id='word_1_110' title='bbox 1014 1584 1167 1654; x_wconf 89' lang='lat' dir='ltr'>quod</span> <span class='ocrx_word' id='word_1_111' title='bbox 1202 1584 1417 1639; x_wconf 85' lang='lat' dir='ltr'>tactum</span> <span class='ocrx_word' id='word_1_112' title='bbox 1450 1588 1538 1638; x_wconf 86' lang='lat' dir='ltr'>est</span> <span class='ocrx_word' id='word_1_113' title='bbox 1567 1592 1622 1637; x_wconf 86' lang='lat' dir='ltr'>et</span> <span class='ocrx_word' id='word_1_114' title='bbox 1656 1582 1714 1636; x_wconf 92' lang='lat' dir='ltr'>in</span> <span class='ocrx_word' id='word_1_115' title='bbox 1744 1581 2128 1636; x_wconf 81' lang='lat' dir='ltr'>Domino.Vi-</span> 
     </span>
    </p>
   </div>
   <div class='ocr_carea' id='block_1_17' title="bbox 487 1670 2131 1742">
    <p class='ocr_par' dir='ltr' id='par_1_17' title="bbox 487 1670 2131 1742">
     <span class='ocr_line' id='line_1_17' title="bbox 487 1670 2131 1742; baseline -0.001 -17"><span class='ocrx_word' id='word_1_116' title='bbox 487 1672 616 1726; x_wconf 77' lang='lat' dir='ltr'>detn</span> <span class='ocrx_word' id='word_1_117' title='bbox 659 1672 815 1726; x_wconf 90' lang='lat' dir='ltr'>enim</span> <span class='ocrx_word' id='word_1_118' title='bbox 868 1671 1008 1742; x_wconf 90' lang='lat' dir='ltr'>quid</span> <span class='ocrx_word' id='word_1_119' title='bbox 1058 1672 1211 1726; x_wconf 85' lang='lat' dir='ltr'>dicat</span> <span class='ocrx_word' id='word_1_120' title='bbox 1256 1671 1507 1741; x_wconf 86' lang='lat' dir='ltr'>Spiritus</span> <span class='ocrx_word' id='word_1_121' title='bbox 1559 1675 1818 1726; x_wconf 90' lang='lat' dir='ltr'>sanctus.</span> <span class='ocrx_word' id='word_1_122' title='bbox 1874 1693 1901 1721; x_wconf 85' lang='grc'>‹‹</span> <span class='ocrx_word' id='word_1_123' title='bbox 1934 1670 2131 1740; x_wconf 89' lang='lat' dir='ltr'>Neque</span> 
     </span>
    </p>
   </div>
   <div class='ocr_carea' id='block_1_18' title="bbox 487 1757 2130 1829">
    <p class='ocr_par' dir='ltr' id='par_1_18' title="bbox 487 1757 2130 1829">
     <span class='ocr_line' id='line_1_18' title="bbox 487 1757 2130 1829; baseline 0 -17"><span class='ocrx_word' id='word_1_124' title='bbox 487 1758 964 1828; x_wconf 83' lang='lat' dir='ltr'>habitabitjuxta</span> <span class='ocrx_word' id='word_1_125' title='bbox 987 1763 1038 1813; x_wconf 90' lang='lat' dir='ltr'>te</span> <span class='ocrx_word' id='word_1_126' title='bbox 1060 1758 1357 1829; x_wconf 88' lang='lat' dir='ltr'>malignus</span> <span class='ocrx_word' id='word_1_127' title='bbox 1378 1777 1391 1827; x_wconf 91' lang='lat'><strong>;</strong></span> <span class='ocrx_word' id='word_1_128' title='bbox 1412 1782 1438 1807; x_wconf 87' lang='lat'>»</span> <span class='ocrx_word' id='word_1_129' title='bbox 1468 1776 1592 1829; x_wconf 75' lang='lat' dir='ltr'>quae</span> <span class='ocrx_word' id='word_1_130' title='bbox 1626 1758 1780 1813; x_wconf 87' lang='lat' dir='ltr'>enim</span> <span class='ocrx_word' id='word_1_131' title='bbox 1803 1757 2130 1813; x_wconf 84' lang='lat' dir='ltr'>communi-</span> 
     </span>
    </p>
   </div>
   <div class='ocr_carea' id='block_1_19' title="bbox 487 1846 2132 1918">
    <p class='ocr_par' dir='ltr' id='par_1_19' title="bbox 487 1846 2132 1918">
     <span class='ocr_line' id='line_1_19' title="bbox 487 1846 2132 1918; baseline 0.001 -17"><span class='ocrx_word' id='word_1_132' title='bbox 487 1846 634 1901; x_wconf 88' lang='lat' dir='ltr'>catio</span> <span class='ocrx_word' id='word_1_133' title='bbox 679 1846 793 1901; x_wconf 89' lang='lat' dir='ltr'>luci</span> <span class='ocrx_word' id='word_1_134' title='bbox 842 1852 897 1903; x_wconf 89' lang='lat' dir='ltr'>et</span> <span class='ocrx_word' id='word_1_135' title='bbox 944 1848 1247 1904; x_wconf 81' lang='lat' dir='ltr'>tenebris?</span> <span class='ocrx_word' id='word_1_136' title='bbox 1294 1848 1394 1918; x_wconf 91' lang='lat' dir='ltr'>qui</span> <span class='ocrx_word' id='word_1_137' title='bbox 1448 1864 1771 1903; x_wconf 86' lang='lat' dir='ltr'>consensus</span> <span class='ocrx_word' id='word_1_138' title='bbox 1800 1847 2029 1903; x_wconf 84' lang='lat' dir='ltr'>Christo</span> <span class='ocrx_word' id='word_1_139' title='bbox 2075 1852 2132 1903; x_wconf 88' lang='lat' dir='ltr'>et</span> 
     </span>
    </p>
   </div>
   <div class='ocr_carea' id='block_1_20' title="bbox 484 1935 2132 2009">
    <p class='ocr_par' dir='ltr' id='par_1_20' title="bbox 484 1935 2132 2009">
     <span class='ocr_line' id='line_1_20' title="bbox 484 1935 2132 2009; baseline 0.002 -21"><span class='ocrx_word' id='word_1_140' title='bbox 484 1935 664 1990; x_wconf 88' lang='lat' dir='ltr'>Belial</span> <span class='ocrx_word' id='word_1_141' title='bbox 714 1936 785 2007; x_wconf 90' lang='lat' dir='ltr'>(Il</span> <span class='ocrx_word' id='word_1_142' title='bbox 812 1940 937 1993; x_wconf 85' lang='lat' dir='ltr'>Cor.</span> <span class='ocrx_word' id='word_1_143' title='bbox 970 1955 1047 2007; x_wconf 83' lang='lat' dir='ltr'>VI,</span> <span class='ocrx_word' id='word_1_144' title='bbox 1086 1938 1171 2004; x_wconf 82' lang='grc'>14,</span> <span class='ocrx_word' id='word_1_145' title='bbox 1207 1938 1290 2009; x_wconf 83' lang='grc'>15)</span> <span class='ocrx_word' id='word_1_146' title='bbox 1318 1938 1345 1991; x_wconf 85' lang='lat'><strong><em>?</em></strong></span> <span class='ocrx_word' id='word_1_147' title='bbox 1394 1938 1625 2008; x_wconf 89' lang='lat' dir='ltr'>quando</span> <span class='ocrx_word' id='word_1_148' title='bbox 1673 1954 1808 2008; x_wconf 91' lang='lat' dir='ltr'>ergo</span> <span class='ocrx_word' id='word_1_149' title='bbox 1852 1938 2132 1997; x_wconf 76' lang='lat' dir='ltr'>reaedunt</span> 
     </span>
    </p>
   </div>
   <div class='ocr_carea' id='block_1_21' title="bbox 485 2024 2129 2096">
    <p class='ocr_par' dir='ltr' id='par_1_21' title="bbox 485 2024 2129 2096">
     <span class='ocr_line' id='line_1_21' title="bbox 485 2024 2129 2096; baseline 0.002 -18"><span class='ocrx_word' id='word_1_150' title='bbox 485 2024 663 2096; x_wconf 91' lang='lat' dir='ltr'>aliqui</span> <span class='ocrx_word' id='word_1_151' title='bbox 693 2041 762 2080; x_wconf 87' lang='lat' dir='ltr'>ex</span> <span class='ocrx_word' id='word_1_152' title='bbox 791 2027 979 2094; x_wconf 87' lang='lat' dir='ltr'>nobis,</span> <span class='ocrx_word' id='word_1_153' title='bbox 1014 2026 1282 2082; x_wconf 87' lang='lat' dir='ltr'>dicamus</span> <span class='ocrx_word' id='word_1_154' title='bbox 1326 2030 1383 2082; x_wconf 90' lang='lat' dir='ltr'>et</span> <span class='ocrx_word' id='word_1_155' title='bbox 1426 2043 1532 2081; x_wconf 90' lang='lat' dir='ltr'>nos</span> <span class='ocrx_word' id='word_1_156' title='bbox 1566 2044 1579 2081; x_wconf 89' lang='lat'><strong>:</strong></span> <span class='ocrx_word' id='word_1_157' title='bbox 1635 2029 1902 2082; x_wconf 69' lang='lat' dir='ltr'>Exierant</span> <span class='ocrx_word' id='word_1_158' title='bbox 1932 2042 2000 2082; x_wconf 75' lang='lat' dir='ltr'>ea:</span> <span class='ocrx_word' id='word_1_159' title='bbox 2028 2043 2129 2082; x_wconf 84' lang='lat' dir='ltr'>uo-</span> 
     </span>
    </p>
   </div>
   <div class='ocr_carea' id='block_1_22' title="bbox 483 2114 2131 2187">
    <p class='ocr_par' dir='ltr' id='par_1_22' title="bbox 483 2114 2131 2187">
     <span class='ocr_line' id='line_1_22' title="bbox 483 2114 2131 2187; baseline 0.001 -18"><span class='ocrx_word' id='word_1_160' title='bbox 483 2114 584 2178; x_wconf 83' lang='lat' dir='ltr'>bis,</span> <span class='ocrx_word' id='word_1_161' title='bbox 616 2114 711 2169; x_wconf 90' lang='lat' dir='ltr'>sed</span> <span class='ocrx_word' id='word_1_162' title='bbox 756 2131 867 2170; x_wconf 78' lang='lat' dir='ltr'>non</span> <span class='ocrx_word' id='word_1_163' title='bbox 909 2118 1138 2186; x_wconf 79' lang='lat' dir='ltr'>fuerunt</span> <span class='ocrx_word' id='word_1_164' title='bbox 1185 2132 1253 2170; x_wconf 71' lang='lat' dir='ltr'>ac</span> <span class='ocrx_word' id='word_1_165' title='bbox 1298 2118 1476 2171; x_wconf 73' lang='lat' dir='ltr'>nobis.</span> <span class='ocrx_word' id='word_1_166' title='bbox 1521 2116 1581 2171; x_wconf 92' lang='lat' dir='ltr'>Si</span> <span class='ocrx_word' id='word_1_167' title='bbox 1622 2118 1768 2171; x_wconf 87' lang='lat' dir='ltr'>enim</span> <span class='ocrx_word' id='word_1_168' title='bbox 1798 2118 2033 2187; x_wconf 75' lang='lat' dir='ltr'>fuissent</span> <span class='ocrx_word' id='word_1_169' title='bbox 2062 2132 2131 2171; x_wconf 78' lang='lat' dir='ltr'>ex</span> 
     </span>
    </p>
   </div>
   <div class='ocr_carea' id='block_1_23' title="bbox 481 2204 2128 2277">
    <p class='ocr_par' dir='ltr' id='par_1_23' title="bbox 481 2204 2128 2277">
     <span class='ocr_line' id='line_1_23' title="bbox 481 2204 2128 2277; baseline 0.001 -20"><span class='ocrx_word' id='word_1_170' title='bbox 481 2204 658 2272; x_wconf 79' lang='lat' dir='ltr'>nobis,</span> <span class='ocrx_word' id='word_1_171' title='bbox 714 2207 1044 2260; x_wconf 75' lang='lat' dir='ltr'>mansissent</span> <span class='ocrx_word' id='word_1_172' title='bbox 1095 2207 1286 2275; x_wconf 75' lang='lat' dir='ltr'>utique</span> <span class='ocrx_word' id='word_1_173' title='bbox 1340 2206 1624 2260; x_wconf 78' lang='lat' dir='ltr'>nobiscum</span> <span class='ocrx_word' id='word_1_174' title='bbox 1677 2206 1853 2277; x_wconf 85' lang='lat' dir='ltr'>(Joan.</span> <span class='ocrx_word' id='word_1_175' title='bbox 1902 2223 1964 2272; x_wconf 89' lang='lat' dir='ltr'>II,</span> <span class='ocrx_word' id='word_1_176' title='bbox 2020 2206 2128 2276; x_wconf 87' lang='grc'>19).</span> 
     </span>
    </p>
   </div>
   <div class='ocr_carea' id='block_1_24' title="bbox 486 2292 2129 2365">
    <p class='ocr_par' dir='ltr' id='par_1_24' title="bbox 486 2292 2129 2365">
     <span class='ocr_line' id='line_1_24' title="bbox 486 2292 2129 2365; baseline 0.002 -20"><span class='ocrx_word' id='word_1_177' title='bbox 486 2292 701 2347; x_wconf 83' lang='lat' dir='ltr'>Dicitur</span> <span class='ocrx_word' id='word_1_178' title='bbox 749 2296 820 2348; x_wconf 87' lang='lat' dir='ltr'>ad</span> <span class='ocrx_word' id='word_1_179' title='bbox 866 2294 1048 2348; x_wconf 91' lang='lat' dir='ltr'>Deum</span> <span class='ocrx_word' id='word_1_180' title='bbox 1085 2312 1096 2347; x_wconf 92' lang='lat'>:</span> <span class='ocrx_word' id='word_1_181' title='bbox 1151 2295 1336 2351; x_wconf 85' lang='lat' dir='ltr'>«Non</span> <span class='ocrx_word' id='word_1_182' title='bbox 1385 2293 1673 2353; x_wconf 87' lang='lat' dir='ltr'>habitabit</span> <span class='ocrx_word' id='word_1_183' title='bbox 1716 2295 1887 2365; x_wconf 81' lang='lat' dir='ltr'>juxta</span> <span class='ocrx_word' id='word_1_184' title='bbox 1916 2299 1973 2349; x_wconf 90' lang='lat' dir='ltr'>te</span> <span class='ocrx_word' id='word_1_185' title='bbox 2004 2311 2129 2349; x_wconf 91' lang='lat' dir='ltr'>ma-</span> 
     </span>
    </p>
   </div>
   <div class='ocr_carea' id='block_1_25' title="bbox 480 2379 2125 2455">
    <p class='ocr_par' dir='ltr' id='par_1_25' title="bbox 480 2379 2125 2455">
     <span class='ocr_line' id='line_1_25' title="bbox 480 2379 2125 2455; baseline 0.002 -22"><span class='ocrx_word' id='word_1_186' title='bbox 480 2379 695 2451; x_wconf 87' lang='lat' dir='ltr'>lignus.</span> <span class='ocrx_word' id='word_1_187' title='bbox 731 2403 751 2431; x_wconf 71' lang='grc' dir='ltr'><strong>ι</strong></span> <span class='ocrx_word' id='word_1_188' title='bbox 813 2381 872 2436; x_wconf 91' lang='lat' dir='ltr'>Si</span> <span class='ocrx_word' id='word_1_189' title='bbox 919 2382 1074 2437; x_wconf 86' lang='lat' dir='ltr'>enim</span> <span class='ocrx_word' id='word_1_190' title='bbox 1124 2383 1280 2437; x_wconf 91' lang='lat' dir='ltr'>Deus</span> <span class='ocrx_word' id='word_1_191' title='bbox 1322 2383 1476 2454; x_wconf 84' lang='lat' dir='ltr'>ignis</span> <span class='ocrx_word' id='word_1_192' title='bbox 1505 2388 1612 2451; x_wconf 90' lang='lat' dir='ltr'>est,</span> <span class='ocrx_word' id='word_1_193' title='bbox 1646 2390 1703 2437; x_wconf 89' lang='lat' dir='ltr'>et</span> <span class='ocrx_word' id='word_1_194' title='bbox 1732 2383 1886 2455; x_wconf 85' lang='lat' dir='ltr'>ignis</span> <span class='ocrx_word' id='word_1_195' title='bbox 1917 2400 2125 2438; x_wconf 89' lang='lat' dir='ltr'>consu-</span> 
     </span>
    </p>
   </div>
   <div class='ocr_carea' id='block_1_26' title="bbox 483 2470 2127 2543">
    <p class='ocr_par' dir='ltr' id='par_1_26' title="bbox 483 2470 2127 2543">
     <span class='ocr_line' id='line_1_26' title="bbox 483 2470 2127 2543; baseline 0.002 -21"><span class='ocrx_word' id='word_1_196' title='bbox 483 2484 669 2533; x_wconf 87' lang='lat' dir='ltr'>mens,</span> <span class='ocrx_word' id='word_1_197' title='bbox 702 2470 1034 2540; x_wconf 89' lang='lat' dir='ltr'>quicunque</span> <span class='ocrx_word' id='word_1_198' title='bbox 1083 2471 1302 2541; x_wconf 88' lang='lat' dir='ltr'>stipula</span> <span class='ocrx_word' id='word_1_199' title='bbox 1355 2476 1462 2541; x_wconf 82' lang='lat' dir='ltr'>est,</span> <span class='ocrx_word' id='word_1_200' title='bbox 1514 2471 1851 2542; x_wconf 89' lang='lat' dir='ltr'>quicunque</span> <span class='ocrx_word' id='word_1_201' title='bbox 1901 2470 2127 2543; x_wconf 84' lang='lat' dir='ltr'>lignum</span> 
     </span>
    </p>
   </div>
   <div class='ocr_carea' id='block_1_27' title="bbox 483 2557 2127 2631">
    <p class='ocr_par' dir='ltr' id='par_1_27' title="bbox 483 2557 2127 2631">
     <span class='ocr_line' id='line_1_27' title="bbox 483 2557 2127 2631; baseline 0.004 -22"><span class='ocrx_word' id='word_1_202' title='bbox 483 2559 591 2623; x_wconf 87' lang='lat' dir='ltr'>est,</span> <span class='ocrx_word' id='word_1_203' title='bbox 623 2557 773 2627; x_wconf 88' lang='lat' dir='ltr'>fugit</span> <span class='ocrx_word' id='word_1_204' title='bbox 803 2558 873 2612; x_wconf 90' lang='lat' dir='ltr'>ab</span> <span class='ocrx_word' id='word_1_205' title='bbox 906 2558 1058 2629; x_wconf 87' lang='lat' dir='ltr'>igne,</span> <span class='ocrx_word' id='word_1_206' title='bbox 1092 2575 1164 2613; x_wconf 90' lang='lat' dir='ltr'>ne</span> <span class='ocrx_word' id='word_1_207' title='bbox 1194 2563 1578 2614; x_wconf 88' lang='lat' dir='ltr'>consumatur</span> <span class='ocrx_word' id='word_1_208' title='bbox 1610 2561 1680 2615; x_wconf 87' lang='lat' dir='ltr'>ab</span> <span class='ocrx_word' id='word_1_209' title='bbox 1714 2560 1848 2631; x_wconf 86' lang='lat' dir='ltr'>igne</span> <span class='ocrx_word' id='word_1_210' title='bbox 1885 2577 1897 2613; x_wconf 94' lang='lat'>:</span> <span class='ocrx_word' id='word_1_211' title='bbox 1958 2582 1985 2608; x_wconf 82' lang='grc'>‹‹</span> <span class='ocrx_word' id='word_1_212' title='bbox 2020 2564 2127 2615; x_wconf 87' lang='lat' dir='ltr'>Nc-</span> 
     </span>
    </p>
   </div>
   <div class='ocr_carea' id='block_1_28' title="bbox 485 2647 2121 2717">
    <p class='ocr_par' dir='ltr' id='par_1_28' title="bbox 485 2647 2121 2717">
     <span class='ocr_line' id='line_1_28' title="bbox 485 2647 2121 2717; baseline 0.001 -20"><span class='ocrx_word' id='word_1_213' title='bbox 485 2661 596 2714; x_wconf 89' lang='lat' dir='ltr'>quc</span> <span class='ocrx_word' id='word_1_214' title='bbox 660 2647 1090 2716; x_wconf 89' lang='lat' dir='ltr'>permanebunt</span> <span class='ocrx_word' id='word_1_215' title='bbox 1158 2648 1359 2717; x_wconf 86' lang='lat' dir='ltr'>injusti</span> <span class='ocrx_word' id='word_1_216' title='bbox 1428 2653 1563 2703; x_wconf 89' lang='lat' dir='ltr'>ante</span> <span class='ocrx_word' id='word_1_217' title='bbox 1628 2647 1827 2704; x_wconf 88' lang='lat' dir='ltr'>oculos</span> <span class='ocrx_word' id='word_1_218' title='bbox 1890 2653 2121 2703; x_wconf 80' lang='lat' dir='ltr'>tuos.»</span> 
     </span>
    </p>
   </div>
   <div class='ocr_carea' id='block_1_29' title="bbox 481 2735 2130 2809">
    <p class='ocr_par' dir='ltr' id='par_1_29' title="bbox 481 2735 2130 2809">
     <span class='ocr_line' id='line_1_29' title="bbox 481 2735 2130 2809; baseline 0.002 -20"><span class='ocrx_word' id='word_1_219' title='bbox 481 2735 724 2798; x_wconf 86' lang='lat' dir='ltr'>Quando</span> <span class='ocrx_word' id='word_1_220' title='bbox 773 2736 1009 2803; x_wconf 86' lang='lat' dir='ltr'>dicitur,</span> <span class='ocrx_word' id='word_1_221' title='bbox 1064 2753 1251 2809; x_wconf 89' lang='lat' dir='ltr'>neque</span> <span class='ocrx_word' id='word_1_222' title='bbox 1307 2738 1754 2809; x_wconf 86' lang='lat' dir='ltr'>permanebunt,</span> <span class='ocrx_word' id='word_1_223' title='bbox 1799 2737 2130 2793; x_wconf 88' lang='lat' dir='ltr'>ostenditur</span> 
     </span>
    </p>
   </div>
   <div class='ocr_carea' id='block_1_30' title="bbox 480 2824 2124 2896">
    <p class='ocr_par' dir='ltr' id='par_1_30' title="bbox 480 2824 2124 2896">
     <span class='ocr_line' id='line_1_30' title="bbox 480 2824 2124 2896; baseline 0.001 -19"><span class='ocrx_word' id='word_1_224' title='bbox 480 2825 633 2894; x_wconf 92' lang='lat' dir='ltr'>quod</span> <span class='ocrx_word' id='word_1_225' title='bbox 681 2824 994 2896; x_wconf 81' lang='lat' dir='ltr'>aliquando</span> <span class='ocrx_word' id='word_1_226' title='bbox 1042 2826 1385 2881; x_wconf 88' lang='lat' dir='ltr'>manserint.</span> <span class='ocrx_word' id='word_1_227' title='bbox 1418 2830 1755 2881; x_wconf 88' lang='lat' dir='ltr'>Manserunt</span> <span class='ocrx_word' id='word_1_228' title='bbox 1792 2830 1988 2882; x_wconf 90' lang='lat' dir='ltr'>autem</span> <span class='ocrx_word' id='word_1_229' title='bbox 2019 2825 2124 2880; x_wconf 88' lang='lat' dir='ltr'>ali-</span> 
     </span>
    </p>
   </div>
   <div class='ocr_carea' id='block_1_31' title="bbox 481 2914 1559 2985">
    <p class='ocr_par' dir='ltr' id='par_1_31' title="bbox 481 2914 1559 2985">
     <span class='ocr_line' id='line_1_31' title="bbox 481 2914 1559 2985; baseline 0.002 -18"><span class='ocrx_word' id='word_1_230' title='bbox 481 2914 716 2983; x_wconf 86' lang='lat' dir='ltr'>quando</span> <span class='ocrx_word' id='word_1_231' title='bbox 764 2914 970 2985; x_wconf 88' lang='lat' dir='ltr'>injusti</span> <span class='ocrx_word' id='word_1_232' title='bbox 1013 2921 1148 2970; x_wconf 88' lang='lat' dir='ltr'>ante</span> <span class='ocrx_word' id='word_1_233' title='bbox 1178 2914 1378 2970; x_wconf 88' lang='lat' dir='ltr'>oculos</span> <span class='ocrx_word' id='word_1_234' title='bbox 1410 2915 1511 2971; x_wconf 91' lang='lat' dir='ltr'>Dei</span> <span class='ocrx_word' id='word_1_235' title='bbox 1548 2932 1559 2969; x_wconf 94' lang='lat'><strong>:</strong></span> 
     </span>
    </p>
   </div>
   <div class='ocr_carea' id='block_1_32' title="bbox 477 3003 2123 3076">
    <p class='ocr_par' dir='ltr' id='par_1_32' title="bbox 477 3003 2123 3076">
     <span class='ocr_line' id='line_1_32' title="bbox 477 3003 2123 3076; baseline 0.001 -20"><span class='ocrx_word' id='word_1_236' title='bbox 477 3006 849 3073; x_wconf 84' lang='lat' dir='ltr'>exspectante</span> <span class='ocrx_word' id='word_1_237' title='bbox 903 3003 1304 3075; x_wconf 63' lang='lat' dir='ltr'>paenitentiam</span> <span class='ocrx_word' id='word_1_238' title='bbox 1354 3004 1655 3076; x_wconf 89' lang='lat' dir='ltr'>ipsorum;</span> <span class='ocrx_word' id='word_1_239' title='bbox 1705 3004 1805 3059; x_wconf 90' lang='lat' dir='ltr'>sed</span> <span class='ocrx_word' id='word_1_240' title='bbox 1846 3003 2123 3075; x_wconf 90' lang='lat' dir='ltr'>quoniam</span> 
     </span>
    </p>
   </div>
   <div class='ocr_carea' id='block_1_33' title="bbox 477 3092 2123 3164">
    <p class='ocr_par' dir='ltr' id='par_1_33' title="bbox 477 3092 2123 3164">
     <span class='ocr_line' id='line_1_33' title="bbox 477 3092 2123 3164; baseline 0.002 -19"><span class='ocrx_word' id='word_1_241' title='bbox 477 3098 929 3161; x_wconf 86' lang='lat' dir='ltr'>permanserunt</span> <span class='ocrx_word' id='word_1_242' title='bbox 980 3092 1210 3163; x_wconf 87' lang='lat' dir='ltr'>injusti,</span> <span class='ocrx_word' id='word_1_243' title='bbox 1265 3098 1571 3164; x_wconf 88' lang='lat' dir='ltr'>propterea</span> <span class='ocrx_word' id='word_1_244' title='bbox 1620 3110 1733 3148; x_wconf 90' lang='lat' dir='ltr'>non</span> <span class='ocrx_word' id='word_1_245' title='bbox 1787 3110 2123 3163; x_wconf 87' lang='lat' dir='ltr'>permanse-</span> 
     </span>
    </p>
   </div>
   <div class='ocr_carea' id='block_1_34' title="bbox 477 3180 1166 3236">
    <p class='ocr_par' dir='ltr' id='par_1_34' title="bbox 477 3180 1166 3236">
     <span class='ocr_line' id='line_1_34' title="bbox 477 3180 1166 3236; baseline 0.006 -5"><span class='ocrx_word' id='word_1_246' title='bbox 477 3182 615 3232; x_wconf 89' lang='lat' dir='ltr'>runt</span> <span class='ocrx_word' id='word_1_247' title='bbox 647 3183 781 3234; x_wconf 90' lang='lat' dir='ltr'>ante</span> <span class='ocrx_word' id='word_1_248' title='bbox 811 3180 1012 3236; x_wconf 91' lang='lat' dir='ltr'>oculos</span> <span class='ocrx_word' id='word_1_249' title='bbox 1044 3181 1166 3236; x_wconf 92' lang='lat' dir='ltr'>Dei.</span> 
     </span>
    </p>
   </div>
   <div class='ocr_carea' id='block_1_35' title="bbox 548 3254 2196 3342">
    <p class='ocr_par' dir='ltr' id='par_1_35' title="bbox 548 3254 2196 3342">
     <span class='ocr_line' id='line_1_35' title="bbox 548 3254 2196 3342; baseline 0.004 -22"><span class='ocrx_word' id='word_1_250' title='bbox 548 3287 575 3316; x_wconf 87' lang='grc'>‹‹</span> <span class='ocrx_word' id='word_1_251' title='bbox 609 3265 794 3321; x_wconf 89' lang='lat' dir='ltr'>Odisti</span> <span class='ocrx_word' id='word_1_252' title='bbox 851 3285 1053 3324; x_wconf 90' lang='lat' dir='ltr'>omnes</span> <span class='ocrx_word' id='word_1_253' title='bbox 1123 3270 1223 3340; x_wconf 92' lang='lat' dir='ltr'>qui</span> <span class='ocrx_word' id='word_1_254' title='bbox 1290 3274 1605 3341; x_wconf 84' lang='lat' dir='ltr'>Operantur</span> <span class='ocrx_word' id='word_1_255' title='bbox 1663 3271 2054 3342; x_wconf 88' lang='lat' dir='ltr'>iniquitatem.</span> <span class='ocrx_word' id='word_1_256' title='bbox 2093 3292 2121 3320; x_wconf 89' lang='grc'>››</span> <span class='ocrx_word' id='word_1_257' title='bbox 2154 3254 2196 3321; x_wconf 81' lang='lat' dir='ltr'>C</span> 
     </span>
    </p>
   </div>
   <div class='ocr_carea' id='block_1_36' title="bbox 474 3353 2123 3431">
    <p class='ocr_par' dir='ltr' id='par_1_36' title="bbox 474 3353 2123 3431">
     <span class='ocr_line' id='line_1_36' title="bbox 474 3353 2123 3431; baseline 0.005 -24"><span class='ocrx_word' id='word_1_258' title='bbox 474 3353 681 3410; x_wconf 84' lang='lat' dir='ltr'>Infelix</span> <span class='ocrx_word' id='word_1_259' title='bbox 728 3360 838 3424; x_wconf 90' lang='lat' dir='ltr'>est,</span> <span class='ocrx_word' id='word_1_260' title='bbox 871 3374 1043 3428; x_wconf 87' lang='lat' dir='ltr'>quem</span> <span class='ocrx_word' id='word_1_261' title='bbox 1099 3359 1221 3413; x_wconf 90' lang='lat' dir='ltr'>odit</span> <span class='ocrx_word' id='word_1_262' title='bbox 1275 3363 1443 3414; x_wconf 90' lang='lat' dir='ltr'>Deus.</span> <span class='ocrx_word' id='word_1_263' title='bbox 1478 3360 1617 3425; x_wconf 86' lang='lat' dir='ltr'>Quis</span> <span class='ocrx_word' id='word_1_264' title='bbox 1665 3366 1754 3414; x_wconf 91' lang='lat' dir='ltr'>est</span> <span class='ocrx_word' id='word_1_265' title='bbox 1802 3359 1897 3414; x_wconf 89' lang='lat' dir='ltr'>ille</span> <span class='ocrx_word' id='word_1_266' title='bbox 1946 3377 2123 3431; x_wconf 87' lang='lat' dir='ltr'>quem</span> 
     </span>
    </p>
   </div>
   <div class='ocr_carea' id='block_1_37' title="bbox 382 3443 2121 3519">
    <p class='ocr_par' dir='ltr' id='par_1_37' title="bbox 382 3443 2121 3519">
     <span class='ocr_line' id='line_1_37' title="bbox 382 3443 2121 3519; baseline 0.006 -26"><span class='ocrx_word' id='word_1_267' title='bbox 382 3488 389 3491; x_wconf 88' lang='lat'>.</span> <span class='ocrx_word' id='word_1_268' title='bbox 475 3443 599 3497; x_wconf 91' lang='lat' dir='ltr'>odit</span> <span class='ocrx_word' id='word_1_269' title='bbox 656 3445 855 3500; x_wconf 85' lang='lat' dir='ltr'>Deus?</span> <span class='ocrx_word' id='word_1_270' title='bbox 914 3447 1012 3517; x_wconf 91' lang='lat' dir='ltr'>qui</span> <span class='ocrx_word' id='word_1_271' title='bbox 1072 3452 1345 3519; x_wconf 86' lang='lat' dir='ltr'>operatur</span> <span class='ocrx_word' id='word_1_272' title='bbox 1402 3448 1792 3519; x_wconf 81' lang='lat' dir='ltr'>iniquitatem.</span> <span class='ocrx_word' id='word_1_273' title='bbox 1846 3449 1902 3503; x_wconf 89' lang='lat' dir='ltr'>Si</span> <span class='ocrx_word' id='word_1_274' title='bbox 1964 3450 2121 3504; x_wconf 91' lang='lat' dir='ltr'>enim</span> 
     </span>
    </p>
   </div>
   <div class='ocr_carea' id='block_1_38' title="bbox 477 3536 2120 3609">
    <p class='ocr_par' dir='ltr' id='par_1_38' title="bbox 477 3536 2120 3609">
     <span class='ocr_line' id='line_1_38' title="bbox 477 3536 2120 3609; baseline 0.005 -24"><span class='ocrx_word' id='word_1_275' title='bbox 477 3546 681 3586; x_wconf 88' lang='lat' dir='ltr'>omnes</span> <span class='ocrx_word' id='word_1_276' title='bbox 746 3549 1087 3605; x_wconf 88' lang='lat' dir='ltr'>peccamus,</span> <span class='ocrx_word' id='word_1_277' title='bbox 1156 3541 1213 3591; x_wconf 90' lang='lat' dir='ltr'>et</span> <span class='ocrx_word' id='word_1_278' title='bbox 1279 3536 1617 3608; x_wconf 87' lang='lat' dir='ltr'>quicunque</span> <span class='ocrx_word' id='word_1_279' title='bbox 1693 3542 1921 3609; x_wconf 87' lang='lat' dir='ltr'>peccat,</span> <span class='ocrx_word' id='word_1_280' title='bbox 1989 3538 2120 3594; x_wconf 91' lang='lat' dir='ltr'>odio</span> 
     </span>
    </p>
   </div>
   <div class='ocr_carea' id='block_1_39' title="bbox 476 3619 2117 3695">
    <p class='ocr_par' dir='ltr' id='par_1_39' title="bbox 476 3619 2117 3695">
     <span class='ocr_line' id='line_1_39' title="bbox 476 3619 2117 3695; baseline 0.005 -23"><span class='ocrx_word' id='word_1_281' title='bbox 476 3619 729 3674; x_wconf 89' lang='lat' dir='ltr'>habetur</span> <span class='ocrx_word' id='word_1_282' title='bbox 777 3638 810 3675; x_wconf 90' lang='lat' dir='ltr'>a</span> <span class='ocrx_word' id='word_1_283' title='bbox 854 3622 990 3691; x_wconf 90' lang='lat' dir='ltr'>Deo,</span> <span class='ocrx_word' id='word_1_284' title='bbox 1024 3640 1159 3695; x_wconf 88' lang='lat' dir='ltr'>ergo</span> <span class='ocrx_word' id='word_1_285' title='bbox 1208 3626 1339 3679; x_wconf 90' lang='lat' dir='ltr'>odio</span> <span class='ocrx_word' id='word_1_286' title='bbox 1384 3626 1671 3680; x_wconf 89' lang='lat' dir='ltr'>habemur</span> <span class='ocrx_word' id='word_1_287' title='bbox 1700 3643 1733 3680; x_wconf 89' lang='lat' dir='ltr'>a</span> <span class='ocrx_word' id='word_1_288' title='bbox 1762 3627 2026 3682; x_wconf 89' lang='lat' dir='ltr'>Domino.</span> <span class='ocrx_word' id='word_1_289' title='bbox 2060 3627 2117 3681; x_wconf 87' lang='lat' dir='ltr'>Si</span> 
     </span>
    </p>
   </div>
   <div class='ocr_carea' id='block_1_40' title="bbox 482 3698 2119 3787">
    <p class='ocr_par' dir='ltr' id='par_1_40' title="bbox 482 3698 2119 3787">
     <span class='ocr_line' id='line_1_40' title="bbox 482 3698 2119 3787; baseline 0.005 -26"><span class='ocrx_word' id='word_1_290' title='bbox 482 3711 677 3762; x_wconf 88' lang='lat' dir='ltr'>autem</span> <span class='ocrx_word' id='word_1_291' title='bbox 727 3709 859 3765; x_wconf 92' lang='lat' dir='ltr'>odio</span> <span class='ocrx_word' id='word_1_292' title='bbox 908 3711 1193 3767; x_wconf 87' lang='lat' dir='ltr'>habemur</span> <span class='ocrx_word' id='word_1_293' title='bbox 1236 3730 1268 3767; x_wconf 91' lang='lat' dir='ltr'>a</span> <span class='ocrx_word' id='word_1_294' title='bbox 1314 3715 1575 3779; x_wconf 89' lang='lat' dir='ltr'>Domino,</span> <span class='ocrx_word' id='word_1_295' title='bbox 1608 3716 1900 3784; x_wconf 85' lang='lat' dir='ltr'>quomodo</span> <span class='ocrx_word' id='word_1_296' title='bbox 1932 3698 2119 3787; x_wconf 72' lang='lat' dir='ltr'>gratia</span> 
     </span>
    </p>
   </div>
   <div class='ocr_carea' id='block_1_41' title="bbox 442 3795 2117 3875">
    <p class='ocr_par' dir='ltr' id='par_1_41' title="bbox 442 3795 2117 3875">
     <span class='ocr_line' id='line_1_41' title="bbox 442 3795 2117 3875; baseline 0.006 -25"><span class='ocrx_word' id='word_1_297' title='bbox 442 3850 448 3857; x_wconf 78' lang='grc'>,</span> <span class='ocrx_word' id='word_1_298' title='bbox 477 3795 684 3851; x_wconf 85' lang='lat' dir='ltr'>salvati</span> <span class='ocrx_word' id='word_1_299' title='bbox 714 3815 923 3854; x_wconf 88' lang='lat' dir='ltr'>sumus</span> <span class='ocrx_word' id='word_1_300' title='bbox 944 3800 971 3852; x_wconf 86' lang='lat'><strong><em>?</em></strong></span> <span class='ocrx_word' id='word_1_301' title='bbox 1002 3801 1187 3856; x_wconf 90' lang='lat' dir='ltr'>Odisti</span> <span class='ocrx_word' id='word_1_302' title='bbox 1209 3818 1410 3857; x_wconf 89' lang='lat' dir='ltr'>omnes</span> <span class='ocrx_word' id='word_1_303' title='bbox 1440 3805 1538 3873; x_wconf 91' lang='lat' dir='ltr'>qui</span> <span class='ocrx_word' id='word_1_304' title='bbox 1561 3811 1878 3874; x_wconf 88' lang='lat' dir='ltr'>operantur</span> <span class='ocrx_word' id='word_1_305' title='bbox 1910 3805 2117 3875; x_wconf 92' lang='lat' dir='ltr'>iniqui-</span> 
     </span>
    </p>
   </div>
   <div class='ocr_carea' id='block_1_42' title="bbox 472 3887 2111 3965">
    <p class='ocr_par' dir='ltr' id='par_1_42' title="bbox 472 3887 2111 3965">
     <span class='ocr_line' id='line_1_42' title="bbox 472 3887 2111 3965; baseline 0.007 -27"><span class='ocrx_word' id='word_1_306' title='bbox 472 3889 674 3941; x_wconf 84' lang='lat' dir='ltr'>tatem.</span> <span class='ocrx_word' id='word_1_307' title='bbox 716 3887 840 3943; x_wconf 90' lang='lat' dir='ltr'>Non</span> <span class='ocrx_word' id='word_1_308' title='bbox 898 3889 1062 3955; x_wconf 88' lang='lat' dir='ltr'>dixit,</span> <span class='ocrx_word' id='word_1_309' title='bbox 1112 3892 1209 3961; x_wconf 92' lang='lat' dir='ltr'>qui</span> <span class='ocrx_word' id='word_1_310' title='bbox 1262 3892 1482 3962; x_wconf 88' lang='lat' dir='ltr'>operati</span> <span class='ocrx_word' id='word_1_311' title='bbox 1532 3893 2111 3965; x_wconf 85' lang='lat' dir='ltr'>suntiniquitatem,</span> 
     </span>
    </p>
   </div>
   <div class='ocr_carea' id='block_1_43' title="bbox 470 3975 2111 4054">
    <p class='ocr_par' dir='ltr' id='par_1_43' title="bbox 470 3975 2111 4054">
     <span class='ocr_line' id='line_1_43' title="bbox 470 3975 2111 4054; baseline 0.007 -25"><span class='ocrx_word' id='word_1_312' title='bbox 470 3975 571 4030; x_wconf 88' lang='lat' dir='ltr'>sed</span> <span class='ocrx_word' id='word_1_313' title='bbox 624 3998 650 4026; x_wconf 83' lang='grc'>‹‹</span> <span class='ocrx_word' id='word_1_314' title='bbox 684 3976 784 4048; x_wconf 89' lang='lat' dir='ltr'>qui</span> <span class='ocrx_word' id='word_1_315' title='bbox 832 3984 1147 4049; x_wconf 90' lang='lat' dir='ltr'>operantur</span> <span class='ocrx_word' id='word_1_316' title='bbox 1191 3980 1575 4051; x_wconf 86' lang='lat' dir='ltr'>iniquitatem.</span> <span class='ocrx_word' id='word_1_317' title='bbox 1613 4004 1640 4030; x_wconf 85' lang='grc'>››</span> <span class='ocrx_word' id='word_1_318' title='bbox 1692 3983 1797 4045; x_wconf 85' lang='lat' dir='ltr'>Qui</span> <span class='ocrx_word' id='word_1_319' title='bbox 1851 4000 2111 4054; x_wconf 88' lang='lat' dir='ltr'>perseve-</span> 
     </span>
    </p>
   </div>
   <div class='ocr_carea' id='block_1_44' title="bbox 467 4066 2110 4145">
    <p class='ocr_par' dir='ltr' id='par_1_44' title="bbox 467 4066 2110 4145">
     <span class='ocr_line' id='line_1_44' title="bbox 467 4066 2110 4145; baseline 0.006 -27"><span class='ocrx_word' id='word_1_320' title='bbox 467 4070 600 4119; x_wconf 89' lang='lat' dir='ltr'>rant</span> <span class='ocrx_word' id='word_1_321' title='bbox 629 4066 689 4120; x_wconf 90' lang='lat' dir='ltr'>in</span> <span class='ocrx_word' id='word_1_322' title='bbox 721 4072 976 4137; x_wconf 88' lang='lat' dir='ltr'>peccato,</span> <span class='ocrx_word' id='word_1_323' title='bbox 1011 4067 1094 4122; x_wconf 91' lang='lat' dir='ltr'>illi</span> <span class='ocrx_word' id='word_1_324' title='bbox 1128 4069 1258 4124; x_wconf 91' lang='lat' dir='ltr'>odio</span> <span class='ocrx_word' id='word_1_325' title='bbox 1289 4069 1584 4129; x_wconf 86' lang='lat' dir='ltr'>habentur</span> <span class='ocrx_word' id='word_1_326' title='bbox 1613 4088 1647 4124; x_wconf 90' lang='lat' dir='ltr'>a</span> <span class='ocrx_word' id='word_1_327' title='bbox 1676 4073 1920 4126; x_wconf 83' lang='lat' dir='ltr'>Domino</span> <span class='ocrx_word' id='word_1_328' title='bbox 1955 4090 1968 4128; x_wconf 87' lang='lat'><strong>:</strong></span> <span class='ocrx_word' id='word_1_329' title='bbox 2011 4074 2110 4145; x_wconf 91' lang='lat' dir='ltr'>qui</span> 
     </span>
    </p>
   </div>
   <div class='ocr_carea' id='block_1_45' title="bbox 466 4156 2108 4224">
    <p class='ocr_par' dir='ltr' id='par_1_45' title="bbox 466 4156 2108 4224">
     <span class='ocr_line' id='line_1_45' title="bbox 466 4156 2108 4224; baseline 0.007 -17"><span class='ocrx_word' id='word_1_330' title='bbox 466 4162 661 4210; x_wconf 88' lang='lat' dir='ltr'>autem</span> <span class='ocrx_word' id='word_1_331' title='bbox 693 4156 1065 4224; x_wconf 87' lang='lat' dir='ltr'>dimiserunt,</span> <span class='ocrx_word' id='word_1_332' title='bbox 1099 4158 1184 4213; x_wconf 92' lang='lat' dir='ltr'>illi</span> <span class='ocrx_word' id='word_1_333' title='bbox 1218 4164 1496 4215; x_wconf 90' lang='lat' dir='ltr'>amantur</span> <span class='ocrx_word' id='word_1_334' title='bbox 1527 4177 1561 4214; x_wconf 90' lang='lat' dir='ltr'>a</span> <span class='ocrx_word' id='word_1_335' title='bbox 1589 4160 1834 4215; x_wconf 91' lang='lat' dir='ltr'>Domino</span> <span class='ocrx_word' id='word_1_336' title='bbox 1867 4178 1880 4214; x_wconf 93' lang='lat'><strong><em>:</em></strong></span> <span class='ocrx_word' id='word_1_337' title='bbox 1916 4185 1942 4210; x_wconf 89' lang='grc'>‹‹</span> <span class='ocrx_word' id='word_1_338' title='bbox 1980 4163 2108 4217; x_wconf 84' lang='lat' dir='ltr'>Per-</span> 
     </span>
    </p>
   </div>
   <div class='ocr_carea' id='block_1_46' title="bbox 464 4242 2106 4319">
    <p class='ocr_par' dir='ltr' id='par_1_46' title="bbox 464 4242 2106 4319">
     <span class='ocr_line' id='line_1_46' title="bbox 464 4242 2106 4319; baseline 0.007 -24"><span class='ocrx_word' id='word_1_339' title='bbox 464 4242 566 4297; x_wconf 89' lang='lat' dir='ltr'>des</span> <span class='ocrx_word' id='word_1_340' title='bbox 595 4260 798 4301; x_wconf 88' lang='lat' dir='ltr'>omnes</span> <span class='ocrx_word' id='word_1_341' title='bbox 828 4251 929 4319; x_wconf 90' lang='lat' dir='ltr'>qui</span> <span class='ocrx_word' id='word_1_342' title='bbox 961 4248 1285 4319; x_wconf 89' lang='lat' dir='ltr'>loquuntur</span> <span class='ocrx_word' id='word_1_343' title='bbox 1316 4250 1705 4305; x_wconf 89' lang='lat' dir='ltr'>mendacium.</span> <span class='ocrx_word' id='word_1_344' title='bbox 1748 4273 1766 4298; x_wconf 80' lang='grc' dir='ltr'>ι</span> <span class='ocrx_word' id='word_1_345' title='bbox 1830 4250 1970 4305; x_wconf 80' lang='lat' dir='ltr'>Rem</span> <span class='ocrx_word' id='word_1_346' title='bbox 2004 4269 2106 4307; x_wconf 89' lang='lat' dir='ltr'>no-</span> 
     </span>
    </p>
   </div>
   <div class='ocr_carea' id='block_1_47' title="bbox 459 4333 2101 4409">
    <p class='ocr_par' dir='ltr' id='par_1_47' title="bbox 459 4333 2101 4409">
     <span class='ocr_line' id='line_1_47' title="bbox 459 4333 2101 4409; baseline 0.006 -24"><span class='ocrx_word' id='word_1_347' title='bbox 459 4346 591 4386; x_wconf 88' lang='lat' dir='ltr'>vam</span> <span class='ocrx_word' id='word_1_348' title='bbox 640 4333 823 4390; x_wconf 90' lang='lat' dir='ltr'>video.</span> <span class='ocrx_word' id='word_1_349' title='bbox 870 4336 977 4398; x_wconf 91' lang='lat' dir='ltr'>Qui</span> <span class='ocrx_word' id='word_1_350' title='bbox 1034 4337 1254 4392; x_wconf 91' lang='lat' dir='ltr'>malum</span> <span class='ocrx_word' id='word_1_351' title='bbox 1304 4343 1593 4409; x_wconf 87' lang='lat' dir='ltr'>operatur,</span> <span class='ocrx_word' id='word_1_352' title='bbox 1627 4340 1760 4394; x_wconf 84' lang='lat' dir='ltr'>odio</span> <span class='ocrx_word' id='word_1_353' title='bbox 1810 4339 2101 4395; x_wconf 87' lang='lat' dir='ltr'>habetur:</span> 
     </span>
    </p>
   </div>
   <div class='ocr_carea' id='block_1_48' title="bbox 457 4419 2101 4500">
    <p class='ocr_par' dir='ltr' id='par_1_48' title="bbox 457 4419 2101 4500">
     <span class='ocr_line' id='line_1_48' title="bbox 457 4419 2101 4500; baseline 0.007 -28"><span class='ocrx_word' id='word_1_354' title='bbox 457 4419 557 4489; x_wconf 90' lang='lat' dir='ltr'>qui</span> <span class='ocrx_word' id='word_1_355' title='bbox 607 4422 905 4493; x_wconf 88' lang='lat' dir='ltr'>mentitur,</span> <span class='ocrx_word' id='word_1_356' title='bbox 952 4424 1117 4495; x_wconf 90' lang='lat' dir='ltr'>perit.</span> <span class='ocrx_word' id='word_1_357' title='bbox 1150 4426 1465 4482; x_wconf 87' lang='lat' dir='ltr'>Videamus</span> <span class='ocrx_word' id='word_1_358' title='bbox 1496 4428 1636 4500; x_wconf 90' lang='lat' dir='ltr'>quid</span> <span class='ocrx_word' id='word_1_359' title='bbox 1669 4427 1745 4483; x_wconf 89' lang='lat' dir='ltr'>sit</span> <span class='ocrx_word' id='word_1_360' title='bbox 1784 4428 1937 4498; x_wconf 91' lang='lat' dir='ltr'>plus,</span> <span class='ocrx_word' id='word_1_361' title='bbox 1970 4430 2101 4485; x_wconf 93' lang='lat' dir='ltr'>odio</span> 
     </span>
    </p>
   </div>
   <div class='ocr_carea' id='block_1_49' title="bbox 455 4506 2101 4589">
    <p class='ocr_par' dir='ltr' id='par_1_49' title="bbox 455 4506 2101 4589">
     <span class='ocr_line' id='line_1_49' title="bbox 455 4506 2101 4589; baseline 0.007 -27"><span class='ocrx_word' id='word_1_362' title='bbox 455 4506 657 4564; x_wconf 90' lang='lat' dir='ltr'>haberi</span> <span class='ocrx_word' id='word_1_363' title='bbox 716 4528 750 4566; x_wconf 94' lang='lat' dir='ltr'>a</span> <span class='ocrx_word' id='word_1_364' title='bbox 788 4511 1055 4581; x_wconf 90' lang='lat' dir='ltr'>Domino,</span> <span class='ocrx_word' id='word_1_365' title='bbox 1088 4531 1161 4569; x_wconf 89' lang='lat' dir='ltr'>an</span> <span class='ocrx_word' id='word_1_366' title='bbox 1194 4516 1401 4586; x_wconf 88' lang='lat' dir='ltr'>perire.</span> <span class='ocrx_word' id='word_1_367' title='bbox 1458 4517 1658 4571; x_wconf 79' lang='lat' dir='ltr'>Infelix</span> <span class='ocrx_word' id='word_1_368' title='bbox 1716 4518 1954 4589; x_wconf 85' lang='lat' dir='ltr'>quidem</span> <span class='ocrx_word' id='word_1_369' title='bbox 2013 4524 2101 4573; x_wconf 87' lang='lat' dir='ltr'>est</span> 
     </span>
    </p>
   </div>
   <div class='ocr_carea' id='block_1_50' title="bbox 1616 2920 2125 2970">
    <p class='ocr_par' dir='ltr' id='par_1_50' title="bbox 1616 2920 2125 2970">
     <span class='ocr_line' id='line_1_50' title="bbox 1616 2920 2125 2970; baseline 0 0"><span class='ocrx_word' id='word_1_370' title='bbox 1616 2920 1962 2970; x_wconf 89' lang='lat' dir='ltr'>manserunt</span> <span class='ocrx_word' id='word_1_371' title='bbox 2014 2921 2125 2970; x_wconf 92' lang='lat' dir='ltr'>Deo</span> 
     </span>
    </p>
   </div>
   <div class='ocr_carea' id='block_1_51' title="bbox 2241 603 3777 677">
    <p class='ocr_par' dir='ltr' id='par_1_51' title="bbox 2241 603 3777 677">
     <span class='ocr_line' id='line_1_51' title="bbox 2241 603 3777 677; baseline 0.002 -20"><span class='ocrx_word' id='word_1_372' title='bbox 2241 604 2313 658; x_wconf 89' lang='lat' dir='ltr'>de</span> <span class='ocrx_word' id='word_1_373' title='bbox 2361 604 2645 659; x_wconf 73' lang='lat' dir='ltr'>haereticis</span> <span class='ocrx_word' id='word_1_374' title='bbox 2693 604 2852 659; x_wconf 92' lang='lat' dir='ltr'>dicit.</span> <span class='ocrx_word' id='word_1_375' title='bbox 2910 603 3078 667; x_wconf 87' lang='lat' dir='ltr'>«Qui</span> <span class='ocrx_word' id='word_1_376' title='bbox 3123 604 3278 658; x_wconf 87' lang='lat' dir='ltr'>enim</span> <span class='ocrx_word' id='word_1_377' title='bbox 3310 609 3556 675; x_wconf 86' lang='lat' dir='ltr'>operatur</span> <span class='ocrx_word' id='word_1_378' title='bbox 3578 604 3777 677; x_wconf 80' lang='lat' dir='ltr'>iniquita-</span> 
     </span>
    </p>
   </div>
   <div class='ocr_carea' id='block_1_52' title="bbox 2243 692 3777 763">
    <p class='ocr_par' dir='ltr' id='par_1_52' title="bbox 2243 692 3777 763">
     <span class='ocr_line' id='line_1_52' title="bbox 2243 692 3777 763; baseline 0.003 -18"><span class='ocrx_word' id='word_1_379' title='bbox 2243 697 2380 757; x_wconf 86' lang='lat' dir='ltr'>tem,</span> <span class='ocrx_word' id='word_1_380' title='bbox 2417 716 2438 741; x_wconf 72' lang='grc' dir='ltr'>ιι</span> <span class='ocrx_word' id='word_1_381' title='bbox 2494 709 2663 747; x_wconf 91' lang='lat' dir='ltr'>suam</span> <span class='ocrx_word' id='word_1_382' title='bbox 2691 697 2922 747; x_wconf 87' lang='lat' dir='ltr'>tantum</span> <span class='ocrx_word' id='word_1_383' title='bbox 2956 692 3213 746; x_wconf 89' lang='lat' dir='ltr'>animam</span> <span class='ocrx_word' id='word_1_384' title='bbox 3247 692 3491 747; x_wconf 90' lang='lat' dir='ltr'>occidit:</span> <span class='ocrx_word' id='word_1_385' title='bbox 3537 693 3618 763; x_wconf 87' lang='lat' dir='ltr'>qui</span> <span class='ocrx_word' id='word_1_386' title='bbox 3641 700 3777 749; x_wconf 84' lang='lat' dir='ltr'>autem</span> 
     </span>
    </p>
   </div>
   <div class='ocr_carea' id='block_1_53' title="bbox 2243 780 3779 852">
    <p class='ocr_par' dir='ltr' id='par_1_53' title="bbox 2243 780 3779 852">
     <span class='ocr_line' id='line_1_53' title="bbox 2243 780 3779 852; baseline 0.001 -18"><span class='ocrx_word' id='word_1_387' title='bbox 2243 780 2547 836; x_wconf 68' lang='lat' dir='ltr'>haereticus</span> <span class='ocrx_word' id='word_1_388' title='bbox 2580 787 2685 846; x_wconf 89' lang='lat' dir='ltr'>est,</span> <span class='ocrx_word' id='word_1_389' title='bbox 2719 787 2777 836; x_wconf 89' lang='lat' dir='ltr'>et</span> <span class='ocrx_word' id='word_1_390' title='bbox 2813 780 3073 852; x_wconf 89' lang='lat' dir='ltr'>loquitur</span> <span class='ocrx_word' id='word_1_391' title='bbox 3113 781 3494 847; x_wconf 86' lang='lat' dir='ltr'>mendacium,</span> <span class='ocrx_word' id='word_1_392' title='bbox 3522 786 3595 835; x_wconf 87' lang='lat' dir='ltr'>tot</span> <span class='ocrx_word' id='word_1_393' title='bbox 3631 784 3779 837; x_wconf 83' lang='lat' dir='ltr'>occidit</span> 
     </span>
    </p>
   </div>
   <div class='ocr_carea' id='block_1_54' title="bbox 2242 869 3048 942">
    <p class='ocr_par' dir='ltr' id='par_1_54' title="bbox 2242 869 3048 942">
     <span class='ocr_line' id='line_1_54' title="bbox 2242 869 3048 942; baseline 0.001 -19"><span class='ocrx_word' id='word_1_394' title='bbox 2242 869 2528 937; x_wconf 86' lang='lat' dir='ltr'>homines,</span> <span class='ocrx_word' id='word_1_395' title='bbox 2563 875 2704 942; x_wconf 90' lang='lat' dir='ltr'>quot</span> <span class='ocrx_word' id='word_1_396' title='bbox 2736 870 3048 925; x_wconf 73' lang='lat' dir='ltr'>induxerit.</span> 
     </span>
    </p>
   </div>
   <div class='ocr_carea' id='block_1_55' title="bbox 2312 956 3781 1030">
    <p class='ocr_par' dir='ltr' id='par_1_55' title="bbox 2312 956 3781 1030">
     <span class='ocr_line' id='line_1_55' title="bbox 2312 956 3781 1030; baseline 0.004 -23"><span class='ocrx_word' id='word_1_397' title='bbox 2312 982 2339 1007; x_wconf 76' lang='grc' dir='ltr'>(ς</span> <span class='ocrx_word' id='word_1_398' title='bbox 2374 959 2576 1013; x_wconf 91' lang='lat' dir='ltr'>Virum</span> <span class='ocrx_word' id='word_1_399' title='bbox 2628 959 2982 1030; x_wconf 88' lang='lat' dir='ltr'>sanguinum</span> <span class='ocrx_word' id='word_1_400' title='bbox 3014 963 3070 1013; x_wconf 91' lang='lat' dir='ltr'>et</span> <span class='ocrx_word' id='word_1_401' title='bbox 3122 956 3388 1013; x_wconf 89' lang='lat' dir='ltr'>dolosum</span> <span class='ocrx_word' id='word_1_402' title='bbox 3442 957 3781 1014; x_wconf 78' lang='lat' dir='ltr'>abominabitur</span> 
     </span>
    </p>
   </div>
   <div class='ocr_carea' id='block_1_56' title="bbox 2244 1045 3779 1119">
    <p class='ocr_par' dir='ltr' id='par_1_56' title="bbox 2244 1045 3779 1119">
     <span class='ocr_line' id='line_1_56' title="bbox 2244 1045 3779 1119; baseline 0.001 -19"><span class='ocrx_word' id='word_1_403' title='bbox 2244 1046 2548 1101; x_wconf 90' lang='lat' dir='ltr'>Dominus.</span> <span class='ocrx_word' id='word_1_404' title='bbox 2568 1069 2613 1099; x_wconf 85' lang='lat'>.»</span> <span class='ocrx_word' id='word_1_405' title='bbox 2664 1047 2768 1101; x_wconf 89' lang='lat' dir='ltr'>Vir</span> <span class='ocrx_word' id='word_1_406' title='bbox 2812 1047 3192 1119; x_wconf 84' lang='lat' dir='ltr'>sanguinum,</span> <span class='ocrx_word' id='word_1_407' title='bbox 3222 1045 3411 1101; x_wconf 89' lang='lat' dir='ltr'>omnis</span> <span class='ocrx_word' id='word_1_408' title='bbox 3436 1045 3689 1102; x_wconf 56' lang='lat' dir='ltr'>hereticus</span> <span class='ocrx_word' id='word_1_409' title='bbox 3709 1054 3779 1107; x_wconf 82' lang='lat' dir='ltr'>est.</span> 
     </span>
    </p>
   </div>
   <div class='ocr_carea' id='block_1_57' title="bbox 2243 1134 3781 1208">
    <p class='ocr_par' dir='ltr' id='par_1_57' title="bbox 2243 1134 3781 1208">
     <span class='ocr_line' id='line_1_57' title="bbox 2243 1134 3781 1208; baseline -0.001 -18"><span class='ocrx_word' id='word_1_410' title='bbox 2243 1135 2505 1206; x_wconf 89' lang='lat' dir='ltr'>quotidie</span> <span class='ocrx_word' id='word_1_411' title='bbox 2554 1136 2885 1190; x_wconf 88' lang='lat' dir='ltr'>animarum</span> <span class='ocrx_word' id='word_1_412' title='bbox 2918 1136 3267 1208; x_wconf 87' lang='lat' dir='ltr'>sanguinem</span> <span class='ocrx_word' id='word_1_413' title='bbox 3303 1134 3501 1190; x_wconf 80' lang='lat' dir='ltr'>fundit.</span> <span class='ocrx_word' id='word_1_414' title='bbox 3532 1136 3669 1190; x_wconf 81' lang='lat' dir='ltr'>Recte</span> <span class='ocrx_word' id='word_1_415' title='bbox 3689 1137 3781 1190; x_wconf 75' lang='lat' dir='ltr'>dixit</span> 
     </span>
    </p>
   </div>
   <div class='ocr_carea' id='block_1_58' title="bbox 2242 1223 3483 1295">
    <p class='ocr_par' dir='ltr' id='par_1_58' title="bbox 2242 1223 3483 1295">
     <span class='ocr_line' id='line_1_58' title="bbox 2242 1223 3483 1295; baseline 0.001 -18"><span class='ocrx_word' id='word_1_416' title='bbox 2242 1223 2510 1278; x_wconf 82' lang='lat' dir='ltr'>dolosam</span> <span class='ocrx_word' id='word_1_417' title='bbox 2546 1242 2558 1278; x_wconf 92' lang='lat'><strong>:</strong></span> <span class='ocrx_word' id='word_1_418' title='bbox 2596 1229 2652 1279; x_wconf 89' lang='lat' dir='ltr'>et</span> <span class='ocrx_word' id='word_1_419' title='bbox 2684 1225 2977 1280; x_wconf 90' lang='lat' dir='ltr'>homicida</span> <span class='ocrx_word' id='word_1_420' title='bbox 3006 1229 3112 1295; x_wconf 90' lang='lat' dir='ltr'>est,</span> <span class='ocrx_word' id='word_1_421' title='bbox 3146 1228 3203 1279; x_wconf 88' lang='lat' dir='ltr'>et</span> <span class='ocrx_word' id='word_1_422' title='bbox 3232 1223 3483 1279; x_wconf 89' lang='lat' dir='ltr'>dolosus.</span> 
     </span>
    </p>
   </div>
   <div class='ocr_carea' id='block_1_59' title="bbox 2316 1313 3781 1385">
    <p class='ocr_par' dir='ltr' id='par_1_59' title="bbox 2316 1313 3781 1385">
     <span class='ocr_line' id='line_1_59' title="bbox 2316 1313 3781 1385; baseline -0.001 -16"><span class='ocrx_word' id='word_1_423' title='bbox 2316 1336 2343 1363; x_wconf 93' lang='grc'>‹‹</span> <span class='ocrx_word' id='word_1_424' title='bbox 2378 1314 2494 1385; x_wconf 86' lang='lat' dir='ltr'>Ego</span> <span class='ocrx_word' id='word_1_425' title='bbox 2546 1319 2741 1369; x_wconf 86' lang='lat' dir='ltr'>autem</span> <span class='ocrx_word' id='word_1_426' title='bbox 2793 1315 2849 1368; x_wconf 85' lang='lat' dir='ltr'>in</span> <span class='ocrx_word' id='word_1_427' title='bbox 2908 1313 3287 1368; x_wconf 86' lang='lat' dir='ltr'>multitudine</span> <span class='ocrx_word' id='word_1_428' title='bbox 3331 1313 3781 1368; x_wconf 65' lang='lat' dir='ltr'>misericordiam:</span> 
     </span>
    </p>
   </div>
   <div class='ocr_carea' id='block_1_60' title="bbox 2242 1401 3782 1472">
    <p class='ocr_par' dir='ltr' id='par_1_60' title="bbox 2242 1401 3782 1472">
     <span class='ocr_line' id='line_1_60' title="bbox 2242 1401 3782 1472; baseline 0.001 -19"><span class='ocrx_word' id='word_1_429' title='bbox 2242 1401 2494 1457; x_wconf 90' lang='lat' dir='ltr'>introibo</span> <span class='ocrx_word' id='word_1_430' title='bbox 2525 1403 2581 1457; x_wconf 90' lang='lat' dir='ltr'>in</span> <span class='ocrx_word' id='word_1_431' title='bbox 2615 1404 2855 1457; x_wconf 90' lang='lat' dir='ltr'>domum</span> <span class='ocrx_word' id='word_1_432' title='bbox 2890 1408 3070 1456; x_wconf 85' lang='lat' dir='ltr'>tuam.</span> <span class='ocrx_word' id='word_1_433' title='bbox 3113 1425 3138 1449; x_wconf 86' lang='grc'><strong>››</strong></span> <span class='ocrx_word' id='word_1_434' title='bbox 3192 1401 3278 1455; x_wconf 89' lang='lat' dir='ltr'>llli</span> <span class='ocrx_word' id='word_1_435' title='bbox 3326 1402 3383 1456; x_wconf 90' lang='lat' dir='ltr'>in</span> <span class='ocrx_word' id='word_1_436' title='bbox 3437 1402 3695 1472; x_wconf 86' lang='lat' dir='ltr'>iniquitate</span> <span class='ocrx_word' id='word_1_437' title='bbox 3719 1418 3782 1455; x_wconf 77' lang='lat' dir='ltr'>sua</span> 
     </span>
    </p>
   </div>
   <div class='ocr_carea' id='block_1_61' title="bbox 2242 1474 3778 1565">
    <p class='ocr_par' dir='ltr' id='par_1_61' title="bbox 2242 1474 3778 1565">
     <span class='ocr_line' id='line_1_61' title="bbox 2242 1474 3778 1565; baseline -0.004 -17"><span class='ocrx_word' id='word_1_438' title='bbox 2242 1474 2623 1565; x_wconf 85' lang='lat' dir='ltr'>egrediuntur</span> <span class='ocrx_word' id='word_1_439' title='bbox 2669 1493 2740 1547; x_wconf 92' lang='lat' dir='ltr'>de</span> <span class='ocrx_word' id='word_1_440' title='bbox 2769 1492 2943 1547; x_wconf 90' lang='lat' dir='ltr'>domo</span> <span class='ocrx_word' id='word_1_441' title='bbox 2974 1496 3093 1561; x_wconf 87' lang='lat' dir='ltr'>tua,</span> <span class='ocrx_word' id='word_1_442' title='bbox 3128 1506 3235 1562; x_wconf 88' lang='lat' dir='ltr'>ego</span> <span class='ocrx_word' id='word_1_443' title='bbox 3269 1492 3326 1545; x_wconf 94' lang='lat' dir='ltr'>in</span> <span class='ocrx_word' id='word_1_444' title='bbox 3356 1496 3455 1545; x_wconf 91' lang='lat' dir='ltr'>tua</span> <span class='ocrx_word' id='word_1_445' title='bbox 3482 1490 3778 1544; x_wconf 75' lang='lat' dir='ltr'>misericordia</span> 
     </span>
    </p>
   </div>
   <div class='ocr_carea' id='block_1_62' title="bbox 2243 1578 3779 1653">
    <p class='ocr_par' dir='ltr' id='par_1_62' title="bbox 2243 1578 3779 1653">
     <span class='ocr_line' id='line_1_62' title="bbox 2243 1578 3779 1653; baseline -0.003 -17"><span class='ocrx_word' id='word_1_446' title='bbox 2243 1582 2539 1653; x_wconf 89' lang='lat' dir='ltr'>ingrediar</span> <span class='ocrx_word' id='word_1_447' title='bbox 2588 1580 2647 1635; x_wconf 92' lang='lat' dir='ltr'>in</span> <span class='ocrx_word' id='word_1_448' title='bbox 2702 1581 2942 1635; x_wconf 90' lang='lat' dir='ltr'>domum</span> <span class='ocrx_word' id='word_1_449' title='bbox 2998 1586 3181 1650; x_wconf 89' lang='lat' dir='ltr'>tuam,</span> <span class='ocrx_word' id='word_1_450' title='bbox 3235 1580 3479 1634; x_wconf 88' lang='lat' dir='ltr'>introibo</span> <span class='ocrx_word' id='word_1_451' title='bbox 3525 1578 3576 1631; x_wconf 89' lang='lat' dir='ltr'>in</span> <span class='ocrx_word' id='word_1_452' title='bbox 3618 1578 3779 1633; x_wconf 89' lang='lat' dir='ltr'>domum</span> 
     </span>
    </p>
   </div>
   <div class='ocr_carea' id='block_1_63' title="bbox 2242 1667 3775 1742">
    <p class='ocr_par' dir='ltr' id='par_1_63' title="bbox 2242 1667 3775 1742">
     <span class='ocr_line' id='line_1_63' title="bbox 2242 1667 3775 1742; baseline -0.004 -17"><span class='ocrx_word' id='word_1_453' title='bbox 2242 1677 2425 1732; x_wconf 84' lang='lat' dir='ltr'>tuam,</span> <span class='ocrx_word' id='word_1_454' title='bbox 2458 1687 2586 1742; x_wconf 63' lang='lat' dir='ltr'>qua:</span> <span class='ocrx_word' id='word_1_455' title='bbox 2615 1676 2704 1725; x_wconf 88' lang='lat' dir='ltr'>est</span> <span class='ocrx_word' id='word_1_456' title='bbox 2733 1669 3009 1725; x_wconf 89' lang='lat' dir='ltr'>Ecclesia.</span> <span class='ocrx_word' id='word_1_457' title='bbox 3044 1692 3072 1718; x_wconf 90' lang='lat'>«</span> <span class='ocrx_word' id='word_1_458' title='bbox 3109 1669 3379 1723; x_wconf 82' lang='lat' dir='ltr'>Adorabo</span> <span class='ocrx_word' id='word_1_459' title='bbox 3410 1668 3477 1723; x_wconf 90' lang='lat' dir='ltr'>ad</span> <span class='ocrx_word' id='word_1_460' title='bbox 3506 1667 3775 1737; x_wconf 61' lang='lat' dir='ltr'>templum:</span> 
     </span>
    </p>
   </div>
   <div class='ocr_carea' id='block_1_64' title="bbox 2241 1756 3452 1833">
    <p class='ocr_par' dir='ltr' id='par_1_64' title="bbox 2241 1756 3452 1833">
     <span class='ocr_line' id='line_1_64' title="bbox 2241 1756 3452 1833; baseline -0.004 -17"><span class='ocrx_word' id='word_1_461' title='bbox 2241 1765 2347 1816; x_wconf 91' lang='lat' dir='ltr'>etc.</span> <span class='ocrx_word' id='word_1_462' title='bbox 2384 1760 2515 1833; x_wconf 90' lang='lat' dir='ltr'>Ipsa</span> <span class='ocrx_word' id='word_1_463' title='bbox 2544 1764 2633 1815; x_wconf 90' lang='lat' dir='ltr'>est</span> <span class='ocrx_word' id='word_1_464' title='bbox 2661 1759 2873 1815; x_wconf 88' lang='lat' dir='ltr'>domus</span> <span class='ocrx_word' id='word_1_465' title='bbox 2904 1776 3031 1831; x_wconf 65' lang='lat' dir='ltr'>quas</span> <span class='ocrx_word' id='word_1_466' title='bbox 3062 1765 3119 1813; x_wconf 91' lang='lat' dir='ltr'>et</span> <span class='ocrx_word' id='word_1_467' title='bbox 3148 1756 3452 1830; x_wconf 89' lang='lat' dir='ltr'>templum.</span> 
     </span>
    </p>
   </div>
   <div class='ocr_carea' id='block_1_65' title="bbox 2317 1846 3779 1919">
    <p class='ocr_par' dir='ltr' id='par_1_65' title="bbox 2317 1846 3779 1919">
     <span class='ocr_line' id='line_1_65' title="bbox 2317 1846 3779 1919; baseline -0.005 -16"><span class='ocrx_word' id='word_1_468' title='bbox 2317 1872 2345 1899; x_wconf 88' lang='grc'>‹‹</span> <span class='ocrx_word' id='word_1_469' title='bbox 2378 1850 2637 1919; x_wconf 83' lang='lat' dir='ltr'>Domine,</span> <span class='ocrx_word' id='word_1_470' title='bbox 2673 1850 2860 1903; x_wconf 89' lang='lat' dir='ltr'>deduc</span> <span class='ocrx_word' id='word_1_471' title='bbox 2892 1865 2985 1903; x_wconf 91' lang='lat' dir='ltr'>me</span> <span class='ocrx_word' id='word_1_472' title='bbox 3017 1848 3075 1901; x_wconf 91' lang='lat' dir='ltr'>in</span> <span class='ocrx_word' id='word_1_473' title='bbox 3115 1853 3219 1902; x_wconf 89' lang='lat' dir='ltr'>tua</span> <span class='ocrx_word' id='word_1_474' title='bbox 3252 1846 3496 1917; x_wconf 86' lang='lat' dir='ltr'>justitia.</span> <span class='ocrx_word' id='word_1_475' title='bbox 3543 1869 3566 1894; x_wconf 86' lang='grc'>‹‹</span> <span class='ocrx_word' id='word_1_476' title='bbox 3597 1846 3686 1917; x_wconf 83' lang='lat' dir='ltr'>Ego</span> <span class='ocrx_word' id='word_1_477' title='bbox 3719 1861 3779 1896; x_wconf 77' lang='lat' dir='ltr'>au-</span> 
     </span>
    </p>
   </div>
   <div class='ocr_carea' id='block_1_66' title="bbox 2239 1933 3779 2010">
    <p class='ocr_par' dir='ltr' id='par_1_66' title="bbox 2239 1933 3779 2010">
     <span class='ocr_line' id='line_1_66' title="bbox 2239 1933 3779 2010; baseline -0.007 -15"><span class='ocrx_word' id='word_1_478' title='bbox 2239 1945 2356 1996; x_wconf 90' lang='lat' dir='ltr'>tem</span> <span class='ocrx_word' id='word_1_479' title='bbox 2389 1939 2560 2010; x_wconf 87' lang='lat' dir='ltr'>cupio</span> <span class='ocrx_word' id='word_1_480' title='bbox 2592 1938 2810 1993; x_wconf 88' lang='lat' dir='ltr'>intrare</span> <span class='ocrx_word' id='word_1_481' title='bbox 2842 1938 2899 1991; x_wconf 90' lang='lat' dir='ltr'>in</span> <span class='ocrx_word' id='word_1_482' title='bbox 2930 1938 3173 1991; x_wconf 91' lang='lat' dir='ltr'>domum</span> <span class='ocrx_word' id='word_1_483' title='bbox 3206 1940 3391 2005; x_wconf 86' lang='lat' dir='ltr'>tuam,</span> <span class='ocrx_word' id='word_1_484' title='bbox 3424 1940 3476 1990; x_wconf 87' lang='lat' dir='ltr'>et</span> <span class='ocrx_word' id='word_1_485' title='bbox 3502 1933 3612 1989; x_wconf 89' lang='lat' dir='ltr'>volo</span> <span class='ocrx_word' id='word_1_486' title='bbox 3636 1934 3779 1987; x_wconf 78' lang='lat' dir='ltr'>intrare</span> 
     </span>
    </p>
   </div>
   <div class='ocr_carea' id='block_1_67' title="bbox 2240 2023 3780 2102">
    <p class='ocr_par' dir='ltr' id='par_1_67' title="bbox 2240 2023 3780 2102">
     <span class='ocr_line' id='line_1_67' title="bbox 2240 2023 3780 2102; baseline -0.008 -17"><span class='ocrx_word' id='word_1_487' title='bbox 2240 2047 2343 2102; x_wconf 91' lang='lat' dir='ltr'>per</span> <span class='ocrx_word' id='word_1_488' title='bbox 2369 2029 2522 2084; x_wconf 91' lang='lat' dir='ltr'>viam</span> <span class='ocrx_word' id='word_1_489' title='bbox 2570 2033 2734 2083; x_wconf 90' lang='lat' dir='ltr'>tuam</span> <span class='ocrx_word' id='word_1_490' title='bbox 2781 2031 3000 2083; x_wconf 90' lang='lat' dir='ltr'>rectam</span> <span class='ocrx_word' id='word_1_491' title='bbox 3034 2043 3047 2081; x_wconf 88' lang='lat'><strong>:</strong></span> <span class='ocrx_word' id='word_1_492' title='bbox 3104 2027 3206 2082; x_wconf 86' lang='lat' dir='ltr'>sed</span> <span class='ocrx_word' id='word_1_493' title='bbox 3241 2026 3510 2098; x_wconf 90' lang='lat' dir='ltr'>quoniam</span> <span class='ocrx_word' id='word_1_494' title='bbox 3537 2023 3780 2079; x_wconf 71' lang='lat' dir='ltr'>continuata</span> 
     </span>
    </p>
   </div>
   <div class='ocr_carea' id='block_1_68' title="bbox 2240 2110 3777 2187">
    <p class='ocr_par' dir='ltr' id='par_1_68' title="bbox 2240 2110 3777 2187">
     <span class='ocr_line' id='line_1_68' title="bbox 2240 2110 3777 2187; baseline -0.007 -13"><span class='ocrx_word' id='word_1_495' title='bbox 2240 2118 2466 2175; x_wconf 90' lang='lat' dir='ltr'>semitis</span> <span class='ocrx_word' id='word_1_496' title='bbox 2517 2116 2794 2173; x_wconf 87' lang='lat' dir='ltr'>scandala</span> <span class='ocrx_word' id='word_1_497' title='bbox 2836 2120 3067 2187; x_wconf 89' lang='lat' dir='ltr'>ponunt</span> <span class='ocrx_word' id='word_1_498' title='bbox 3114 2114 3343 2170; x_wconf 89' lang='lat' dir='ltr'>inimici</span> <span class='ocrx_word' id='word_1_499' title='bbox 3389 2114 3515 2180; x_wconf 90' lang='lat' dir='ltr'>mei,</span> <span class='ocrx_word' id='word_1_500' title='bbox 3545 2118 3593 2168; x_wconf 88' lang='lat' dir='ltr'>et</span> <span class='ocrx_word' id='word_1_501' title='bbox 3624 2110 3777 2165; x_wconf 86' lang='lat' dir='ltr'>mihiin</span> 
     </span>
    </p>
   </div>
   <div class='ocr_carea' id='block_1_69' title="bbox 2239 2198 3777 2277">
    <p class='ocr_par' dir='ltr' id='par_1_69' title="bbox 2239 2198 3777 2277">
     <span class='ocr_line' id='line_1_69' title="bbox 2239 2198 3777 2277; baseline -0.008 -13"><span class='ocrx_word' id='word_1_502' title='bbox 2239 2210 2480 2264; x_wconf 91' lang='lat' dir='ltr'>domum</span> <span class='ocrx_word' id='word_1_503' title='bbox 2530 2213 2693 2263; x_wconf 89' lang='lat' dir='ltr'>tuam</span> <span class='ocrx_word' id='word_1_504' title='bbox 2734 2204 2818 2262; x_wconf 88' lang='lat' dir='ltr'>ire</span> <span class='ocrx_word' id='word_1_505' title='bbox 2856 2204 3134 2277; x_wconf 89' lang='lat' dir='ltr'>cupienti,</span> <span class='ocrx_word' id='word_1_506' title='bbox 3170 2204 3411 2276; x_wconf 89' lang='lat' dir='ltr'>laqueos</span> <span class='ocrx_word' id='word_1_507' title='bbox 3439 2208 3634 2275; x_wconf 90' lang='lat' dir='ltr'>ponunt</span> <span class='ocrx_word' id='word_1_508' title='bbox 3656 2201 3697 2254; x_wconf 89' lang='lat' dir='ltr'>in</span> <span class='ocrx_word' id='word_1_509' title='bbox 3718 2198 3777 2252; x_wconf 86' lang='lat' dir='ltr'>iti-</span> 
     </span>
    </p>
   </div>
   <div class='ocr_carea' id='block_1_70' title="bbox 2240 2291 3775 2369">
    <p class='ocr_par' dir='ltr' id='par_1_70' title="bbox 2240 2291 3775 2369">
     <span class='ocr_line' id='line_1_70' title="bbox 2240 2291 3775 2369; baseline -0.007 -17"><span class='ocrx_word' id='word_1_510' title='bbox 2240 2315 2375 2354; x_wconf 89' lang='lat' dir='ltr'>nere</span> <span class='ocrx_word' id='word_1_511' title='bbox 2407 2313 2421 2354; x_wconf 90' lang='lat'>:</span> <span class='ocrx_word' id='word_1_512' title='bbox 2471 2301 2799 2369; x_wconf 89' lang='lat' dir='ltr'>propterea,</span> <span class='ocrx_word' id='word_1_513' title='bbox 2833 2311 3030 2366; x_wconf 60' lang='lat' dir='ltr'>quaeso</span> <span class='ocrx_word' id='word_1_514' title='bbox 3060 2299 3138 2359; x_wconf 90' lang='lat' dir='ltr'>te,</span> <span class='ocrx_word' id='word_1_515' title='bbox 3175 2298 3237 2349; x_wconf 88' lang='lat' dir='ltr'>ut</span> <span class='ocrx_word' id='word_1_516' title='bbox 3268 2293 3482 2365; x_wconf 87' lang='lat' dir='ltr'>dirigas</span> <span class='ocrx_word' id='word_1_517' title='bbox 3508 2291 3653 2362; x_wconf 84' lang='lat' dir='ltr'>pedes</span> <span class='ocrx_word' id='word_1_518' title='bbox 3676 2303 3775 2343; x_wconf 79' lang='lat' dir='ltr'>meos</span> 
     </span>
    </p>
   </div>
   <div class='ocr_carea' id='block_1_71' title="bbox 2241 2378 3779 2456">
    <p class='ocr_par' dir='ltr' id='par_1_71' title="bbox 2241 2378 3779 2456">
     <span class='ocr_line' id='line_1_71' title="bbox 2241 2378 3779 2456; baseline -0.008 -16"><span class='ocrx_word' id='word_1_519' title='bbox 2241 2402 2425 2456; x_wconf 90' lang='lat' dir='ltr'>usque</span> <span class='ocrx_word' id='word_1_520' title='bbox 2451 2385 2520 2439; x_wconf 89' lang='lat' dir='ltr'>ad</span> <span class='ocrx_word' id='word_1_521' title='bbox 2547 2384 2745 2438; x_wconf 84' lang='lat' dir='ltr'>tinem.</span> <span class='ocrx_word' id='word_1_522' title='bbox 2771 2382 2964 2437; x_wconf 89' lang='lat' dir='ltr'>Meum</span> <span class='ocrx_word' id='word_1_523' title='bbox 2989 2384 3080 2436; x_wconf 89' lang='lat' dir='ltr'>est</span> <span class='ocrx_word' id='word_1_524' title='bbox 3109 2382 3288 2453; x_wconf 88' lang='lat' dir='ltr'>pedes</span> <span class='ocrx_word' id='word_1_525' title='bbox 3316 2396 3519 2453; x_wconf 89' lang='lat' dir='ltr'>ponere</span> <span class='ocrx_word' id='word_1_526' title='bbox 3539 2379 3588 2433; x_wconf 91' lang='lat' dir='ltr'>in</span> <span class='ocrx_word' id='word_1_527' title='bbox 3606 2378 3779 2432; x_wconf 74' lang='lat' dir='ltr'>vietus:</span> 
     </span>
    </p>
   </div>
   <div class='ocr_carea' id='block_1_72' title="bbox 2240 2464 3779 2543">
    <p class='ocr_par' dir='ltr' id='par_1_72' title="bbox 2240 2464 3779 2543">
     <span class='ocr_line' id='line_1_72' title="bbox 2240 2464 3779 2543; baseline -0.008 -15"><span class='ocrx_word' id='word_1_528' title='bbox 2240 2478 2409 2528; x_wconf 92' lang='lat' dir='ltr'>tuum</span> <span class='ocrx_word' id='word_1_529' title='bbox 2458 2478 2546 2528; x_wconf 88' lang='lat' dir='ltr'>est</span> <span class='ocrx_word' id='word_1_530' title='bbox 2592 2472 2879 2543; x_wconf 89' lang='lat' dir='ltr'>corrigere</span> <span class='ocrx_word' id='word_1_531' title='bbox 2924 2487 3164 2543; x_wconf 87' lang='lat' dir='ltr'>gressus</span> <span class='ocrx_word' id='word_1_532' title='bbox 3214 2486 3394 2525; x_wconf 89' lang='lat' dir='ltr'>meos.</span> <span class='ocrx_word' id='word_1_533' title='bbox 3446 2492 3472 2518; x_wconf 88' lang='grc'>‹‹</span> <span class='ocrx_word' id='word_1_534' title='bbox 3499 2470 3694 2538; x_wconf 86' lang='lat' dir='ltr'>Propter</span> <span class='ocrx_word' id='word_1_535' title='bbox 3712 2464 3779 2516; x_wconf 87' lang='lat' dir='ltr'>ini-</span> 
     </span>
    </p>
   </div>
   <div class='ocr_carea' id='block_1_73' title="bbox 2241 2558 3775 2632">
    <p class='ocr_par' dir='ltr' id='par_1_73' title="bbox 2241 2558 3775 2632">
     <span class='ocr_line' id='line_1_73' title="bbox 2241 2558 3775 2632; baseline -0.006 -16"><span class='ocrx_word' id='word_1_536' title='bbox 2241 2562 2423 2617; x_wconf 88' lang='lat' dir='ltr'>mices</span> <span class='ocrx_word' id='word_1_537' title='bbox 2451 2578 2610 2618; x_wconf 90' lang='lat' dir='ltr'>meos</span> <span class='ocrx_word' id='word_1_538' title='bbox 2638 2560 2822 2632; x_wconf 88' lang='lat' dir='ltr'>dirige</span> <span class='ocrx_word' id='word_1_539' title='bbox 2854 2560 2910 2614; x_wconf 91' lang='lat' dir='ltr'>in</span> <span class='ocrx_word' id='word_1_540' title='bbox 2945 2564 3263 2632; x_wconf 88' lang='lat' dir='ltr'>conspectu</span> <span class='ocrx_word' id='word_1_541' title='bbox 3295 2565 3394 2614; x_wconf 91' lang='lat' dir='ltr'>tuo</span> <span class='ocrx_word' id='word_1_542' title='bbox 3423 2558 3559 2613; x_wconf 87' lang='lat' dir='ltr'>viam</span> <span class='ocrx_word' id='word_1_543' title='bbox 3586 2570 3739 2610; x_wconf 83' lang='lat' dir='ltr'>meam.</span> <span class='ocrx_word' id='word_1_544' title='bbox 3762 2573 3775 2594; x_wconf 61' lang='grc' dir='ltr'><em>η</em></span> 
     </span>
    </p>
   </div>
   <div class='ocr_carea' id='block_1_74' title="bbox 2237 2642 3776 2719">
    <p class='ocr_par' dir='ltr' id='par_1_74' title="bbox 2237 2642 3776 2719">
     <span class='ocr_line' id='line_1_74' title="bbox 2237 2642 3776 2719; baseline -0.007 -16"><span class='ocrx_word' id='word_1_545' title='bbox 2237 2656 2354 2706; x_wconf 86' lang='lat' dir='ltr'>Hoc</span> <span class='ocrx_word' id='word_1_546' title='bbox 2385 2656 2495 2717; x_wconf 91' lang='lat' dir='ltr'>est,</span> <span class='ocrx_word' id='word_1_547' title='bbox 2526 2651 2679 2705; x_wconf 88' lang='lat' dir='ltr'>viam</span> <span class='ocrx_word' id='word_1_548' title='bbox 2721 2654 2885 2704; x_wconf 89' lang='lat' dir='ltr'>tuam</span> <span class='ocrx_word' id='word_1_549' title='bbox 2924 2653 3141 2704; x_wconf 88' lang='lat' dir='ltr'>rectam</span> <span class='ocrx_word' id='word_1_550' title='bbox 3196 2650 3288 2704; x_wconf 83' lang='lat' dir='ltr'>fac</span> <span class='ocrx_word' id='word_1_551' title='bbox 3335 2651 3555 2719; x_wconf 86' lang='lat' dir='ltr'>propter</span> <span class='ocrx_word' id='word_1_552' title='bbox 3593 2642 3776 2697; x_wconf 79' lang='lat' dir='ltr'>inimicos</span> 
     </span>
    </p>
   </div>
   <div class='ocr_carea' id='block_1_75' title="bbox 2238 2729 3777 2809">
    <p class='ocr_par' dir='ltr' id='par_1_75' title="bbox 2238 2729 3777 2809">
     <span class='ocr_line' id='line_1_75' title="bbox 2238 2729 3777 2809; baseline -0.01 -14"><span class='ocrx_word' id='word_1_553' title='bbox 2238 2756 2419 2809; x_wconf 88' lang='lat' dir='ltr'>meos,</span> <span class='ocrx_word' id='word_1_554' title='bbox 2453 2739 2553 2809; x_wconf 90' lang='lat' dir='ltr'>qui</span> <span class='ocrx_word' id='word_1_555' title='bbox 2598 2738 2954 2794; x_wconf 89' lang='lat' dir='ltr'>insidiantur</span> <span class='ocrx_word' id='word_1_556' title='bbox 3004 2737 3172 2792; x_wconf 90' lang='lat' dir='ltr'>mihi.</span> <span class='ocrx_word' id='word_1_557' title='bbox 3207 2738 3341 2801; x_wconf 57' lang='lat' dir='ltr'>Quae</span> <span class='ocrx_word' id='word_1_558' title='bbox 3389 2742 3472 2792; x_wconf 90' lang='lat' dir='ltr'>est</span> <span class='ocrx_word' id='word_1_559' title='bbox 3515 2738 3674 2790; x_wconf 84' lang='lat' dir='ltr'>autem</span> <span class='ocrx_word' id='word_1_560' title='bbox 3709 2729 3777 2782; x_wconf 80' lang='lat' dir='ltr'>ista</span> 
     </span>
    </p>
   </div>
   <div class='ocr_carea' id='block_1_76' title="bbox 2234 2816 3773 2900">
    <p class='ocr_par' dir='ltr' id='par_1_76' title="bbox 2234 2816 3773 2900">
     <span class='ocr_line' id='line_1_76' title="bbox 2234 2816 3773 2900; baseline -0.009 -17"><span class='ocrx_word' id='word_1_561' title='bbox 2234 2829 2370 2883; x_wconf 83' lang='lat' dir='ltr'>via?</span> <span class='ocrx_word' id='word_1_562' title='bbox 2403 2829 2594 2884; x_wconf 88' lang='lat' dir='ltr'>Lectio</span> <span class='ocrx_word' id='word_1_563' title='bbox 2620 2828 3077 2900; x_wconf 87' lang='lat' dir='ltr'>Scripturarum,</span> <span class='ocrx_word' id='word_1_564' title='bbox 3103 2827 3214 2883; x_wconf 88' lang='lat' dir='ltr'>hoc</span> <span class='ocrx_word' id='word_1_565' title='bbox 3243 2832 3349 2894; x_wconf 89' lang='lat' dir='ltr'>est,</span> <span class='ocrx_word' id='word_1_566' title='bbox 3375 2843 3444 2881; x_wconf 91' lang='lat' dir='ltr'>ne</span> <span class='ocrx_word' id='word_1_567' title='bbox 3470 2824 3524 2878; x_wconf 90' lang='lat' dir='ltr'>in</span> <span class='ocrx_word' id='word_1_568' title='bbox 3549 2816 3773 2890; x_wconf 83' lang='lat' dir='ltr'>Scripturis</span> 
     </span>
    </p>
   </div>
   <div class='ocr_carea' id='block_1_77' title="bbox 2234 2912 3772 2989">
    <p class='ocr_par' dir='ltr' id='par_1_77' title="bbox 2234 2912 3772 2989">
     <span class='ocr_line' id='line_1_77' title="bbox 2234 2912 3772 2989; baseline -0.005 -17"><span class='ocrx_word' id='word_1_569' title='bbox 2234 2918 2372 2984; x_wconf 88' lang='lat' dir='ltr'>tuis,</span> <span class='ocrx_word' id='word_1_570' title='bbox 2408 2934 2511 2989; x_wconf 91' lang='lat' dir='ltr'>per</span> <span class='ocrx_word' id='word_1_571' title='bbox 2557 2934 2704 2988; x_wconf 86' lang='lat' dir='ltr'>quas</span> <span class='ocrx_word' id='word_1_572' title='bbox 2751 2917 2975 2989; x_wconf 89' lang='lat' dir='ltr'>ingredi</span> <span class='ocrx_word' id='word_1_573' title='bbox 3028 2915 3201 2987; x_wconf 89' lang='lat' dir='ltr'>cupio</span> <span class='ocrx_word' id='word_1_574' title='bbox 3247 2916 3305 2970; x_wconf 90' lang='lat' dir='ltr'>in</span> <span class='ocrx_word' id='word_1_575' title='bbox 3345 2912 3772 2970; x_wconf 70' lang='lat' dir='ltr'>Ecclesiamtuam.</span> 
     </span>
    </p>
   </div>
   <div class='ocr_carea' id='block_1_78' title="bbox 2235 2996 3773 3077">
    <p class='ocr_par' dir='ltr' id='par_1_78' title="bbox 2235 2996 3773 3077">
     <span class='ocr_line' id='line_1_78' title="bbox 2235 2996 3773 3077; baseline -0.01 -15"><span class='ocrx_word' id='word_1_576' title='bbox 2235 3023 2524 3062; x_wconf 89' lang='lat' dir='ltr'>corruam.</span> <span class='ocrx_word' id='word_1_577' title='bbox 2558 3006 2766 3062; x_wconf 89' lang='lat' dir='ltr'>Omnis</span> <span class='ocrx_word' id='word_1_578' title='bbox 2811 3006 2970 3062; x_wconf 88' lang='lat' dir='ltr'>enim</span> <span class='ocrx_word' id='word_1_579' title='bbox 3002 3005 3103 3077; x_wconf 90' lang='lat' dir='ltr'>qui</span> <span class='ocrx_word' id='word_1_580' title='bbox 3135 3004 3291 3062; x_wconf 86' lang='lat' dir='ltr'>male</span> <span class='ocrx_word' id='word_1_581' title='bbox 3320 3000 3573 3073; x_wconf 86' lang='lat' dir='ltr'>intelligit</span> <span class='ocrx_word' id='word_1_582' title='bbox 3595 2996 3773 3067; x_wconf 79' lang='lat' dir='ltr'>Scriptu-</span> 
     </span>
    </p>
   </div>
   <div class='ocr_carea' id='block_1_79' title="bbox 2235 3094 2972 3163">
    <p class='ocr_par' dir='ltr' id='par_1_79' title="bbox 2235 3094 2972 3163">
     <span class='ocr_line' id='line_1_79' title="bbox 2235 3094 2972 3163; baseline -0.003 -13"><span class='ocrx_word' id='word_1_583' title='bbox 2235 3112 2353 3163; x_wconf 90' lang='lat' dir='ltr'>ras,</span> <span class='ocrx_word' id='word_1_584' title='bbox 2385 3095 2445 3150; x_wconf 91' lang='lat' dir='ltr'>in</span> <span class='ocrx_word' id='word_1_585' title='bbox 2478 3095 2571 3151; x_wconf 89' lang='lat' dir='ltr'>via</span> <span class='ocrx_word' id='word_1_586' title='bbox 2604 3095 2701 3151; x_wconf 86' lang='lat' dir='ltr'>Dei</span> <span class='ocrx_word' id='word_1_587' title='bbox 2733 3094 2972 3150; x_wconf 91' lang='lat' dir='ltr'>corruit.</span> 
     </span>
    </p>
   </div>
   <div class='ocr_carea' id='block_1_80' title="bbox 2312 3170 3775 3250">
    <p class='ocr_par' dir='ltr' id='par_1_80' title="bbox 2312 3170 3775 3250">
     <span class='ocr_line' id='line_1_80' title="bbox 2312 3170 3775 3250; baseline -0.009 -9"><span class='ocrx_word' id='word_1_588' title='bbox 2312 3208 2332 3234; x_wconf 73' lang='grc' dir='ltr'>α</span> <span class='ocrx_word' id='word_1_589' title='bbox 2370 3185 2654 3250; x_wconf 92' lang='lat' dir='ltr'>Quoniam</span> <span class='ocrx_word' id='word_1_590' title='bbox 2687 3201 2802 3239; x_wconf 90' lang='lat' dir='ltr'>non</span> <span class='ocrx_word' id='word_1_591' title='bbox 2834 3189 2924 3240; x_wconf 88' lang='lat' dir='ltr'>est</span> <span class='ocrx_word' id='word_1_592' title='bbox 2956 3184 3014 3238; x_wconf 90' lang='lat' dir='ltr'>in</span> <span class='ocrx_word' id='word_1_593' title='bbox 3045 3199 3143 3238; x_wconf 88' lang='lat' dir='ltr'>ore</span> <span class='ocrx_word' id='word_1_594' title='bbox 3176 3198 3379 3238; x_wconf 88' lang='lat' dir='ltr'>eorum</span> <span class='ocrx_word' id='word_1_595' title='bbox 3416 3179 3622 3235; x_wconf 86' lang='lat' dir='ltr'>veritas.</span> <span class='ocrx_word' id='word_1_596' title='bbox 3653 3198 3672 3221; x_wconf 84' lang='lat'>»</span> <span class='ocrx_word' id='word_1_597' title='bbox 3708 3170 3775 3223; x_wconf 76' lang='lat' dir='ltr'>D6-</span> 
     </span>
    </p>
   </div>
   <div class='ocr_carea' id='block_1_81' title="bbox 2235 3258 3853 3341">
    <p class='ocr_par' dir='ltr' id='par_1_81' title="bbox 2235 3258 3853 3341">
     <span class='ocr_line' id='line_1_81' title="bbox 2235 3258 3853 3341; baseline -0.012 -13"><span class='ocrx_word' id='word_1_598' title='bbox 2235 3274 2575 3329; x_wconf 89' lang='lat' dir='ltr'>scribuntur</span> <span class='ocrx_word' id='word_1_599' title='bbox 2605 3274 2881 3341; x_wconf 72' lang='lat' dir='ltr'>haeretici,</span> <span class='ocrx_word' id='word_1_600' title='bbox 2908 3272 3330 3328; x_wconf 85' lang='lat' dir='ltr'>describuntur</span> <span class='ocrx_word' id='word_1_601' title='bbox 3356 3270 3439 3325; x_wconf 89' lang='lat' dir='ltr'>vir</span> <span class='ocrx_word' id='word_1_602' title='bbox 3467 3258 3775 3337; x_wconf 71' lang='lat' dir='ltr'>sanguinaria:</span> <span class='ocrx_word' id='word_1_603' title='bbox 3852 3296 3853 3331; x_wconf 28' lang='grc' dir='ltr'>ξ</span> 
     </span>
    </p>
   </div>
   <div class='ocr_carea' id='block_1_82' title="bbox 2233 3350 3773 3433">
    <p class='ocr_par' dir='ltr' id='par_1_82' title="bbox 2233 3350 3773 3433">
     <span class='ocr_line' id='line_1_82' title="bbox 2233 3350 3773 3433; baseline -0.011 -16"><span class='ocrx_word' id='word_1_604' title='bbox 2233 3367 2290 3417; x_wconf 91' lang='lat' dir='ltr'>et</span> <span class='ocrx_word' id='word_1_605' title='bbox 2311 3362 2571 3433; x_wconf 86' lang='lat' dir='ltr'>dolosus,</span> <span class='ocrx_word' id='word_1_606' title='bbox 2598 3379 2773 3433; x_wconf 89' lang='lat' dir='ltr'>quem</span> <span class='ocrx_word' id='word_1_607' title='bbox 2799 3360 3241 3417; x_wconf 89' lang='lat' dir='ltr'>abominabitur</span> <span class='ocrx_word' id='word_1_608' title='bbox 3262 3359 3547 3416; x_wconf 88' lang='lat' dir='ltr'>Dominus.</span> <span class='ocrx_word' id='word_1_609' title='bbox 3576 3376 3598 3401; x_wconf 74' lang='grc' dir='ltr'>ι(</span> <span class='ocrx_word' id='word_1_610' title='bbox 3620 3350 3773 3405; x_wconf 62' lang='lat' dir='ltr'>Nones!</span> 
     </span>
    </p>
   </div>
   <div class='ocr_carea' id='block_1_83' title="bbox 2234 3442 3770 3508">
    <p class='ocr_par' dir='ltr' id='par_1_83' title="bbox 2234 3442 3770 3508">
     <span class='ocr_line' id='line_1_83' title="bbox 2234 3442 3770 3508; baseline -0.01 0"><span class='ocrx_word' id='word_1_611' title='bbox 2234 3453 2289 3505; x_wconf 91' lang='lat' dir='ltr'>in</span> <span class='ocrx_word' id='word_1_612' title='bbox 2323 3469 2421 3508; x_wconf 88' lang='lat' dir='ltr'>ore</span> <span class='ocrx_word' id='word_1_613' title='bbox 2451 3469 2652 3507; x_wconf 89' lang='lat' dir='ltr'>eorum</span> <span class='ocrx_word' id='word_1_614' title='bbox 2682 3450 2914 3507; x_wconf 85' lang='lat' dir='ltr'>veritas.</span> <span class='ocrx_word' id='word_1_615' title='bbox 2949 3474 2976 3501; x_wconf 86' lang='lat'><strong>»</strong></span> <span class='ocrx_word' id='word_1_616' title='bbox 3033 3450 3160 3505; x_wconf 81' lang='lat' dir='ltr'>Non</span> <span class='ocrx_word' id='word_1_617' title='bbox 3208 3450 3420 3505; x_wconf 89' lang='lat' dir='ltr'>habent</span> <span class='ocrx_word' id='word_1_618' title='bbox 3448 3442 3690 3499; x_wconf 81' lang='lat' dir='ltr'>Christum</span> <span class='ocrx_word' id='word_1_619' title='bbox 3710 3448 3770 3487; x_wconf 74' lang='lat' dir='ltr'>ve-</span> 
     </span>
    </p>
   </div>
   <div class='ocr_carea' id='block_1_84' title="bbox 2232 3526 3767 3611">
    <p class='ocr_par' dir='ltr' id='par_1_84' title="bbox 2232 3526 3767 3611">
     <span class='ocr_line' id='line_1_84' title="bbox 2232 3526 3767 3611; baseline -0.01 -17"><span class='ocrx_word' id='word_1_620' title='bbox 2232 3542 2463 3596; x_wconf 87' lang='lat' dir='ltr'>ritatem</span> <span class='ocrx_word' id='word_1_621' title='bbox 2526 3543 2583 3596; x_wconf 89' lang='lat' dir='ltr'>in</span> <span class='ocrx_word' id='word_1_622' title='bbox 2632 3558 2731 3597; x_wconf 89' lang='lat' dir='ltr'>ore</span> <span class='ocrx_word' id='word_1_623' title='bbox 2778 3558 2905 3607; x_wconf 89' lang='lat' dir='ltr'>suo,</span> <span class='ocrx_word' id='word_1_624' title='bbox 2956 3540 3096 3611; x_wconf 91' lang='lat' dir='ltr'>quia</span> <span class='ocrx_word' id='word_1_625' title='bbox 3146 3556 3254 3595; x_wconf 91' lang='lat' dir='ltr'>nec</span> <span class='ocrx_word' id='word_1_626' title='bbox 3308 3539 3365 3593; x_wconf 92' lang='lat' dir='ltr'>in</span> <span class='ocrx_word' id='word_1_627' title='bbox 3413 3533 3567 3591; x_wconf 75' lang='lat' dir='ltr'>corde</span> <span class='ocrx_word' id='word_1_628' title='bbox 3608 3526 3767 3583; x_wconf 77' lang='lat' dir='ltr'>habent.</span> 
     </span>
    </p>
   </div>
   <div class='ocr_carea' id='block_1_85' title="bbox 2235 3611 3766 3707">
    <p class='ocr_par' dir='ltr' id='par_1_85' title="bbox 2235 3611 3766 3707">
     <span class='ocr_line' id='line_1_85' title="bbox 2235 3611 3766 3707; baseline -0.008 -23"><span class='ocrx_word' id='word_1_629' title='bbox 2235 3654 2255 3679; x_wconf 74' lang='grc' dir='ltr'>ι</span> <span class='ocrx_word' id='word_1_630' title='bbox 2296 3633 2402 3684; x_wconf 78' lang='lat' dir='ltr'>Cor</span> <span class='ocrx_word' id='word_1_631' title='bbox 2441 3647 2642 3685; x_wconf 88' lang='lat' dir='ltr'>eorum</span> <span class='ocrx_word' id='word_1_632' title='bbox 2685 3646 2900 3684; x_wconf 90' lang='lat' dir='ltr'>vanum</span> <span class='ocrx_word' id='word_1_633' title='bbox 2931 3634 3039 3683; x_wconf 88' lang='lat' dir='ltr'>est.</span> <span class='ocrx_word' id='word_1_634' title='bbox 3078 3650 3106 3677; x_wconf 87' lang='lat'>»</span> <span class='ocrx_word' id='word_1_635' title='bbox 3160 3626 3369 3683; x_wconf 90' lang='lat' dir='ltr'>Melius</span> <span class='ocrx_word' id='word_1_636' title='bbox 3396 3616 3678 3679; x_wconf 88' lang='lat' dir='ltr'>habeturin</span> 
     </span>
    </p>
   </div>
   <div class='ocr_carea' id='block_1_86' title="bbox 2229 3704 3764 3774">
    <p class='ocr_par' dir='ltr' id='par_1_86' title="bbox 2229 3704 3764 3774">
     <span class='ocr_line' id='line_1_86' title="bbox 2229 3704 3764 3774; baseline -0.008 -1"><span class='ocrx_word' id='word_1_637' title='bbox 2229 3721 2381 3773; x_wconf 71' lang='lat' dir='ltr'>braso</span> <span class='ocrx_word' id='word_1_638' title='bbox 2411 3715 2722 3773; x_wconf 75' lang='grc' dir='ltr'>επίοοὺλον.</span> <span class='ocrx_word' id='word_1_639' title='bbox 2776 3718 2920 3774; x_wconf 89' lang='lat' dir='ltr'>Vere</span> <span class='ocrx_word' id='word_1_640' title='bbox 2952 3716 3107 3773; x_wconf 88' lang='lat' dir='ltr'>enim</span> <span class='ocrx_word' id='word_1_641' title='bbox 3156 3716 3460 3772; x_wconf 86' lang='lat' dir='ltr'>insidiatur</span> <span class='ocrx_word' id='word_1_642' title='bbox 3501 3726 3586 3765; x_wconf 92' lang='lat' dir='ltr'>cor</span> <span class='ocrx_word' id='word_1_643' title='bbox 3609 3704 3764 3761; x_wconf 67' lang='lat' dir='ltr'>hereti-</span> 
     </span>
    </p>
   </div>
   <div class='ocr_carea' id='block_1_87' title="bbox 2228 3798 3763 3879">
    <p class='ocr_par' dir='ltr' id='par_1_87' title="bbox 2228 3798 3763 3879">
     <span class='ocr_line' id='line_1_87' title="bbox 2228 3798 3763 3879; baseline -0.006 -18"><span class='ocrx_word' id='word_1_644' title='bbox 2228 3824 2426 3862; x_wconf 89' lang='lat' dir='ltr'>corum</span> <span class='ocrx_word' id='word_1_645' title='bbox 2461 3808 2736 3864; x_wconf 90' lang='lat' dir='ltr'>omnibus</span> <span class='ocrx_word' id='word_1_646' title='bbox 2767 3823 2914 3879; x_wconf 87' lang='lat' dir='ltr'>quos</span> <span class='ocrx_word' id='word_1_647' title='bbox 2946 3805 3183 3878; x_wconf 89' lang='lat' dir='ltr'>decipit.</span> <span class='ocrx_word' id='word_1_648' title='bbox 3233 3827 3259 3857; x_wconf 75' lang='grc' dir='ltr'><strong>α</strong></span> <span class='ocrx_word' id='word_1_649' title='bbox 3289 3801 3602 3875; x_wconf 87' lang='lat' dir='ltr'>Sepulcrum</span> <span class='ocrx_word' id='word_1_650' title='bbox 3627 3798 3763 3879; x_wconf 45' lang='lat' dir='ltr'>palen?</span> 
     </span>
    </p>
   </div>
   <div class='ocr_carea' id='block_1_88' title="bbox 2225 3882 3760 3968">
    <p class='ocr_par' dir='ltr' id='par_1_88' title="bbox 2225 3882 3760 3968">
     <span class='ocr_line' id='line_1_88' title="bbox 2225 3882 3760 3968; baseline -0.01 -17"><span class='ocrx_word' id='word_1_651' title='bbox 2225 3902 2313 3951; x_wconf 86' lang='lat' dir='ltr'>est</span> <span class='ocrx_word' id='word_1_652' title='bbox 2359 3901 2561 3968; x_wconf 83' lang='lat' dir='ltr'>guttur</span> <span class='ocrx_word' id='word_1_653' title='bbox 2609 3914 2833 3951; x_wconf 91' lang='lat' dir='ltr'>eorum.</span> <span class='ocrx_word' id='word_1_654' title='bbox 2869 3918 2896 3944; x_wconf 84' lang='grc'><strong>››</strong></span> <span class='ocrx_word' id='word_1_655' title='bbox 2952 3894 3221 3950; x_wconf 81' lang='lat' dir='ltr'>Infelices</span> <span class='ocrx_word' id='word_1_656' title='bbox 3272 3897 3408 3950; x_wconf 89' lang='lat' dir='ltr'>sunt</span> <span class='ocrx_word' id='word_1_657' title='bbox 3454 3882 3760 3947; x_wconf 65' lang='lat' dir='ltr'>heretici,qll1</span> 
     </span>
    </p>
   </div>
   <div class='ocr_carea' id='block_1_89' title="bbox 2223 3978 3759 4055">
    <p class='ocr_par' dir='ltr' id='par_1_89' title="bbox 2223 3978 3759 4055">
     <span class='ocr_line' id='line_1_89' title="bbox 2223 3978 3759 4055; baseline -0.015 -16"><span class='ocrx_word' id='word_1_658' title='bbox 2223 3986 2495 4055; x_wconf 90' lang='lat' dir='ltr'>sepulcra</span> <span class='ocrx_word' id='word_1_659' title='bbox 2541 3990 2680 4041; x_wconf 87' lang='lat' dir='ltr'>sunt</span> <span class='ocrx_word' id='word_1_660' title='bbox 2706 3984 2993 4051; x_wconf 85' lang='lat' dir='ltr'>dealbata,</span> <span class='ocrx_word' id='word_1_661' title='bbox 3028 3982 3203 4054; x_wconf 83' lang='lat' dir='ltr'>plena</span> <span class='ocrx_word' id='word_1_662' title='bbox 3233 3982 3459 4039; x_wconf 78' lang='lat' dir='ltr'>ossibus</span> <span class='ocrx_word' id='word_1_663' title='bbox 3487 3978 3759 4031; x_wconf 78' lang='lat' dir='ltr'>mortuorum</span> 
     </span>
    </p>
   </div>
   <div class='ocr_carea' id='block_1_90' title="bbox 2221 4060 3759 4150">
    <p class='ocr_par' dir='ltr' id='par_1_90' title="bbox 2221 4060 3759 4150">
     <span class='ocr_line' id='line_1_90' title="bbox 2221 4060 3759 4150; baseline -0.017 -19"><span class='ocrx_word' id='word_1_664' title='bbox 2221 4074 2427 4145; x_wconf 71' lang='lat' dir='ltr'>(Matth:</span> <span class='ocrx_word' id='word_1_665' title='bbox 2460 4092 2622 4140; x_wconf 85' lang='lat' dir='ltr'>xxm,</span> <span class='ocrx_word' id='word_1_666' title='bbox 2653 4076 2765 4140; x_wconf 86' lang='lat'>27).</span> <span class='ocrx_word' id='word_1_667' title='bbox 2824 4094 2852 4123; x_wconf 86' lang='lat'><strong>«</strong></span> <span class='ocrx_word' id='word_1_668' title='bbox 2883 4072 3233 4144; x_wconf 86' lang='lat' dir='ltr'>Sepulcrum</span> <span class='ocrx_word' id='word_1_669' title='bbox 3281 4074 3473 4143; x_wconf 86' lang='lat' dir='ltr'>patens</span> <span class='ocrx_word' id='word_1_670' title='bbox 3516 4068 3589 4120; x_wconf 87' lang='lat' dir='ltr'>est</span> <span class='ocrx_word' id='word_1_671' title='bbox 3624 4060 3759 4150; x_wconf 71' lang='lat' dir='ltr'>guttur</span> 
     </span>
    </p>
   </div>
   <div class='ocr_carea' id='block_1_91' title="bbox 2218 4143 3759 4229">
    <p class='ocr_par' dir='ltr' id='par_1_91' title="bbox 2218 4143 3759 4229">
     <span class='ocr_line' id='line_1_91' title="bbox 2218 4143 3759 4229; baseline -0.015 -12"><span class='ocrx_word' id='word_1_672' title='bbox 2218 4179 2440 4218; x_wconf 89' lang='lat' dir='ltr'>eorum.</span> <span class='ocrx_word' id='word_1_673' title='bbox 2478 4185 2505 4212; x_wconf 92' lang='lat'>»</span> <span class='ocrx_word' id='word_1_674' title='bbox 2552 4164 2746 4229; x_wconf 87' lang='lat' dir='ltr'>Arius,</span> <span class='ocrx_word' id='word_1_675' title='bbox 2780 4162 3128 4229; x_wconf 79' lang='lat' dir='ltr'>Eunomius,</span> <span class='ocrx_word' id='word_1_676' title='bbox 3159 4168 3217 4217; x_wconf 89' lang='lat' dir='ltr'>et</span> <span class='ocrx_word' id='word_1_677' title='bbox 3246 4157 3425 4215; x_wconf 75' lang='lat' dir='ltr'>caeteri</span> <span class='ocrx_word' id='word_1_678' title='bbox 3456 4145 3664 4210; x_wconf 69' lang='lat' dir='ltr'>haeretici</span> <span class='ocrx_word' id='word_1_679' title='bbox 3685 4143 3759 4196; x_wconf 85' lang='lat' dir='ltr'>lin-</span> 
     </span>
    </p>
   </div>
   <div class='ocr_carea' id='block_1_92' title="bbox 2216 4230 3755 4324">
    <p class='ocr_par' dir='ltr' id='par_1_92' title="bbox 2216 4230 3755 4324">
     <span class='ocr_line' id='line_1_92' title="bbox 2216 4230 3755 4324; baseline -0.012 -17"><span class='ocrx_word' id='word_1_680' title='bbox 2216 4268 2362 4323; x_wconf 89' lang='lat' dir='ltr'>guas</span> <span class='ocrx_word' id='word_1_681' title='bbox 2394 4252 2642 4324; x_wconf 84' lang='lat' dir='ltr'>sagittas</span> <span class='ocrx_word' id='word_1_682' title='bbox 2673 4252 2890 4307; x_wconf 88' lang='lat' dir='ltr'>habent</span> <span class='ocrx_word' id='word_1_683' title='bbox 2924 4268 2935 4305; x_wconf 92' lang='lat'><strong>:</strong></span> <span class='ocrx_word' id='word_1_684' title='bbox 2988 4251 3187 4306; x_wconf 87' lang='lat' dir='ltr'>fauces</span> <span class='ocrx_word' id='word_1_685' title='bbox 3218 4265 3355 4306; x_wconf 89' lang='lat' dir='ltr'>suas</span> <span class='ocrx_word' id='word_1_686' title='bbox 3385 4240 3668 4316; x_wconf 86' lang='lat' dir='ltr'>sepulcrum</span> <span class='ocrx_word' id='word_1_687' title='bbox 3692 4230 3755 4324; x_wconf 45' lang='lat' dir='ltr'>hij</span> 
     </span>
    </p>
   </div>
   <div class='ocr_carea' id='block_1_93' title="bbox 2214 4340 3732 4419">
    <p class='ocr_par' dir='ltr' id='par_1_93' title="bbox 2214 4340 3732 4419">
     <span class='ocr_line' id='line_1_93' title="bbox 2214 4340 3732 4419; baseline -0.01 -24"><span class='ocrx_word' id='word_1_688' title='bbox 2214 4340 2371 4395; x_wconf 87' lang='lat' dir='ltr'>bent.</span> <span class='ocrx_word' id='word_1_689' title='bbox 2423 4363 2449 4391; x_wconf 89' lang='grc'>‹‹</span> <span class='ocrx_word' id='word_1_690' title='bbox 2483 4340 2830 4412; x_wconf 90' lang='lat' dir='ltr'>Sepulcrum</span> <span class='ocrx_word' id='word_1_691' title='bbox 2869 4344 3072 4411; x_wconf 87' lang='lat' dir='ltr'>patens</span> <span class='ocrx_word' id='word_1_692' title='bbox 3101 4343 3192 4396; x_wconf 87' lang='lat' dir='ltr'>est</span> <span class='ocrx_word' id='word_1_693' title='bbox 3219 4342 3416 4410; x_wconf 86' lang='lat' dir='ltr'>guttur</span> <span class='ocrx_word' id='word_1_694' title='bbox 3443 4343 3681 4419; x_wconf 32' lang='lat' dir='ltr'>eorum}</span> <span class='ocrx_word' id='word_1_695' title='bbox 3716 4340 3732 4411; x_wconf 64' lang='grc' dir='ltr'>ιξ</span> 
     </span>
    </p>
   </div>
   <div class='ocr_carea' id='block_1_94' title="bbox 2213 4410 3753 4501">
    <p class='ocr_par' dir='ltr' id='par_1_94' title="bbox 2213 4410 3753 4501">
     <span class='ocr_line' id='line_1_94' title="bbox 2213 4410 3753 4501; baseline -0.006 -19"><span class='ocrx_word' id='word_1_696' title='bbox 2213 4435 2362 4484; x_wconf 89' lang='lat' dir='ltr'>recte</span> <span class='ocrx_word' id='word_1_697' title='bbox 2390 4429 2535 4483; x_wconf 84' lang='lat' dir='ltr'>dixit</span> <span class='ocrx_word' id='word_1_698' title='bbox 2560 4410 2773 4501; x_wconf 64' lang='lat' dir='ltr'>patens,</span> <span class='ocrx_word' id='word_1_699' title='bbox 2800 4410 3272 4501; x_wconf 86' lang='lat' dir='ltr'>quandocunque</span> <span class='ocrx_word' id='word_1_700' title='bbox 3301 4423 3449 4481; x_wconf 88' lang='lat' dir='ltr'>enim</span> <span class='ocrx_word' id='word_1_701' title='bbox 3476 4416 3582 4473; x_wconf 84' lang='lat' dir='ltr'>vult</span> <span class='ocrx_word' id='word_1_702' title='bbox 3604 4410 3753 4500; x_wconf 54' lang='lat' dir='ltr'>aliqui}</span> 
     </span>
    </p>
   </div>
   <div class='ocr_carea' id='block_1_95' title="bbox 2210 4508 3752 4590">
    <p class='ocr_par' dir='ltr' id='par_1_95' title="bbox 2210 4508 3752 4590">
     <span class='ocr_line' id='line_1_95' title="bbox 2210 4508 3752 4590; baseline -0.013 -17"><span class='ocrx_word' id='word_1_703' title='bbox 2210 4519 2487 4589; x_wconf 88' lang='lat' dir='ltr'>deceptus</span> <span class='ocrx_word' id='word_1_704' title='bbox 2517 4518 2757 4583; x_wconf 89' lang='lat' dir='ltr'>intrare,</span> <span class='ocrx_word' id='word_1_705' title='bbox 2791 4522 3030 4590; x_wconf 88' lang='lat' dir='ltr'>paratus</span> <span class='ocrx_word' id='word_1_706' title='bbox 3074 4524 3163 4573; x_wconf 87' lang='lat' dir='ltr'>est</span> <span class='ocrx_word' id='word_1_707' title='bbox 3211 4513 3517 4576; x_wconf 71' lang='lat' dir='ltr'>haereticus,</span> <span class='ocrx_word' id='word_1_708' title='bbox 3545 4512 3591 4560; x_wconf 87' lang='lat' dir='ltr'>et</span> <span class='ocrx_word' id='word_1_709' title='bbox 3629 4508 3752 4590; x_wconf 57' lang='lat' dir='ltr'>susCl:</span> 
     </span>
    </p>
   </div>
   <div class='ocr_carea' id='block_1_96' title="bbox 455 4578 3751 4690">
    <p class='ocr_par' dir='ltr' id='par_1_96' title="bbox 455 4578 3751 4690">
     <span class='ocr_line' id='line_1_96' title="bbox 455 4578 3751 4690; baseline 0.003 -39"><span class='ocrx_word' id='word_1_710' title='bbox 455 4598 555 4668; x_wconf 90' lang='lat' dir='ltr'>qui</span> <span class='ocrx_word' id='word_1_711' title='bbox 595 4599 727 4690; x_wconf 82' lang='lat' dir='ltr'>odio</span> <span class='ocrx_word' id='word_1_712' title='bbox 772 4600 1018 4657; x_wconf 89' lang='lat' dir='ltr'>habetur</span> <span class='ocrx_word' id='word_1_713' title='bbox 1044 4578 1097 4657; x_wconf 15' lang='lat' dir='ltr'>ra</span> <span class='ocrx_word' id='word_1_714' title='bbox 1146 4578 1413 4670; x_wconf 77' lang='lat' dir='ltr'>Domino,</span> <span class='ocrx_word' id='word_1_715' title='bbox 1446 4606 1545 4660; x_wconf 88' lang='lat' dir='ltr'>sed</span> <span class='ocrx_word' id='word_1_716' title='bbox 1576 4578 1769 4660; x_wconf 72' lang='lat' dir='ltr'>adhuc</span> <span class='ocrx_word' id='word_1_717' title='bbox 1801 4607 1955 4661; x_wconf 84' lang='lat' dir='ltr'>vivit.</span> <span class='ocrx_word' id='word_1_718' title='bbox 1991 4607 2095 4672; x_wconf 95' lang='lat' dir='ltr'>Qui</span> <span class='ocrx_word' id='word_1_719' title='bbox 2133 4626 2175 4690; x_wconf 83' lang='lat' dir='ltr'><strong>D</strong></span> <span class='ocrx_word' id='word_1_720' title='bbox 2206 4606 2311 4676; x_wconf 86' lang='lat' dir='ltr'>pit.</span> <span class='ocrx_word' id='word_1_721' title='bbox 2353 4578 2676 4679; x_wconf 37' lang='lat' dir='ltr'>‘Nunquam</span> <span class='ocrx_word' id='word_1_722' title='bbox 2738 4578 2993 4662; x_wconf 60' lang='lat' dir='ltr'>hmretici</span> <span class='ocrx_word' id='word_1_723' title='bbox 3044 4605 3327 4662; x_wconf 88' lang='lat' dir='ltr'>claudunt</span> <span class='ocrx_word' id='word_1_724' title='bbox 3379 4617 3440 4657; x_wconf 84' lang='lat' dir='ltr'>os</span> <span class='ocrx_word' id='word_1_725' title='bbox 3490 4578 3751 4690; x_wconf 44' lang='lat' dir='ltr'>sulm:</span> 
     </span>
    </p>
   </div>
   <div class='ocr_carea' id='block_1_97' title="bbox 452 4688 2097 4765">
    <p class='ocr_par' dir='ltr' id='par_1_97' title="bbox 452 4688 2097 4765">
     <span class='ocr_line' id='line_1_97' title="bbox 452 4688 2097 4765; baseline 0.007 -24"><span class='ocrx_word' id='word_1_726' title='bbox 452 4691 647 4742; x_wconf 89' lang='lat' dir='ltr'>autem</span> <span class='ocrx_word' id='word_1_727' title='bbox 707 4688 969 4761; x_wconf 89' lang='lat' dir='ltr'>loquitur</span> <span class='ocrx_word' id='word_1_728' title='bbox 1021 4694 1392 4748; x_wconf 84' lang='lat' dir='ltr'>mendacium</span> <span class='ocrx_word' id='word_1_729' title='bbox 1450 4699 1507 4748; x_wconf 90' lang='lat' dir='ltr'>et</span> <span class='ocrx_word' id='word_1_730' title='bbox 1563 4696 1731 4765; x_wconf 82' lang='lat' dir='ltr'>perit,</span> <span class='ocrx_word' id='word_1_731' title='bbox 1784 4696 1908 4765; x_wconf 87' lang='lat' dir='ltr'>jam</span> <span class='ocrx_word' id='word_1_732' title='bbox 1970 4712 2097 4752; x_wconf 84' lang='lat' dir='ltr'>esse</span> 
     </span>
    </p>
   </div>
   <div class='ocr_carea' id='block_1_98' title="bbox 374 4776 2092 4856">
    <p class='ocr_par' dir='ltr' id='par_1_98' title="bbox 374 4776 2092 4856">
     <span class='ocr_line' id='line_1_98' title="bbox 374 4776 2092 4856; baseline 0.003 -23"><span class='ocrx_word' id='word_1_733' title='bbox 374 4830 385 4833; x_wconf 74' lang='lat'><strong><em>_</em></strong></span> <span class='ocrx_word' id='word_1_734' title='bbox 449 4776 698 4832; x_wconf 88' lang='lat' dir='ltr'>desistit.</span> <span class='ocrx_word' id='word_1_735' title='bbox 730 4779 879 4851; x_wconf 89' lang='lat' dir='ltr'>Ergo</span> <span class='ocrx_word' id='word_1_736' title='bbox 911 4779 1199 4836; x_wconf 90' lang='lat' dir='ltr'>infelicior</span> <span class='ocrx_word' id='word_1_737' title='bbox 1226 4787 1334 4849; x_wconf 88' lang='lat' dir='ltr'>est,</span> <span class='ocrx_word' id='word_1_738' title='bbox 1370 4783 1468 4853; x_wconf 89' lang='lat' dir='ltr'>qui</span> <span class='ocrx_word' id='word_1_739' title='bbox 1503 4784 1869 4838; x_wconf 89' lang='lat' dir='ltr'>mendacium</span> <span class='ocrx_word' id='word_1_740' title='bbox 1905 4784 2092 4856; x_wconf 91' lang='lat' dir='ltr'>loqui-</span> 
     </span>
    </p>
   </div>
   <div class='ocr_carea' id='block_1_99' title="bbox 447 4867 2091 4944">
    <p class='ocr_par' dir='ltr' id='par_1_99' title="bbox 447 4867 2091 4944">
     <span class='ocr_line' id='line_1_99' title="bbox 447 4867 2091 4944; baseline 0.007 -26"><span class='ocrx_word' id='word_1_741' title='bbox 447 4868 562 4935; x_wconf 88' lang='lat' dir='ltr'>tur,</span> <span class='ocrx_word' id='word_1_742' title='bbox 592 4883 769 4937; x_wconf 89' lang='lat' dir='ltr'>quam</span> <span class='ocrx_word' id='word_1_743' title='bbox 802 4867 897 4923; x_wconf 88' lang='lat' dir='ltr'>ille</span> <span class='ocrx_word' id='word_1_744' title='bbox 927 4869 1024 4940; x_wconf 91' lang='lat' dir='ltr'>qui</span> <span class='ocrx_word' id='word_1_745' title='bbox 1055 4875 1328 4941; x_wconf 89' lang='lat' dir='ltr'>operatur</span> <span class='ocrx_word' id='word_1_746' title='bbox 1360 4872 1729 4942; x_wconf 87' lang='lat' dir='ltr'>iniquitatem</span> <span class='ocrx_word' id='word_1_747' title='bbox 1758 4891 1770 4938; x_wconf 93' lang='lat'><strong>;</strong></span> <span class='ocrx_word' id='word_1_748' title='bbox 1804 4873 1901 4944; x_wconf 91' lang='lat' dir='ltr'>qui</span> <span class='ocrx_word' id='word_1_749' title='bbox 1935 4873 2091 4929; x_wconf 91' lang='lat' dir='ltr'>enim</span> 
     </span>
    </p>
   </div>
   <div class='ocr_carea' id='block_1_100' title="bbox 445 4958 2090 5032">
    <p class='ocr_par' dir='ltr' id='par_1_100' title="bbox 445 4958 2090 5032">
     <span class='ocr_line' id='line_1_100' title="bbox 445 4958 2090 5032; baseline 0.007 -26"><span class='ocrx_word' id='word_1_750' title='bbox 445 4959 721 5023; x_wconf 86' lang='lat' dir='ltr'>cperatur</span> <span class='ocrx_word' id='word_1_751' title='bbox 772 4958 1169 5030; x_wconf 88' lang='lat' dir='ltr'>iniquitatem,</span> <span class='ocrx_word' id='word_1_752' title='bbox 1217 4960 1348 5013; x_wconf 92' lang='lat' dir='ltr'>odio</span> <span class='ocrx_word' id='word_1_753' title='bbox 1398 4960 1691 5015; x_wconf 88' lang='lat' dir='ltr'>habetur:</span> <span class='ocrx_word' id='word_1_754' title='bbox 1744 4961 1844 5032; x_wconf 92' lang='lat' dir='ltr'>qui</span> <span class='ocrx_word' id='word_1_755' title='bbox 1894 4967 2090 5018; x_wconf 87' lang='lat' dir='ltr'>autem</span> 
     </span>
    </p>
   </div>
   <div class='ocr_carea' id='block_1_101' title="bbox 443 5039 2089 5121">
    <p class='ocr_par' dir='ltr' id='par_1_101' title="bbox 443 5039 2089 5121">
     <span class='ocr_line' id='line_1_101' title="bbox 443 5039 2089 5121; baseline 0.008 -28"><span class='ocrx_word' id='word_1_756' title='bbox 443 5039 703 5111; x_wconf 84' lang='lat' dir='ltr'>loquitur</span> <span class='ocrx_word' id='word_1_757' title='bbox 732 5047 1125 5113; x_wconf 89' lang='lat' dir='ltr'>mendacium,</span> <span class='ocrx_word' id='word_1_758' title='bbox 1165 5049 1329 5119; x_wconf 87' lang='lat' dir='ltr'>perit.</span> <span class='ocrx_word' id='word_1_759' title='bbox 1384 5049 1450 5104; x_wconf 87' lang='lat' dir='ltr'>Os</span> <span class='ocrx_word' id='word_1_760' title='bbox 1497 5051 1664 5115; x_wconf 83' lang='lat' dir='ltr'>enim,</span> <span class='ocrx_word' id='word_1_761' title='bbox 1698 5052 1847 5121; x_wconf 83' lang='lat' dir='ltr'>quod</span> <span class='ocrx_word' id='word_1_762' title='bbox 1886 5054 2089 5106; x_wconf 84' lang='lat' dir='ltr'>menti-</span> 
     </span>
    </p>
   </div>
   <div class='ocr_carea' id='block_1_102' title="bbox 440 5131 2083 5209">
    <p class='ocr_par' dir='ltr' id='par_1_102' title="bbox 440 5131 2083 5209">
     <span class='ocr_line' id='line_1_102' title="bbox 440 5131 2083 5209; baseline 0.006 -28"><span class='ocrx_word' id='word_1_763' title='bbox 440 5134 555 5198; x_wconf 87' lang='lat' dir='ltr'>tur,</span> <span class='ocrx_word' id='word_1_764' title='bbox 588 5131 781 5186; x_wconf 81' lang='lat' dir='ltr'>occidit</span> <span class='ocrx_word' id='word_1_765' title='bbox 810 5136 1053 5189; x_wconf 86' lang='lat' dir='ltr'>animam</span> <span class='ocrx_word' id='word_1_766' title='bbox 1085 5136 1232 5207; x_wconf 84' lang='lat' dir='ltr'>(Sap.</span> <span class='ocrx_word' id='word_1_767' title='bbox 1271 5154 1306 5206; x_wconf 85' lang='grc' dir='ltr'>ι,</span> <span class='ocrx_word' id='word_1_768' title='bbox 1342 5137 1451 5208; x_wconf 86' lang='grc'>11).</span> <span class='ocrx_word' id='word_1_769' title='bbox 1502 5139 1567 5191; x_wconf 80' lang='lat' dir='ltr'>Et</span> <span class='ocrx_word' id='word_1_770' title='bbox 1597 5139 1886 5209; x_wconf 87' lang='lat' dir='ltr'>quomodo</span> <span class='ocrx_word' id='word_1_771' title='bbox 1942 5138 2083 5193; x_wconf 90' lang='lat' dir='ltr'>scri-</span> 
     </span>
    </p>
   </div>
   <div class='ocr_carea' id='block_1_103' title="bbox 439 5221 2085 5292">
    <p class='ocr_par' dir='ltr' id='par_1_103' title="bbox 439 5221 2085 5292">
     <span class='ocr_line' id='line_1_103' title="bbox 439 5221 2085 5292; baseline 0.008 -22"><span class='ocrx_word' id='word_1_772' title='bbox 439 5221 606 5287; x_wconf 88' lang='lat' dir='ltr'>ptum</span> <span class='ocrx_word' id='word_1_773' title='bbox 639 5225 771 5275; x_wconf 88' lang='lat' dir='ltr'>est:</span> <span class='ocrx_word' id='word_1_774' title='bbox 826 5224 892 5279; x_wconf 82' lang='lat' dir='ltr'>Ut</span> <span class='ocrx_word' id='word_1_775' title='bbox 937 5226 1008 5278; x_wconf 82' lang='lat' dir='ltr'>sit</span> <span class='ocrx_word' id='word_1_776' title='bbox 1060 5226 1199 5280; x_wconf 85' lang='lat' dir='ltr'>Deus</span> <span class='ocrx_word' id='word_1_777' title='bbox 1245 5242 1433 5292; x_wconf 69' lang='lat' dir='ltr'>verax,</span> <span class='ocrx_word' id='word_1_778' title='bbox 1481 5229 1659 5281; x_wconf 85' lang='lat' dir='ltr'>omnis</span> <span class='ocrx_word' id='word_1_779' title='bbox 1699 5232 1884 5283; x_wconf 83' lang='lat' dir='ltr'>autem</span> <span class='ocrx_word' id='word_1_780' title='bbox 1929 5229 2085 5283; x_wconf 86' lang='lat' dir='ltr'>homo</span> 
     </span>
    </p>
   </div>
   <div class='ocr_carea' id='block_1_104' title="bbox 437 5306 2085 5387">
    <p class='ocr_par' dir='ltr' id='par_1_104' title="bbox 437 5306 2085 5387">
     <span class='ocr_line' id='line_1_104' title="bbox 437 5306 2085 5387; baseline 0.007 -29"><span class='ocrx_word' id='word_1_781' title='bbox 437 5306 683 5362; x_wconf 58' lang='lat' dir='ltr'>mendas&quot;</span> <span class='ocrx_word' id='word_1_782' title='bbox 702 5309 879 5379; x_wconf 86' lang='lat' dir='ltr'>(Rom.</span> <span class='ocrx_word' id='word_1_783' title='bbox 917 5328 999 5375; x_wconf 82' lang='grc' dir='ltr'><strong>ιιι,</strong></span> <span class='ocrx_word' id='word_1_784' title='bbox 1034 5312 1106 5383; x_wconf 80' lang='grc'>4).</span> <span class='ocrx_word' id='word_1_785' title='bbox 1142 5313 1199 5367; x_wconf 92' lang='lat' dir='ltr'>Si</span> <span class='ocrx_word' id='word_1_786' title='bbox 1232 5319 1428 5367; x_wconf 86' lang='lat' dir='ltr'>autem</span> <span class='ocrx_word' id='word_1_787' title='bbox 1464 5314 1795 5386; x_wconf 90' lang='lat' dir='ltr'>quicunque</span> <span class='ocrx_word' id='word_1_788' title='bbox 1826 5315 2085 5387; x_wconf 89' lang='lat' dir='ltr'>loquitur</span> 
     </span>
    </p>
   </div>
   <div class='ocr_carea' id='block_1_105' title="bbox 434 5396 2077 5473">
    <p class='ocr_par' dir='ltr' id='par_1_105' title="bbox 434 5396 2077 5473">
     <span class='ocr_line' id='line_1_105' title="bbox 434 5396 2077 5473; baseline 0.007 -25"><span class='ocrx_word' id='word_1_789' title='bbox 434 5396 827 5466; x_wconf 88' lang='lat' dir='ltr'>mendacium,</span> <span class='ocrx_word' id='word_1_790' title='bbox 865 5400 992 5470; x_wconf 88' lang='lat' dir='ltr'>jam</span> <span class='ocrx_word' id='word_1_791' title='bbox 1045 5401 1213 5471; x_wconf 89' lang='lat' dir='ltr'>perit,</span> <span class='ocrx_word' id='word_1_792' title='bbox 1249 5407 1305 5455; x_wconf 88' lang='lat' dir='ltr'>et</span> <span class='ocrx_word' id='word_1_793' title='bbox 1337 5403 1546 5457; x_wconf 89' lang='lat' dir='ltr'>occidit</span> <span class='ocrx_word' id='word_1_794' title='bbox 1597 5405 1855 5458; x_wconf 87' lang='lat' dir='ltr'>animam</span> <span class='ocrx_word' id='word_1_795' title='bbox 1890 5422 2077 5473; x_wconf 87' lang='lat' dir='ltr'>suam,</span> 
     </span>
    </p>
   </div>
   <div class='ocr_carea' id='block_1_106' title="bbox 430 5491 2080 5565">
    <p class='ocr_par' dir='ltr' id='par_1_106' title="bbox 430 5491 2080 5565">
     <span class='ocr_line' id='line_1_106' title="bbox 430 5491 2080 5565; baseline 0.006 -28"><span class='ocrx_word' id='word_1_796' title='bbox 430 5500 634 5540; x_wconf 85' lang='lat' dir='ltr'>omnes</span> <span class='ocrx_word' id='word_1_797' title='bbox 665 5492 860 5543; x_wconf 89' lang='lat' dir='ltr'>autem</span> <span class='ocrx_word' id='word_1_798' title='bbox 894 5491 1230 5557; x_wconf 90' lang='lat' dir='ltr'>mentimur,</span> <span class='ocrx_word' id='word_1_799' title='bbox 1268 5508 1403 5562; x_wconf 86' lang='lat' dir='ltr'>ergo</span> <span class='ocrx_word' id='word_1_800' title='bbox 1449 5510 1651 5547; x_wconf 85' lang='lat' dir='ltr'>omnes</span> <span class='ocrx_word' id='word_1_801' title='bbox 1704 5494 2080 5565; x_wconf 82' lang='lat' dir='ltr'>peribimus?</span> 
     </span>
    </p>
   </div>
   <div class='ocr_carea' id='block_1_107' title="bbox 425 5576 2073 5654">
    <p class='ocr_par' dir='ltr' id='par_1_107' title="bbox 425 5576 2073 5654">
     <span class='ocr_line' id='line_1_107' title="bbox 425 5576 2073 5654; baseline 0.007 -28"><span class='ocrx_word' id='word_1_802' title='bbox 425 5576 544 5628; x_wconf 77' lang='lat' dir='ltr'>Hoc</span> <span class='ocrx_word' id='word_1_803' title='bbox 589 5579 784 5632; x_wconf 87' lang='lat' dir='ltr'>autem</span> <span class='ocrx_word' id='word_1_804' title='bbox 836 5580 992 5649; x_wconf 88' lang='lat' dir='ltr'>quod</span> <span class='ocrx_word' id='word_1_805' title='bbox 1045 5578 1188 5633; x_wconf 84' lang='lat' dir='ltr'>dicit</span> <span class='ocrx_word' id='word_1_806' title='bbox 1225 5598 1237 5634; x_wconf 89' lang='lat'><strong>:</strong></span> <span class='ocrx_word' id='word_1_807' title='bbox 1300 5603 1320 5628; x_wconf 75' lang='grc' dir='ltr'>σι</span> <span class='ocrx_word' id='word_1_808' title='bbox 1361 5581 1570 5637; x_wconf 84' lang='lat' dir='ltr'>Perdcs</span> <span class='ocrx_word' id='word_1_809' title='bbox 1613 5599 1818 5639; x_wconf 88' lang='lat' dir='ltr'>omnes</span> <span class='ocrx_word' id='word_1_810' title='bbox 1858 5583 1956 5654; x_wconf 92' lang='lat' dir='ltr'>qui</span> <span class='ocrx_word' id='word_1_811' title='bbox 1991 5582 2073 5637; x_wconf 91' lang='lat' dir='ltr'>lo-</span> 
     </span>
    </p>
   </div>
   <div class='ocr_carea' id='block_1_108' title="bbox 426 5667 2069 5741">
    <p class='ocr_par' dir='ltr' id='par_1_108' title="bbox 426 5667 2069 5741">
     <span class='ocr_line' id='line_1_108' title="bbox 426 5667 2069 5741; baseline 0.005 -22"><span class='ocrx_word' id='word_1_812' title='bbox 426 5670 691 5737; x_wconf 86' lang='lat' dir='ltr'>quuntur</span> <span class='ocrx_word' id='word_1_813' title='bbox 720 5667 1111 5736; x_wconf 84' lang='lat' dir='ltr'>mendacium,</span> <span class='ocrx_word' id='word_1_814' title='bbox 1148 5672 1263 5723; x_wconf 76' lang='lat' dir='ltr'>n-ct</span> <span class='ocrx_word' id='word_1_815' title='bbox 1292 5684 1358 5722; x_wconf 80' lang='lat' dir='ltr'>ex</span> <span class='ocrx_word' id='word_1_816' title='bbox 1389 5672 1888 5741; x_wconf 87' lang='lat' dir='ltr'>consequentibus</span> <span class='ocrx_word' id='word_1_817' title='bbox 1910 5669 2069 5728; x_wconf 82' lang='lat' dir='ltr'>Psal-</span> 
     </span>
    </p>
   </div>
   <div class='ocr_carea' id='block_1_109' title="bbox 2206 4671 3841 4768">
    <p class='ocr_par' dir='ltr' id='par_1_109' title="bbox 2206 4671 3841 4768">
     <span class='ocr_line' id='line_1_109' title="bbox 2206 4671 3841 4768; baseline -0.02 -18"><span class='ocrx_word' id='word_1_818' title='bbox 2206 4712 2439 4767; x_wconf 89' lang='lat' dir='ltr'>semper</span> <span class='ocrx_word' id='word_1_819' title='bbox 2485 4697 2755 4768; x_wconf 91' lang='lat' dir='ltr'>aperiunt</span> <span class='ocrx_word' id='word_1_820' title='bbox 2799 4714 2864 4752; x_wconf 93' lang='lat' dir='ltr'>os</span> <span class='ocrx_word' id='word_1_821' title='bbox 2913 4712 3110 4751; x_wconf 90' lang='lat' dir='ltr'>suum.</span> <span class='ocrx_word' id='word_1_822' title='bbox 3164 4719 3191 4745; x_wconf 80' lang='grc' dir='ltr'>α</span> <span class='ocrx_word' id='word_1_823' title='bbox 3228 4690 3457 4764; x_wconf 87' lang='lat' dir='ltr'>Linguis</span> <span class='ocrx_word' id='word_1_824' title='bbox 3484 4671 3749 4768; x_wconf 8' lang='lat' dir='ltr'>suisqdolose</span> <span class='ocrx_word' id='word_1_825' title='bbox 3840 4722 3841 4768; x_wconf 27' lang='grc' dir='ltr'>ξ</span> 
     </span>
    </p>
   </div>
   <div class='ocr_carea' id='block_1_110' title="bbox 2204 4766 3747 4857">
    <p class='ocr_par' dir='ltr' id='par_1_110' title="bbox 2204 4766 3747 4857">
     <span class='ocr_line' id='line_1_110' title="bbox 2204 4766 3747 4857; baseline -0.014 -18"><span class='ocrx_word' id='word_1_826' title='bbox 2204 4766 2472 4856; x_wconf 83' lang='lat' dir='ltr'>agebant.</span> <span class='ocrx_word' id='word_1_827' title='bbox 2511 4766 2540 4834; x_wconf 60' lang='grc' dir='ltr'>›ξ</span> <span class='ocrx_word' id='word_1_828' title='bbox 2584 4785 2752 4840; x_wconf 88' lang='lat' dir='ltr'>Aliud</span> <span class='ocrx_word' id='word_1_829' title='bbox 2811 4786 2869 4840; x_wconf 90' lang='lat' dir='ltr'>in</span> <span class='ocrx_word' id='word_1_830' title='bbox 2914 4786 3085 4841; x_wconf 89' lang='lat' dir='ltr'>corde</span> <span class='ocrx_word' id='word_1_831' title='bbox 3119 4783 3405 4847; x_wconf 89' lang='lat' dir='ltr'>tenebant,</span> <span class='ocrx_word' id='word_1_832' title='bbox 3438 4769 3572 4831; x_wconf 89' lang='lat' dir='ltr'>aliud</span> <span class='ocrx_word' id='word_1_833' title='bbox 3600 4766 3644 4820; x_wconf 88' lang='lat' dir='ltr'>in</span> <span class='ocrx_word' id='word_1_834' title='bbox 3667 4772 3747 4857; x_wconf 56' lang='grc' dir='ltr'>ξεῖ·</span> 
     </span>
    </p>
   </div>
   <div class='ocr_carea' id='block_1_111' title="bbox 2205 4856 3743 4946">
    <p class='ocr_par' dir='ltr' id='par_1_111' title="bbox 2205 4856 3743 4946">
     <span class='ocr_line' id='line_1_111' title="bbox 2205 4856 3743 4946; baseline -0.018 -18"><span class='ocrx_word' id='word_1_835' title='bbox 2205 4890 2375 4929; x_wconf 90' lang='lat' dir='ltr'>mone</span> <span class='ocrx_word' id='word_1_836' title='bbox 2409 4873 2849 4946; x_wconf 87' lang='lat' dir='ltr'>pollicebantur.</span> <span class='ocrx_word' id='word_1_837' title='bbox 2886 4874 3160 4930; x_wconf 82' lang='lat' dir='ltr'>Pietatem</span> <span class='ocrx_word' id='word_1_838' title='bbox 3207 4868 3583 4943; x_wconf 87' lang='lat' dir='ltr'>loquebantur,</span> <span class='ocrx_word' id='word_1_839' title='bbox 3608 4856 3743 4946; x_wconf 74' lang='lat' dir='ltr'>etim-</span> 
     </span>
    </p>
   </div>
   <div class='ocr_carea' id='block_1_112' title="bbox 2202 4930 3839 5039">
    <p class='ocr_par' dir='ltr' id='par_1_112' title="bbox 2202 4930 3839 5039">
     <span class='ocr_line' id='line_1_112' title="bbox 2202 4930 3839 5039; baseline -0.009 -24"><span class='ocrx_word' id='word_1_840' title='bbox 2202 4930 2475 5033; x_wconf 65' lang='lat' dir='ltr'>pietatem</span> <span class='ocrx_word' id='word_1_841' title='bbox 2525 4964 2810 5019; x_wconf 90' lang='lat' dir='ltr'>celabant.</span> <span class='ocrx_word' id='word_1_842' title='bbox 2845 4963 3143 5023; x_wconf 72' lang='lat' dir='ltr'>Christum</span> <span class='ocrx_word' id='word_1_843' title='bbox 3190 4930 3509 5031; x_wconf 68' lang='lat' dir='ltr'>loquuntur,</span> <span class='ocrx_word' id='word_1_844' title='bbox 3537 4930 3741 5039; x_wconf 88' lang='lat' dir='ltr'>et</span> 
     </span>
    </p>
   </div>
   <div class='ocr_carea' id='block_1_113' title="bbox 2198 5026 3739 5120">
    <p class='ocr_par' dir='ltr' id='par_1_113' title="bbox 2198 5026 3739 5120">
     <span class='ocr_line' id='line_1_113' title="bbox 2198 5026 3739 5120; baseline -0.007 -15"><span class='ocrx_word' id='word_1_845' title='bbox 2198 5026 2325 5106; x_wconf 75' lang='lat' dir='ltr'>tant</span> <span class='ocrx_word' id='word_1_846' title='bbox 2353 5052 2800 5108; x_wconf 84' lang='lat' dir='ltr'>Antichristuin.</span> <span class='ocrx_word' id='word_1_847' title='bbox 2836 5053 3041 5109; x_wconf 86' lang='lat' dir='ltr'>Sciunt</span> <span class='ocrx_word' id='word_1_848' title='bbox 3078 5052 3232 5107; x_wconf 88' lang='lat' dir='ltr'>enim</span> <span class='ocrx_word' id='word_1_849' title='bbox 3266 5026 3409 5120; x_wconf 77' lang='lat' dir='ltr'>quod</span> <span class='ocrx_word' id='word_1_850' title='bbox 3442 5050 3584 5096; x_wconf 86' lang='lat' dir='ltr'>nemo</span> <span class='ocrx_word' id='word_1_851' title='bbox 3610 5026 3739 5120; x_wconf 52' lang='lat'>903?”</span> 
     </span>
    </p>
   </div>
   <div class='ocr_carea' id='block_1_114' title="bbox 2198 5113 3736 5213">
    <p class='ocr_par' dir='ltr' id='par_1_114' title="bbox 2198 5113 3736 5213">
     <span class='ocr_line' id='line_1_114' title="bbox 2198 5113 3736 5213; baseline -0.003 -21"><span class='ocrx_word' id='word_1_852' title='bbox 2198 5139 2417 5207; x_wconf 91' lang='lat' dir='ltr'>induci,</span> <span class='ocrx_word' id='word_1_853' title='bbox 2450 5142 2501 5195; x_wconf 86' lang='lat' dir='ltr'>si</span> <span class='ocrx_word' id='word_1_854' title='bbox 2549 5145 2847 5213; x_wconf 77' lang='lat' dir='ltr'>proferant</span> <span class='ocrx_word' id='word_1_855' title='bbox 2894 5113 3338 5196; x_wconf 78' lang='lat' dir='ltr'>Autichristum.</span> <span class='ocrx_word' id='word_1_856' title='bbox 3372 5134 3555 5188; x_wconf 85' lang='lat' dir='ltr'>Lucem</span> <span class='ocrx_word' id='word_1_857' title='bbox 3604 5113 3736 5213; x_wconf 53' lang='grc' dir='ltr'>Ριξθίθς</span> 
     </span>
    </p>
   </div>
   <div class='ocr_carea' id='block_1_115' title="bbox 2196 5192 3731 5301">
    <p class='ocr_par' dir='ltr' id='par_1_115' title="bbox 2196 5192 3731 5301">
     <span class='ocr_line' id='line_1_115' title="bbox 2196 5192 3731 5301; baseline -0.01 -20"><span class='ocrx_word' id='word_1_858' title='bbox 2196 5234 2351 5295; x_wconf 89' lang='lat' dir='ltr'>runt,</span> <span class='ocrx_word' id='word_1_859' title='bbox 2386 5192 2451 5284; x_wconf 75' lang='lat' dir='ltr'>ut</span> <span class='ocrx_word' id='word_1_860' title='bbox 2496 5192 2682 5285; x_wconf 57' lang='lat' dir='ltr'>certent</span> <span class='ocrx_word' id='word_1_861' title='bbox 2734 5231 3024 5296; x_wconf 87' lang='lat' dir='ltr'>tenebras,</span> <span class='ocrx_word' id='word_1_862' title='bbox 3070 5234 3135 5285; x_wconf 93' lang='lat' dir='ltr'>ut</span> <span class='ocrx_word' id='word_1_863' title='bbox 3163 5245 3263 5301; x_wconf 88' lang='lat' dir='ltr'>per</span> <span class='ocrx_word' id='word_1_864' title='bbox 3290 5226 3463 5279; x_wconf 88' lang='lat' dir='ltr'>lucem</span> <span class='ocrx_word' id='word_1_865' title='bbox 3491 5192 3731 5301; x_wconf 47' lang='lat' dir='ltr'>ducstllfd</span> 
     </span>
    </p>
   </div>
   <div class='ocr_carea' id='block_1_116' title="bbox 2194 5294 3727 5389">
    <p class='ocr_par' dir='ltr' id='par_1_116' title="bbox 2194 5294 3727 5389">
     <span class='ocr_line' id='line_1_116' title="bbox 2194 5294 3727 5389; baseline -0.002 -19"><span class='ocrx_word' id='word_1_866' title='bbox 2194 5294 2483 5373; x_wconf 87' lang='lat' dir='ltr'>tenebras.</span> <span class='ocrx_word' id='word_1_867' title='bbox 2517 5341 2544 5368; x_wconf 91' lang='grc'>‹‹</span> <span class='ocrx_word' id='word_1_868' title='bbox 2569 5319 2776 5374; x_wconf 86' lang='lat' dir='ltr'>Judica</span> <span class='ocrx_word' id='word_1_869' title='bbox 2807 5319 2957 5389; x_wconf 86' lang='lat' dir='ltr'>illos,</span> <span class='ocrx_word' id='word_1_870' title='bbox 2982 5294 3210 5375; x_wconf 27' lang='lat' dir='ltr'>Densi»</span> <span class='ocrx_word' id='word_1_871' title='bbox 3246 5313 3429 5369; x_wconf 89' lang='lat' dir='ltr'>Sciunt</span> <span class='ocrx_word' id='word_1_872' title='bbox 3452 5310 3501 5358; x_wconf 78' lang='lat' dir='ltr'>te</span> <span class='ocrx_word' id='word_1_873' title='bbox 3518 5294 3727 5389; x_wconf 29' lang='lat' dir='ltr'>Indi“?</span> 
     </span>
    </p>
   </div>
   <div class='ocr_carea' id='block_1_117' title="bbox 2192 5383 3723 5479">
    <p class='ocr_par' dir='ltr' id='par_1_117' title="bbox 2192 5383 3723 5479">
     <span class='ocr_line' id='line_1_117' title="bbox 2192 5383 3723 5479; baseline 0.007 -18"><span class='ocrx_word' id='word_1_874' title='bbox 2192 5405 2387 5461; x_wconf 89' lang='lat' dir='ltr'>sciunt</span> <span class='ocrx_word' id='word_1_875' title='bbox 2431 5414 2485 5461; x_wconf 87' lang='lat' dir='ltr'>te</span> <span class='ocrx_word' id='word_1_876' title='bbox 2530 5409 2815 5479; x_wconf 84' lang='lat' dir='ltr'>respicere</span> <span class='ocrx_word' id='word_1_877' title='bbox 2865 5425 2955 5463; x_wconf 90' lang='lat' dir='ltr'>res</span> <span class='ocrx_word' id='word_1_878' title='bbox 2990 5408 3293 5462; x_wconf 86' lang='lat' dir='ltr'>humanas.</span> <span class='ocrx_word' id='word_1_879' title='bbox 3327 5397 3423 5465; x_wconf 75' lang='grc' dir='ltr'>Ουί</span> <span class='ocrx_word' id='word_1_880' title='bbox 3450 5383 3723 5479; x_wconf 34' lang='lat' dir='ltr'>iudicatu“?!</span> 
     </span>
    </p>
   </div>
   <div class='ocr_carea' id='block_1_118' title="bbox 2189 5475 3721 5573">
    <p class='ocr_par' dir='ltr' id='par_1_118' title="bbox 2189 5475 3721 5573">
     <span class='ocr_line' id='line_1_118' title="bbox 2189 5475 3721 5573; baseline 0.003 -26"><span class='ocrx_word' id='word_1_881' title='bbox 2189 5494 2246 5548; x_wconf 92' lang='lat' dir='ltr'>in</span> <span class='ocrx_word' id='word_1_882' title='bbox 2298 5498 2410 5550; x_wconf 82' lang='lat' dir='ltr'>line</span> <span class='ocrx_word' id='word_1_883' title='bbox 2459 5514 2542 5561; x_wconf 89' lang='lat' dir='ltr'>es,</span> <span class='ocrx_word' id='word_1_884' title='bbox 2575 5498 2750 5552; x_wconf 90' lang='lat' dir='ltr'>etiam</span> <span class='ocrx_word' id='word_1_885' title='bbox 2787 5497 2842 5551; x_wconf 86' lang='lat' dir='ltr'>in</span> <span class='ocrx_word' id='word_1_886' title='bbox 2886 5497 3153 5569; x_wconf 68' lang='lat' dir='ltr'>praesenti</span> <span class='ocrx_word' id='word_1_887' title='bbox 3198 5490 3405 5566; x_wconf 68' lang='lat' dir='ltr'>judice.</span> <span class='ocrx_word' id='word_1_888' title='bbox 3434 5475 3721 5573; x_wconf 36' lang='lat' dir='ltr'>Quid“???</span> 
     </span>
    </p>
   </div>
   <div class='ocr_carea' id='block_1_119' title="bbox 2188 5551 3715 5655">
    <p class='ocr_par' dir='ltr' id='par_1_119' title="bbox 2188 5551 3715 5655">
     <span class='ocr_line' id='line_1_119' title="bbox 2188 5551 3715 5655; baseline 0.005 -18"><span class='ocrx_word' id='word_1_889' title='bbox 2188 5583 2319 5639; x_wconf 90' lang='lat' dir='ltr'>liter</span> <span class='ocrx_word' id='word_1_890' title='bbox 2361 5585 2735 5655; x_wconf 87' lang='lat' dir='ltr'>judicaturus</span> <span class='ocrx_word' id='word_1_891' title='bbox 2786 5551 3083 5655; x_wconf 40' lang='lat' dir='ltr'>es,Lnunc</span> <span class='ocrx_word' id='word_1_892' title='bbox 3128 5602 3196 5643; x_wconf 83' lang='lat' dir='ltr'>ex</span> <span class='ocrx_word' id='word_1_893' title='bbox 3242 5584 3391 5655; x_wconf 66' lang='lat' dir='ltr'>parte</span> <span class='ocrx_word' id='word_1_894' title='bbox 3432 5551 3715 5655; x_wconf 40' lang='lat' dir='ltr'>iudici”</span> 
     </span>
    </p>
   </div>
   <div class='ocr_carea' id='block_1_120' title="bbox 2185 5640 3713 5748">
    <p class='ocr_par' dir='ltr' id='par_1_120' title="bbox 2185 5640 3713 5748">
     <span class='ocr_line' id='line_1_120' title="bbox 2185 5640 3713 5748; baseline -0.036 -4"><span class='ocrx_word' id='word_1_895' title='bbox 2185 5640 2411 5744; x_wconf 54' lang='lat' dir='ltr'>Patrem</span> <span class='ocrx_word' id='word_1_896' title='bbox 2460 5676 2672 5748; x_wconf 80' lang='lat' dir='ltr'>sentire</span> <span class='ocrx_word' id='word_1_897' title='bbox 2727 5640 3260 5743; x_wconf 32' lang='lat' dir='ltr'>uoluam—sentiant</span> <span class='ocrx_word' id='word_1_898' title='bbox 3302 5640 3713 5741; x_wconf 73' lang='lat' dir='ltr'>judicemJudios</span> 
     </span>
    </p>
   </div>
   <div class='ocr_carea' id='block_1_121' title="bbox 3716 4314 3845 4369">
    <p class='ocr_par' dir='ltr' id='par_1_121' title="bbox 3716 4314 3845 4369">
     <span class='ocr_line' id='line_1_121' title="bbox 3716 4314 3845 4369; baseline -0.031 0"><span class='ocrx_word' id='word_1_899' title='bbox 3716 4314 3845 4369; x_wconf 47' lang='lat' dir='ltr'>Et‘</span> 
     </span>
    </p>
   </div>
  </div>
