3964 6190
211 346 327 408 881

1380 346 1877 409 BREVIARIUM
1920 346 2000 408 IN
2045 345 2435 408 PSALMOS.

3502 348 3623 412 882

211 479 370 544 illos,
430 484 604 533 Deus.
666 479 902 543 Quare?
960 496 1073 551 qua
1128 479 1199 534 de
1258 496 1436 535 causa
1466 482 1493 534 ?
1552 480 1865 551 Sequitur?
1896 481 1948 547 Α
1979 479 2022 549 (ι
2059 481 2216 534 Joan.
2272 498 2333 543 ιι,
2382 481 2457 549 6).
2511 480 2778 536 Christus
2829 479 2929 535 Dei
2976 480 3159 536 Filius
3206 498 3322 537 non
3372 481 3529 537 venit
3561 488 3624 537 ut

291 591 319 617 ‹‹
359 569 639 623 Decidant
681 586 716 623 a
758 568 1208 639 cogitationibus
1257 570 1459 624 suis.»
1510 570 1569 623 Si
1602 570 1755 624 enim
1807 570 1867 623 in

216 658 492 729 praesenti
532 657 859 712 reddideris
892 658 1007 713 illis
1039 658 1189 728 quod
1225 663 1541 727 merentur,
1576 658 1867 728 incipiunt

214 747 487 802 recedere
521 764 553 801 a
585 747 755 801 malis
797 747 1252 818 cogitationibus
1299 748 1461 802 suis:
1507 747 1768 819 quandiu
1811 752 1865 801 te

202 837 471 908 judicem
506 853 620 891 non
670 836 950 900 sentiunt,
983 853 1097 892 non
1141 838 1371 891 timent.
1413 860 1441 887 ‹‹
1496 836 1777 891 Decidant
1833 853 1866 890 a

212 926 671 996 cogitationibus
706 924 849 979 suis.
884 924 1123 997 Egregie
1154 926 1318 991 dixit,
1352 942 1383 979 a
1414 924 1865 996 cogitationibus

216 1016 369 1070 suis.
406 1036 433 1063 ι)
466 1014 734 1079 Quotidie
766 1014 921 1068 enim
953 1014 1207 1069 haeretici
1241 1015 1560 1085 immutant
1590 1015 1866 1084 dogmata

208 1122 340 1159 sua.
376 1104 638 1175 Denique
671 1104 721 1158 si
752 1104 838 1157 vir
867 1103 1267 1159 ecclesiaticus
1289 1105 1359 1158 de
1384 1104 1703 1175 Scripturis
1733 1120 1864 1158 eru-

211 1194 373 1249 ditus
406 1193 772 1248 contenderit
818 1198 1021 1248 contra
1047 1210 1167 1259 eos,
1200 1197 1257 1248 et
1286 1193 1605 1264 Scripturis
1645 1193 1863 1247 sanctis

210 1282 543 1355 coarguerit
588 1299 708 1347 eos,
751 1282 950 1337 statim
1002 1282 1331 1354 requirunt,
1364 1282 1657 1353 quomodo
1706 1281 1863 1336 aliud

211 1389 431 1427 novum
464 1373 678 1443 dogma
739 1372 1051 1443 reperiant.
1085 1372 1210 1426 Non
1263 1376 1530 1442 quaerunt
1573 1371 1863 1442 quomodo

207 1461 529 1526 salventur,
564 1461 663 1516 sed
699 1462 995 1533 quomodo
1025 1467 1331 1532 superent.
1368 1461 1677 1532 Propterea
1708 1477 1864 1514 nunc

208 1549 380 1605 dixit:
406 1549 687 1604 Decidant
718 1567 750 1604 a
781 1549 1233 1622 cogitationibus
1263 1549 1414 1617 suis,
1437 1555 1494 1604 et
1524 1554 1578 1605 te
1608 1549 1864 1603 habeant

211 1656 397 1694 unam
428 1639 859 1711 cogitationem.

291 1752 319 1777 «
360 1729 685 1784 Secundum
742 1727 1184 1783 multitudinem
1240 1727 1609 1800 impietatum
1660 1743 1859 1782 eorum

212 1816 435 1919 expelle
482 1834 602 1873 eos.
734 1817 856 1872 Non
908 1817 1088 1871 dixit:
1140 1817 1293 1872 unde
1342 1833 1440 1919 eos
1472 1815 1756 1887 expellat:
1791 1817 1862 1871 de
1892 1855 1940 1919 B

207 1907 354 1963 coelo
385 1923 483 1962 eos
515 1906 783 1978 expellat,
820 1908 889 1961 de
917 1912 1070 1962 terra
1101 1924 1200 1962 eos
1240 1905 1524 1978 expellat:
1559 1906 1714 1960 unde
1762 1922 1861 1961 eos

209 1996 462 2069 expellat
485 1997 783 2069 Scriptura
822 2013 936 2051 non
971 1997 1148 2050 dicit:
1184 1997 1282 2051 sed
1319 1986 1614 2068 ὑπερϐατὸν
1663 2000 1773 2063 est,
1805 1998 1861 2049 et

208 2083 431 2160 ὕστερον
465 2084 749 2160 πρότερον.
802 2085 1091 2140 Debemus
1139 2100 1274 2156 ergo
1306 2084 1527 2157 legere:
1576 2105 1603 2133 ‹‹
1637 2083 1856 2138 Secun-

208 2176 354 2230 dum
379 2174 819 2232 multitudinem
842 2174 1210 2246 impietatum
1234 2191 1436 2230 eorum
1458 2172 1679 2245 expelle
1700 2189 1851 2228 eos.»

208 2264 372 2327 Quod
406 2264 571 2329 dixit,
607 2264 715 2320 hoc
747 2269 837 2319 est
870 2282 882 2318 :
933 2264 1016 2318 Ab
1049 2263 1453 2335 impietatibus
1501 2262 1627 2318 suis
1657 2261 1857 2316 multis

208 2357 448 2424 propter
475 2357 639 2408 tuam
669 2353 1133 2408 misericordiam
1166 2352 1387 2423 expelle
1436 2368 1556 2417 eos,
1608 2352 1717 2406 hoc
1747 2355 1854 2417 est,

206 2459 326 2497 non
358 2442 477 2497 sint
506 2442 565 2497 in
598 2440 801 2497 multis
834 2441 1239 2513 impietatibus
1262 2441 1407 2496 suis.
1442 2440 1637 2495 Potest
1666 2444 1723 2494 et
1751 2438 1854 2493 ali-

204 2536 299 2586 ter
326 2531 708 2603 inerpretari:
742 2529 1027 2595 Quoniam
1078 2528 1379 2603 plurimun
1428 2529 1591 2600 impii
1622 2528 1858 2584 fuerunt

206 2626 269 2676 et
326 2620 639 2676 noluerunt
691 2621 957 2675 decidere
1004 2637 1037 2673 a
1090 2618 1544 2690 cogitationibus
1597 2618 1741 2684 suis,
1802 2622 1858 2672 et

206 2708 541 2779 impietates
594 2708 995 2780 impietatibus
1044 2711 1280 2779 augent,
1331 2713 1387 2760 et
1426 2706 1685 2777 quotidie
1718 2723 1855 2761 con-

206 2802 472 2870 gregant,
533 2804 591 2853 et
645 2798 842 2870 plures
896 2797 1115 2852 habent
1164 2796 1518 2868 impietates,
1552 2800 1856 2868 propterea

205 2886 430 2958 expelle
483 2905 600 2943 eos.
636 2887 800 2943 Unde
825 2887 852 2942 ?
888 2888 975 2941 Ab
1016 2903 1083 2942 ea
1113 2904 1241 2957 quae
1282 2884 1679 2940 hzereditatem
1713 2901 1852 2939 con—

207 2976 494 3047 sequitur.
528 2977 611 3031 Tu
662 2975 881 3047 expelle
913 2991 1012 3031 eos
1060 2974 1219 3039 inde,
1264 2979 1329 3028 ut
1367 2964 1645 3046 queniam
1680 2973 1853 3028 fidem

206 3081 327 3119 non
378 3064 597 3120 habent
644 3065 930 3131 Ecclesiae,
981 3081 1053 3119 ne
1082 3068 1386 3119 versentur
1432 3063 1491 3116 in
1523 3078 1609 3117 ea.
1650 3085 1670 3110 α
1705 3062 1853 3124 Quo-

206 3155 369 3209 niam
421 3154 794 3210 irritaverunt
824 3158 899 3209 te.
942 3154 1207 3210 Domine.
1246 3175 1272 3199 ››
1304 3157 1409 3221 Tu,
1446 3152 1702 3219 Domine,
1756 3168 1858 3222 per

206 3248 478 3315 naturam
515 3241 704 3298 dulcis
738 3261 820 3312 es,
855 3244 955 3297 sed
987 3242 1323 3314 quicunque
1350 3246 1680 3313 peccatores
1713 3245 1853 3295 sunt
1881 3225 1923 3290 C

206 3337 265 3387 et
297 3331 574 3398 haeretici,
610 3337 881 3387 naturam
912 3337 1025 3386 tua:
1057 3330 1384 3386 dulcedinis
1412 3330 1556 3384 vitio
1586 3346 1692 3385 suo
1723 3345 1850 3385 ver-

204 3425 342 3475 tunt
367 3421 426 3475 in
453 3421 924 3481 amaritudinem.

281 3534 307 3558 ‹‹
351 3510 420 3565 Et
447 3510 717 3565 laetentur
748 3527 952 3565 omnes
984 3510 1081 3581 qui
1116 3514 1355 3581 sperant
1385 3509 1441 3563 in
1464 3513 1577 3563 te.»
1606 3505 1691 3563 Illi
1722 3525 1849 3579 per-

202 3603 361 3670 eant,
394 3604 450 3653 et
496 3598 871 3655 ecclesiastici
903 3598 1189 3653 laetentur.
1226 3620 1253 3648 «
1286 3600 1347 3652 In
1380 3603 1658 3654 aeternum
1691 3596 1852 3652 exul-

202 3688 436 3743 tabunt.
472 3712 500 3738 ››
534 3688 656 3755 Hic,
688 3690 749 3743 in
777 3697 1067 3759 aeternum,
1101 3705 1218 3743 non
1248 3689 1318 3742 de
1341 3687 1606 3759 prmsenti
1641 3685 1851 3741 szeculo

204 3778 490 3833 debemus
512 3779 721 3848 dicere,
756 3778 857 3832 sed
890 3779 960 3832 de
994 3779 1208 3831 futuro.
1235 3776 1496 3847 Denique
1528 3793 1641 3830 non
1685 3776 1849 3837 dixit,

204 3867 262 3920 in
298 3865 509 3922 saeculo
540 3866 854 3935 exsultant,
890 3866 989 3939 sed
1021 3866 1395 3935 exsultabant,
1440 3866 1509 3919 de
1538 3866 1732 3918 futuro
1764 3864 1851 3918 di-

202 3955 373 4010 citur.
410 3955 511 4010 Hic
542 3956 699 4011 enim
732 3955 973 4010 tristitia
996 3959 1103 4025 est,
1136 3954 1217 4010 ibi
1247 3970 1380 4009 vero
1411 3953 1629 4007 lzetitia.
1662 3957 1850 4008 Haere-

206 4045 301 4099 tici
337 4045 408 4100 de
441 4046 708 4115 praesenti
734 4045 945 4109 rident,
971 4045 1072 4099 sed
1100 4045 1158 4097 in
1188 4045 1379 4098 futuro
1400 4042 1704 4113 lugebunt.
1736 4042 1852 4098 Nos

199 4150 338 4188 vero
367 4133 426 4187 in
454 4134 723 4204 praesenti
754 4133 1046 4204 lugemus,
1095 4137 1161 4187 ut
1205 4132 1262 4186 in
1297 4132 1492 4186 futuro
1533 4131 1848 4186 rideamus.

205 4246 225 4271 ι
275 4222 338 4276 In
390 4228 670 4277 mternum
722 4221 1117 4277 exsultabunt.
1152 4243 1180 4271 ››
1230 4222 1364 4285 Quae
1404 4220 1512 4275 erit
1542 4219 1851 4275 exsultatio

200 4316 544 4369 sanctorum
576 4312 875 4367 virorum?
917 4333 944 4368 ς(
975 4312 1044 4365 Et
1071 4309 1431 4365 inhabitabis
1458 4310 1512 4364 in
1548 4311 1651 4364 eis.
1688 4332 1715 4358 n
1753 4310 1849 4364 Fe-

198 4400 347 4455 lices
392 4405 561 4455 erunt
594 4400 693 4470 qui
750 4399 1047 4454 Christum
1100 4398 1385 4469 hospitem
1420 4398 1631 4453 habere
1674 4414 1852 4452 mere-

200 4490 469 4543 buntur:
522 4488 718 4543 felices
767 4488 867 4558 qui
920 4486 1360 4542 tabernaculum
1396 4486 1607 4540 Christi
1658 4492 1846 4540 erunt.

275 4597 301 4627 α
342 4577 410 4631 Et
444 4577 855 4649 gloriabuntur
884 4575 944 4629 in
975 4581 1030 4630 te
1061 4592 1265 4630 omnes
1315 4576 1413 4647 qui
1464 4575 1717 4647 diligunt
1746 4591 1849 4629 no-
1880 4598 1927 4662 D

198 4683 337 4721 men
373 4671 561 4720 tuum.
597 4688 624 4714 »
675 4665 1019 4736 Quicunque
1050 4662 1243 4735 diligit
1276 4669 1474 4727 Deum,
1508 4663 1851 4735 gloriabitur

196 4756 259 4809 in
290 4755 555 4810 Domino.
590 4778 617 4803 «
652 4756 758 4819 Qui
792 4754 1064 4825 diligunt,
1101 4777 1123 4804 ι
1159 4769 1275 4807 non
1309 4752 1473 4816 dixit,
1507 4753 1605 4822 qui
1639 4752 1849 4806 timent

196 4845 303 4899 sed
344 4867 363 4891 ι
403 4844 502 4915 qui
536 4842 807 4915 diligunt.
842 4866 869 4892 »
930 4842 1272 4912 Ubicunque
1322 4841 1477 4894 enim
1534 4841 1709 4895 timor
1738 4846 1844 4909 est,

196 4933 279 4987 ibi
314 4949 427 4987 non
459 4938 548 4986 est
585 4932 818 4987 dilectio
886 4933 1140 5001 Per/ecta
1183 4930 1397 5001 quippe
1444 4930 1663 4985 dilectio
1701 4932 1850 4998 foras

194 5024 373 5076 mittit
406 5024 652 5076 timorem
683 5005 859 5093 (Joan:
921 5038 998 5084 1v,
1057 5020 1159 5090 18).
1196 5021 1537 5089 Quicunque
1568 5019 1721 5073 enim
1755 5019 1845 5071 di-

196 5110 396 5181 ligunt
439 5126 651 5167 nomen
712 5109 962 5177 Domini,
1025 5108 1106 5163 illi
1169 5108 1599 5179 gloriabuntur.
1636 5108 1848 5163 Gloria-

196 5202 434 5257 buntur:
467 5200 663 5253 futura
692 5202 779 5253 est
828 5198 1126 5252 beatitudo
1174 5203 1410 5251 nostra:
1446 5202 1635 5251 totum
1693 5197 1845 5268 quod

195 5288 564 5359 promittitur
595 5288 666 5341 de
696 5288 892 5341 futuro
918 5292 1026 5341 est.
1075 5286 1185 5339 Alii
1218 5289 1492 5357 regnent:
1530 5284 1623 5338 alii
1658 5285 1848 5356 possi-

195 5378 404 5441 deant;
440 5376 537 5431 alii
596 5375 937 5443 glorientur.
992 5376 1108 5430 Nos
1156 5374 1251 5430 hic
1290 5391 1497 5429 sumus
1530 5375 1750 5437 miseri,
1788 5378 1851 5428 ut

196 5472 402 5538 postea
457 5464 651 5520 felices
699 5465 906 5519 simus.
942 5464 1271 5535 Sequamur
1308 5463 1604 5518 Christum
1654 5463 1850 5516 Domi-

196 5572 345 5609 num
379 5559 665 5609 nostrum.
697 5554 803 5622 Qui
840 5554 971 5607 dicit
999 5570 1052 5608 se
1094 5555 1152 5607 in
1212 5554 1424 5608 Christo
1471 5552 1707 5611 credere.
1757 5552 1850 5605 dc-

197 5644 286 5698 bel
335 5642 602 5713 quomodo
650 5643 745 5697 ille
804 5640 1125 5710 ambulavit,
1175 5647 1229 5696 ct
1280 5643 1395 5712 ipse
1449 5643 1533 5696 sic
1571 5640 1854 5696 ambulare

1982 567 2434 635 ministraretur,
2459 570 2558 623 sed
2593 575 2657 622 ut
2681 569 3058 624 ministraret.
3092 570 3213 624 Non
3238 571 3394 625 venit
3427 576 3491 625 ut
3520 571 3624 625 im-

1977 661 2225 728 peraret,
2278 659 2376 712 sed
2434 663 2497 712 ut
2541 658 2800 712 serviret.
2858 657 2979 713 Non
3015 658 3169 712 venit
3200 663 3263 712 ut
3292 658 3625 715 lavarentur

1976 745 2059 799 illi
2092 746 2287 816 pedes,
2322 747 2422 800 sed
2457 752 2521 801 ut
2553 746 2770 802 lavarct
2801 747 2977 818 pedes
3011 746 3458 817 discipulorum.
3492 750 3619 805 Non

1977 834 2132 889 venit
2165 838 2229 889 ut
2259 836 2532 903 caederet,
2566 837 2667 891 sed
2703 841 2765 889 ut
2796 837 3132 890 caederetur.
3168 835 3291 889 Non
3322 836 3481 890 dedit
3510 839 3625 893 ala-

1975 940 2133 995 pam,
2181 924 2281 977 sed
2335 926 2573 995 accepit.
2626 926 2749 979 Non
2801 924 3106 990 cruciﬁxit,
3149 925 3248 979 sed
3306 926 3620 981 crucifixus

1976 1019 2082 1066 est.
2118 1012 2240 1066 Non
2275 1013 2421 1067 alios
2455 1013 2686 1081 occidit,
2715 1013 2816 1067 sed
2846 1012 2973 1081 ipse
3005 1029 3214 1083 passus
3245 1016 3351 1068 est.
3397 1018 3623 1084 Pauper

1975 1100 2103 1165 fuit,
2139 1106 2202 1154 ut
2233 1118 2338 1156 nos
2367 1101 2573 1157 divites
2607 1102 2842 1157 faceret.
2905 1101 3007 1156 Ille
3053 1103 3275 1173 accepit
3320 1119 3421 1174 pro
3456 1103 3621 1158 nobis

1975 1189 2229 1261 plagam,
2264 1195 2327 1244 ut
2357 1208 2462 1245 nos
2496 1191 2773 1245 verberati
2809 1208 2922 1245 non
2969 1190 3319 1246 doleremus.
3356 1191 3619 1255 Quoties-

1975 1296 2205 1350 cunque
2238 1280 2537 1347 caedimur,
2589 1280 2955 1351 prazheamus
3006 1278 3327 1351 maxillam,
3379 1281 3620 1336 dorsum

1974 1384 2378 1439 cpponamus,
2438 1367 2740 1422 imitemur
2793 1368 3125 1423 Christum.
3187 1367 3295 1431 Qui
3344 1369 3619 1440 caeditur,

1972 1457 2269 1511 Christum
2300 1456 2605 1511 imitatur:
2642 1457 2741 1527 qui
2790 1458 2978 1527 cadit,
3011 1457 3457 1512 Antichristum.
3506 1459 3623 1514 Hoc

1973 1549 2161 1599 totum
2198 1562 2376 1617 quare
2407 1546 2580 1600 dico?
2611 1545 2683 1600 Ut
2713 1546 2771 1600 in
2801 1545 3067 1617 praesenti
3099 1546 3313 1611 saeculo,
3342 1549 3495 1619 quod
3530 1565 3623 1602 su-

1973 1634 2283 1699 stinemus,
2316 1652 2420 1706 pro
2451 1634 2680 1690 Christo
2711 1634 3107 1706 gloriﬁcemus
3130 1653 3340 1690 nomen
3366 1636 3617 1691 Domini.

1972 1724 2121 1778 Dum
2154 1723 2477 1795 loquimur,
2509 1725 2651 1778 dum
2684 1723 3079 1794 ambulamus,
3123 1729 3358 1796 repente
3386 1725 3617 1780 subtra-

1971 1813 2188 1867 himur.
2224 1814 2338 1884 Ego
2390 1813 2513 1885 ipse
2546 1814 2643 1885 qui
2674 1814 2838 1869 vobis
2884 1813 3057 1867 hodie
3086 1813 3315 1885 loquor,
3362 1813 3455 1868 die
3496 1831 3617 1869 cra-

1971 1902 2125 1958 stina
2156 1902 2295 1973 quid
2346 1903 2416 1957 de
2475 1918 2567 1957 me
2621 1902 2884 1956 futurum
2927 1903 3022 1971 sit,
3054 1901 3271 1956 nescio.
3307 1901 3365 1957 Si
3397 1903 3619 1957 venerit

1969 1991 2112 2047 levis
2143 1991 2442 2061 feh'ricula,
2477 1992 2577 2046 ubi
2608 1996 2698 2046 est
2721 1992 2834 2046 ista
2862 1990 3017 2046 vox?
3049 1991 3154 2045 Ubi
3185 1997 3274 2046 est
3303 1992 3617 2062 superbia?

1969 2082 2228 2152 Repente
2276 2080 2519 2135 vertitur
2570 2080 2625 2134 in
2669 2081 2945 2135 cinerem.
2977 2080 3125 2143 Quid
3168 2079 3455 2151 gloriatur
3504 2086 3619 2135 ter-

1970 2188 2034 2225 ra
2063 2175 2119 2225 et
2148 2170 2295 2225 cinis
2322 2187 2549 2224 sumus.
2576 2171 2753 2224 Terra
2782 2186 2865 2233 es,
2898 2173 2955 2223 et
2985 2169 3042 2223 in
3066 2174 3277 2223 terram
3313 2168 3426 2223 ibis
3457 2168 3612 2239 (Gen.

1968 2277 2054 2328 in,
2090 2260 2214 2329 19);
2249 2264 2306 2314 et
2336 2265 2487 2314 terra
2536 2256 2816 2329 gloriatur
2847 2262 3049 2313 contra
3098 2259 3373 2313 factorem
3418 2274 3614 2312 suum.

1966 2349 2261 2419 Sequitur.

2039 2480 2065 2503 ‹‹
2101 2455 2384 2519 Quoniam
2407 2458 2468 2509 tu
2491 2454 2800 2509 benedices
2826 2454 3042 2523 justo.»
3082 2458 3145 2507 In
3168 2453 3446 2508 'futurum
3478 2469 3615 2525 ergo

1966 2543 2232 2598 differtur
2262 2543 2583 2598 beatitudo.

2040 2673 2067 2699 ‹‹
2102 2651 2364 2716 Domine,
2398 2655 2462 2704 ut
2492 2654 2659 2705 scuto
2687 2650 2850 2704 bonae
2882 2648 3219 2715 voluntatis,
3251 2672 3270 2695 η
3305 2652 3414 2703 etc.
3450 2650 3611 2719 Apud

1966 2739 2245 2795 saeculum
2299 2739 2457 2793 aliud
2509 2745 2597 2794 est
2645 2744 2899 2804 scutum,
2959 2737 3115 2792 aliud
3166 2754 3413 2791 corona:
3456 2740 3611 2808 apud

1965 2833 2145 2883 Deum
2195 2845 2325 2882 vero
2370 2828 2495 2899 ipse
2543 2832 2632 2883 est
2679 2832 2934 2892 scutum,
2995 2826 3121 2897 ipse
3170 2830 3258 2879 est
3287 2830 3345 2879 et
3374 2841 3608 2891 corona,

1965 2918 2134 2988 quasi
2184 2923 2417 2971 scutum
2469 2916 2739 2988 protegit,
2792 2915 2958 2987 quasi
3010 2915 3163 2969 Dous
3196 2920 3451 2981 coronat,
3486 2914 3611 2985 ipse

1966 3012 2055 3062 est
2084 3012 2316 3062 scutum
2351 3011 2639 3074 nostrum,
2674 3006 2797 3076 ipse
2840 3009 2929 3059 est
2957 3007 3013 3057 et
3043 3019 3257 3057 corona
3283 3007 3523 3057 nostra:
3557 3007 3613 3057 et

1965 3096 2037 3150 ob
2062 3096 2169 3149 hoc
2201 3095 2368 3149 dicit:
2408 3116 2435 3144 «
2467 3094 2733 3162 Domine,
2766 3097 2832 3147 ut
2878 3096 3043 3147 scuto
3071 3092 3238 3146 bonae
3286 3091 3607 3147 voluntatis

1966 3190 2081 3239 tute
2112 3184 2401 3239 coronasti
2435 3200 2560 3238 nos.
2600 3206 2627 3231 ››
2673 3182 2975 3238 Protexisti
3035 3199 3140 3237 nos
3194 3186 3357 3236 scuto
3401 3184 3527 3248 tuo,
3556 3185 3611 3236 et

1965 3273 2247 3345 protectio
2292 3279 2394 3327 tua
2441 3289 2655 3328 corona
2705 3276 2905 3327 nostra
2947 3270 3074 3339 fuit,
3110 3270 3217 3325 hoc
3256 3275 3365 3340 est,
3397 3287 3613 3325 corona

1963 3370 2162 3418 nostra
2215 3367 2444 3417 scutum
2492 3368 2654 3415 tuum
2710 3361 2840 3430 fuit,
2872 3361 2929 3414 id
2978 3365 3087 3429 est,
3120 3364 3321 3415 nostra
3350 3359 3608 3414 victoria.
3702 3416 3705 3421 ,

1963 3453 2189 3507 Corona
2211 3452 2366 3507 enim
2389 3450 2629 3505 victoria
2650 3451 3087 3521 interpretatur.
3113 3449 3343 3503 Gratias
3369 3465 3611 3518 agamus

1965 3548 2095 3608 Deo,
2120 3547 2173 3595 et
2196 3539 2785 3612 doprecemurillum,
2811 3545 2873 3593 ut
2904 3540 2960 3593 in
2993 3540 3146 3593 bona
3173 3537 3469 3593 voluntate
3502 3555 3610 3592 sua

1960 3631 2087 3702 ipse
2119 3631 2196 3685 sit
2226 3635 2458 3685 scutum
2491 3634 2545 3684 et
2575 3646 2788 3684 corona
2820 3634 3037 3693 nostra,
3075 3633 3137 3682 ut
3186 3644 3489 3699 nunquam
3519 3643 3609 3681 re—

1961 3721 2239 3776 cedamus
2288 3719 2359 3773 ab
2406 3736 2492 3786 eo,
2527 3724 2592 3774 ut
2637 3735 2956 3789 sequamur
2984 3717 3174 3784 illum,
3225 3723 3281 3771 et
3341 3716 3608 3771 dicamus

1964 3826 2097 3864 cum
2127 3807 2420 3862 Jeremia:
2454 3810 2525 3862 Iit
2567 3816 2687 3878 post
2729 3813 2783 3861 te
2824 3811 3149 3877 subsequens
3204 3822 3316 3860 non
3362 3805 3610 3859 laboravi

1961 3898 2191 3969 (Τὴν-6η.
2223 3914 2260 3966 ι,
2304 3896 2381 3967 6).
2425 3897 2672 3961 Domine,
2704 3900 2763 3950 ut
2805 3904 2953 3950 scuto
2984 3898 3141 3951 bona?
3172 3894 3469 3953 voluntatis
3500 3898 3606 3947 tua:

1960 3989 2233 4041 coronastz’
2277 4001 2394 4039 nos.
2448 3985 2625 4040 Scuto
2672 3985 3054 4055 protegimur,
3104 3988 3159 4038 et
3201 3998 3333 4036 cum
3369 3981 3605 4050 perfecti

1962 4076 2271 4140 fuerimus,
2314 4090 2684 4129 coronamur.

2564 4232 2884 4286 PSALMUS
2919 4231 3010 4285 VI.

1960 4365 2019 4417 In
2051 4361 2215 4429 ﬁnem
2242 4358 2343 4430 pro
2371 4357 2714 4430 carminilms
2734 4372 2856 4430 ξρνο
2891 4364 3087 4411 octava.
3117 4356 3367 4430 Psulinus
3412 4355 3603 4430 David.

2034 4427 2144 4485 Iste
2175 4427 2598 4485 et'undecimus
2620 4427 2909 4496 Psalmus,
2932 4444 3033 4498 pro
3056 4431 3255 4481 octava
3274 4427 3604 4498 inscriptio-

2032 4520 2163 4556 nem
2222 4502 2457 4561 habent,
2494 4500 2958 4569 resurrestionis,
3001 4504 3056 4553 et
3108 4498 3479 4569 paenitentiae,
3541 4514 3605 4551 ac

2032 4590 2135 4644 per
2164 4573 2290 4644 hoc
2314 4572 2521 4626 salutis
2580 4577 2791 4625 nostrae
2841 4569 3185 4641 mysterium
3218 4569 3601 4644 continentes.

2032 4640 2095 4699 in
2130 4661 2245 4712 quo
2279 4642 2603 4697 humanum
2630 4658 2813 4712 genus
2848 4640 3125 4711 pdstulat,
3152 4646 3214 4693 ut
3239 4640 3606 4712 corrigamur

2032 4710 2265 4787 quidem
2299 4720 2356 4768 et
2377 4710 2715 4783 judicemﬁur
2745 4731 2778 4767 a
2804 4710 2941 4787 Deo,
2977 4713 3077 4766 sed
3110 4728 3223 4765 non
3256 4712 3313 4764 in
3348 4710 3437 4787 ira
3461 4715 3525 4787 et
3547 4711 3605 4763 in

2032 4782 2223 4842 furore
2271 4782 2417 4856 ejus.
2458 4789 2855 4856 Longumiest
2898 4785 2967 4837 de
3009 4788 3370 4856 sacramento
3426 4782 3605 4856 hujus

2031 4857 2257 4913 numeri
2301 4853 2482 4929 ‘plura
2530 4853 2794 4926 exempla
2850 4870 3142 4929 revocare.
3204 4853 3341 4929 Octo
3398 4853 3605 4929 animae

2034 4923 2331 5001 ingressae"
2361 4932 2500 4982 sunt
2558 4930 2616 4981 in
2676 4923 3078 5001 arcam__Noe._
3108 4942 3233 4995 qua:
3279 4925 3337 4977 in
3371 4923 3605 5001 diluvio

2031 4996 2261 5055 salvete:
2322 5005 2477 5053 sunt.
2536 5003 2785 5053 Octavus
2848 4997 3003 5051 [ilius
3049 4997 3214 5051 Jesse
3251 4996 3424 5048 David
3472 4996 3603 5063 fuit,

2031 5072 2130 5141 qui
2164 5078 2220 5125 et
2241 5073 2633 5141 desperatura
2662 5076 2842 5139 patre,
2873 5074 2930 5123 at
2960 5085 2993 5121 a
3024 5068 3136 5122 Deo
3159 5066 3319 5141 solus
3346 5066 3600 5141 eligitur.

2032 5140 2243 5199 Octavo
2276 5140 2368 5196 die
2413 5141 2918 5197 circumciduntur
2965 5140 3373 5210 primogenita,
3406 5147 3463 5193 et
3493 5140 3605 5192 im-

2034 5215 2254 5268 munda
2282 5230 2409 5268 esse
2440 5214 2750 5278 desistunt.
2794 5211 3101 5265 Zacharias
3152 5226 3383 5281 quoque
3443 5216 3606 5281 pater

2031 5286 2274 5340 Joannis
2300 5290 2499 5338 octava
2528 5285 2621 5336 die
2652 5282 3113 5336 circumcisionis
3147 5282 3245 5335 lilii
3282 5281 3372 5336 sui
3418 5281 3603 5351 loqui-

2034 5363 2146 5410 tur.
2182 5358 2249 5410 Et
2281 5362 2410 5426 post
2438 5357 2565 5409 dies
2596 5360 2722 5408 octo
2743 5355 2881 5426 sive
2928 5370 3026 5407 sex
3058 5355 3397 5426 (utrumque
3444 5354 3600 5406 enim

2033 5430 2092 5482 in
2124 5424 2366 5481 diversis
2416 5425 2787 5496 emngelistis
2828 5424 3062 5495 legitur)
3104 5424 3386 5479 Dominus
3420 5430 3603 5479 trans-

2037 5499 2402 5554 formaturin
2455 5495 2671 5559 monte,
2721 5502 2784 5551 ut
2835 5497 2919 5551 sic
2966 5495 3298 5551 octonarius
3355 5497 3412 5550 in
3447 5501 3605 5549 sexto

2034 5587 2276 5624 numero
2338 5569 2725 5637 contineatur,
2789 5569 3080 5639 quomodo
3130 5585 3285 5621 nunc
3335 5567 3393 5621 in
3444 5571 3604 5620 sexto

2032 5641 2289 5705 Psalmo,
2324 5641 2624 5712 inscriptio
2656 5640 2894 5712 ponitur
2920 5639 3220 5711 ogdoadis.
