3964 6190
327 350 450 414 883

1823 342 2242 404 APPENDIX.

3624 340 3733 400 ΝΑ

407 505 433 536 α
463 480 729 549 Domine,
754 496 828 535 ne
848 480 907 534 in
930 480 1125 534 furore
1145 483 1246 534 tuo
1279 494 1491 551 arguas
1523 494 1635 548 me,
1660 480 1767 531 etc.
1796 476 1981 530 Poeni-
2008 481 2054 544 Α
2092 481 2201 541 est,
2237 481 2475 531 caetoros
2505 477 2695 542 docet,
2724 473 2812 530 vel
2855 473 3223 541 cohortatur,
3256 476 3324 527 ut
3351 489 3385 526 θ.
3412 488 3475 528 se
3506 473 3737 528 abeant.

330 571 522 627 tentia:
584 569 849 641 psalmus
905 573 1012 631 est,
1074 573 1131 622 et
1188 584 1301 622 non
1346 566 1643 622 emendari
1672 565 1887 620 refutat
1931 568 1986 618 et

334 659 673 731 corripi,sed
700 659 756 712 in
792 658 982 712 future
1013 662 1069 711 et
1099 657 1156 711 in
1192 657 1296 726 ira,
1323 656 1461 726 quia
1492 655 1768 709 infirmus
1800 654 1896 719 sit,
1927 657 1986 708 et

331 751 569 805 turbata
590 748 709 803 sint
730 764 863 802 ossa
893 748 1042 816 ejus.
1069 746 1135 799 Et
1153 744 1469 816 aliquando
1501 743 1663 815 prius
1695 743 1856 797 furor
1875 748 1986 807 est,

332 844 391 893 et
422 842 624 910 postea
654 837 776 903 ira;
804 835 901 890 sed
937 834 1188 888 maxime
1222 850 1404 887 unum
1439 833 1798 902 est.,Tamen
1827 831 1988 885 furor

332 929 393 983 in
425 925 720 999 praesenti,
754 925 839 979 ira
870 924 926 978 in
955 925 1171 978 futuro.

413 1056 440 1083 ‹‹
462 1033 732 1088 Miserere
755 1030 888 1100 mei,
922 1028 1186 1084 Domine.
1216 1050 1242 1077 ››
1264 1028 1385 1083 Vox
1407 1026 1691 1082 Ecclesia).
1717 1027 1987 1082 Miserere

338 1122 473 1188 mei,
528 1122 664 1193 quia
697 1119 877 1175 miser
906 1136 1060 1173 sum.
1113 1118 1183 1171 Et
1229 1117 1354 1188 ipse
1396 1116 1855 1172 misericordiam
1886 1115 1985 1170 Dei

326 1211 572 1278 invenit,
631 1210 731 1282 qui
787 1226 848 1264 se
900 1207 1182 1262 miserum
1243 1207 1572 1260 confitetur.
1630 1229 1649 1252 ι
1698 1204 1986 1270 Quoniam

322 1301 607 1357 inﬁrmus
637 1315 790 1363 sum,
851 1314 994 1353 sana
1044 1312 1156 1361 me,
1212 1296 1470 1350 Domine.
1507 1315 1535 1343 »
1584 1300 1662 1348 Ac
1709 1294 1759 1349 si
1793 1294 1983 1348 dicat:

334 1390 610 1444 infirmus
642 1405 796 1456 sum,
822 1404 924 1457 pro
959 1390 1214 1457 peccato:
1237 1400 1379 1438 sana
1410 1399 1522 1453 me,
1558 1381 1695 1453 quia
1725 1383 1987 1438 medicus

337 1496 420 1534 es.
454 1479 569 1549 Ego
607 1494 738 1533 sum
771 1480 1142 1547 aigrotus,'tu
1193 1490 1253 1528 es
1286 1471 1568 1527 medicus.
1629 1472 1745 1543 Ego
1795 1470 1987 1543 .habeo

340 1567 839 1631 intirmitatem,tu
867 1564 1047 1619 habes
1071 1562 1403 1617 sanitatem.
1428 1561 1545 1632 Ego
1567 1577 1698 1615 sum
1720 1558 1990 1615 inﬁrmus

339 1673 444 1728 per
472 1660 800 1727 peccatum,
834 1658 896 1708 tu
927 1669 1072 1706 sana
1103 1667 1205 1723 per
1237 1649 1720 1706 misericordiam.

412 1782 434 1810 α
477 1760 762 1824 Quoniam
813 1758 1158 1813 conturbata
1205 1760 1344 1812 sunt
1390 1755 1586 1811 omnia
1612 1772 1745 1810 ossa
1778 1772 1925 1810 mea.
1965 1778 1986 1805 ι»

336 1856 419 1904 Ac
451 1850 497 1904 si
528 1849 716 1904 dicat:
753 1864 957 1903 omnes
1013 1846 1279 1918 virtutes,
1315 1863 1442 1918 quae
1485 1862 1619 1901 ossa
1657 1843 1992 1916 appellavit,
2023 1853 2071 1916 Β

337 1940 399 1994 in
431 1938 618 2010 primo
652 1938 889 1993 homine
922 1942 1298 2009 transgressae
1350 1938 1507 2006 sunt,
1566 1934 1687 1990 sive
1732 1935 1993 2007 perditae.

417 2046 692 2101 «Anima
739 2061 867 2100 mea
920 2044 1127 2100 exinde
1180 2043 1413 2099 turbata
1450 2046 1556 2098 est.
1592 2064 1620 2093 »
1663 2047 1772 2097 Per
1818 2042 1999 2113 pceni-

348 2135 594 2190 tentiam
627 2138 693 2189 ut
721 2134 1121 2189 emendemur.

421 2265 449 2291 «
480 2242 551 2297 Et
570 2245 654 2311 tu,
678 2241 945 2306 Domine,
972 2256 1296 2312 usquequo.
1322 2261 1350 2289 »
1374 2238 1755 2309 Subauditur,
1786 2255 1999 2310 usque-

348 2347 464 2401 quo
496 2329 756 2385 animam
780 2345 996 2396 meam,
1029 2345 1156 2399 quae
1200 2333 1289 2383 est
1318 2329 1665 2382 conturbata
1695 2327 1997 2383 vehemen-

348 2425 454 2487 ter,
491 2436 604 2497 non
637 2418 837 2488 eripis,
870 2434 985 2471 non
1012 2418 1275 2487 corrigis,
1308 2433 1423 2471 non
1448 2416 1723 2471 emendas
1744 2416 1771 2468 ?

425 2548 445 2572 α
481 2524 846 2587 Convertere,
882 2522 1141 2586 nomine,
1175 2528 1231 2577 et
1262 2523 1419 2593 eripe
1450 2523 1708 2577 animam
1744 2538 1994 2576 meam.»

353 2612 476 2670 Nisi
508 2612 764 2666 animam
817 2616 1080 2666 nostram
1119 2616 1252 2666 ante
1291 2611 1652 2675 converterit,
1705 2628 1815 2665 non
1868 2628 1993 2665 eam

350 2705 540 2774 potest
568 2716 768 2755 eruere
798 2701 868 2755 de
909 2699 1185 2771 periculo.
1223 2699 1324 2754 Vel
1373 2699 1546 2755 illud:
1598 2701 1865 2766 Domine,
1898 2700 1997 2771 qui

351 2790 606 2847 avertiSti
639 2789 864 2844 vultum
898 2794 1063 2844 tuum
1107 2807 1139 2844 a
1169 2789 1360 2859 nobis,
1413 2795 1747 2844 convertere
1798 2795 1855 2844 et
1890 2806 1997 2844 nos

347 2881 545 2936 videre
577 2878 841 2951 dignare,
876 2886 931 2933 et
958 2894 1095 2933 erue
1125 2878 1381 2932 animam
1417 2883 1699 2933 nostram.

427 3010 454 3035 ‹‹
480 2984 763 3050 Quoniam
798 3001 913 3040 non
945 2989 1035 3040 est
1065 2984 1120 3039 in
1155 2989 1339 3040 morte
1364 2985 1463 3057 qui
1497 3001 1720 3039 memor
1749 2984 1825 3040 sit
1854 2985 1996 3040 tui.»

352 3077 479 3131 Non
501 3076 657 3132 enim
676 3073 890 3130 mortui
913 3073 1241 3129 laudabunt
1269 3078 1340 3128 le.
1365 3074 1627 3142 Domine,
1654 3075 1753 3129 sed
1773 3092 1878 3129 nos
1901 3076 1998 3146 qui

350 3165 610 3220 viventes
658 3180 885 3232 sumus,
930 3163 1067 3235 quia
1111 3180 1227 3217 non
1273 3167 1361 3217 est
1407 3163 1559 3217 Deus
1609 3167 1995 3233 mortuorum,

353 3254 455 3310 sed
482 3253 765 3308 vivorum.
806 3274 826 3302 »
866 3254 929 3306 In
972 3252 1197 3307 inferno
1228 3256 1423 3306 autem
1466 3251 1596 3322 quis
1627 3251 1997 3308 conﬁtetibur
2029 3217 2071 3283 Ο

353 3342 504 3398 tibi?
535 3364 562 3394 ››
604 3342 728 3396 Non
757 3358 860 3413 pro
889 3340 1265 3413 impossibili,
1303 3340 1401 3395 sed
1459 3357 1562 3411 pro
1593 3357 1722 3395 raro
1780 3342 1995 3411 posuit.

356 3434 417 3486 In
443 3431 720 3486 omnibus
753 3431 909 3485 enim
959 3429 1059 3484 Dei
1096 3428 1340 3499 judiciis
1372 3428 1694 3483 delectatur
1736 3434 1993 3499 sanctus,

354 3525 411 3576 et
440 3520 640 3575 laudat
661 3519 886 3588 judicia
915 3520 1062 3586 ejus.

428 3649 454 3675 ‹‹
490 3624 766 3680 Laborevi
809 3625 864 3677 in
896 3625 1092 3695 genitu
1140 3640 1290 3679 meo.
1323 3647 1352 3675 »
1388 3624 1660 3679 Miserere
1693 3625 1825 3691 mei,
1861 3626 1999 3697 quia

352 3715 475 3769 haec
506 3718 563 3768 et
591 3712 713 3767 haec
744 3730 869 3784 quae
903 3718 1250 3784 sequuntur,
1272 3712 1399 3767 feci.
1429 3734 1456 3762 ιι
1487 3714 1711 3767 Lavabo
1744 3731 1845 3785 per
1875 3716 1996 3769 sin-

353 3802 522 3875 gulas
554 3804 753 3856 noctes
773 3800 986 3855 lectum
1012 3817 1231 3855 meum.
1260 3824 1284 3849 ››
1313 3801 1417 3865 Qui
1451 3802 1998 3874 quotidielacrymis

356 3897 612 3948 stratum
644 3890 813 3963 rigat,
848 3907 961 3944 non
1009 3894 1199 3961 potest
1236 3890 1293 3943 in
1329 3890 1676 3962 cogitatione
1708 3893 1836 3963 ejus
1867 3892 1995 3948 libi-

355 3983 559 4036 dinum
592 3996 806 4051 pompa
837 3994 1158 4050 surrepere.
1196 4002 1221 4027 ιι
1258 3979 1319 4032 ln
1366 3977 1635 4051 lacrymis
1667 3981 1812 4034 meis
1844 3986 1997 4036 stra-

350 4076 476 4125 tum
501 4085 693 4125 meum
715 4068 936 4141 rigabo.
965 4090 991 4115 ››
1010 4066 1236 4130 Quanta
1262 4066 1574 4123 multitudo
1606 4066 1995 4140 lacrymarum

351 4164 417 4214 ut
449 4162 703 4213 stratum
735 4158 863 4227 ejus
894 4155 1169 4227 lacrymis
1200 4156 1452 4227 rigatum
1488 4157 1582 4211 sit.

426 4287 448 4312 α
485 4264 782 4318 Turbatus
811 4267 902 4317 est
930 4280 965 4316 a
993 4262 1185 4317 furore
1207 4261 1412 4317 oculus
1436 4278 1621 4317 meus.
1663 4286 1681 4310 ιι
1718 4262 1824 4317 Ubi
1856 4271 1998 4319 sunt

349 4351 525 4407 amici
556 4351 799 4405 litterae?
841 4355 1002 4405 Certe
1049 4350 1256 4405 oculus
1306 4352 1417 4406 iste
1469 4368 1782 4423 corporeus
1813 4352 1891 4406 ibi
1923 4354 1994 4409 ab

345 4441 434 4496 ira
464 4457 580 4495 non
612 4439 1014 4505 conturbatur,
1062 4438 1173 4493 nisi
1217 4439 1362 4493 forte
1409 4440 1465 4493 in
1498 4444 1721 4494 tantam
1774 4441 1994 4496 rabiem

347 4527 701 4599 extollimur,
736 4533 802 4582 ut
829 4526 1027 4581 vultus
1058 4543 1290 4598 quoque
1321 4528 1503 4583 nostri
1536 4534 1592 4582 et
1622 4546 1723 4584 era
1763 4536 1992 4585 muten-

346 4624 463 4673 tur.
501 4616 601 4673 Ille
631 4617 827 4687 itaque
858 4616 1129 4670 turbatur
1157 4615 1389 4671 oculus:
1424 4616 1521 4686 qui
1555 4617 1598 4670 si
1633 4617 1989 4672 scandaliza-

341 4713 440 4763 tus
488 4706 683 4772 fuerit,
745 4711 998 4760 eruetur.
1054 4704 1174 4758 Non
1227 4709 1421 4759 autem
1456 4705 1573 4759 ait:
1612 4707 1689 4759 Ab
1724 4706 1809 4759 ira
1861 4723 1988 4760 mea

340 4797 616 4851 turbatur
644 4792 851 4850 oculus
882 4811 1076 4849 meus:
1100 4795 1222 4860 sed,
1257 4795 1327 4848 ab
1357 4794 1443 4848 ira
1472 4799 1590 4848 tua.
1625 4794 1668 4848 Ο
1692 4800 1859 4861 Deus,
1888 4812 1989 4866 per

341 4901 518 4956 quem
550 4883 838 4956 supplicia
867 4883 1013 4937 mihi
1044 4882 1221 4938 timeo
1250 4888 1602 4953 praeparata:
1637 4884 1870 4938 turbata
1899 4888 1989 4939 est

344 4991 511 5028 mens
544 4989 693 5039 mea,
726 4977 783 5028 et
813 4977 1001 5027 totum
1033 4972 1225 5027 cordis
1263 4972 1372 5026 mei
1410 4970 1731 5043 principale
1760 4978 1984 5027 contre-

339 5062 511 5116 muit.
536 5084 563 5110 «
600 5061 912 5116 lnveteravi
945 5061 1001 5115 in
1034 5062 1309 5116 omnibus
1341 5060 1596 5115 inimicis
1624 5063 1826 5116 meis.»
1859 5068 1983 5117 non

338 5166 486 5205 nova
515 5151 823 5205 adversum
848 5167 941 5205 me
973 5149 1194 5204 inimici
1229 5149 1378 5204 bella
1406 5154 1637 5221 gerunt,
1663 5166 1831 5205 meus
1854 5150 1984 5206 hos-

337 5238 417 5294 tis
449 5238 726 5310 antiquus
765 5243 871 5293 est.
920 5238 1135 5293 Aliter:
1173 5238 1539 5293 Pubertatem
1571 5238 1698 5308 ejus
1730 5238 1983 5294 hominis

337 5328 435 5400 qui
467 5331 780 5382 renovatur
809 5327 879 5382 de
910 5325 1002 5382 die
1033 5328 1091 5380 in
1123 5326 1297 5395 diem,
1333 5343 1445 5382 non
1493 5343 1732 5398 possum
1774 5344 1981 5383 conse—

333 5417 473 5489 qui;
509 5415 645 5488 quia
690 5421 939 5472 veterem
993 5416 1288 5470 hominem
1332 5432 1465 5471 cum
1499 5417 1654 5471 vitiis
1705 5417 1977 5488 concupi-

330 5504 571 5561 scentiis
597 5503 725 5574 ejus
760 5503 1014 5559 inimicis
1048 5504 1193 5559 meis
1224 5504 1529 5559 adversum
1558 5521 1649 5560 me
1672 5511 1839 5576 porto
1870 5522 1976 5577 pu-

306 5593 670 5667 Agnantibus.

403 5704 431 5733 «
463 5680 755 5736 Discedite
780 5695 812 5733 a
846 5695 958 5743 me,
991 5695 1195 5734 omnes
1219 5680 1317 5749 qui
1349 5681 1670 5750 operamini
1696 5681 1972 5752 iniquita-

327 5776 466 5826 tem.
499 5792 526 5822 η
579 5773 900 5839 Postquam
946 5767 1069 5838 ipse
1117 5767 1579 5822 misericordiam
1620 5775 1972 5825 consecutus

2021 4581 2068 4646 Β
2128 4607 2133 4611 .

2096 564 2216 619 Non
2250 564 2405 619 enim
2446 565 2567 619 vult
2610 564 2945 635 iniquorum
2983 562 3198 617 habere
3224 563 3608 617 consortium.
3647 562 3741 617 Si-

2098 653 2219 706 mul
2252 659 2443 709 autem
2475 659 2531 709 et
2559 654 2699 708 illud
2733 654 3055 708 notandum
3088 656 3197 722 est,
3230 652 3387 723 quod
3414 652 3535 721 jam
3566 669 3739 722 supe-

2095 742 2217 796 rius
2243 742 2538 798 diximus:
2590 744 2741 814 quod
2795 758 2912 797 non
2945 756 3043 797 eos
3076 740 3179 812 qui
3208 740 3431 813 operati
3458 746 3599 796 sunt
3627 741 3740 795 ini-

2095 830 2399 901 quitatem;
2422 833 2520 887 sed
2556 833 2655 903 qui
2685 834 3020 899 operantur,
3047 848 3080 884 a
3110 846 3170 884 se
3209 829 3423 899 jubeat
3450 831 3739 885 recedere.

2169 942 2197 970 ‹‹
2230 920 2650 976 Convertantur
2698 924 2753 976 et
2801 921 3152 975 erubescant
3182 918 3349 974 valde
3387 918 3679 974 velociter.
3714 942 3744 969 »ι

2097 1012 2220 1063 Non
2253 1009 2782 1076 contrarinimicos,
2836 1008 2963 1064 sed,
2990 1024 3092 1080 pro
3149 1006 3415 1063 inimicis
3452 1012 3630 1063 orat:
3685 1016 3749 1063 ut

2095 1101 2510 1152 convertantur
2539 1101 2595 1152 et
2624 1097 2975 1152 erubescant
3003 1112 3038 1149 a
3067 1095 3319 1166 peccatis
3349 1095 3497 1150 suis:
3525 1100 3582 1150 et
3613 1111 3747 1150 eru-

2096 1187 2339 1241 bescant
2365 1204 2479 1241 non
2513 1187 2734 1254 leviter,
2755 1187 2857 1241 sed
2890 1185 3297 1241 vehementer:
3343 1201 3445 1239 nec
3478 1187 3752 1240 recrasti-

2099 1282 2237 1331 nato
2268 1280 2549 1346 tempore,
2581 1278 2679 1332 sed
2715 1276 2847 1331 cito.

2664 1382 2987 1438 PSALMUS
3047 1382 3163 1438 VII.

2097 1473 2348 1528 Psalmus
2402 1473 2597 1542 David,
2651 1489 2836 1544 quem,
2860 1473 3101 1544 cantavit
3146 1472 3376 1527 Domino
3398 1488 3522 1544 pro
3576 1475 3757 1529 verbis

2174 1545 2340 1617 Qhusi
2383 1546 2502 1617 ﬁlii
2550 1546 2771 1600 Jemini.
2823 1543 3110 1617 Plerique,
3146 1547 3205 1598 et
3252 1543 3509 1617 maxime
3546 1544 3612 1598 hi
3663 1548 3758 1617 qui

2173 1615 2394 1669 Hebrmi
2449 1632 2737 1671 sermoms
2786 1615 3090 1670 scientiam
3138 1631 3250 1669 non
3310 1614 3553 1681 habent,
3609 1614 3759 1672 hunc

2172 1686 2467 1757 psalmum
2493 1687 2856 1742 arbitrantur
2888 1703 2953 1742 eo
2984 1690 3247 1757 tempore
3277 1702 3407 1741 esse
3446 1693 3755 1744 cantatum

2178 1774 2291 1829 quo
2324 1758 2502 1829 Chusi
2536 1757 2696 1813 filius
2728 1758 2959 1826 Arachi,
2986 1758 3213 1812 amicus
3244 1758 3442 1825 David,
3471 1759 3761 1815 destruxit

2173 1828 2483 1885 consilium
2515 1829 2894 1900 Architophel
2925 1846 2936 1883 :
2972 1835 3027 1883 et
3070 1831 3143 1883 ad
3174 1845 3309 1884 eum
3355 1831 3603 1886 nuntios
3652 1833 3764 1886 mi-

2180 1902 2276 1967 sit,
2312 1917 2381 1955 ne
2414 1902 2470 1955 in
2506 1918 2698 1976 eremo
2747 1901 2901 1955 ultra
2931 1901 3180 1976 sederet,
3213 1901 3313 1958 sed
3346 1902 3553 1976 procul
3599 1903 3758 1976 fuge-

2183 1978 2288 2036 ret,
2341 1989 2412 2045 ne
2443 1973 2872 2045 opprimeretur
2902 1989 2935 2026 a
2982 1971 3121 2045 filio.
3183 1971 3397 2027 Verum
3448 1971 3760 2030 sciendum

2178 2050 2267 2115 est
2322 2042 2693 2099 vehementer
2750 2060 2962 2115 errare.
3018 2042 3299 2111 Primum,
3335 2046 3491 2115 quod
3548 2063 3763 2102 nomen

2179 2114 2356 2170 Chusi
2380 2132 2483 2186 per
2509 2115 2732 2171 samech
2763 2114 3016 2170 litteram
3048 2114 3474 2186 scriptum’est:
3501 2115 3601 2172 hic
3633 2135 3763 2173 vero

2179 2202 2282 2258 per
2308 2187 2416 2259 sin.
2450 2187 2668 2243 Deinde
2688 2187 2842 2257 quod
2872 2201 3173 2259 nunquam
3198 2186 3375 2259 David
3403 2188 3505 2259 qui
3532 2188 3685 2244 Joab
3707 2196 3761 2245 et

2179 2256 2401 2312 caeteris
2453 2256 2722 2312 ducibus
2751 2256 3070 2331 excercitus
3120 2257 3211 2312 sui
3261 2256 3648 2331 praeceperat,
3681 2261 3767 2315 di-

2181 2345 2348 2403 cens:
2385 2332 2603 2403 Parcite
2640 2345 2810 2403 puero
2844 2330 3137 2383 Abessalon
3172 2331 3247 2398 (ΙΙ
3278 2330 3404 2397 Reg.
3441 2348 3606 2395 xvm,
3646 2334 3758 2403 i2},

2179 2401 2249 2454 de
2280 2406 2463 2456 morte
2496 2400 2600 2455 ﬁlii
2633 2402 3004 2472 loqueretur:
3031 2421 3059 2448 «
3084 2402 3673 2472 Concepitdolorem,
3706 2400 3762 2459 et

2178 2473 2402 2543 peperit
2449 2471 2858 2542 iniquitatem:
2915 2476 3124 2525 Lacum
3176 2471 3406 2543 aperuit
3448 2479 3506 2528 et.
3556 2476 3761 2530 eﬁ‘odit

2186 2560 2340 2606 eum,
2374 2548 2431 2597 et
2461 2543 2663 2597 incidit
2691 2545 2751 2597 in
2783 2545 3004 2596 foveam
3030 2559 3208 2613 quam
3240 2543 3373 2598 fecit
3403 2563 3465 2611 »;
3504 2547 3761 2601 maxime

2186 2614 2307 2686 qui,
2335 2619 2520 2686 morte
2558 2615 2686 2684 ejus
2728 2614 2946 2676 audita,
2977 2614 3205 2685 operuit
3253 2619 3426 2686 caput
3465 2633 3673 2683 suum,
3704 2624 3763 2673 et

2179 2684 2769 2759 ejulansuclamaret:
2818 2684 3196 2759 Filius’meus
3227 2684 3539 2757 Abessalon,
3601 2690 3758 2759 ﬁlius

2176 2756 2671 2831 uicusJAbessaloa
2723 2756 2882 2831 (Ibid.
2917 2756 3163 2831 33).‘A_d
3212 2764 3536 2831 extremum
3599 2756 3754 2831 quod

2178 2826 2295 2880 illic
2326 2826 2522 2902 Chusi,
2554 2828 2779 2902 amicus
2810 2826 3008 2902 David,
3036 2827 3199 2902 filius
3224 2830 3431 2902 Aracbi
3463 2826 3754 2902 scrip-tum

2182 2903 2307 2975 est;
2346 2898 2458 2975 _h_ic_
2498 2915 2630 2957 vero
2688 2898 3136 2975 lilius_r._lemini.
3190 2900 3502 2975 Sciendum
3557 2898 3758 2975 itaque

2180 2968 2358 3023 Chusi
2381 2970 2772 3042 interpretari.
2806 2968 3134 3042 [Ethiopem
3156 2975 3213 3026 et
3231 2975 3420 3027 totum
3451 2968 3757 3030 Psalmum

2180 3046 2380 3095 contra
2399 3041 2550 3116 Saul’
2567 3057 2696 3116 esse
2726 3041 3147 3112 conscriptum,
3167 3043 3267 3116 qui
3292 3046 3761 3116 persequebatur

2179 3128 2350 3186 eum:
2407 3114 2552 3186 etin
2601 3114 2822 3167 foveam
2870 3129 3047 3183 quam
3090 3114 3332 3183 t'oderat,
3369 3114 3497 3186 ipse
3530 3117 3755 3172 incidit.

2183 3184 2364 3246 Quem
2399 3183 2721 3258 Aithiopem
2753 3190 2937 3250 vocat,
2972 3190 3208 3258 propter
3237 3183 3675 3258 sanguinarios,
3707 3194 3761 3244 et

2182 3259 2361 3328 tetros
2392 3261 2447 3328 et
2478 3254 2741 3328 crudeles
2777 3254 2991 3328 mores.
3023 3254 3258 3328 gJemini
3305 3254 3456 3327 véro,
3508 3262 3757 3328 familia,

2184 3327 2337 3397 quod
2372 3327 2443 3380 ad
2475 3327 2692 3401 tri_bum
2715 3327 3002 3401 pertineat
3022 3325 3347 3401 Benjamin,
3370 3325 3582 3401 deiqua
3620 3331 3759 3387 Saul

2181 3402 2342 3473 ortus
2374 3403 2479 3473 est.
2541 3398 2873 3473 Regnorum
2932 3397 3062 3451 libri
3122 3400 3458 3473 testimonio
3479 3397 3667 3473 ’sunt,
3701 3405 3755 3457 in

2224 3470 2398 3523 uibus
2440 3469 2740 3539 Scriptura
2786 3477 3244 3525 commemorat:
3289 3472 3357 3526 Et
3394 3482 3521 3528 erat
3565 3469 3662 3529 vir
3694 3475 3757 3530 de

2220 3541 2308 3615 liis
2328 3541 2739 3615 [ienquimet
2784 3557 2987 3615 uomcu
3010 3541 3141 3615 ejus
3187 3542 3295 3615 (Iis,
3346 3543 3497 3612 ﬁlius
3537 3545 3751 3615 Abihel,

2177 3611 2287 3684 ﬁlii
2318 3610 2529 3684 Sareth,
2562 3612 2672 3680 ﬁlii
2699 3613 2921 3684 Becher,
2954 3609 3073 3681 ﬁlii
3113 3614 3274 3683 Aphi,
3306 3609 3418 3684 ﬁlii
3441 3619 3561 3670 viri
3585 3609 3751 3672 Jemii

2176 3682 2260 3756 iii,
2284 3681 2372 3756 oir
2398 3686 2609 3756 potens,
2642 3687 2696 3735 et
2745 3683 2873 3756 huic
2916 3683 3087 3753 ﬁlius,
3135 3681 3186 3738 et
3218 3681 3412 3740 noinen
3454 3687 3580 3756 ejus
3622 3688 3753 3742 Saul

2178 3753 2228 3822 (Ι
2275 3754 2509 3828 Κερηιχ,
2544 3754 2943 3828 1,,2).“Ξθιῃθξ
2972 3770 3205 3828 quoque
3247 3755 3335 3828 illi
3380 3753 3493 3828 qui
3527 3758 3748 3828 lapides

2178 3829 2235 3896 et
2277 3824 2561 3895 pulvirem
2610 3825 2667 3877 in
2716 3825 2893 3880 David
2920 3824 3195 3895 jacieb'at,
3224 3827 3294 3882 de
3335 3824 3563 3884 familia
3588 3824 3747 3896 Saul,

2178 3895 2287 3949 hoc
2336 3902 2442 3961 est,
2475 3896 2774 3951 Jemmeus
2827 3896 2972 3952 fuit:
3007 3898 3161 3952 sicut
3206 3898 3265 3953 in
3322 3900 3548 3956 eisdem
3582 3901 3742 3957 libris

2179 3966 2472 4040 scribitur,
2504 3967 2897 4037 Egrediebatur
2922 3971 3009 4023 vir
3024 3968 3089 4023 de
3113 3970 3535 4040 propinquitate
3564 3972 3750 4029 domus

2178 4036 2439 4114 Saul,__et
2468 4036 2691 4114 _nomen
2743 4041 2798 4093 ei
2859 4043 3064 4114 ionici,
3093 4036 3265 4114 ﬁlius
3320 4036 3462 4097 Gera
3505 4045 3577 4111 (II
3626 4046 3744 4114 Reg.

2177 4125 2291 4177 xv},
2323 4110 2421 4183 5):
2451 4109 2521 4163 de
2553 4126 2667 4179 quo
2701 4115 2899 4180 postea
2934 4109 3385 4183 David'loquens
3416 4109 3744 4171 inducitur:

2181 4183 2311 4234 Ecce
2337 4180 2489 4248 ﬁlius
2526 4197 2677 4234 meus
2728 4183 2823 4251 qui
2870 4198 3109 4250 egressus
3154 4180 3233 4238 est
3276 4184 3345 4239 de
3380 4190 3572 4241 ventre
3616 4204 3747 4251 meo.

2178 4252 2382 4325 quaerit
2431 4253 2727 4325 aanimam
2760 4269 2978 4309 meam:
3024 4265 3075 4309 et
3121 4264 3335 4325 quanto
3380 4273 3562 4325 magis
3609 4274 3750 4312 nunc

2176 4321 2324 4390 ﬁlius
2352 4323 2556 4376 Jemini
2585 4324 2747 4393 (Ibid,
2774 4325 2892 4390 11)?
2910 4321 3309 4396 Aquila-hunc
3339 4321 3533 4383 locum
3559 4329 3640 4384 ita
3670 4332 3750 4384 in-

2177 4397 2528 4469 terpretatus
2561 4400 2672 4469 est:
2703 4396 2834 4469 Pro_
2831 4397 3170 4465 ignoratione
3190 4397 3381 4463 David,
3413 4402 3513 4469 qui
3549 4404 3751 4456 cecinit

2175 4465 2403 4538 Domino
2431 4481 2530 4533 pro
2559 4465 2733 4519 verbis
2772 4467 3001 4537 zEtioPis
3020 4485 3041 4529 ;
3081 4465 3468 4538 Symmachus
3500 4472 3560 4525 in
3594 4472 3747 4527 hunc

2177 4536 2443 4608 modum:
2484 4542 2585 4589 Pro
2617 4536 2960 4607 ignoratione
3002 4536 3195 4602 David,
3226 4540 3371 4608 quod
3406 4545 3617 4597 cecinit
3646 4545 3745 4598 Do-

2170 4607 2321 4679 mino
2367 4622 2467 4677 pro
2514 4610 2692 4661 verbis
2727 4609 2897 4663 Chusi
2941 4610 3052 4679 ﬁlii
3095 4607 3319 4666 Jemim'.
3380 4611 3512 4668 Haec
3551 4616 3746 4669 omnia

2172 4675 2684 4758 latius‘essecutus
2716 4696 2870 4758 sum,
2906 4675 3045 4751 quia
3077 4681 3465 4737 eruditissimi
3508 4684 3613 4758 viri
3649 4704 3748 4758 pu-

2168 4749 2639 4824 taverunt_bunc
2690 4749 2980 4819 psalmum
3033 4768 3145 4807 non
3204 4758 3409 4824 contra
3451 4757 3610 4824 Saul,
3645 4749 3741 4812 sed

2169 4825 2371 4901 contra
2398 4820 2719 4875 Abessalon
2780 4838 2909 4901 esse
2963 4823 3376 4901 compositum,
3431 4820 3605 4898 quod
3641 4844 3739 4901 pro

2167 4896 2331 4961 parte
2363 4908 2475 4945 non
2511 4908 2638 4946 esse
2670 4894 3013 4948 monstravi.

2166 5002 2193 5027 «
2236 4978 2481 5034 Domine
2504 4985 2652 5034 Deus
2687 4998 2871 5045 meus,
2902 4981 2961 5036 in
3006 4988 3061 5037 te
3092 4984 3341 5053 speravi,
3378 5008 3406 5035 »
3459 4991 3567 5043 etc.
3617 4988 3735 5043 Non

2092 5072 2331 5137 sperant
2389 5067 2445 5121 in
2502 5067 2695 5139 gladio
2755 5085 2924 5125 meo:
2984 5088 3099 5126 non
3160 5074 3388 5142 speravi
3442 5075 3502 5130 in
3535 5076 3739 5131 virtute

2094 5170 2261 5220 mea;
2296 5156 2396 5210 sed
2430 5157 2655 5227 speravi
2688 5157 2745 5211 in
2772 5157 2984 5214 auxilio
3017 5164 3139 5214 tuo.

2167 5265 2193 5292 ‹‹
2224 5244 2304 5298 Ne
2335 5246 2566 5315 quando
2600 5246 2789 5317 rapiat
2821 5252 2885 5301 ut
2913 5247 3001 5302 leo
3033 5249 3293 5305 animam
3324 5268 3543 5322 meam,
3568 5277 3594 5304 ››
3628 5260 3734 5309 etc.

2091 5331 2208 5386 Hoc
2238 5335 2507 5388 convenit
2538 5332 2719 5400 Sauli,
2753 5335 3075 5391 Abessalon
3103 5354 3218 5393 non
3253 5343 3548 5397 convenit.
3581 5343 3737 5406 Quo-

2092 5420 2260 5475 modo
2320 5421 2476 5475 enim
2524 5426 2748 5492 poterat
2779 5422 3099 5479 Abessalon
3141 5425 3367 5482 leonem
3397 5420 3734 5493 vocare,'de

2089 5524 2202 5579 quo
2252 5509 2436 5566 dicit:
2498 5512 2720 5565 Parcite
2774 5528 2945 5582 puero
2992 5530 3117 5568 meo
3157 5515 3459 5572 Abessalon
3511 5520 3582 5589 (Il
3607 5522 3726 5586 Reg.

2085 5614 2243 5667 xvm,
2281 5598 2397 5668 12)?
2422 5599 2477 5653 Si
2513 5598 2589 5652 ibi
2640 5598 2805 5654 illum
2838 5618 3085 5672 puerum
3118 5611 3303 5670 vocat,
3338 5612 3395 5661 et
3443 5608 3606 5680 quasi
3639 5609 3725 5662 in-

2087 5684 2377 5739 fantulum
2409 5691 2466 5741 et
2493 5687 2893 5759 ignorantem:
2928 5692 3220 5761 quomodo
3250 5692 3347 5749 hic
3376 5693 3601 5752 leonem
3627 5712 3721 5751 vo-

2084 5773 2219 5827 cat?
2250 5773 2366 5828 Hoc
2396 5774 2627 5831 interim
2688 5779 3008 5834 secundum
3059 5779 3389 5854 historiam,
3433 5791 3491 5839 et
3544 5783 3720 5839 multa
