3964 6190
198 339 322 402 885

200 478 344 529 sunt
374 490 500 545 quae
533 473 826 547 dicantur,
876 480 933 531 et
975 477 1135 531 totus
1182 474 1448 547 psalmus
1493 475 1551 531 in
1602 492 1852 546 persona
1880 477 1933 541 Α

198 562 341 617 Saul
372 562 746 633 interpretari
777 568 986 636 potest.
1020 564 1305 619 Caeterum
1340 566 1479 635 quia
1511 564 1678 620 nobis
1702 582 1852 619 curae

197 657 312 717 est,
347 668 462 706 non
496 650 687 706 solum
719 653 1043 707 secundum
1074 652 1513 719 historiam,sed
1551 658 1607 709 et
1645 671 1849 709 secun-

197 740 341 795 dum
376 739 742 811 spiritualem
772 740 1220 813 intelligentiam
1255 742 1648 813 interpretari;
1675 742 1850 799 Cbusi

194 830 382 884 istum
412 828 740 900 [Ethiopem
772 847 887 886 non
920 830 1123 901 alium,
1172 832 1284 887 nisi
1330 831 1627 887 diabolum
1671 833 1848 887 inter-

1385 340 1884 405 BREVIARIUM
1928 342 2004 401 ΙΝ
2052 340 2437 402 PSALMOS.

3493 328 3613 391 886

2041 497 2062 521 α
2131 473 2340 529 Judica
2406 488 2519 542 me,
2592 470 2856 540 Domine,
2924 468 3250 523 secundum
3308 462 3605 538 justitiam

1965 579 2176 629 meam,
2213 586 2239 612 »
2271 569 2379 618 etc.

2034 652 2147 707 Hoc
2180 652 2353 707 Uavid
2388 651 2579 706 dicere
2607 667 2720 705 non
2755 651 2981 721 potest:
3012 646 3122 700 hoc
3156 645 3385 717 proprie
3415 643 3606 699 Salva-

1960 741 2071 795 tori
2104 741 2391 806 convenit,
2425 740 2521 811 qui
2556 756 2670 795 non
2702 737 2979 810 peccavit.

2032 853 2058 880 u.
2091 831 2482 886 Consumetur
2529 828 2791 900 nequitia
2834 829 3227 899 peccatorum,
3277 827 3334 879 et
3388 823 3605 893 diriges

192 923 519 990 pretamur.
554 918 861 989 Quaeritur,
893 919 1003 975 iste
1032 919 1211 975 Chusi
1243 922 1537 991 quomodo
1569 920 1729 976 ﬁlius
1772 922 1849 976 sit
1949 919 2206 989 justum.
2244 942 2270 967 ››
2301 919 2423 973 Non
2458 923 2647 989 potest
2672 933 2798 971 mea
2823 914 3059 987 justitia
3089 912 3282 985 dirigi,
3330 911 3444 966 nisi
3476 910 3603 965 illo-

191 1007 412 1063 Jemini
447 1023 461 1061 :
496 1007 791 1079 quomodo
821 1007 1091 1064 diabolus
1119 1008 1385 1080 JEthiops
1416 1009 1573 1064 tilius
1599 1014 1688 1064 est
1717 1010 1848 1065 dex-

192 1096 339 1151 tras?
369 1096 531 1159 Quod
558 1096 848 1169 YEthiOpS,
870 1096 1009 1152 vitio
1041 1114 1148 1153 suo
1176 1103 1269 1153 est
1298 1115 1310 1154 :
1335 1099 1486 1169 quod
1521 1099 1678 1154 filius
1709 1099 1844 1154 dex-

194 1191 303 1241 tra:
333 1190 442 1252 est,
477 1190 707 1241 creatus
737 1204 772 1239 a
800 1186 918 1241 Deo
947 1203 960 1239 :
995 1190 1149 1241 recte
1179 1188 1250 1242 de
1282 1187 1394 1243 isto
1424 1187 1674 1243 dicitur:
1704 1210 1731 1238 ι(
1762 1188 1845 1243 Ne

186 1274 426 1345 quando
459 1274 651 1344 rapiat
701 1278 766 1328 ut
811 1274 900 1330 leo
946 1274 1204 1349 animam
1264 1291 1473 1330 meam.
1510 1298 1537 1324 ››
1571 1276 1844 1331 Adversa-

175 1362 304 1417 rius
362 1368 560 1418 noster
613 1362 884 1419 diabolus
942 1363 1113 1435 quasi
1171 1363 1260 1419 leo
1324 1363 1583 1436 rugiens,
1631 1365 1845 1420 circuit

176 1468 448 1523 quaerens
479 1468 658 1523 quem
692 1453 898 1523 rapiat.

258 1581 287 1608 ‹‹
342 1559 583 1614 Domine
631 1558 786 1615 Deus
835 1575 1024 1628 meus,
1066 1560 1116 1615 si
1162 1559 1268 1614 feci
1314 1560 1489 1614 istud.
1530 1582 1549 1607 ι
1587 1560 1728 1615 Ecce
1756 1559 1839 1615 vir

185 1648 465 1720 princeps
494 1647 699 1703 mundi
729 1647 901 1704 istius
933 1666 946 1703 :
984 1648 1120 1703 etin
1152 1664 1245 1704 me
1276 1665 1391 1703 non
1424 1649 1645 1703 invenit
1674 1649 1842 1720 quid-

187 1753 393 1808 quam.
430 1758 456 1785 «
486 1735 541 1790 Si
575 1741 664 1791 est
694 1736 976 1808 iniquitas
1003 1737 1063 1792 in
1097 1736 1371 1791 manibus
1420 1736 1585 1792 meis.
1633 1759 1661 1786 ››
1692 1737 1839 1815 Quia

184 1830 492 1897 peccatum
523 1841 638 1880 non
670 1825 823 1897 fecit,
857 1843 960 1882 nec
991 1826 1162 1881 dolus
1194 1825 1463 1882 inventus
1510 1831 1598 1882 est
1647 1828 1705 1881 in
1739 1844 1837 1884 ore

185 1914 339 1985 ejus.

256 2026 295 2053 (r
320 2002 378 2058 Si
408 2003 637 2059 reddidi
689 2004 1159 2061 retribuentibus
1212 2004 1356 2060 mihi
1406 2004 1645 2064 mala.»
1699 2004 1837 2061 Saul

183 2093 280 2148 his
312 2094 372 2147 in
404 2109 616 2148 manus
646 2094 775 2163 ejus
804 2094 1054 2149 traditus
1084 2098 1191 2162 est,
1234 2110 1409 2165 quem
1443 2093 1631 2149 noluit
1658 2094 1836 2150 inter-

182 2183 374 2246 ﬁcere,
451 2182 653 2238 dicens
724 2201 737 2238 :
815 2184 933 2238 Non
991 2188 1216 2252 tangam
1283 2183 1559 2239 Christum
1624 2183 1842 2240 domini

185 2273 230 2342 (ι
258 2272 388 2339 Reg.
420 2288 572 2341 xxnv,
603 2271 680 2341 7).
716 2270 831 2326 Hoc
864 2275 954 2327 est
982 2287 1119 2344 ergo
1151 2288 1266 2326 non
1300 2273 1607 2327 restituere
1639 2272 1688 2327 ei
1735 2288 1839 2343 pro

188 2359 366 2415 malis
394 2360 552 2415 mala
584 2376 597 2413 :
634 2360 735 2431 qui
768 2360 877 2416 sibi
911 2378 1014 2432 pro
1064 2360 1234 2417 bonis
1281 2361 1435 2416 mala
1473 2360 1836 2416 restituebat.

185 2449 272 2517 Si,
304 2449 516 2520 inquit.
548 2449 804 2504 inimicis
834 2449 981 2504 meis
1030 2449 1185 2505 mala
1233 2450 1459 2505 reddidi
1510 2466 1613 2521 pro
1645 2449 1838 2515 malis,

187 2554 305 2592 non
341 2553 642 2608 resurgam
676 2554 689 2593 :
724 2543 779 2593 et
811 2539 858 2593 si
891 2555 995 2609 pro
1028 2538 1199 2593 malis
1236 2538 1391 2594 mala
1446 2538 1705 2610 quaesivi,
1754 2538 1840 2593 illi

186 2643 293 2697 pro
326 2626 496 2682 bonis
527 2626 682 2681 mala
728 2626 1055 2682 restituent.
1102 2649 1130 2676 ‹‹
1182 2627 1452 2682 Decidam
1506 2627 1711 2681 merito
1768 2628 1839 2683 ab

181 2713 445 2768 inimicis
478 2714 623 2769 meis
649 2714 860 2769 inanis.
900 2737 928 2763 »
963 2716 1024 2769 In
1056 2715 1294 2770 Hebrzeo
1329 2732 1432 2786 pro
1457 2715 1616 2770 inani
1650 2732 1839 2770 RECAM

182 2802 484 2858 scribitur.
518 2802 681 2858 Unde
713 2802 1097 2875 intelligimus
1126 2803 1183 2859 id
1219 2805 1372 2875 quod
1426 2805 1483 2858 in
1532 2804 1840 2876 Evangelio

182 2890 518 2947 continetur
566 2908 579 2946 :
631 2893 737 2960 Qui
781 2894 961 2963 fratri
1004 2908 1102 2947 suo
1148 2893 1375 2963 dixerit,
1423 2910 1553 2948 mea
1599 2898 1650 2947 et
1691 2894 1844 2967 fatue

183 2979 397 3050 (Matth.
448 2998 501 3048 ν,
541 2982 654 3052 22),
686 2998 864 3052 quam
896 2981 1108 3037 habeat
1136 2982 1704 3055 interpretationem.

262 3110 290 3136 «
328 3087 715 3159 Persequatur
764 3087 1039 3143 inimicus
1088 3089 1343 3143 animam
1397 3106 1610 3155 meam,
1646 3110 1674 3138 ››
1725 3094 1835 3143 etc.

182 3176 515 3231 Novissima
546 3177 754 3245 anim-2e
789 3177 1026 3232 inimica
1059 3178 1356 3232 destructa
1385 3184 1473 3233 est
1503 3194 1677 3233 mors.
1718 3201 1744 3225 ››
1768 3179 1837 3233 Et

177 3265 486 3321 conculcet
516 3266 573 3320 in
608 3272 759 3321 terra
789 3267 967 3322 vitam
1001 3283 1214 3322 meam.
1254 3289 1281 3315 »
1313 3268 1449 3322 Non,
1471 3273 1662 3338 potest
1693 3285 1828 3322 con-

173 3353 417 3421 culcari,
464 3355 602 3426 quia
652 3372 767 3410 non
816 3355 953 3411 fecit
1001 3373 1183 3427 supra
1221 3356 1394 3411 dicta.
1432 3380 1459 3405 ‹‹
1495 3357 1562 3411 Et
1586 3356 1831 3427 gloriam

173 3460 368 3499 meam
412 3444 467 3498 in
518 3442 813 3515 pulverem
844 3444 1111 3499 deducat.
1150 3467 1178 3493 ››
1216 3444 1294 3512 Si,
1327 3445 1540 3516 inquit,
1576 3444 1832 3499 inimicis

171 3531 322 3587 meis
354 3531 508 3586 mala
538 3531 762 3587 reddidi
797 3549 899 3604 pro
933 3532 1126 3603 malis,
1161 3550 1273 3588 non
1310 3549 1633 3605 resurgam.

238 3662 267 3687 ‹‹
304 3639 586 3710 Exsurge,
637 3640 899 3709 Domine,
956 3640 1013 3694 in
1067 3639 1153 3695 ira
1201 3645 1321 3695 tua.
1377 3663 1404 3689 ››
1453 3641 1738 3706 Quoniam
1772 3647 1828 3696 te

168 3744 288 3783 non
320 3733 635 3782 senserunt
666 3745 768 3799 per
796 3728 1098 3796 beneﬁcia,
1134 3730 1392 3784 sentiant
1451 3746 1552 3801 per
1594 3730 1823 3784 iracun-

165 3818 350 3871 diam.
386 3840 411 3864 ‹‹
448 3817 513 3871 Et
552 3815 805 3871 exaltare
854 3816 910 3870 in
966 3817 1181 3872 finibus
1235 3818 1606 3873 inimicorum
1660 3835 1823 3873 meo-

168 3922 324 3961 rum.
364 3927 384 3954 ι
421 3905 527 3961 Pro
559 3904 817 3960 inimicis
848 3909 1035 3977 rogat,
1073 3910 1140 3961 ut
1170 3906 1226 3959 in
1263 3906 1633 3961 inimicorum
1688 3907 1820 3960 tini-

168 3994 283 4048 bus
325 3991 629 4048 exaltetur.
663 3993 808 4048 Cum
855 3992 1077 4048 inimici
1112 4010 1240 4049 esse
1271 3994 1645 4061 cessaverint,
1680 4000 1819 4049 tunc

166 4088 253 4147 tu,
290 4082 552 4151 Domine,
580 4080 925 4137 exaltaberis
959 4081 1015 4135 in
1049 4082 1152 4137 eis.

238 4212 259 4237 ι
297 4189 366 4242 Et
394 4203 659 4260 exsurge,
693 4188 939 4243 Domine
983 4188 1138 4244 Deus
1183 4205 1368 4255 meus,
1420 4190 1476 4243 in
1532 4194 1815 4261 praecepto

159 4278 319 4351 quod
344 4276 662 4345 mandasti;
702 4300 722 4325 ι»
758 4283 874 4333 etc.
916 4281 1034 4331 Hoc
1080 4294 1184 4333 nos
1218 4279 1470 4334 dicimus
1504 4296 1515 4332 :
1550 4278 1660 4334 hoc
1691 4294 1813 4333 cre-

157 4368 333 4422 dente
364 4364 931 4437 loquimur.Semper
957 4365 1111 4422 enim
1136 4383 1396 4438 personae
1427 4373 1731 4423 mutantur
1752 4366 1809 4421 in

160 4453 693 4511 Psalmis.Multum
717 4460 984 4510 estnunc
1013 4454 1061 4510 si
1086 4455 1331 4511 velimus
1355 4457 1541 4511 dicere
1564 4458 1619 4511 in
1646 4462 1809 4527 quot,

156 4548 392 4616 quantas
453 4560 711 4616 personae
766 4547 1089 4599 mutentur.
1138 4566 1166 4594 ‹‹
1229 4545 1506 4616 Exsurge,
1571 4544 1809 4599 Domine

158 4633 317 4687 Deus
353 4647 541 4699 meus,
572 4631 631 4686 in
663 4637 949 4704 praecepto
982 4632 1134 4703 quod
1166 4634 1481 4701 mandasti,
1517 4656 1543 4681 ››
1576 4633 1684 4688 hoc
1708 4650 1811 4688 nos

159 4722 548 4793 dicimus,pro
581 4720 750 4777 nobis
780 4737 993 4793 passus
1025 4722 1427 4786 es,cruciﬁxus
1458 4738 1541 4787 es;
1567 4739 1814 4793 exsurge

157 4818 215 4867 et
243 4810 407 4865 salva
436 4826 563 4865 nos.
614 4814 926 4882 Propterea
973 4826 1239 4883 exsurge,
1290 4816 1353 4866 ut
1402 4811 1600 4867 credat
1649 4811 1706 4865 in
1758 4817 1815 4865 te

156 4899 421 4973 plurima
450 4897 789 4955 multitudo.
823 4898 969 4954 Cum
1019 4914 1156 4971 ergo
1206 4900 1618 4965 exsurrexeris,
1672 4899 1813 4971 quid

152 4988 318 5043 aliud
341 4988 746 5060 deprecamur,
779 4988 891 5044 nisi
924 4993 1209 5044 revertere
1241 4989 1312 5043 ad
1347 4990 1615 5061 patrem?

232 5119 261 5144 ι‹
295 5096 364 5150 Et
392 5100 627 5167 propter
657 5094 806 5150 hanc
828 5095 887 5150 in
912 5095 1094 5150 altum
1120 5095 1442 5168 regredere.
1482 5119 1510 5145 ››
1543 5097 1646 5151 Pro
1670 5096 1816 5169 qua?

154 5202 262 5258 pro
296 5200 594 5255 synagoga
643 5183 1013 5255 populorum.
1070 5186 1231 5251 Quod
1287 5190 1556 5240 mortuus
1596 5202 1679 5253 es,
1713 5202 1815 5256 pro

155 5274 331 5329 nobis
364 5279 634 5327 mortuus
663 5288 726 5328 es
758 5290 771 5328 :
805 5274 959 5344 quod
994 5273 1383 5341 resurrexisti,
1420 5274 1587 5328 nobis
1621 5290 1815 5329 resur-

157 5362 399 5429 rexisti;
434 5362 588 5433 quod
623 5361 939 5417 ascendisti
991 5363 1062 5418 ad
1114 5363 1343 5417 Patrem
1399 5362 1567 5417 nobis
1610 5379 1815 5418 ascen-

159 5451 326 5506 disti.
368 5476 388 5499 ιι
426 5451 496 5506 Et
524 5456 759 5522 propter
788 5450 938 5505 hanc
968 5450 1027 5505 in
1061 5450 1244 5506 altum
1292 5451 1613 5524 regredere.
1651 5473 1676 5499 ››
1709 5452 1815 5508 Ne-

160 5556 262 5594 mo
290 5538 556 5596 ascendit
587 5538 645 5592 in
678 5536 911 5607 cmlum,
945 5540 1057 5595 nisi
1088 5539 1188 5611 qui
1218 5541 1288 5595 de
1318 5540 1461 5595 coelo
1492 5539 1815 5611 descendit,

160 5627 354 5683 Filius
386 5626 668 5695 hominis,
698 5626 795 5699 qui
822 5631 912 5682 est
944 5627 1195 5701 in;coelis
1226 5630 1400 5700 (Joan.
1432 5646 1513 5696 ιιι,
1554 5628 1659 5701 13).

1959 1024 2087 1067 rum
2119 1008 2399 1079 iniquitas
2430 1006 2673 1078 impleta
2701 1006 2896 1070 fuerit,
2930 1003 3197 1059 videlicet
3242 1000 3601 1057 Judaorum.

2027 1119 2052 1145 ‹‹
2088 1096 2210 1151 Nisi
2245 1096 2508 1152 conversi
2542 1093 3053 1165 fueritis,gladium
3087 1108 3261 1147 suum
3283 1088 3595 1144 vibrabit.»

1956 1186 2067 1240 Iste
2096 1185 2291 1240 locum
2324 1184 2616 1256 duplicem
2667 1183 2873 1254 recipit
2915 1179 3382 1253 intelligentiam.
3434 1176 3603 1232 Multi

1953 1274 2107 1329 enim
2150 1279 2363 1346 putant
2393 1274 2463 1328 de
2498 1279 2607 1327 Deo
2636 1272 2879 1343 dictum,
2912 1276 2978 1326 ut
3009 1271 3235 1325 dicatur
3281 1269 3354 1323 ad
3403 1283 3601 1338 pecca-

1951 1369 2125 1419 tores.
2160 1364 2229 1417 Et
2257 1362 2394 1434 quid
2432 1362 2613 1417 dicit?
2647 1383 2673 1409 ι(
2708 1361 2830 1415 Nisi
2885 1358 3149 1415 conversi
3206 1356 3453 1425 fueritis,
3482 1354 3602 1428 gla—

1949 1451 2112 1506 dium
2147 1468 2322 1507 suum
2356 1450 2611 1505 vibrabit
2641 1466 2688 1503 Ζ·
2730 1449 2838 1505 hoc
2867 1453 2975 1515 est,
3011 1447 3125 1502 nisi
3156 1446 3392 1519 egeritis
3412 1444 3597 1517 pmni-

1947 1541 2216 1610 tentiam,
2252 1540 2538 1596 Dominus
2595 1555 2696 1593 vos
2751 1537 2945 1611 gladio
2996 1554 3101 1592 suo
3151 1535 3454 1607 percutiet.
3487 1534 3597 1589 Sed

1948 1629 2252 1685 videamus
2283 1630 2330 1684 si
2365 1627 2782 1700 consequentia
2828 1625 3018 1698 aptari
3061 1625 3289 1697 possint
3334 1639 3595 1695 persona:

1946 1717 2198 1773 Domini.
2232 1741 2259 1767 ‹‹
2296 1723 2511 1773 Arcum
2544 1732 2719 1772 suum
2752 1715 3017 1781 tetendit,
3051 1736 3079 1764 »
3114 1717 3223 1768 etc.
3257 1713 3375 1767 Hoc
3406 1716 3596 1783 potest

1944 1806 2058 1862 dici
2084 1808 2155 1863 de
2184 1808 2319 1863 Deo.
2360 1829 2380 1857 ι
2418 1807 2487 1861 Et
2533 1806 2592 1860 in
2644 1804 2813 1860 illum
2858 1804 3081 1877 paravit
3116 1818 3255 1859 vasa
3284 1801 3511 1857 mortis.
3563 1822 3592 1849 ››

1947 1898 2066 1954 Hoc
2095 1895 2332 1952 difﬁcile
2361 1901 2491 1953 est:
2526 1895 2808 1952 Dominus
2853 1893 3011 1950 enim
3066 1909 3180 1949 non
3229 1892 3405 1947 habet
3454 1907 3596 1946 vaso.

1948 1986 2173 2054 mortis,
2206 1986 2306 2042 sed
2336 2002 2473 2041 vasa
2500 1985 2648 2040 vitae.
2681 1984 2789 2039 Sed
2839 1988 2897 2038 et
2946 1982 3056 2039 hoc
3104 1986 3296 2054 potest
3344 1978 3590 2051 intelligi

1949 2092 2126 2148 super
2156 2091 2404 2147 persona
2432 2072 2770 2130 Salvatoris.
2795 2073 2911 2128 Hoc
2938 2087 3072 2128 vero
3102 2070 3256 2143 quod
3290 2070 3585 2140 sequitur:

1922 2166 1931 2173 ’
2020 2189 2045 2214 ‹‹
2081 2166 2224 2220 Ecce
2255 2164 2527 2237 parturiit
2556 2162 2930 2234 injustitiam,
2962 2164 3071 2216 etc.
3106 2159 3223 2215 Hoc
3253 2164 3364 2229 est,
3398 2164 3462 2213 ut
3482 2158 3592 2213 ha:-

1947 2254 2113 2310 retici
2145 2254 2203 2309 in
2234 2257 2634 2324 contemptum
2668 2251 2766 2307 Dei
2798 2250 3247 2306 concitarentur.

2022 2365 2049 2390 ‹‹
2085 2342 2299 2397 Lacum
2351 2341 2598 2413 aperuit,
2635 2363 2661 2389 »
2694 2345 2803 2397 etc.
2838 2342 2957 2404 Quo
3005 2356 3105 2394 eos
3148 2339 3431 2411 perderet.
3464 2361 3490 2387 ‹‹
3528 2339 3597 2393 Et

1950 2430 2155 2484 incidit
2188 2429 2246 2484 in
2281 2431 2501 2484 foveam
2533 2445 2709 2500 quam
2743 2428 2934 2483 fecit.»
2967 2429 3030 2482 In
3061 2429 3220 2482 t’ovea
3249 2427 3413 2489 enim,
3438 2444 3595 2483 mor-

1951 2519 2022 2573 lis
2054 2536 2228 2590 quam
2264 2520 2631 2589 patefecerat,
2664 2518 2790 2589 ipse
2835 2517 2994 2589 prior
3041 2517 3212 2589 periit
3262 2534 3275 2571 :
3330 2517 3482 2571 sicut
3528 2518 3600 2573 de

1948 2607 2084 2662 Ario
2116 2607 2399 2678 scripturn
2432 2612 2518 2662 est
2552 2624 2565 2661 :
2596 2607 2701 2661 hoc
2731 2612 2841 2672 est,
2894 2605 3003 2660 nisi
3054 2606 3314 2661 conversi
3349 2605 3597 2675 fueritis,

1952 2696 2061 2752 nisi
2094 2697 2333 2767 egeritis
2357 2696 3018 2768 pmnitentiam,semper
3038 2694 3307 2749 diabolus
3328 2702 3599 2765 paratum

1950 2786 2125 2841 habet
2156 2802 2379 2855 arcum,
2412 2786 2623 2839 emittit
2671 2783 2936 2856 sagittas,
2983 2782 3197 2855 quibus
3242 2799 3348 2837 nos
3386 2799 3597 2853 percu-

1952 2875 2076 2929 tiat.
2113 2874 2372 2937 Quorum
2409 2874 2560 2928 enim
2615 2874 2789 2927 corda
2842 2872 3044 2926 ardent
3099 2870 3359 2940 libidine,
3415 2870 3595 2936 vitiis,

1950 2969 2008 3018 et
2036 2962 2435 3035 passionibus,
2468 2961 2565 3017 isti
2599 2961 2733 3015 victi
2759 2966 2895 3015 sunt
2925 2977 2959 3015 a
2991 2959 3242 3014 diabolo.
3280 2980 3302 3010 ι
3337 2959 3591 3031 Sagittas

1950 3069 2090 3107 suas
2120 3051 2462 3107 ardentibus
2486 3050 2721 3106 effecit.»
2739 3048 2981 3103 Pulchre
3012 3048 3177 3113 dixit,
3210 3046 3588 3103 ardentibus:

1949 3158 2065 3196 non
2097 3140 2259 3207 dixit,
2292 3140 2549 3195 arsuris:
2585 3139 2691 3193 hoc
2723 3142 2830 3203 est,
2851 3138 2951 3208 qui
2985 3136 3172 3191 arsuri
3195 3140 3336 3191 sunt
3362 3136 3593 3208 sagittis

1867 3218 1908 3283 C
1946 3229 2133 3301 ipsius
2167 3247 2179 3284 :
2215 3230 2314 3284 sed
2347 3243 2853 3300 quorumcumque
2900 3226 3074 3281 corda
3122 3225 3324 3281 ardere
3363 3224 3590 3293 viderit,

1943 3318 2075 3375 illos
2108 3318 2533 3391 percutit.Dicit
2562 3317 2717 3371 enim
2749 3314 3061 3387 Apostolus
3083 3315 3356 3370 ardentes
3377 3314 3592 3370 habere

1941 3407 2241 3463 diabolum
2268 3390 2771 3479 sagittasQUL‘phes.
2806 3422 2881 3474 v1,
2916 3404 3022 3476 16).
3075 3427 3101 3451 ‹‹
3136 3404 3277 3458 Ecce
3320 3403 3595 3474 parturiit

1936 3497 2315 3568 injustitiam,
2347 3513 2393 3548 ες
2422 3496 2615 3567 ncepit
2645 3494 2926 3559 dolorem,
2960 3499 3016 3548 et
3043 3491 3266 3565 peperit
3307 3492 3583 3564 iniquita-

1936 3592 2110 3641 tem.»
2132 3584 2410 3641 Diabolus
2434 3586 2515 3638 sic
2542 3585 2812 3656 concipit,
2846 3585 2927 3638 sic
2960 3582 3229 3655 parturit,
3264 3582 3347 3636 sic
3378 3582 3583 3652 nutrit,

1936 3675 2020 3730 sic
2051 3674 2283 3730 exaltat.
2318 3675 2532 3729 Lacum
2567 3674 2813 3745 aperuit,
2848 3678 2905 3728 et
2934 3672 3133 3728 etiodit
3163 3686 3319 3738 eum,
3352 3676 3410 3727 et
3448 3673 3584 3727 inci-

1933 3764 2075 3819 cidit
2109 3766 2164 3838 in
2217 3766 2443 3839 foveam,
2492 3780 2665 3833 quam
2721 3762 2870 3817 fecit.
2921 3784 2946 3811 ››
2998 3759 3276 3816 Diabolus
3325 3761 3449 3833 ipse
3497 3765 3587 3816 est

1932 3852 2117 3919 lacus,
2150 3853 2275 3924 ipse
2305 3856 2393 3908 est
2425 3852 2606 3907 fovea.
2643 3876 2667 3900 α
2708 3850 2921 3906 Lacum
2956 3850 3203 3922 aperuit.
3240 3873 3267 3898 ››
3298 3851 3404 3905 Sed
3438 3867 3583 3920 quo-

1931 3941 2085 3995 niam
2121 3958 2232 3996 non
2268 3947 2459 4013 potest
2489 3956 2701 4012 aquam
2736 3939 3031 3995 continere
3054 3939 3380 3993 secundum
3420 3940 3578 3993 Jere-

1928 4031 2106 4085 miam
2134 4049 2146 4085 :
2175 4036 2483 4103 prOpterea
2510 4029 2671 4085 lacus
2704 4028 2861 4083 illius
2894 4045 3095 4083 versus
3124 4026 3290 4082 estin
3325 4026 3569 4081 foveam.

1926 4118 2137 4174 Omnia
2193 4118 2583 4174 conciliabula
2642 4118 3066 4184 hereticorum,
3129 4115 3299 4169 fovete
3356 4114 3574 4170 diaboli

1924 4213 2082 4263 sunt.
2118 4208 2226 4263 Sed
2263 4208 2416 4279 quod
2451 4206 2720 4279 superius
2753 4204 3176 4277 praeterivimus
3211 4220 3258 4258 ει
3295 4203 3575 4259 Scrutans

1923 4298 2097 4351 corda
2127 4303 2181 4352 et
2214 4313 2378 4351 renes
2432 4297 2608 4362 Deus,
2638 4296 2867 4365 justum
2902 4292 3260 4363 adjutorium
3293 4308 3489 4347 meum
3540 4309 3575 4347 a

1924 4391 2054 4441 Deo.
2108 4407 2136 4435 ››
2188 4391 2251 4439 ln
2303 4385 2538 4440 Hebmo
2589 4384 2668 4438 ita
2714 4382 2999 4454 scripturn
3053 4386 3187 4437 est:
3224 4401 3247 4429 ι
3288 4381 3571 4438 Scrutans

1920 4475 2097 4529 corda
2126 4478 2182 4527 et
2215 4490 2381 4528 renes
2414 4473 2567 4527 Dens
2590 4473 2825 4542 justus;
2858 4494 2883 4517 ››
2919 4476 2981 4525 ut
3012 4475 3217 4543 postea
3246 4487 3570 4542 consequa-

1851 4585 1892 4649 θ
1923 4569 2020 4618 tur
2053 4581 2064 4618 :
2102 4585 2129 4612 ‹‹
2159 4562 2527 4631 Adjutorium
2560 4577 2754 4615 meum
2818 4577 2851 4613 a
2886 4564 3016 4627 Deo,
3071 4560 3168 4630 qui
3201 4559 3394 4615 salvos
3434 4560 3571 4614 facit

1924 4657 2110 4707 rectos
2141 4651 2616 4723 corde.Nunquid
2649 4651 2939 4705 irascetur
2960 4665 3061 4721 per
3081 4648 3344 4720 singulos
3365 4648 3519 4703 dies?
3544 4673 3565 4696 ι

1924 4740 2130 4796 Melius
2162 4758 2269 4811 pro
2296 4741 2403 4796 hoc
2433 4740 2490 4795 in
2526 4740 2762 4795 Hebraeo
2789 4738 3040 4793 habetur
3072 4755 3083 4792 :
3114 4759 3139 4788 α
3169 4737 3573 4792 Comminatur

1925 4830 1982 4884 in
2016 4830 2173 4885 omni
2208 4830 2319 4884 die.
2362 4855 2380 4877 ιι
2416 4830 2576 4895 Quod
2607 4827 2817 4900 Aquila
2862 4845 3094 4899 quoque
3141 4824 3464 4885 transtulit.
3500 4827 3570 4881 Et

1926 4918 2167 4989 pulchre
2200 4920 2280 4973 ait
2313 4937 2325 4973 :
2363 4943 2388 4967 ‹‹
2422 4919 2803 4974 Comminans
2843 4922 2901 4972 et
2947 4916 3276 4971 infrindens
3305 4915 3364 4970 in
3408 4914 3567 4970 omni

1926 5008 2017 5063 die
2047 5030 2074 5058 ››
2100 5008 2204 5073 Qui
2237 5008 2391 5063 enim
2427 5014 2660 5079 propter
2686 5006 3029 5078 patientiam
3053 5022 3221 5060 suam
3252 5004 3334 5060 ita
3362 5003 3569 5060 delicta

1928 5114 2040 5151 non
2076 5097 2243 5169 punit
2272 5114 2284 5151 :
2320 5096 2487 5168 quasi
2520 5096 2702 5150 iratus
2733 5100 2790 5150 et
2821 5095 3235 5166 comminatus,
3286 5094 3441 5149 diem
3490 5093 3573 5148 ul-

1926 5185 2101 5240 tionis
2134 5190 2447 5257 exspectat,
2494 5190 2559 5240 ut
2610 5190 2763 5238 metu
2814 5182 3067 5255 corrigat
3112 5182 3571 5255 delinquentcm.

1927 5275 2252 5344 Exscquam
2265 5292 2332 5328 ur
2361 5274 2646 5329 ordinem.

1998 5388 2024 5413 ‹‹
2061 5366 2438 5419 Convertetur
2486 5360 2650 5417 dolor
2708 5361 2837 5432 ejus
2886 5361 2943 5415 in
2990 5367 3167 5433 caput
3194 5362 3343 5434 ejus,
3376 5385 3402 5412 ››
3464 5366 3577 5417 etc.

1928 5453 2228 5517 Quomodo
2260 5451 2308 5507 si
2339 5451 2552 5523 aliquis
2583 5451 2779 5505 mittat
2802 5451 2858 5505 in
2882 5449 3067 5505 altum
3101 5450 3446 5523 lapidem,et
3468 5468 3583 5506 non

1928 5542 2006 5597 sit
2035 5547 2330 5612 cautus,et
2356 5540 2507 5612 lapis
2549 5540 2775 5595 venerit
2804 5539 2861 5593 in
2896 5545 3071 5612 caput
3130 5541 3280 5611 ejus,
3313 5558 3420 5595 suo
3452 5539 3575 5593 vul-

1930 5648 2066 5686 nere
2098 5629 2436 5685 vulneratur
2467 5646 2478 5683 :
2514 5628 2597 5684 sic
2628 5634 2685 5683 et
2712 5626 2981 5684 diabolus
3013 5628 3299 5683 occiditur
3327 5644 3435 5683 sua
3474 5645 3572 5683 su-
