3964 6190
460 351 579 413 887

1955 348 2126 408 APPl

2233 348 2374 411 DIX.
2520 342 2525 351 ’
3667 351 3749 413 888

460 481 681 555 perbia,
715 479 1021 545 exaltatur,
1073 483 1130 534 et
1181 480 1419 535 corruit.
1470 481 1639 537 Modo
1686 479 1940 536 exaltare
1984 480 2109 535 vult
2138 483 2184 547 Α
2222 482 2470 536 necdum
2530 485 2877 553 praesentem
2934 480 3109 536 videt.
3167 478 3377 546 Videbo,
3427 477 3604 550 inquit.
3643 482 3753 536 Tunc

463 576 656 642 caput,
690 573 746 623 et
788 586 902 624 non
939 574 1128 641 potest
1163 585 1175 622 :
1209 569 1486 641 quoniam
1537 574 1904 625 convertatur
1950 569 2114 624 dolor

459 661 588 731 ejus
623 660 680 713 in
725 662 903 729 caput
952 659 1100 727 cjus,
1153 664 1211 712 et
1261 659 1547 729 deprimet
1594 659 1781 712 illum.
1835 658 2113 712 Diabolus

463 749 788 806 secundum
822 747 1087 818 regulam
1118 748 1550 818 Scripturarum
1581 748 1767 802 lectus
1798 752 1887 802 est
1915 747 1975 801 in
2007 749 2113 802 Ge-

465 838 628 904 nesi;
662 838 787 909 ipse
820 840 910 891 est
941 835 1200 902 coluber,
1231 837 1356 907 ipse
1387 853 1647 907 serpens,
1682 836 1782 908 qui
1831 836 2115 907 loqueba-

464 934 564 982 tur
591 927 663 982 ad
693 927 871 981 Evam
905 943 917 979 :
956 926 1233 996 quoniam
1265 929 1422 979 totus
1451 929 1615 979 terra:
1647 925 1828 980 haeret
1867 924 2017 995 (Gen.
2051 943 2115 991 ιι,

469 1017 585 1086 1-5,
646 1016 754 1085 14).
803 1016 1018 1069 Cmtera
1049 1013 1325 1067 animalia
1356 1012 1491 1067 licet
1520 1012 1820 1068 ambulent
1850 1014 1909 1067 in
1941 1017 2115 1080 terra,

466 1111 666 1159 tamen
700 1120 815 1157 non
848 1119 1019 1157 omne
1045 1118 1255 1173 corpus
1304 1101 1364 1156 in
1415 1107 1570 1156 terra
1610 1103 1817 1172 jacens
1863 1103 2115 1168 habent;

466 1193 604 1247 licet
634 1191 889 1246 habeant
918 1191 1091 1261 pedes
1142 1191 1202 1244 in
1250 1196 1422 1257 terra,
1458 1196 1655 1244 tamen
1688 1190 1859 1247 aliam
1894 1195 2116 1261 partem

470 1280 728 1353 corporis
777 1296 1017 1334 sursum
1068 1280 1305 1334 habent.
1339 1280 1619 1334 Caeterum
1670 1278 1961 1346 diabolus,
2012 1279 2120 1333 hoc

471 1374 579 1438 est,
612 1385 852 1441 serpens
877 1374 934 1424 et
954 1368 1193 1449 coluber
1221 1367 1519 1439 antiquus,
1545 1370 1869 1423 secundum
1902 1368 2113 1423 Isaiam

469 1463 629 1514 totus
676 1458 735 1512 in
786 1462 942 1512 terra
994 1462 1083 1511 est
1139 1459 1287 1528 (Isai.
1315 1475 1428 1524 xw,
1466 1458 1576 1529 12),
1609 1461 1665 1512 et
1698 1461 1874 1529 caput
1903 1461 1956 1512 et
1988 1458 2120 1512 reli-

473 1564 659 1619 quum
685 1563 896 1618 corpus
930 1546 1151 1617 aequale
1181 1546 1412 1603 habet.«
1438 1547 1777 1601 Revertetu‘r
1807 1546 1972 1601 dolor
1992 1548 2122 1617 ejus

475 1638 535 1692 in
567 1642 745 1706 caput
773 1637 922 1706 ejus,
956 1639 1011 1690 et
1039 1635 1098 1688 in
1131 1634 1406 1689 verticem
1447 1635 1635 1705 ipsius
1683 1636 1963 1707 iniquitas
1995 1637 2123 1706 ejus

478 1725 807 1780 descendet.
845 1747 865 1772 ιο
903 1724 1045 1777 Vide
1076 1724 1174 1794 qui
1208 1722 1364 1778 dicat
1398 1741 1410 1778 :
1446 1729 1502 1777 et
1537 1723 1599 1778 in
1647 1730 1822 1795 caput
1868 1728 2016 1793 ejus,
2069 1730 2125 1779 et

478 1815 539 1868 in
587 1813 858 1867 verticem
895 1811 1121 1883 capitis.
1180 1813 1325 1867 Cum
1376 1816 1572 1867 autem
1621 1813 1902 1887 iniquitas
1952 1818 2127 1885 caput

476 1902 709 1974 premit,
743 1902 841 1957 ubi
873 1905 962 1957 est
993 1902 1251 1972 potentia
1283 1900 1540 1957 diaboli?
1570 1902 1683 1958 Iste
1715 1903 1850 1958 finis
1884 1902 2122 1958 diaboli.

550 2014 578 2040 ‹‹
613 1991 950 2046 Revertetur
978 1989 1143 2045 dolor
1172 1991 1299 2061 ejus
1331 1991 1389 2044 in
1421 1995 1596 2063 caput
1625 1993 1774 2063 ejus,
1809 1996 1866 2046 et
1909 1992 1968 2046 in
1997 2007 2124 2045 ver-

480 2080 651 2136 ticem
684 2079 871 2151 ipsius
900 2080 1185 2152 iniquitas
1216 2081 1345 2151 ejus
1378 2081 1710 2137 descendet.
1734 2100 1761 2132 η

546 2193 574 2220 ‹‹
608 2169 939 2224 Confitebor
969 2169 1215 2224 Domino
1246 2171 1571 2225 secundum
1594 2171 1891 2241 justitiam
1924 2171 2120 2241 ejus.»

475 2259 582 2321 Qui
613 2276 728 2314 non
756 2259 1020 2329 permisit
1051 2258 1326 2314 timentes
1352 2276 1414 2314 se
1444 2260 1722 2331 disperdi.
1742 2262 1846 2315 «Et
1872 2260 2118 2332 psallam

476 2348 701 2402 nomini
766 2346 992 2401 Domini
1053 2346 1347 2402 altissimi.
1386 2368 1413 2396 »
1447 2349 1553 2413 Qui
1614 2366 1719 2404 nos
1769 2367 1802 2403 a
1846 2348 2123 2404 lamentis

474 2434 728 2490 tristitia:
759 2436 817 2487 in
848 2435 1062 2504 gaudia
1093 2435 1449 2505 sempiterna
1482 2438 1767 2507 perduxit.

1048 2523 1281 2577 PSALM
1293 2525 1370 2579 US
1402 2524 1549 2579 VIII.

479 2614 541 2667 In
568 2610 733 2685 ﬁnem
761 2626 859 2685 pro
890 2612 1282 2685 torcularibus,
1315 2613 1566 2682 psalmus
1593 2613 1785 2685 David.
1835 2615 1977 2669 Tres
2023 2632 2124 2685 pro

549 2681 942 2757 torcularibus
974 2683 1187 2757 psalmi
1214 2681 1941 2757 diversorum__hominum
1988 2681 2125 2757 pra:-

553 2754 893 2809 scribuntur
951 2770 963 2807 :
1017 2754 1217 2827 David,
1272 2755 1487 2827 Asaph,
1540 2755 1794 2811 ﬁliorum
1851 2754 2012 2827 Core“,
2071 2762 2127 2813 et

555 2827 654 2897 qui
686 2827 755 2880 ad
792 2826 1133 2898 mysterium
1167 2826 1431 2900 Ecclesia:
1482 2827 1790 2898 pertinent,
1824 2826 2126 2900 propterea

552 2903 820 2953 octavum
853 2902 909 2951 et
929 2898 1348 2969 octogesimum
1382 2915 1693 2953 numerum
1724 2898 2123 2966 tenentIQuod

551 2975 747 3025 autem
779 2970 1195 3042 octogesimus,
1234 2970 1441 3042 tertius
1487 2975 1781 3025 extremus
1830 2976 1919 3026 est
1965 2972 2123 3042 psal-

550 3058 703 3104 mus,
737 3041 837 3111 qui
872 3058 975 3111 pro
1004 3040 1398 3096 torcularibus
1456 3048 1830 3112 praenotatur,
1873 3040 1980 3097 hoc
2030 3061 2121 3098 os-

546 3112 734 3166 tendit
776 3112 836 3166 in
883 3113 1162 3166 Trinitate
1192 3118 1625 3168 sacramentum
1684 3115 2123 3170 resurrectionis

549 3182 820 3243 Ecclesiae
851 3183 1152 3238 contineri.

512 3296 517 3301 -
551 3295 577 3322 ‹‹
628 3272 871 3327 Domine
920 3272 1206 3327 Dominus
1254 3276 1470 3327 noster.
1506 3295 1534 3322 »
1565 3273 1733 3329 Prius
1782 3291 1992 3329 nomen
2023 3281 2123 3330 Do-

482 3361 627 3417 mini
660 3362 813 3434 apud
847 3362 1112 3417 Hebraeos
1145 3367 1397 3433 quatuor
1430 3362 1752 3417 litterarum
1787 3368 1892 3431 est,
1916 3364 2124 3434 jod,he,

477 3468 606 3517 vau,
645 3452 711 3506 hc
742 3470 760 3505 :
792 3451 943 3522 quod
997 3451 1225 3522 preprie
1274 3450 1374 3506 Dei
1425 3451 1772 3506 vocabulum
1825 3457 1995 3507 sonat
2027 3471 2039 3506 :
2075 3458 2131 3507 et

482 3538 599 3610 legi
630 3543 819 3610 potest
851 3555 1003 3604 uno,
1037 3543 1092 3593 et
1122 3539 1341 3594 Hebrzni
1374 3535 1628 3614 ἅρῥητον,
1679 3541 1736 3595 id
1784 3550 1889 3612 est,
1925 3542 2130 3596 inell‘a-

482 3626 599 3681 bile
643 3627 976 3698 opinantur.
1020 3628 1354 3683 Secundum
1408 3645 1541 3683 vero
1582 3647 1813 3695 ADONAI,
1865 3632 2126 3685 omnium

486 3729 795 3768 commune
826 3719 915 3769 est
944 3715 1097 3784 quod
1130 3731 1281 3786 saepe
1312 3720 1368 3769 et
1398 3715 1455 3768 in
1486 3715 1826 3772 hominibus
1871 3717 2126 3787 ponitur.

490 3803 736 3867 «Quam
771 3802 1114 3859 admirabile
1161 3809 1249 3857 est
1300 3820 1508 3858 nomen
1541 3808 1708 3859 tuum
1762 3806 1817 3859 in
1864 3806 2132 3861 universa

485 3896 660 3947 terra.
688 3914 715 3941 »
747 3892 908 3955 Quod
941 3909 1043 3964 pro
1074 3891 1244 3946 nobis
1277 3892 1449 3946 homo
1483 3894 1670 3948 factus
1701 3895 1943 3964 es,quod
1982 3912 2132 3951 mor-

486 3985 646 4049 tuus,
699 3980 853 4052 quod
904 3979 1292 4046 resurrexisti,
1346 3980 1401 4034 in
1454 3982 1683 4036 cunctis
1727 3982 1999 4053 gentibus
2043 3989 2133 4038 est

485 4070 812 4140 vulgatum.

559 4183 586 4208 ‹‹
621 4156 905 4223 Quoniam
957 4158 1176 4214 elevata
1229 4168 1316 4213 est
1362 4158 1798 4231 magnificentia
1828 4164 1929 4214 tua
1958 4176 2135 4231 super

488 4247 685 4302 caelos.
742 4270 768 4297 ››
821 4249 981 4313 Quod
1045 4252 1175 4319 post
1221 4248 1705 4304 resurrectionem
1765 4248 1941 4304 caelos
1996 4266 2132 4304 cum

485 4336 786 4407 triumpho
823 4337 1016 4408 gloriae
1040 4337 1455 4391 conscendisti.

560 4446 589 4473 ‹‹
622 4424 701 4478 Ex
730 4441 827 4479 ore
856 4425 1168 4479 infantium
1201 4432 1257 4479 et
1288 4426 1623 4480 lactentium
1677 4426 1965 4497 perfecisti
2008 4427 2132 4482 lau-

488 4515 640 4569 dem.
680 4536 707 4562 ››
756 4513 914 4569 Licet
963 4530 1064 4586 per
1113 4515 1405 4569 seniorum
1455 4515 1871 4586 prophetarum
1922 4517 2130 4571 doctri-

485 4622 646 4671 nam,
677 4603 861 4658 multa
893 4603 1011 4658 sint
1041 4620 1168 4674 quae
1200 4603 1431 4658 Domini
1462 4605 1800 4659 contineant
1830 4605 2060 4660 laudem
2116 4625 2128 4661 :
2165 4599 2211 4663 D

483 4699 679 4749 tamen
713 4693 871 4748 hunc
898 4692 1251 4747 versiculum
1304 4693 1360 4746 in
1410 4693 1720 4764 Evangelio
1768 4690 2131 4765 ‘completum

486 4784 610 4854 ipse
643 4782 928 4838 Dominus
975 4798 1103 4837 esse
1151 4780 1426 4847 declarat,
1462 4780 1843 4838 clamantibus
1879 4784 2072 4852 pueris
2118 4802 2129 4838 :

488 4876 708 4927 Osanna
753 4872 876 4942 ﬁlio
926 4872 1105 4925 David
1154 4870 1361 4942 (Matth.
1410 4887 1524 4935 XXI,
1572 4872 1656 4937 15,
1694 4872 1805 4943 16.)
1840 4895 1861 4922 υ
1904 4871 2140 4942 Propter

488 4961 757 5015 inimicos
793 4965 945 5015 tuos.
980 4970 1008 5011 is
1044 4960 1124 5014 Ad
1158 4959 1558 5013 confusionem
1609 4958 1966 5013 Judaeorum.
2002 4984 2029 5009 ‹‹
2064 4961 2138 5015 Ut

489 5048 757 5103 destruas
789 5050 1093 5103 inimicum
1136 5053 1192 5103 et
1236 5047 1506 5114 ultorem,
1552 5071 1568 5093 υ
1623 5046 1981 5114 haereticum,
2035 5049 2133 5120 qui

489 5152 623 5190 cum
656 5139 915 5209 nequitia
947 5155 1053 5193 sua
1082 5136 1391 5209 impugnat
1436 5136 1778 5203 Ecclesiam,
1827 5138 2135 5193 defendere

487 5242 616 5280 eam
645 5230 841 5281 tamen
873 5226 1199 5282 assimulet.

567 5334 588 5362 α
622 5314 905 5378 Quoniam
938 5316 1140 5370 videbo
1193 5315 1368 5370 caelos
1412 5332 1587 5388 opera
1634 5316 1951 5387 digitorum
2003 5323 2129 5371 tuo-

488 5421 642 5460 rum.
679 5428 700 5454 »
738 5404 922 5459 leos
954 5405 1286 5476 Scripturas
1318 5403 1701 5476 intelligimus
1721 5413 1975 5474 sanctas;
2005 5423 2132 5477 quze

487 5512 590 5568 per
640 5494 735 5550 Dei
788 5493 1059 5565 digitum,
1110 5493 1218 5547 hoc
1267 5496 1374 5561 est,
1408 5510 1510 5564 per
1539 5493 1822 5565 Spiritum
1858 5501 2127 5550 sanctum

487 5589 628 5640 sunt
656 5582 912 5656 prolatae.
943 5605 969 5632 ‹‹
1003 5583 1287 5645 Quoniam
1314 5581 1518 5635 videbo
1552 5582 1724 5636 ccclos
1769 5600 1943 5655 opera
1982 5583 2130 5654 digi-

488 5674 679 5730 lorum
708 5678 964 5728 tuorum.
996 5692 1025 5720 ››
1071 5670 1178 5732 Qui
1223 5685 1285 5722 se
1330 5670 1591 5724 visurum
1643 5687 1770 5725 esse
1818 5672 2127 5741 promittit,

2225 570 2381 624 enim
2412 570 2589 626 etiam
2610 572 2893 626 rationem
2917 570 3106 641 operis
3131 569 3259 636 eius
3279 584 3592 639 cursumque
3606 586 3757 641 cogno-

2226 675 2404 712 scam.
2436 660 2618 715 Aliter
2645 660 2803 715 videt
2832 661 3193 732 gubernator
3220 656 3404 712 navim
3436 673 3448 710 :
3479 656 3614 712 aliter
3630 661 3759 715 medi-

2227 764 2331 802 cus
2360 754 2753 817 aegrotantem,
2788 748 2955 804 aliter
2985 747 3273 819 picturam
3304 746 3491 816 pictor,
3519 763 3656 815 quam
3685 749 3760 802 im-

2225 837 2544 907 peritorum
2573 839 2748 893 rudes
2778 837 2949 891 oculi.
2986 858 3008 886 σι
3043 837 3267 890 Lunam
3298 839 3355 889 et
3381 833 3560 890 stellas
3597 851 3691 905 qua.
3721 842 3763 890 tu

2229 927 2510 981 fundasti.
2548 949 2574 975 »
2611 926 2949 990 Ecclesiam,
2971 925 3061 981 vel
3093 925 3356 979 doctores
3383 925 3516 993 ejus.

2299 1037 2328 1064 «
2363 1015 2508 1080 Quid
2544 1022 2633 1071 est
2660 1016 2838 1071 homo
2870 1015 3024 1085 quod
3058 1029 3283 1069 memor
3330 1028 3389 1067 es
3430 1012 3576 1081 ejus?
3602 1034 3624 1060 »
3648 1014 3769 1077 Quale

2230 1104 2504 1158 meritum
2540 1110 2657 1159 stat
2687 1103 2963 1169 hominis,
2999 1107 3063 1156 ut
3093 1117 3318 1157 memor
3353 1102 3472 1172 ejus
3510 1102 3675 1166 lactus,
3699 1118 3765 1171 pro

2230 1191 2358 1261 ejus
2407 1193 2807 1263 redemptione
2860 1190 3151 1262 suscipias
3195 1205 3443 1245 carnem.
3476 1211 3495 1239 ι
3525 1192 3619 1243 Aut
3652 1189 3769 1243 Filius

2231 1278 2508 1346 hominis,
2542 1282 2817 1351 quoniam
2851 1281 3055 1334 visitas
3085 1279 3262 1333 eum?
3293 1299 3321 1327 α
3350 1277 3517 1331 Filius
3559 1277 3656 1344 Dei,
3693 1279 3767 1331 fac-

2230 1372 2328 1423 tus
2385 1375 2473 1423 est
2506 1369 2684 1425 Filius
2716 1369 2975 1424 hominis
3010 1385 3023 1424 :
3060 1368 3118 1423 id
3149 1372 3257 1434 est,
3286 1365 3457 1421 Filius
3475 1366 3676 1437 virginis
3697 1366 3766 1420 Μι-

2232 1456 2328 1511 riae
2361 1473 2374 1513 :
2408 1459 2507 1529 qui
2540 1459 2794 1513 visitavit
2820 1475 3032 1530 corpus
3062 1455 3410 1512 humilitatis
3448 1460 3648 1522 nostris,
3671 1457 3767 1525 quod

2233 1563 2537 1602 assumere
2566 1554 2655 1602 est
2685 1548 2984 1619 dignatus.

2310 1658 2331 1683 σι
2363 1636 2661 1691 Minerasti
2716 1638 2850 1691 eum
2911 1634 3081 1707 paulo
3142 1635 3343 1689 minus
3397 1634 3468 1689 ab
3521 1632 3710 1704 angelis.
3733 1634 3769 1685 In

2234 1724 2471 1778 Hebraeo
2503 1742 2606 1796 pro
2638 1742 2703 1780 eo
2736 1726 2887 1796 quod
2921 1730 3030 1791 est,
3059 1726 3128 1778 ab
3168 1725 3399 1793 angelis,
3451 1723 3540 1794 qui
3580 1722 3772 1776 dicuntur

2233 1816 2555 1881 Muscam,
2587 1816 2759 1871 Deum
2789 1815 2983 1880 habet,
3029 1814 3140 1868 hoc
3191 1818 3280 1868 est
3331 1812 3553 1867 ELOHIM.
3582 1808 3773 1866 Hunclo-

2235 1919 2369 1957 eum
2400 1904 2714 1974 Apostolus
2744 1904 2803 1957 in
2836 1901 3094 1973 Epistula
3124 1904 3198 1957 ad
3232 1902 3491 1957 Hebrazos
3511 1898 3773 1971 superChri-

2235 1996 2325 2047 sto
2352 1992 2766 2067 interpretatur
2794 1992 2984 2063 (Hebr.
3039 2009 3101 2058 II,
3153 1994 3212 2060 6,
3255 1993 3332 2061 7).
3386 2013 3412 2039 «
3460 1988 3627 2046 Gloria
3648 1994 3689 2043 et
3710 1987 3774 2041 ho-

2235 2098 2375 2137 nore
2400 2083 2690 2137 coronasti
2722 2098 2919 2137 eum.»
2934 2080 3153 2149 Gloria,
3181 2097 3317 2135 cum
3348 2080 3406 2134 in
3437 2081 3552 2151 ejus
3578 2078 3773 2133 descensu

2232 2169 2405 2226 inferi
2436 2170 2801 2238 claruerunt;
2838 2170 3077 2237 honore,
3124 2186 3263 2225 cum
3311 2169 3444 2224 vicit
3471 2172 3775 2229 mortem;co-

2235 2277 2397 2327 rona,
2431 2277 2565 2315 cum
2600 2261 3001 2316 circumdatus
3044 2264 3383 2316 sanctorum
3428 2258 3601 2323 choro,
3641 2254 3776 2308 trium-

2239 2349 2431 2421 phans
2461 2349 2634 2406 rediit
2664 2366 2733 2405 ex
2760 2349 3008 2404 inferno.
3046 2371 3073 2400 (ι
3103 2350 3171 2404 Et
3205 2347 3547 2404 constituisti
3580 2360 3682 2400 eum
3716 2358 3773 2396 su-

2234 2455 2337 2509 per
2366 2456 2561 2510 opera,
2593 2461 2621 2488 »
2656 2444 2763 2493 etc.
2816 2438 2887 2494 Ut
2935 2438 3056 2494 sint
3098 2439 3150 2493 ei
3204 2438 3463 2507 subjecta
3506 2438 3774 2507 praeteream
3858 2454 3859 2459 η

2234 2528 2334 2597 qui
2365 2526 2468 2582 illa
2499 2527 2610 2583 sibi
2645 2527 2916 2598 subjecit.

2308 2638 2337 2665 «
2366 2616 2574 2673 Omnia
2605 2616 2906 2687 subjecisti
2942 2616 3193 2688 pedibus
3222 2617 3369 2686 ejus.
3420 2636 3447 2663 »
3482 2614 3605 2668 Cum
3645 2625 3774 2665 ascen-

2235 2706 2394 2761 deret
2424 2707 2495 2759 ad
2530 2705 2725 2761 caelos.
2760 2729 2787 2754 «
2824 2705 2967 2761 Oves
3011 2708 3068 2759 et
3112 2705 3290 2760 boves
3333 2704 3622 2759 universas.
3648 2721 3668 2747 ς(
3691 2694 3775 2750 Ani-

2236 2811 2361 2848 mas
2393 2799 2648 2861 sanctas,
2684 2796 2939 2849 fructum
2983 2793 3331 2848 innocentia:
3380 2795 3701 2864 operantes.«
3726 2785 3777 2837 ln-

2234 2887 2492 2954 superet
2522 2900 2731 2954 pecora
2777 2882 2989 2954 campi.
3039 2905 3068 2932 »
3118 2881 3413 2939 Inferioris
3459 2878 3622 2935 meriti
3660 2870 3777 2930 homi'

2234 2960 2357 3027 n'es.

2306 3084 2333 3110 ‹‹
2365 3059 2646 3115 Volueres
2676 3059 2827 3115 coeli.
2862 3085 2884 3112 ι
2923 3061 3031 3126 Qui
3063 3077 3165 3132 per
3193 3060 3536 3133 superbiam,
3581 3050 3773 3124 iniquita-

2230 3154 2349 3205 tem
2382 3150 2439 3203 in
2473 3148 2695 3205 excelso
2727 3148 3071 3219 loquuntur.
3111 3173 3131 3197 ‹‹
3173 3154 3244 3205 Et
3291 3150 3472 3222 pisces
3516 3143 3677 3208 maris.
3714 3136 3775 3207 qi"

2154 3226 2197 3292 Ο
2237 3237 2648 3307 perambulant
2678 3237 2920 3293 semitas
2952 3237 3155 3292 maris.
3194 3261 3216 3287 ιο
3252 3237 3360 3304 Qui
3392 3252 3484 3309 per
3509 3232 3779 3289 nimiamni-

2239 3328 2560 3382 riositatem
2594 3343 2709 3381 non
2741 3326 3207 3397 contemplantes
3229 3325 3493 3395 coelestia,
3518 3324 3642 3379 inter
3663 3315 3778 3383 huJ'us

2240 3416 2435 3472 smculi
2470 3416 2685 3470 ﬂuctus
2716 3420 2928 3487 putant
2958 3432 3087 3470 esse
3118 3417 3300 3470 vitam
3328 3419 3596 3469 aeternam.

2312 3527 2338 3552 «
2392 3503 2637 3558 Domine
2682 3502 2967 3558 Dominus
3026 3509 3247 3571 noster,
3309 3520 3475 3576 quam
3528 3487 3777 3554 admirabile

2240 3597 2346 3661 est,
2381 3614 2411 3645 »
2442 3598 2551 3646 etc.
2582 3593 2662 3647 De
2693 3592 3054 3647 beatitudine
3093 3592 3321 3665 incipit,
3353 3590 3433 3646 vel
3481 3590 3544 3644 de
3583 3582 3777 3649 laude,el

2239 3682 2300 3735 in
2353 3680 2587 3735 laudem
2648 3680 3015 3735 terminatur.
3050 3685 3171 3735 Hoc
3230 3680 3538 3735 admiratur
3585 3665 3777 3727 Ecclesia,

2240 3769 2532 3840 quomodo
2565 3771 2751 3824 sancti
2781 3768 3091 3824 voluntarii
3124 3787 3229 3840 pro
3262 3768 3485 3825 nomine
3527 3759 3695 3819 Christi
3719 3769 3778 3824 pa-

2238 3859 2486 3929 tiuntur,
2544 3857 2630 3911 vel
2690 3858 2980 3929 quomodo
3039 3874 3250 3914 sumus
3306 3872 3497 3913 omnes
3542 3849 3777 3907 aCreaION

2240 3948 2445 4002 mundi
2469 3948 2775 4018 redempti.

2836 4036 3165 4110 PSALMUS
3206 4035 3344 4110 1x.»
3496 4105 3521 4110 _
3597 4098 3633 4110 ,,
3685 4092 3721 4110 ,.

2241 4110 2305 4164 In
2333 4109 2501 4179 ﬁnem
2548 4124 2652 4179 pro
2693 4108 3030 4162 absconditis
3066 4108 3193 4177 ﬁlii,
3226 4108 3463 4179 psalmus
3487 4098 3650 4179 David.
3682 4092 3781 4179 Lissi

2313 4160 2523 4249 Aquis
2548 4160 2682 4250 τρέο
2713 4160 3277 4248 ’έιὸδώᾱὶὶι’ίιῖδ’”ῆῑῖίζ⁷
3300 4160 3683 4250 scam.-am,
3714 4160 3778 4250 ﬁlii

2315 4242 2613 4321 po-suerit':
2638 4256 2830 4305 tamen
2856 4242 3159 4305 sciendum
3183 4242 3245 4305 in
3272 4251 3490 4321 Hebrzeo
3527 4242 3700 4321 haberi,
3720 4244 3779 4321 Ρζθ

2314 4314 2484 4375 inerte
2513 4322 2638 4391 ﬁlii.
2672 4321 2934 4394 Denique
2962 4326 3019 4376 et
3045 4322 3424 4394 Symmachus
3463 4320 3513 4371 in
3534 4314 3779 4394 punget

2317 4394 2457 4471 dum
2490 4378 2811 4471 transtulit,
2842 4378 3296 4471 'prorvicloriade
3324 4386 3636 4471 νηοζιςβζέξι,

2316 4465 2496 4535 igitur
2528 4459 2804 4534 psalmus
2824 4459 3332 4537 peritropologiam
3364 4463 3429 4516 ad
3444 4459 3639 4537 thrifﬁl

2317 4528 2413 4590 nvet
2443 4528 2898 4590 sacramentum.
2918 4528 3079 4590 Unde
3107 4543 3164 4591 et
3180 4528 3551 4606 “Septuaginta
3576 4528 3778 4606 inter-pte;

2313 4613 2420 4672 tes,
2455 4606 2665 4661 Christi
2720 4607 3049 4677 passionem
3101 4612 3158 4662 et
3205 4598 3779 4677 resurr5cticnem,,‘lflf

2316 4669 2514 4750 ignota
2537 4680 2698 4748 prius
2720 4669 2942 4732 mundo
2966 4678 3201 4750 l'uit,per
3224 4677 3453 4750 verbum
3475 4669 3777 4750 absconsum:

2315 4725 2501 4804 celare
2532 4725 2938 4815 volueruntme
2960 4767 2992 4803 a
3013 4725 3285 4821 geiitibus
3316 4747 3407 4801 illo
3433 4750 3654 4821 tempori?
3670 4725 3776 4821 ἴδοζξθ

2323 4828 2675 4875 nosceretur.
2711 4821 2812 4874 Ilic
2849 4797 2930 4875 ’de
2978 4797 3090 4876 isoto
3138 4820 3257 4875 ﬁlio
3305 4817 3449 4891 quod
3486 4797 3703 4894 su‘perius
3723 4797 3775 4875 {ir

2323 4893 2397 4917 ..ει
2458 4909 2567 4917 ...λη
2609 4894 2673 4917 ,ιη
2707 4892 2801 4917 ιιιη
2839 4892 2953 4917 an-
2992 4892 3309 4917 --A-._.J......
3344 4890 3609 4917 L:nlnuunm
3644 4865 3775 4917 nm‘ld.

2319 4893 2420 4959 xit,
2458 4909 2570 4946 nou
2606 4894 2675 4945 de
2707 4892 2804 4946 illo
2839 4892 2957 4946 filio
2991 4881 3612 4947 secundum-historiam
3641 4881 3776 4959 Οεξξίξι

2320 4964 2372 5016 id
2409 4940 2498 5017 est
2525 4963 2844 5018 Abessalon
2879 4963 3019 5016 dicit
3052 4982 3064 5019 :
3097 4966 3265 5033 cujus
3295 4975 3458 5033 Opera
3483 4970 3580 5010 non
3606 4940 3773 5033 090933:

2319 5035 2418 5118 sec!
2454 5036 2857 5118 ,τηεηξιέξξεβι
2888 5023 3771 5118 maererenteceterae:

2317 5107 2418 5160 sed
2453 5106 2560 5161 hoc
2592 5107 2661 5160 de
2694 5105 3001 5176 Unigeuito
3033 5106 3131 5161 Dei
3157 5106 3335 5177 patris
3362 5094 3773 5177 inlelligilgll‘A-FCI‘;

2319 5194 2450 5258 mus
2479 5177 2648 5269 duojs,
2683 5154 2987 5243 advgulus,
3041 5154 3295 5269 Pﬁirﬁum
3337 5180 3390 5269 et
3432 5154 3770 5269 secﬁngughi‘:

2361 5249 2506 5303 rimo
2541 5237 2814 5314 adventu,
2848 5256 2902 5302 et
2935 5237 3279 5303 manifestus
3307 5250 3362 5319 et
3378 5237 3611 5319 Δοςκιμ-Ιιξλεδ

2378 5321 2664 5375 anil‘estus
2694 5297 2886 5387 carne,
2931 5324 2986 5374 et
3030 5318 3305 5374 occultus.
3335 5311 3623 5389 divinitate;

2315 5392 2569 5445 secundo
2602 5376 2962 5457 adventu,’et
2993 5392 3253 5445 occultus
3300 5396 3353 5442 et
3399 5376 3764 5457 manilcs‘mi‘f

2315 5462 2756 5553 pliet._(.)_cclultus,
2790 5444 2926 5542 quia
2951 5463 3241 5553 nescimus
3260 5460 3403 5515 diem
3426 5444 3759 5553 neqﬁu‘e‘lhgralgt-

2314 5535 2675 5606 Manifestus,
2709 5512 2846 5604 q’uija
2879 5534 3094 5588 videbit
3132 5549 3284 5606 eum
3308 5527 3481 5584 omnis
3507 5512 3755 5606 οεξξξξιξοῖξξ

2312 5604 2423 5659 alio
2457 5588 2941 5671 modoecemtus,
2968 5606 3111 5677 quia
3136 5588 3737 5677 nescim_t_19‘960"l,w,?£;

2310 5677 2529 5730 dicium
2561 5677 2659 5731 Dei
2694 5694 2707 5732 :
2739 5677 2848 5731 hoc
2877 5645 3156 5746 estrquia
3183 5668 3447 5745 repudiati
3476 5645 3752 5718 ευηιλυάειι
