3964 6190
232 361 357 422 889

1449 359 1953 424 BREVIARIUM
1993 361 2076 422 IN
2119 361 2508 423 PSALMOS.

3521 361 3644 425 890

309 492 507 569 electa:
540 495 681 546 sunt
708 496 930 569 gentes.
962 492 1184 548 Aliter:
1207 492 1487 569 Videmus
1517 498 1751 550 sanctos
1781 495 1885 549 tri-
1917 497 1971 561 Α
2001 495 2458 551 inﬁrmabuntur
2478 495 2505 550 ?
2527 494 2669 566 quia
2686 495 2852 566 prius
2874 495 3053 550 fortes
3072 500 3238 551 erant
3259 500 3493 569 propter
3516 514 3642 568 pec-

312 563 525 627 bulari,
581 568 639 619 et
689 563 983 620 nescimus
1013 582 1085 619 an
1120 581 1221 635 pro
1261 566 1622 636 probatione,
1665 584 1737 621 an
1783 583 1885 636 pro

310 635 742 709 emendatione,
776 637 939 709 utgad
957 636 1181 709 melius
1207 635 1429 691 crescat
1454 654 1655 709 eorum
1678 635 1882 709 gloria.

312 706 593 780 Videmus
620 706 766 780 alios
797 706 1084 777 tribulari,
1118 724 1368 779 quorum
1428 725 1620 780 pcena,
1646 706 1739 763 hic
1797 708 1884 763 in-

306 779 469 861 cipit,
495 778 639 861 etin
675 778 1037 861 futuroocum
1070 778 1213 861 ipsis
1244 778 1564 861 permanet.
1604 779 1886 861 Videmus

305 848 456 904 alios
486 865 592 903 nec
620 848 914 934 tribulari,
947 866 1053 904 nec
1078 848 1358 934 i’ojuriam
1384 852 1499 934 pati
1534 869 1546 907 :
1579 852 1680 934 sed
1713 868 1886 934 sanos

303 936 568 992 corpore,
622 919 836 992 laetitia
876 919 1180 992 temporali
1240 919 1517 978 omnibus
1565 924 1886 979 abundare.

306 991 422 1065 Isti
447 991 594 1047 tales
626 991 934 1065 periculosi
987 991 1160 1048 sunt:
1215 995 1355 1065 quia
1404 995 1699 1050 credimus
1730 996 1884 1065 quod

309 1064 472 1139 ipsos
502 1067 654 1139 Deus
682 1081 793 1117 non
826 1063 1040 1139 visitet,
1063 1065 1177 1139 qui
1210 1063 1323 1139 non
1376 1070 1519 1139 sunt
1562 1066 1723 1139 digni
1748 1063 1885 1139 visi-

308 1135 439 1209 tari,
476 1138 540 1188 ut
599 1136 971 1209 postmodum
1028 1136 1152 1191 sine
1212 1138 1327 1209 fine
1386 1135 1724 1209 puniantur.
1776 1138 1887 1193 Iste

310 1205 585 1281 psalmus
606 1211 763 1281 totus
809 1206 869 1281 in
912 1223 1160 1278 persona
1207 1205 1471 1265 Ecclesiae
1503 1226 1606 1281 per
1633 1209 1885 1281 prophe-

306 1284 426 1333 tam
462 1278 533 1333 de
562 1278 923 1334 Antichristo
953 1283 1242 1335 cantatur.

258 1398 279 1409 κ
313 1403 336 1431 ι
368 1384 700 1439 Conﬁtebor
742 1386 870 1455 tibi,
921 1387 1185 1455 Domine,
1220 1409 1249 1436 »
1279 1393 1390 1443 etc.
1446 1387 1570 1443 Vox
1599 1387 1884 1443 Ecclesia).

229 1472 416 1527 Trina
443 1472 732 1528 confessio
790 1473 883 1528 hic
942 1479 1147 1530 sonat:
1212 1476 1268 1529 id
1328 1481 1436 1542 est,
1490 1481 1884 1549 peccatorum,

230 1566 579 1633 martyrum,
649 1562 1092 1619 confessorum:
1164 1566 1485 1636 gratiarum
1544 1566 1716 1632 actio,
1766 1566 1887 1621 sive

230 1651 388 1719 laus,
443 1656 507 1705 ut
561 1651 619 1705 in
674 1652 1019 1725 Evangelia:
1080 1655 1359 1724 Conﬁteor
1416 1657 1537 1720 tibi,
1594 1658 1761 1711 Pater
1784 1656 1884 1710 Do-

230 1741 387 1794 mine
412 1740 533 1794 cali
559 1744 611 1794 et
640 1748 806 1797 terra:
834 1742 1041 1812 (Matth.
1076 1760 1154 1810 x1,
1239 1744 1318 1812 5),
1368 1749 1423 1799 et
1472 1745 1566 1799 hic
1614 1744 1770 1799 trina
1798 1744 1885 1798 di-

231 1826 403 1882 lectio
435 1828 823 1900 intelligitur:
858 1830 915 1886 id
949 1836 1057 1901 est,
1108 1831 1319 1904 diliges
1347 1833 1662 1888 Dominum
1698 1834 1883 1888 Deum

226 1919 401 1972 tuum
432 1934 501 1973 ex
530 1922 653 1973 toto
683 1919 853 1975 corde
883 1924 984 1976 tuo
1011 1937 1024 1974 :
1054 1925 1110 1976 et
1164 1938 1232 1976 ex
1279 1926 1399 1976 tota
1437 1923 1635 1977 anima
1671 1927 1792 1987 tua,
1827 1926 1882 1978 et

225 2022 299 2061 ex
328 2007 468 2063 totis
496 2007 720 2063 viribus
750 2009 868 2063 tuis
901 2011 1121 2081 (Matth.
1174 2029 1278 2077 xu,
1334 2013 1445 2082 37).
1490 2012 1739 2066 Narrabo
1765 2028 1879 2066 om-

226 2097 331 2151 nia
358 2097 644 2152 mirabilia
675 2102 791 2153 tua.
826 2100 1127 2164 Quomodo
1160 2100 1322 2166 dicit,
1357 2117 1419 2155 se
1449 2101 1649 2155 omnia
1697 2101 1880 2155 mira-

225 2184 370 2239 bilia
401 2185 499 2241 Dei
533 2202 768 2241 narrare
794 2203 805 2241 :
844 2188 983 2258 quia
1014 2187 1213 2243 nullus
1244 2189 1419 2244 homo
1452 2192 1643 2261 potest
1667 2206 1773 2245 nec
1802 2189 1882 2243 vi-

226 2273 386 2338 dere,
410 2289 515 2328 nec
540 2274 1029 2346 comprehendere
1059 2277 1241 2332 Deum
1264 2277 1292 2331 ?
1340 2278 1488 2332 Nam
1539 2278 1737 2333 omnia
1767 2278 1879 2332 mi-

220 2361 434 2417 rabilia
463 2363 563 2418 Dei
586 2363 636 2418 si
667 2381 903 2419 narrare
930 2365 1182 2421 velimus
1231 2366 1594 2437 impossibile
1623 2371 1731 2422 est.
1764 2366 1880 2421 Cur

221 2467 340 2506 non
376 2469 688 2524 possumus
711 2454 739 2508 ‘?
769 2455 910 2525 quia
940 2454 1054 2510 alio
1088 2455 1210 2510 loco
1270 2455 1446 2511 dicit:
1497 2457 1877 2511 Pronuntiabo

222 2542 411 2595 omnia
431 2541 656 2611 judicia
688 2542 863 2613 (Psal.
895 2560 1097 2612 cxvm,
1142 2544 1253 2613 43).
1305 2545 1420 2599 Nec
1464 2545 1661 2617 ipsum
1689 2549 1879 2616 potest

220 2630 415 2684 facere
445 2629 639 2686 homo.
675 2632 974 2697 Quomodo
1007 2648 1121 2687 non
1152 2633 1393 2704 potest?
1424 2634 1562 2705 quia
1591 2634 1877 2689 Dominus

224 2718 404 2773 dicit:
440 2722 636 2775 Omnia
666 2737 1011 2793 quaecunque
1052 2723 1251 2778 audivi
1283 2740 1317 2777 a
1352 2727 1514 2778 Patre
1559 2740 1697 2792 meo,
1747 2728 1876 2779 nota

220 2808 336 2877 feci
364 2808 512 2863 vobis
540 2811 699 2877 (Joan
743 2828 832 2876 xv,
898 2812 1005 2881 15).
1068 2812 1177 2866 Sed
1234 2828 1414 2883 quare
1470 2828 1585 2867 non
1621 2814 1877 2867 narravit

222 2896 381 2951 diem
408 2898 640 2968 judicii,
668 2900 768 2954 sed
806 2900 986 2955 dixit:
1021 2903 1138 2957 Non
1183 2910 1262 2956 est
1291 2905 1528 2956 vestrum
1558 2917 1715 2956 nosse
1743 2910 1875 2957 tem-

219 3002 364 3058 pora
393 2988 475 3041 vel
503 2995 800 3057 momenta,
832 3006 954 3061 quae
986 2995 1147 3045 Pater
1169 2993 1361 3062 posuit
1394 2993 1453 3045 in
1490 3007 1595 3045 sua
1619 2994 1877 3061 potestate

221 3075 361 3144 (Act.
396 3093 433 3139 ι,
459 3077 567 3147 7)?
594 3078 705 3132 Sed
742 3078 797 3131 in
832 3078 940 3134 hoc
988 3078 1232 3134 solvitur
1279 3080 1401 3134 haec
1452 3080 1695 3151 quaestio
1740 3096 1873 3134 cum

223 3164 553 3235 subjunxit,
586 3167 1070 3237 omniajudicia:
1107 3173 1308 3241 postea
1367 3168 1525 3235 dicit,
1587 3169 1706 3224 oris
1745 3169 1871 3238 tui;

1998 590 2127 639 cata
2176 590 2409 639 nostra:
2462 585 2562 639 sed
2616 584 2789 639 modo
2840 584 3149 640 inﬁrmitas
3207 586 3304 640 Dei
3355 603 3460 642 nos
3507 588 3641 642 fecit

1998 673 2197 738 fortes,
2221 678 2279 727 et
2308 672 2441 727 illos
2472 674 2777 727 infirmos:
2806 678 2867 726 ut
2917 672 3057 726 dicit
3104 674 3454 744 Apostolus:
3486 675 3638 745 Quod

1996 762 2292 832 inﬁrmum
2311 771 2388 817 est
2408 763 2525 831 Dei,
2546 763 2748 833 fortius
2765 765 2845 817 est
2871 762 3190 817 hominibus
3220 764 3269 832 (1
3301 762 3420 818 Cor.
3457 782 3496 832 ι,
3523 765 3635 836 25).

2071 872 2099 900 ‹‹
2129 851 2415 913 Quoniam
2450 850 2633 906 fecisti
2652 851 2946 921 judicium
2980 867 3198 906 meum.
3232 872 3261 901 ››
3294 854 3419 905 Vox
3448 852 3636 908 Eccle-

1997 940 2117 1006 siae,
2151 956 2216 994 ac
2246 940 2295 994 si
2323 941 2517 995 dicat:
2554 945 2762 1013 Aperte
2793 944 2993 1013 gentes
3024 940 3274 1011 elegisti,
3326 945 3385 996 et
3405 941 3638 997 Judaaos

1997 1028 2343 1099 reprobasti.
2374 1030 2617 1094 Quando
2664 1028 2823 1097 dicit,
2864 1024 3183 1099 judicium'
3211 1045 3407 1084 meum
3434 1047 3447 1096 ;
3484 1050 3512 1078 ››
3545 1029 3638 1083 hic

1998 1122 2239 1189 apparet
2267 1118 2422 1190 quod
2457 1117 2711 1174 Ecclesia
2737 1134 2807 1173 ex
2835 1118 3110 1191 gentibus
3140 1119 3319 1173 venit.
3344 1140 3372 1168 «
3407 1118 3478 1173 Et
3506 1135 3641 1173 cau-

1998 1223 2123 1261 sam
2157 1223 2367 1263 meam.
2403 1229 2431 1256 »
2479 1213 2559 1262 Ac
2605 1208 2654 1263 si
2704 1207 2860 1262 dicat
2888 1204 3182 1279 Ecclesia,
3227 1207 3493 1264 Causasti
3534 1224 3639 1279 pro

1998 1311 2090 1350 me
2116 1301 2319 1351 contra
2346 1296 2730 1365 adversarios,
2762 1301 2821 1351 et
2847 1296 3154 1351 vindicasti
3182 1313 3281 1351 me
3305 1314 3318 1365 ;
3352 1301 3409 1351 et
3451 1296 3637 1352 fecisti

1997 1402 2236 1440 causam
2266 1401 2455 1440 meam
2489 1385 2727 1439 bonam.
2759 1407 2789 1434 «
2822 1384 3037 1441 Sedisti
3067 1402 3245 1457 super
3274 1385 3573 1441 thronum.
3607 1407 3635 1436 »
3696 1406 3711 1417 θ

1998 1474 2271 1529 'I‘hronus
2294 1474 2556 1529 Graecum
2589 1478 2701 1541 est,
2762 1474 2963 1530 Latine
3018 1475 3226 1530 sedes:
3288 1474 3427 1546 quia
3455 1491 3635 1529 unus-

1997 1563 2248 1635 quisque
2279 1568 2520 1619 sanctus
2550 1563 2718 1619 sedes
2747 1563 2847 1618 Dei
2878 1567 3003 1619 est:
3038 1567 3103 1618 ut
3144 1563 3269 1635 ipse
3317 1564 3417 1620 ait.
3452 1586 3479 1613 ‹‹
3514 1565 3637 1619 Cm-

1995 1652 2121 1707 lum
2152 1651 2298 1707 mihi
2319 1644 2488 1708 sedes
2509 1656 2598 1708 est
2628 1673 2654 1704 «ι
2683 1653 2811 1725 (Isa.
2847 1669 2994 1720 LXVI,
3029 1654 3103 1723 1),
3136 1654 3207 1707 Et
3235 1652 3373 1708 alibi
3399 1669 3411 1708 :
3436 1653 3639 1709 Anima
3703 1668 3709 1675 '

1986 1743 2129 1813 justi
2156 1741 2311 1797 sedes
2340 1745 2418 1798 est
2446 1744 2745 1813 sapientiae
2792 1741 2941 1813 (Sap.
3002 1758 3105 1803 vn.
3156 1743 3265 1812 1‘3).
3306 1742 3456 1797 Dicit
3482 1759 3636 1798 unus

1996 1830 2243 1886 thronus
2275 1848 2340 1886 ex
2372 1831 2538 1903 ipsis,
2572 1832 2629 1886 id
2652 1837 2761 1897 est,
2784 1830 3040 1887 Paulus:
3084 1836 3180 1886 Αη
3208 1833 3638 1903 experimentum

1993 1921 2112 1991 ejus
2141 1922 2415 1991 quaeritis,
2448 1922 2547 1991 qui
2574 1922 2636 1975 in
2689 1936 2777 1975 me
2815 1921 3057 1991 loquitur
3116 1920 3358 1976 Christus
3413 1921 3486 1991 (II
3513 1921 3633 1976 Cor.

1990 2026 2090 2064 xu.
2123 2010 2227 2080 3)?
2257 2011 2357 2078 Qui
2377 2010 2602 2083 judicas
2626 2012 2965 2081 aequitatem.
3000 2009 3117 2064 Hoc
3161 2014 3269 2076 est,
3302 2009 3631 2080 justitiam:

1984 2098 2444 2169 judicastijuste
2474 2104 2537 2153 tu
2570 2103 2758 2165 Pater,
2791 2114 3029 2153 causam
3081 2113 3293 2166 meam,
3328 2105 3391 2151 ut
3423 2113 3514 2152 me
3544 2114 3633 2153 re—

1992 2187 2309 2242 suscitares
2334 2204 2347 2242 :
2381 2188 2519 2259 quia
2545 2187 2766 2258 injuste
2797 2203 2891 2242 me
2919 2186 3288 2242 tradiderunt
3317 2187 3517 2241 morti:

2062 2299 2090 2326 ‹‹
2126 2277 2436 2349 Increpasti
2470 2281 2692 2349 gentes.
2728 2298 2755 2326 ››
2778 2277 2886 2332 Per
2906 2276 3330 2348 praedicatores,
3357 2275 3455 2347 qui
3478 2274 3633 2330 idola

1990 2366 2335 2432 adorabant,
2368 2366 2531 2439 ligna
2559 2371 2617 2421 et
2646 2366 2891 2437 lapides.
2938 2388 2964 2415 ι(
3017 2365 3084 2419 Et
3125 2365 3296 2436 periit
3323 2364 3563 2436 impius.
3601 2386 3628 2412 ››

1986 2454 2266 2511 Diabolus
2288 2456 2388 2527 qui
2416 2457 2472 2510 in
2497 2455 2642 2526 ipsis
2670 2455 2852 2527 lignis
2873 2454 2959 2509 vel
2984 2454 3280 2525 lapidibus
3309 2454 3626 2508 adoratur:

1986 2544 2073 2599 vel
2107 2561 2211 2616 per
2240 2545 2711 2617 praedicationem
2745 2542 3123 2614 apostolicam
3154 2542 3463 2613 increpata}
3494 2549 3632 2596 sunt

1987 2638 2210 2706 gentes,
2234 2639 2291 2689 et
2311 2636 2382 2689 ab
2403 2634 2586 2706 impio
2611 2634 2795 2688 factus
2815 2637 2904 2687 est
2924 2631 3106 2703 prius.
3132 2654 3161 2682 «
3184 2632 3405 2686 Nomen
3429 2646 3628 2685 eorum

1986 2722 2191 2777 delesti
2214 2722 2273 2777 in
2295 2728 2597 2777 aeternum.
2622 2746 2650 2771 ››
2672 2722 2728 2776 Id
2754 2725 2862 2788 est,
2893 2719 3236 2775 memoriam
3254 2735 3477 2774 eorum.
3506 2719 3630 2775 Non

1987 2813 2407 2867 memorabitur
2438 2800 2495 2866 in
2528 2811 2622 2866 his
2653 2810 2804 2864 ultra
2833 2826 3043 2864 nomen
3105 2808 3459 2880 impietatis:
3494 2807 3632 2878 quia

1987 2901 2287 2955 credentes
2318 2900 2377 2954 in
2406 2905 2460 2954 te
2507 2903 2856 2970 acceperunt
2914 2912 3125 2953 nomen
3182 2902 3351 2950 tuum
3392 2912 3626 2963 novum,

1986 2989 2141 3060 quod
2174 2989 2542 3044 benedicitur
2572 2990 2632 3042 in
2664 2987 2856 3043 terris.

2058 3100 2085 3127 «
2140 3078 2365 3132 Inimici
2416 3078 2752 3133 defecerunt
2801 3078 3031 3130 frameae
3069 3074 3129 3129 in
3159 3074 3357 3129 ﬁnem.
3394 3096 3420 3123 »
3452 3073 3626 3136 Quasi

1984 3166 2143 3221 dicat
2166 3184 2179 3222 :
2214 3183 2379 3222 arma
2397 3166 2636 3235 diaboli,
2659 3184 2786 3237 quae
2817 3169 2984 3221 erant
3010 3162 3411 3236 peccatoribus
3441 3179 3624 3218 mem-

221 3268 292 3307 ac
324 3254 371 3307 si
419 3255 574 3309 dicat
632 3256 916 3328 propheta
971 3257 1059 3312 vel
1118 3258 1529 3329 unusquisque
1589 3263 1869 3315 sanctus:
1906 3241 1948 3307 C
1986 3256 2091 3311 bra
2121 3273 2247 3325 sua,
2300 3273 2403 3327 per
2457 3273 2605 3327 quos
2653 3254 2922 3310 diabolus
2964 3254 3111 3309 alios
3150 3253 3623 3324 persequebatur,

221 3343 517 3406 Quantum
574 3361 666 3399 me
718 3346 988 3413 docuisti,
1043 3351 1271 3402 tantum
1320 3347 1610 3402 narrabo:
1654 3348 1794 3419 quia
1824 3348 1871 3403 si

218 3435 457 3486 tantum
486 3450 691 3489 narras
716 3440 1002 3505 quantum
1030 3433 1328 3507 intelligis,
1362 3435 1561 3491 omnia
1581 3435 1875 3491 mirabilia

218 3519 325 3575 Dei
360 3538 584 3588 narras,
611 3523 880 3593 quamvis
911 3524 969 3578 in
1003 3525 1320 3595 semetipsa
1368 3524 1537 3595 plura
1591 3524 1727 3580 sint.
1771 3526 1871 3581 Vel

220 3611 475 3665 narrabo
494 3612 693 3666 omnia
716 3612 1005 3667 mirabilia
1026 3618 1147 3685 tua,
1172 3631 1287 3668 non
1321 3613 1421 3669 illa
1450 3618 1683 3669 tantum
1715 3616 1870 3686 quod

221 3699 441 3754 mortui
476 3702 921 3765 resuscitantur,
974 3703 1107 3757 caci
1160 3701 1593 3769 illuminantur,
1644 3703 1731 3757 vel
1763 3719 1869 3757 ca:-

219 3790 386 3855 tera;
412 3790 511 3843 sed
544 3793 601 3843 et
630 3791 786 3860 quod
821 3807 923 3861 per
952 3796 1007 3846 te
1039 3791 1246 3846 animae
1277 3791 1535 3863 perditze,
1576 3791 1748 3847 saluti
1780 3792 1869 3846 in-

221 3881 468 3948 speratae
501 3879 846 3933 redduntur.

297 3989 321 4011 ‹‹
364 3967 617 4022 laetabor
644 3974 701 4022 et
740 3968 1044 4024 exsultatio
1078 3970 1137 4023 in
1167 3974 1241 4024 te.
1283 3992 1303 4017 ι
1341 3970 1620 4037 Εωιεῦον,
1652 3968 1709 4023 in
1744 3987 1867 4042 spe,

219 4058 282 4109 et
342 4054 664 4121 exsultabo,
727 4057 783 4111 in
856 4074 953 4113 re:
1014 4060 1185 4129 juxta
1232 4057 1378 4113 illud
1426 4057 1724 4130 Apostoli:
1760 4058 1866 4121 Qui

217 4141 525 4215 gloriatur,
558 4145 615 4198 in
653 4146 895 4201 Domino
942 4146 1224 4219 glorietur
1268 4150 1345 4216 (Il
1391 4149 1520 4204 Cor.
1554 4166 1609 4217 x,
1645 4149 1754 4219 17),
1804 4150 1871 4203 Et

212 4232 455 4303 psallam
520 4236 737 4289 nomini
800 4243 909 4299 tuo,
986 4237 1283 4291 Altissime.
1362 4237 1627 4302 Psallam,
1695 4253 1866 4309 opere

218 4321 567 4392 compleam,
593 4326 811 4379 nomini
838 4330 950 4379 tuo.
1013 4325 1237 4381 Nomen
1290 4326 1477 4381 Patris
1529 4326 1709 4381 Filius
1757 4332 1864 4396 est,

216 4408 559 4465 Altissimus
592 4412 715 4482 ipse
746 4417 834 4467 est
865 4414 1038 4469 Deus.
1077 4413 1192 4480 Vel,
1217 4416 1454 4485 psallam
1492 4417 1711 4470 nomini
1729 4419 1862 4483 tuo,

214 4497 314 4552 hic
344 4497 473 4553 laus
504 4516 637 4554 cum
669 4518 858 4572 opere.

292 4610 320 4635 ‹‹
358 4587 417 4641 In
450 4591 837 4645 convertendo
870 4590 1173 4646 inimicum
1209 4608 1404 4646 meum
1455 4597 1799 4648 retrorsum.
1837 4616 1864 4642 ››

214 4675 458 4739 Qualem
483 4678 813 4747 inimicum,
843 4680 897 4735 id
917 4686 1024 4745 est,
1050 4680 1351 4735 diabolum
1384 4698 1395 4735 :
1423 4681 1561 4752 quia
1582 4682 1864 4738 Dominus

215 4763 404 4817 dixit:
463 4765 607 4820 Vade
658 4775 822 4831 retro,
872 4768 1086 4823 Satana
1138 4768 1323 4838 (Marc.
1384 4786 1506 4838 νιιι,
1565 4771 1675 4841 33).
1719 4776 1866 4825 Ante

214 4851 535 4908 adventum
562 4853 772 4909 Christi
799 4856 1069 4911 diabolus
1092 4858 1209 4911 dux
1234 4857 1461 4913 itineris
1488 4858 1693 4913 mortis
1716 4858 1859 4913 fuit:

214 4943 318 4994 sed
346 4947 544 5010 postea
573 4949 723 4998 retro
754 4944 1065 5000 Ecclesiam
1098 4961 1369 5017 sequens,
1423 4951 1512 5001 est
1561 4948 1730 5018 quasi
1769 4964 1865 5002 ca-

213 5028 331 5083 nis.
379 5030 534 5085 Unde
565 5031 700 5087 alibi
734 5034 911 5089 dicit:
978 5036 1049 5088 Tu
1103 5038 1345 5090 conteres
1402 5043 1580 5107 eaput’
1610 5038 1781 5103 illius,
1815 5040 1865 5091 et

209 5118 312 5172 ille
338 5119 664 5174 calcaneum
708 5132 866 5179 tuum
923 5124 1404 5195 observabit(Gen.
1467 5142 1548 5193 ιιι,
1592 5125 1722 5197 15);
1754 5125 1864 5180 hoc

211 5211 325 5275 est,
358 5206 534 5262 tinem
574 5210 703 5264 vita:
776 5214 1264 5284 uniuscujusque.
1327 5213 1535 5269 Mulier
1588 5214 1864 5279 Ecclesia,

212 5311 461 5366 serpens
493 5297 782 5356 diabolus.
818 5324 844 5350 «
908 5302 1370 5357 Inlirmabuntur
1424 5308 1480 5358 et
1529 5304 1801 5375 peribunt
1832 5320 1865 5357 a

214 5383 366 5437 facie
389 5389 557 5439 tua.»
580 5389 748 5460 lmpii
775 5390 976 5460 utique
999 5392 1070 5445 ab
1103 5390 1404 5461 impietate
1430 5408 1536 5446 sua
1567 5391 1861 5463 peribunt.

212 5471 319 5527 Vel
345 5474 498 5528 sicut
519 5476 790 5548 superius
814 5477 955 5532 dixit
980 5478 1377 5550 singulariter,
1409 5480 1491 5535 ita
1520 5485 1576 5535 et
1606 5480 1701 5535 hic
1732 5480 1860 5551 plu-

217 5561 439 5627 raliter,
465 5564 521 5619 id
555 5571 665 5635 est,
718 5583 922 5621 omnes
955 5567 1234 5623 satellites
1265 5585 1403 5624 suos
1437 5568 1676 5625 insimul
1709 5585 1865 5624 com-

217 5648 553 5720 prehendit,
586 5654 687 5725 qui
739 5654 980 5725 perituri
1015 5660 1153 5710 sunt
1181 5656 1241 5711 in
1289 5657 1383 5711 die
1406 5658 1637 5727 judicii.
1677 5659 1865 5722 Quare

1982 3345 2458 3401 delecerunt.Vel
2508 3346 2712 3400 aliter:
2766 3343 2990 3398 Inimici
3019 3343 3354 3397 defecerunt
3382 3342 3624 3408 framea,

1983 3434 2150 3506 quasi
2178 3434 2334 3489 dicat
2372 3435 2444 3489 de
2488 3434 2726 3501 framea,
2778 3433 2929 3504 quod
2986 3437 3076 3487 est
3120 3432 3362 3485 verbum
3415 3429 3531 3495 Dei,
3564 3428 3624 3483 in

1982 3524 2415 3594 futurojudicio
2436 3523 2729 3587 deﬁcient,
2766 3522 3000 3593 quando
3032 3537 3135 3591 per
3161 3519 3357 3591 ipsum
3382 3521 3621 3574 verbum

1977 3612 2279 3683 iudicandi
2310 3617 2502 3667 erunt.

2053 3724 2080 3750 ‹‹
2117 3702 2184 3755 Et
2214 3691 2478 3757 civitates
2508 3717 2707 3756 eorum
2739 3698 3099 3755 destruxisti.
3137 3720 3165 3747 »
3198 3698 3258 3753 Id
3302 3701 3392 3753 est
3420 3713 3622 3768 pecca-

1979 3793 2155 3845 tores.
2183 3791 2333 3854 Quot
2378 3795 2518 3845 sunt
2544 3789 2684 3845 vitia
2733 3794 3124 3861 peccatorum,
3162 3791 3341 3842 tanta:
3387 3790 3444 3841 et
3485 3785 3622 3839 civi-

1979 3884 2151 3949 tates,
2183 3879 2291 3935 hoc
2320 3884 2430 3946 est,
2464 3879 2844 3945 munitiones,
2878 3877 2934 3932 in
2964 3877 3183 3947 quibus
3226 3874 3496 3931 diabolus
3528 3890 3615 3929 re-

1980 3968 2217 4040 gnabat,
2233 3985 2298 4023 ac
2315 3969 2363 4023 si
2378 3968 2559 4023 dicat:
2576 3969 2921 4024 Defecerunt
2935 3983 3035 4038 per
3046 3970 3179 4019 tuos
3190 3963 3617 4035 praedicatores.

2051 4078 2081 4109 ι
2111 4058 2294 4113 Periit
2348 4058 2631 4113 memoria
2682 4073 2884 4112 eorum
2944 4070 3080 4110 cum
3111 4053 3326 4108 sonitu.
3364 4074 3391 4099 »
3430 4058 3619 4105 Sonus

1979 4146 2253 4201 doctrinae
2277 4146 2535 4212 illorum,
2568 4146 2653 4200 vel
2686 4143 3089 4200 haereticorum
3118 4140 3273 4196 mala
3303 4156 3437 4194 cum
3470 4138 3616 4210 ipsis

1977 4235 2167 4305 periit.
2198 4235 2300 4290 Vel
2328 4252 2460 4290 cum
2530 4234 2746 4300 sonitu,
2816 4234 2873 4287 id
2940 4236 3049 4293 est,
3118 4248 3152 4284 a
3208 4228 3616 4301 praedicatione

1977 4323 2292 4395 Evangelii.
2320 4347 2348 4372 ‹‹
2382 4328 2449 4377 Et
2473 4324 2753 4378 Dominus
2794 4321 2853 4376 in
2903 4328 3183 4375 aeternum
3235 4322 3554 4390 permanet.
3589 4339 3616 4365 ››

1976 4411 2047 4465 Et
2074 4412 2199 4482 ipse
2228 4418 2286 4466 et
2318 4412 2408 4466 sui
2441 4412 2629 4466 sancti
2660 4428 2793 4466 cum
2844 4408 3298 4464 tumultuatione
3350 4424 3458 4462 sua
3486 4421 3617 4477 per-

1976 4500 2166 4565 ibunt,
2198 4502 2257 4555 in
2291 4502 2502 4556 sas'cula
2532 4500 2775 4556 Domino
2802 4502 3206 4571 permanente,
3240 4502 3304 4551 ut
3334 4495 3612 4559 diximus,

1975 4595 2033 4643 et
2062 4590 2187 4645 suis
2214 4592 2453 4646 sanctis.

2048 4699 2076 4727 «
2106 4679 2406 4734 Paravitin
2424 4678 2671 4750 judicio,
2721 4700 2749 4727 ››
2784 4681 2889 4732 etc.
2947 4676 3117 4731 Omne
3170 4676 3319 4728 enim
3346 4671 3616 4738 iudicium

1974 4766 2125 4822 dedit
2145 4769 2289 4823 Filio
2311 4770 2495 4839 (Joan.
2532 4786 2584 4838 ν,
2616 4767 2726 4838 22).
2760 4789 2788 4816 «
2823 4766 3051 4821 Paravit
3082 4764 3142 4818 in
3165 4761 3388 4833 judicio
3416 4762 3615 4815 sedem

1977 4873 2184 4924 suam;
2221 4880 2248 4905 »
2282 4857 2337 4912 id
2371 4862 2480 4922 est,
2514 4856 2827 4911 Ecclesium
2855 4871 2868 4909 :
2900 4855 2971 4908 de
3003 4870 3122 4924 qua
3159 4852 3283 4923 ipse
3322 4848 3617 4921 judicabit

1975 4947 2175 5001 orbem
2206 4952 2392 5016 terrae,
2426 4947 2578 5017 quod
2607 4949 2745 5000 sunt
2773 4959 2978 4999 omnes
3007 4946 3227 5013 gentes.
3260 4962 3287 4989 ‹‹
3340 4941 3401 4993 In
3433 4937 3613 5008 aequi-

1974 5039 2093 5089 tate
2114 5036 2407 5106 judicabit
2437 5033 2703 5107 populos.
2740 5056 2767 5081 »
2796 5032 2958 5096 Quod
2992 5034 3081 5085 est
3102 5028 3366 5100 mquitas,
3394 5027 3505 5082 hoc
3527 5031 3617 5081 est

1974 5129 2031 5178 et
2050 5124 2302 5194 justitia,
2370 5125 2426 5178 id
2485 5130 2593 5189 est,
2652 5122 2939 5183 Christus.
2999 5118 3101 5173 Vel
3159 5119 3363 5173 iterato
3394 5115 3616 5171 scilicet

1975 5214 2224 5268 adventu
2255 5230 2388 5267 cum
2415 5212 2594 5284 justis
2642 5209 2898 5282 praemia,
2956 5208 3195 5279 injustis
3233 5206 3527 5261 infernum
3558 5210 3614 5260 et

1974 5318 2227 5372 poenam.

2045 5413 2073 5439 «
2110 5391 2175 5445 Et
2233 5392 2419 5445 factus
2474 5393 2564 5444 est
2622 5387 2902 5443 Dominus
2961 5386 3252 5457 refugium
3284 5383 3546 5456 pauperi.
3581 5404 3608 5430 »

1976 5481 1996 5533 Ι
2005 5484 2132 5535 nter
2154 5495 2465 5551 pauperem
2497 5484 2552 5533 et
2585 5478 3003 5543 adversarium,
3025 5475 3135 5529 hoc
3155 5479 3264 5545 est,
3289 5472 3609 5528 diabolum.

1965 5568 2148 5637 judex
2206 5569 2315 5623 erit
2357 5567 2664 5622 Christus:
2723 5565 2825 5636 qui
2873 5563 3168 5635 judicabit
3222 5563 3374 5617 inter
3422 5560 3609 5615 Eccle-

1974 5658 2123 5711 siam
2154 5662 2212 5711 et
2269 5655 2690 5719 adversarium,
2742 5655 2849 5709 hoc
2907 5657 3017 5721 est,
3075 5650 3396 5706 diabolum.
3450 5648 3613 5703 Unde
