3964 6190
361 324 468 384 891

1859 318 2279 379 APPENDIX.

3645 320 3776 379 892

366 455 507 510 etin
561 451 906 525 Apocalypsi
963 454 1204 510 dicitur:
1258 454 1366 511 Hui
1417 459 1495 511 est
1551 461 1835 510 accusator
1878 454 2003 522 {ra-
2034 454 2088 517 Α
2118 454 2276 520 sunt,
2310 449 2379 504 de
2410 448 2630 520 quibus
2653 447 2986 519 judicandaa
3018 451 3175 502 sunt.
3210 471 3238 497 ‹‹
3291 449 3353 502 In
3410 447 3628 521 laqueo
3664 451 3785 506 isto

361 552 507 599 trum
551 552 858 598 nostrorum
910 544 1090 614 (Apoc.
1145 563 1245 616 xu,
1307 545 1380 616 2).
1430 546 1531 599 Vel
1591 544 1670 597 illi
1725 559 2008 614 pauperes

364 633 464 702 qui
498 637 733 704 propter
761 648 895 685 eum
929 649 1214 703 pauperes
1273 634 1431 699 facti,
1488 632 1721 687 divitias
1779 648 1917 687 suas
1948 630 2007 683 in

363 721 524 775 cibos
548 719 910 775 distribuunt
942 724 1287 792 pauperum.
1344 722 1571 793 Adjutor
1601 723 1657 775 in
1690 720 2009 791 opportuni-

361 810 588 864 tatibus.
623 809 870 879 Adjutor
891 813 981 864 est
1026 809 1289 864 Ecclesiae
1344 827 1481 865 suae.
1542 812 1604 866 In
1635 806 2007 864 tribulatione.

365 899 605 962 Quando
636 902 1026 970 opportunum
1061 904 1169 968 est,
1203 903 1268 953 ut
1298 899 1380 954 ait
1409 897 1724 969 Apostolus
1763 916 1775 953 :
1809 898 2012 954 Fidelis

365 989 507 1042 Deus
564 989 658 1059 qui
715 1004 825 1042 non
881 988 1123 1058 patietur
1179 1004 1272 1043 vos
1323 991 1526 1043 tentari
1584 1004 1751 1058 supra
1782 987 1843 1042 id
1871 986 2012 1057 quod

364 1081 586 1148 poteshs
608 1095 625 1131 :
657 1079 753 1131 sed
782 1079 952 1149 faciet
978 1091 1105 1132 cum
1136 1080 1434 1132 tentatione
1453 1079 1624 1131 etiam
1667 1084 2007 1147 proventum,

365 1171 424 1220 ut
450 1168 695 1237 possistis
720 1168 995 1221 sustinere
1028 1166 1075 1237 (l
1101 1169 1227 1222 Cor.
1262 1184 1318 1231 x,
1352 1167 1474 1237 13):
1528 1183 1599 1221 ne
1648 1182 1781 1220 cum
1815 1181 2013 1237 pecca-

366 1256 594 1309 toribus
625 1254 683 1308 in
717 1254 1003 1326 supplicio
1035 1255 1385 1309 damnemur
1415 1259 1648 1310 esterno.

439 1366 466 1391 ‹‹
498 1343 828 1414 Sperent‘in
858 1347 933 1399 te.
970 1364 997 1391 »
1031 1344 1092 1397 Id
1124 1348 1230 1411 est,
1261 1359 1375 1397 non
1406 1341 1578 1408 in'se,
1614 1344 1713 1398 sed
1746 1344 1806 1397 in
1844 1346 1924 1409 te,
1958 1347 2015 1397 et

367 1449 480 1487 non
548 1433 607 1486 in
674 1431 1162 1503 concupiscentiis
1232 1430 1449 1487 saeculi.
1497 1454 1525 1481 ‹‹
1574 1432 1681 1498 Qui
1724 1437 2014 1487 noverunt

363 1537 577 1577 nomen
594 1525 783 1576 tuum.
813 1543 839 1569 »
855 1520 984 1576 Sive
1008 1520 1350 1592 potentiam,
1374 1521 1494 1576 sive
1519 1519 2011 1593 magnificentiam

363 1616 549 1666 tuam.
583 1610 684 1665 Vel
741 1626 953 1664 nomen
1013 1614 1228 1665 tuum?
1265 1609 1323 1665 id
1377 1614 1485 1681 est,
1546 1610 1755 1665 Filium
1819 1614 2008 1664 tuum.

365 1700 552 1762 Quare
583 1702 819 1769 propter
848 1697 956 1753 hoc
986 1698 1139 1769 quod
1173 1698 1478 1769 sequitur:
1514 1721 1542 1749 ‹‹
1577 1699 1863 1765 Quaniam
1896 1713 2011 1753 non

368 1785 729 1856 dereliquisti
761 1790 1087 1858 quaerentes
1114 1792 1189 1858 te,
1231 1787 1494 1843 Domine.
1528 1808 1555 1837 .›
1614 1788 1746 1842 Ideo
1777 1790 2014 1859 sperant

366 1874 542 1941 inte;
569 1877 634 1929 ut
656 1873 799 1928 illud
822 1891 835 1930 :
862 1875 919 1930 Si
952 1891 1162 1946 corpus
1195 1876 1486 1947 occidunt,
1522 1875 1780 1932 animam
1812 1880 2009 1931 autem

367 1981 483 2019 non
516 1968 765 2035 possunt
794 1964 1055 2021 occidere
1087 1964 1307 2036 (Matth.
1361 1984 1415 2032 x,
1471 1967 1581 2038 20).
1637 1967 1859 2021 Tamen
1887 1981 2013 2036 per-

369 2052 549 2109 mittit
576 2053 708 2109 illos
738 2054 971 2121 tentari,
1006 2056 1102 2110 sed
1139 2072 1255 2110 non
1289 2072 1730 2127 usquequaque.

437 2166 464 2191 ‹‹
499 2142 735 2199 Psallite
791 2143 1055 2199 Domino.
1110 2165 1138 2194 ››
1201 2144 1261 2199 Id
1322 2148 1429 2215 est,
1490 2149 1719 2200 cantate
1768 2144 2011 2201 Domino

340 2228 696 2303 'prazdicate,
731 2248 902 2303 opere
934 2230 1188 2303 implete.
1229 2255 1249 2281 α
1284 2234 1391 2296 Qui
1423 2233 1649 2289 habitat
1675 2233 1736 2288 in
1788 2234 1946 2288 Sion.
1982 2256 2009 2284 »

368 2312 528 2383 Sion,
560 2322 795 2391 specula,
856 2319 913 2374 id
974 2327 1083 2386 est,
1141 2320 1489 2391 Jerusalem,
1548 2322 1658 2377 hoc
1714 2325 1821 2389 est,
1873 2324 2010 2377 visio

366 2410 562 2476 pacis:
596 2409 766 2463 modo
798 2408 1055 2463 Ecclesia
1089 2409 1180 2462 hic
1211 2410 1571 2480 speculatio:
1624 2412 1762 2482 quia
1805 2427 2009 2482 specu-

368 2494 522 2549 latur
551 2496 622 2550 de
652 2498 846 2551 futuro
870 2497 1095 2567 judicio
1158 2499 1271 2553 Dei.
1331 2500 1439 2553 Sed
1497 2516 1629 2553 cum
1687 2500 1910 2554 venerit
1938 2500 2008 2553 ad

367 2584 689 2639 Jerusalem
724 2584 1034 2653 caelestem,
1070 2603 1178 2640 non
1213 2588 1321 2641 erit
1352 2592 1493 2641 tunc
1523 2586 1864 2658 speculatio,
1909 2590 2007 2643 sed

366 2672 531 2728 visio.
568 2673 730 2729 Unde
755 2674 897 2729 dicit
927 2673 1179 2730 Paulus:
1216 2676 1493 2731 Videmus
1544 2694 1699 2731 nunc
1744 2694 1850 2747 per
1879 2693 2009 2748 spe-

368 2762 565 2817 culum
597 2764 656 2817 in
709 2765 1036 2835 aenigmate,
1094 2768 1234 2818 tunc
1297 2770 1487 2820 autem
1524 2765 1667 2820 facie
1698 2767 1767 2821 ad
1805 2766 2007 2821 faciem

369 2853 422 2922 (Ι
448 2852 570 2907 Cor.
602 2870 727 2917 x111,
761 2854 847 2925 12)
878 2894 889 2907 .
924 2876 950 2903 ‹‹
988 2854 1337 2909 Annuntiate
1387 2855 1536 2909 inter
1585 2860 1784 2926 gentes
1816 2854 2010 2910 studia

369 2943 511 3012 ejus.
551 2965 577 2991 ››
634 2942 755 2997 Vox
815 2942 1106 3014 propheta:
1156 2943 1431 2998 admonet
1483 2943 1885 3015 praedicatores
1946 2949 2011 2997 ut

370 3031 703 3102 praicident.
756 3031 1092 3086 Annuntiate
1141 3031 1325 3086 studia
1371 3033 1529 3102 ejus:
1576 3032 1686 3087 hoc
1734 3037 1841 3099 est,
1867 3050 2007 3104 prae-

360 3114 558 3174 dicate
590 3120 866 3174 mandata
896 3121 1044 3190 ejus.
1097 3120 1361 3176 Forsitan
1415 3120 1495 3175 illi
1538 3121 1731 3176 dicent
1761 3139 1773 3176 :
1808 3121 2008 3176 Morie-

2120 555 2293 611 quem
2329 538 2782 605 absconderunt,
2821 561 2841 585 ι»
2904 541 3012 592 etc.
3045 537 3192 600 Quia
3238 539 3657 617 unusquisque
3694 540 3785 593 la-

2125 645 2338 701 queum
2371 644 2545 699 quem
2581 626 2743 681 alteri
2776 630 2942 699 parat
2971 627 3041 681 ad
3075 627 3423 695 cadendum,
3453 628 3577 699 ipse
3606 631 3785 700 prius

2121 719 2179 772 in
2210 734 2276 772 eo
2307 717 2492 771 cadet.

2197 829 2219 855 ι
2256 806 2652 877 CognosCetur
2686 806 2968 861 Dominus
3016 805 3243 875 judicia
3295 805 3537 861 faciens.
3572 830 3601 856 υ
3671 806 3785 861 Co-

2119 900 2428 967 gnoscetur,
2490 894 2600 950 hoc
2657 898 2764 961 est,
2826 894 2909 949 ad-
2948 894 3263 965 judicium.
3301 916 3328 943 «
3387 896 3450 949 In
3494 896 3785 966 operibus

2125 1000 2407 1040 manuum
2460 1000 2702 1040 suarum
2762 982 3219 1054 comprehensus
3275 988 3365 1038 est
3415 989 3713 1055 peccator.
3752 1008 3776 1035 ι

2122 1073 2267 1137 Quia
2296 1072 2709 1146 unusquisque
2739 1077 3007 1145 peccator
3035 1073 3160 1143 ipse
3191 1071 3303 1127 sibi
3345 1089 3547 1127 secum
3584 1078 3787 1144 portat

2124 1168 2181 1218 et
2206 1163 2395 1229 funes,
2430 1166 2486 1216 et
2514 1161 2765 1227 vincula,
2810 1164 2868 1216 et
2918 1165 3230 1227 tormenta,
3291 1161 3449 1216 unde
3482 1160 3785 1216 sustineat

2125 1251 2296 1306 mala.
2320 1250 2464 1306 Nam
2490 1251 2562 1306 ab
2590 1249 2724 1305 aliis
2747 1266 2860 1305 non
2882 1255 2973 1305 est
2992 1266 3230 1305 necesse
3264 1250 3585 1321 praeparari
3624 1250 3781 1305 unde

2123 1344 2489 1411 torqueatur,
2512 1356 2647 1394 cum
2676 1339 2800 1410 ipse
2822 1338 2933 1395 sibi
2960 1344 3244 1411 praeparet
3276 1355 3404 1410 quae
3433 1340 3508 1394 ad
3543 1356 3779 1410 poenam

2125 1429 2418 1501 pertinent
2445 1445 2459 1483 :

2196 1540 2224 1567 «
2257 1517 2678 1573 Convertuntur
2707 1519 3038 1588 peccatores
3069 1516 3127 1570 in
3157 1516 3476 1571 infernum.
3518 1539 3541 1567 ι
3576 1519 3640 1572 Id
3673 1523 3777 1586 est,

2124 1607 2265 1678 quia
2295 1605 2449 1661 ultra
2472 1606 2645 1661 finem
2673 1605 2868 1660 seculi
2899 1605 3088 1661 vivere
3108 1604 3331 1672 volunt,
3352 1612 3783 1661 convertantur

2125 1696 2183 1749 in
2216 1695 2532 1751 infernum.
2567 1717 2595 1745 ‹‹
2628 1694 2844 1750 Omnes
2896 1698 3099 1767 gentes
3155 1711 3281 1766 quae
3338 1693 3782 1751 obliviscuntur

2125 1785 2328 1839 Deum.
2367 1806 2387 1832 η
2425 1784 2542 1839 Hoc
2572 1788 2659 1838 est
2688 1782 2787 1855 qui
2818 1782 3023 1838 dicunt
3067 1784 3222 1855 quod
3273 1783 3430 1839 Deus
3461 1783 3779 1840 oblivisca-

2121 1879 2239 1939 tur,
2285 1877 2343 1928 et
2393 1890 2509 1927 non
2568 1872 2781 1927 habent
2836 1889 3036 1928 curam
3090 1873 3163 1927 de
3216 1872 3393 1928 rebus
3449 1873 3608 1939 suis,
3670 1873 3781 1945 ipsi

2122 1962 2543 2019 obliviscantur
2573 1979 2606 2016 a
2637 1962 2917 2018 Domino:
2961 1961 3101 2034 quia
3157 1978 3272 2017 non
3329 1962 3542 2017 dicunt
3569 1979 3774 2018 verum

2123 2053 2276 2123 quod
2329 2052 2482 2107 Deus
2543 2040 2923 2107 obliviscatur
2969 2054 3266 2106 creaturas
3296 2068 3482 2119 suas;
3516 2050 3666 2123 quia
3696 2052 3782 2106 di-

2123 2140 2204 2197 cit
2226 2158 2238 2195 :

2197 2251 2225 2281 ‹‹
2257 2230 2543 2294 Quoniam
2575 2246 2689 2285 non
2720 2230 2780 2284 in
2810 2230 2985 2285 tinem
3026 2229 3261 2298 oblivio,
3299 2252 3321 2278 υ
3374 2234 3484 2286 etc.
3542 2230 3700 2295 Quia
3728 2233 3776 2286 si

2124 2319 2336 2387 diﬂ'ert,
2408 2336 2523 2375 non
2591 2320 2779 2374 aufert
2845 2334 3017 2373 suum
3099 2318 3383 2374 auxilium
3449 2336 3487 2373 a
3553 2320 3773 2374 sanctis

2123 2408 2267 2464 suis.

2197 2519 2224 2547 ‹‹
2257 2497 2534 2566 Exsurge,
2560 2497 2824 2563 Domine,
2857 2514 2973 2553 non
3001 2497 3309 2569 praevaleat
3335 2498 3555 2554 .bomo.
3595 2522 3624 2546 ι»
3660 2499 3772 2553 Vox

2125 2583 2391 2640 Ecclesiae
2437 2590 2609 2641 sonat
2655 2590 2856 2641 contra
2898 2586 3361 2642 Antichristum:
3406 2589 3686 2656 Exsurge,
3720 2588 3773 2641 in

2114 2673 2446 2745 judicium:
2483 2697 2511 2723 ››
2543 2692 2658 2729 non
2692 2674 2999 2747 praevaleat
3026 2674 3242 2743 homo;
3278 2698 3298 2723 ι
3336 2676 3392 2729 id
3445 2680 3555 2737 est,
3592 2675 3772 2729 homo

2121 2767 2389 2833 peccator
2414 2763 2831 2819 Antichristus.
2868 2786 2896 2813 ‹‹
2929 2764 3275 2820 Judicentur
3295 2769 3498 2837 gentes
3522 2765 3581 2818 in
3607 2781 3771 2820 cous-

2120 2856 2321 2923 spectu
2347 2856 2468 2906 tuo.
2505 2873 2533 2901 ››
2566 2852 2801 2909 Duobus
2834 2853 3024 2908 modis
3055 2853 3312 2925 primum
3362 2854 3488 2925 jam
3530 2853 3590 2907 in
3628 2870 3772 2924 prae-

2121 2939 2363 2995 scientia
2390 2941 2487 2996 Dei
2505 2940 2755 3012 judicati
2787 2944 2945 2997 sunt.
2973 2944 3160 3008 Quare
3181 2942 3208 2997 ?
3266 2943 3413 3008 Quia
3467 2942 3543 2996 ad
3574 2942 3767 2997 Eccle—

2121 3031 2269 3085 siam
2304 3047 2419 3086 non
2452 3031 2763 3102 pertinent,
2826 3031 2926 3086 sed
2987 3032 3057 3085 ad
3116 3031 3586 3086 Antichristum:
3634 3031 3767 3101 quia

2120 3119 2341 3174 dictum
2368 3124 2457 3174 est
2482 3136 2494 3173 :
2525 3120 2634 3188 Qui
2662 3124 2847 3175 autem
2873 3136 2981 3176 non
3012 3120 3206 3201 credit,
3231 3122 3355 3192 jam
3382 3120 3669 3191 judicatus
3698 3122 3766 3174 est

372 3225 504 3262 mur
533 3208 580 3262 si
613 3208 683 3262 ad
728 3214 928 3279 gentes
987 3209 1523 3279 ambulaverimus;
1588 3210 1688 3265 sed
1746 3210 2014 3282 adjungit
2042 3194 2084 3259 C
2123 3208 2299 3278 (Joan.
2334 3225 2420 3275 III,
2452 3208 2563 3279 48).

373 3297 656 3370 propheta
681 3315 692 3352 :

440 3387 786 3450 «Quoniam
842 3388 1145 3459 requirens
1202 3389 1549 3460 sanguinem
1610 3405 1831 3444 eorum.
1869 3411 1889 3435 ι
1945 3392 2013 3441 Et

369 3475 690 3530 Dominus:
729 3474 915 3530 Nolite
947 3476 1187 3531 timere:
1223 3478 1362 3548 quia
1391 3478 1441 3533 si
1479 3477 1748 3533 occidunt
1778 3493 2009 3549 corpus,

374 3564 631 3617 animam
702 3580 813 3617 non
882 3554 1130 3635 possunt
1195 3566 1455 3621 occidere
1522 3568 1727 3635 (Matth.
1797 3584 1851 3636 x,
1896 3566 2008 3637 28).

375 3651 788 3705 «Memoratus
844 3657 933 3707 est
991 3653 1308 3709 Dominus:
1369 3664 1423 3708 et
1482 3671 1596 3709 non
1658 3660 1748 3709 est
1794 3653 2012 3710 oblitus

375 3739 694 3794 orationem
729 3740 1022 3812 pauperis.
1083 3744 1161 3796 Ac
1202 3743 1249 3796 si
1312 3742 1468 3797 dicat
1526 3743 1851 3815 prbpheta:
1886 3744 2011 3798 Non

374 3833 463 3883 est
492 3826 709 3883 oblitus
764 3828 1058 3885 vindicare
1116 3831 1461 3902 sanguinem
1522 3837 1799 3887 vestrum.
1852 3832 2015 3888 Unde

371 3917 498 3989 ipse
529 3917 812 3972 Dominus
861 3917 1040 3972 dixit:
1074 3919 1214 3973 Deus
1272 3923 1457 3974 autem
1495 3937 1609 3974 non
1639 3922 1802 3991 faciet
1832 3920 2013 3975 vindi-

372 4014 517 4062 ctam
560 4007 854 4062 electorum
883 4023 1109 4062 suorum
1134 4008 1495 4063 clamantium
1552 4010 1630 4063 ad
1686 4025 1743 4064 se
1800 4008 1894 4064 die
1952 4026 2016 4063 ac

371 4105 526 4152 nocte
556 4097 707 4165 (Luc.
740 4113 902 4161 xvm,
934 4096 1041 4168 7)?

444 4209 469 4233 «
507 4186 775 4240 Miserere
802 4186 938 4256 mei,
968 4186 1231 4241 Domine.
1270 4209 1297 4236 »
1330 4186 1451 4241 Vox
1483 4186 1748 4242 Ecclesia:
1774 4203 1786 4240 :
1812 4210 1839 4236 ‹‹
1873 4187 2015 4242 Vide

377 4272 768 4328 humilitatem
800 4290 989 4329 meam
1024 4275 1094 4330 de
1125 4275 1381 4331 inimicis
1443 4275 1624 4331 meis:
1659 4275 1760 4347 qui
1791 4274 2015 4330 exultas

375 4378 467 4416 me
497 4361 567 4416 de
603 4362 783 4433 portis
844 4363 1070 4427 mortis.
1132 4387 1151 4411 ιο
1215 4369 1323 4419 etc.
1388 4369 1569 4419 Portis
1627 4364 1836 4419 mortis
1879 4369 2018 4419 sunt

374 4451 567 4506 studia
603 4456 931 4523 parentum,
966 4452 1063 4523 qui
1114 4453 1379 4508 colebant
1425 4454 1685 4509 diversos
1735 4456 1872 4509 deos
1901 4454 2014 4509 dae-

2194 3320 2221 3347 ‹‹
2256 3296 2578 3363 Constitue,
2610 3297 2879 3366 Domine,
2912 3298 3305 3371 legislatorem
3364 3315 3545 3370 super
3582 3314 3703 3354 eos.
3734 3320 3759 3345 ει

2123 3386 2185 3441 Id
2216 3390 2323 3452 est,
2356 3385 2801 3453 Anticliristum,
2835 3386 3268 3459 quilator.legis
3298 3386 3466 3442 mala:
3487 3387 3762 3442 doctrina

2121 3478 2229 3541 est,
2263 3479 2327 3528 ut
2357 3475 2437 3529 ait
2496 3475 2741 3531 Paulus:
2803 3476 3104 3532 Noluerunt
3163 3479 3408 3548 recipere
3462 3479 3762 3543 veritatem,

2120 3564 2211 3618 sed
2230 3570 2616 3619 consenserunt
2650 3566 2940 3636 iniquitati
2967 3568 3038 3634 (Il
3071 3564 3251 3621 Thess.
3285 3583 3347 3631 II,
3386 3568 3494 3636 tl).

2197 3675 2216 3701 α
2253 3651 2450 3707 Sciant
2477 3657 2678 3724 gentes
2718 3653 2995 3726 quoniam
3047 3654 3314 3710 homines
3374 3660 3535 3710 sunt.
3565 3678 3593 3706 ››
3628 3656 3759 3711 Cum

2123 3741 2519 3797 condemnata:
2552 3741 2786 3812 fuerint,
2819 3747 2958 3798 tunc
3015 3749 3367 3816 cognoscent
3420 3744 3565 3814 quia
3607 3760 3759 3815 spem

2122 3831 2181 3884 in
2215 3830 2452 3887 homine
2482 3836 2825 3902 posuerunt,
2860 3837 2917 3887 et
2946 3849 3063 3887 non
3121 3832 3179 3887 in
3242 3838 3444 3901 Deum,
3477 3834 3579 3905 qui
3612 3834 3759 3888 solus

2125 3920 2348 3976 salvare
2377 3925 2588 3992 potest.
2830 3919 2847 3929 “

2197 4032 2225 4056 ‹‹
2287 4009 2525 4080 thuid,
2586 4009 2851 4072 Domine,
2916 4011 3210 4065 recessisti
3268 4010 3491 4083 longe?
3527 4035 3547 4059 -
3587 4014 3759 4079 Quare

2124 4096 2363 4168 elongas
2394 4097 2648 4153 salutare
2678 4102 2847 4153 tuum
2880 4115 3014 4153 cum
3051 4116 3154 4155 nos
3176 4100 3528 4155 inﬂammati
3564 4116 3758 4156 sumus

2114 4186 2198 4240 'ab
2256 4186 2684 4258 exspectatione
2738 4187 3024 4257 adventus
3079 4189 3208 4243 tui?
3263 4188 3421 4244 Unde
3482 4190 3759 4244 Dominus

2125 4274 2270 4329 dixit
2299 4275 2357 4328 in
2390 4274 2697 4347 Evangelio
2723 4290 2736 4329 :
2767 4276 2885 4331 Nisi
2922 4275 3153 4332 breviati
3205 4280 3439 4345 fuissent
3495 4279 3621 4333 dies
3657 4278 3758 4346 illi,

2124 4379 2231 4418 non
2290 4363 2446 4433 ﬁeret
2499 4364 2654 4418 salva
2709 4364 2886 4419 omnis
2953 4380 3079 4420 caro
3156 4367 3365 4435 (Matth.
3434 4384 3592 4431 xxxv,
3657 4366 3757 4435 2'2).

2132 4471 2154 4499 ι
2192 4452 2447 4524 Despicis
2472 4452 2531 4508 in
2563 4453 3120 4523 opportunitatibus,
3159 4478 3184 4503 ››
3215 4460 3323 4511 etc.
3378 4461 3542 4511 'l‘unc
3570 4456 3760 4510 viden-

374 4540 726 4596 moniorum.
759 4540 871 4611 Ipsi
905 4546 1070 4595 erant
1100 4545 1278 4612 portas
1335 4542 1563 4605 mortis,
1614 4558 1862 4612 quorum
1914 4542 2013 4597 do-
2050 4562 2094 4626 ι)
2127 4545 2224 4595 tur
2242 4541 2812 4613 despicere,quando
2828 4547 3571 4615 opportunumtempusest
3587 4542 3762 4599 Eccle-

373 4629 561 4684 ctrina
592 4630 661 4683 ad
692 4634 937 4683 mortem
994 4630 1259 4684 ducebat.
1314 4629 1529 4685 Aliter:
1563 4635 1744 4685 Pertaa
1790 4631 2016 4695 mortis,

373 4718 775 4774 haereticorum
801 4718 1063 4773 doctrina
1088 4718 1157 4772 de
1180 4718 1397 4789 quibus
1448 4718 1628 4791 portis
1656 4717 1904 4774 exaltata
1931 4724 2019 4773 est

374 4807 663 4863 Ecclesia:
698 4812 753 4861 et
785 4807 967 4861 missa
1022 4811 1110 4861 est
1140 4806 1197 4859 in
1260 4811 1453 4878 portas
1512 4806 1642 4861 ﬁliae
1698 4807 1858 4873 Sion,
1891 4824 2017 4878 quae

372 4903 512 4951 sunt
541 4903 721 4968 portae
744 4896 893 4951 vitae.
919 4896 1085 4951 Sicut
1113 4913 1215 4968 per
1246 4895 1458 4951 malam
1495 4896 1817 4951 doctrinam
1850 4897 2017 4967 quasi

372 4991 567 5055 portas
599 4984 805 5040 mortis
836 4984 1244 5057 intelligimus,
1279 5001 1405 5056 qua:
1439 5002 1545 5039 nos
1603 4985 1672 5040 ad
1716 4985 2015 5040 interitum

372 5073 631 5128 ducunt:
695 5074 778 5127 ita
835 5079 890 5127 et
942 5077 1136 5141 portas
1190 5074 1318 5128 vita:
1379 5073 1766 5145 intelligimus
1833 5074 2017 5129 bonos

373 5162 805 5231 przedicatores,
866 5161 964 5233 qui
1027 5178 1130 5217 nos
1187 5179 1289 5233 per
1347 5178 1513 5216 suam
1574 5161 1897 5217 doctrinam
1941 5163 2011 5217 ad

369 5248 546 5303 vitam
581 5254 855 5303 aeternam
889 5250 1130 5304 ducunt.

443 5361 467 5385 ‹‹
505 5337 819 5392 Exsultaho
855 5339 911 5392 in
946 5337 1184 5392 salutari
1218 5343 1338 5393 tuo.
1379 5363 1399 5387 ι
1441 5338 1767 5404 Exsultabo,
1812 5340 1868 5394 id
1902 5343 2012 5401 est,

373 5426 681 5498 gaudebo:
717 5450 740 5475 ‹‹
778 5427 838 5480 In
874 5425 1113 5481 salutari
1148 5433 1268 5493 tuo,
1298 5451 1325 5475 ››
1356 5428 1415 5483 in
1446 5428 1676 5485 Christo
1709 5434 1827 5483 tuo.
1872 5421 1882 5430 ’

444 5537 470 5562 ‹‹
504 5516 698 5571 Infixae
726 5521 864 5571 sunt
890 5521 1089 5586 gentes
1115 5515 1171 5568 in
1198 5515 1431 5572 interitu
1468 5534 1640 5588 quem
1676 5519 1953 5572 fecerunt.
1980 5539 2002 5568 )-

372 5604 489 5660 Hoc
519 5610 630 5671 est,
654 5606 711 5659 in
740 5603 910 5658 malis
936 5602 1209 5675 operibus
1241 5619 1367 5672 qua:
1398 5605 1677 5672 fecerunt,
1709 5605 1787 5661 ibi
1818 5606 2007 5660 inﬁxae

2129 4629 2225 4685 size
2248 4634 2312 4684 ut
2330 4632 2580 4700 adjuvet,
2601 4637 2662 4687 et
2685 4649 2797 4687 non
2824 4633 3020 4688 statim
3055 4632 3307 4687 occurrit
3353 4632 3438 4686 illi
3492 4634 3553 4688 in
3588 4633 3762 4687 tribu-

2130 4718 2365 4775 latione.
2391 4720 2623 4783 Quare?
2654 4726 2717 4776 ut
2741 4721 2902 4776 illum
2952 4726 3215 4777 exerceat
3243 4722 3571 4777 secundum
3605 4735 3761 4775 suam

2129 4806 2483 4863 voluntatem
2514 4826 2526 4863 :
2561 4808 2700 4880 quia
2724 4816 2943 4881 quanto
2964 4811 3152 4881 magis
3168 4811 3380 4875 differt,
3401 4815 3566 4865 tanto
3586 4807 3760 4879 magis

2128 4896 2387 4952 Ecclesia
2418 4897 2695 4952 dilatatur
2723 4898 2782 4953 in
2815 4898 3104 4954 desiderio
3133 4915 3260 4954 suo.

2199 5009 2226 5033 ‹‹
2261 4990 2408 5040 Dum
2441 4987 2702 5058 superbit
2731 4987 2970 5060 impius,
3009 5009 3038 5038 »
3067 4993 3177 5043 etc.
3206 4987 3355 5042 Dum
3387 4987 3761 5060 superbitim-

2127 5075 2280 5145 pius,
2312 5074 2751 5131 Antichristus:
2788 5076 3128 5132 accenditur
3174 5092 3418 5148 pauper,
3454 5099 3481 5125 υ
3521 5073 3765 5132 Ecclesia

2126 5163 2185 5217 in
2257 5162 2655 5236 tribulatione,
2722 5183 2756 5220 a
2821 5165 3098 5237 superbia
3156 5166 3345 5237 ipsius
3406 5162 3758 5220 Antichristi.

2126 5274 2152 5301 ‹‹
2216 5251 2810 5324 Comprehenduntur
2865 5257 2923 5308 in
2982 5253 3264 5324 consiliis,
3303 5273 3325 5300 α
3360 5260 3473 5309 etc.
3510 5254 3598 5308 Ab
3627 5249 3757 5324 ipsis

2123 5339 2279 5395 enim
2325 5341 2781 5413 cogitationibus
2838 5341 2961 5398 suis
3019 5340 3355 5415 alligantur,
3412 5343 3515 5414 qui
3571 5347 3754 5397 contra

2122 5429 2304 5484 Deum
2339 5435 2497 5484 sunt.

2194 5541 2221 5567 ‹‹
2247 5519 2528 5583 Quoniam
2550 5519 2825 5575 laudatur
2846 5521 3192 5592 peccatorin
3225 5522 3554 5585 desideriis,
3591 5543 3611 5568 ι
3643 5522 3736 5572 etC-

2119 5607 2205 5661 Ab
2237 5607 2661 5678 adulatoribus,
2695 5615 2749 5664 et
2778 5626 2892 5665 non
2924 5610 3151 5682 ajustis
3173 5610 3453 5668 laudatur
3476 5614 3743 5683 peccator,
