3964 6190
156 361 281 421 893

166 581 377 646 alium,
411 581 552 634 dum
588 596 647 634 se
680 580 921 636 idvicem
953 580 1214 646 laudant,
1248 582 1541 636 occidunt.

238 692 267 719 ‹‹
303 669 678 724 Exacerbavit
714 670 1023 724 Dominum
1056 674 1341 741 peccator.
1378 690 1406 718 »
1467 671 1597 741 Ipse
1646 668 1811 725 Anti-

159 759 485 816 christus.»
509 759 841 813 Secundum
875 758 1313 814 multitudinem
1341 760 1439 813 ira:
1469 750 1646 814 suae.»
1670 758 1815 823 Quia

164 846 406 920 ﬂagella
434 845 818 918 correptionis
853 862 964 901 non
999 848 1245 919 accepit.
1282 871 1315 921 «_
1352 848 1476 903 Non
1508 852 1748 919 qureret.
1785 869 1813 895 ››

164 940 246 992 Ut
276 954 339 991 se
370 935 540 1008 quasi
572 936 754 991 Deum
790 936 1036 991 adorent
1068 954 1080 992 :
1114 936 1223 991 hoc
1251 942 1361 1003 est,
1415 953 1530 992 non
1588 940 1678 993 est
1725 936 1811 991 di-

165 1042 325 1099 gnus
355 1030 422 1079 ut
451 1025 802 1096 requiratur,
838 1025 935 1079 sed
971 1029 1035 1079 ut
1063 1024 1360 1097 puniatur.

249 1135 276 1165 σι
306 1115 432 1169 Non
464 1118 554 1168 est
582 1118 735 1168 Deus
764 1113 824 1167 in
851 1118 1166 1185 conspectu
1188 1115 1337 1185 ejus.
1361 1136 1390 1165 »
1419 1113 1565 1177 Quia
1595 1112 1738 1169 nihil
1762 1114 1814 1169 ei

164 1205 414 1277 dignum
446 1208 740 1275 operatur.
782 1223 809 1254 ι
842 1202 1163 1274 lnquinatae
1194 1208 1332 1259 sunt
1358 1204 1463 1258 viae
1492 1202 1712 1272 illius,»
1726 1208 1816 1259 etc

166 1294 297 1349 Non
312 1292 469 1348 enim
489 1308 594 1364 per
607 1291 757 1346 viam
774 1298 990 1346 rectam
1006 1292 1233 1364 graditu
1243 1310 1423 1365 r,quaa
1441 1298 1529 1348 est
1551 1292 1817 1348 Christus

246 1406 274 1432 ‹‹
310 1381 909 1452 Auferenturjudicia
939 1386 1063 1448 tua,
1100 1404 1121 1430 ι
1157 1386 1266 1437 etc.
1326 1381 1431 1446 Qui
1466 1399 1581 1437 non
1634 1382 1818 1437 credit

165 1475 229 1528 in
264 1489 327 1528 se
356 1472 620 1526 futurum
654 1470 1105 1541 essejudicium.
1150 1471 1408 1527 Omnium
1436 1472 1814 1540 inimicorum,

169 1566 230 1616 et
262 1558 723 1616 Christianorum
757 1560 961 1631 utique
992 1560 1063 1614 ad
1116 1561 1481 1631 probandum
1535 1561 1632 1632 qui
1681 1576 1812 1615 eum

170 1650 343 1722 sequi
377 1653 773 1704 contemnunt.

254 1762 282 1788 ‹‹
312 1737 465 1793 Dixit
494 1737 648 1793 enim
684 1737 743 1792 in
797 1738 988 1793 corde.
1024 1760 1053 1789 »
1085 1744 1194 1793 etc.
1243 1743 1479 1811 Semper
1520 1738 1674 1794 enim
1725 1754 1814 1794 se-

1244 440 1249 447 η
1336 356 1835 421 BREVIARIUM
1878 357 1958 418 IN
2006 359 2387 421 PSALMOS.

155 499 305 546 tunc
355 491 592 562 quando
640 494 877 563 pecator
934 493 1295 563 peccatorem
1370 490 1593 561 laudat,
1657 490 1808 547 alius
1842 493 1892 558 Α

3447 363 3566 421 894

1998 514 2025 540 ‹‹
2081 494 2334 563 Exsurge
2384 491 2650 547 Domine.
2702 512 2730 541 »
2781 490 2899 545 Hoc
2958 494 3095 557 est,
3133 491 3204 546 ad
3247 492 3563 561 judicium.

1922 580 2177 636 Ecclesia
2200 581 2342 635 dicit
2372 585 2571 635 contra
2604 578 3043 644 Antichristum,
3095 599 3124 628 »
3169 581 3237 633 Et
3285 581 3568 636 exaltetur

1925 687 2136 725 manus
2166 674 2287 725 tua.
2326 693 2351 717 ››
2388 671 2445 725 ld
2483 674 2571 723 est
2602 668 2859 740 potentia
2914 673 3010 721 tua
3048 684 3059 721 :
3097 668 3237 722 dum
3282 670 3571 725 Antichri-

1920 765 2048 815 stus
2091 776 2153 815 se
2195 758 2392 814 taliter
2435 760 2623 829 jactat
2662 756 2860 814 omnia
2923 755 3218 828 possidere
3256 757 3383 812 sine
3430 760 3563 815 fine.

1924 872 1952 900 «
1984 854 2065 904 Ne
2096 847 2459 904 obliviscaris
2491 862 2813 919 pauperum
2863 845 2922 899 in
2975 846 3175 899 finem.
3230 868 3250 892 ι
3287 845 3437 900 Dum
3470 847 3568 903 ille

1925 954 1986 993 se
2015 936 2155 992 dicit
2185 951 2425 1009 regnare
2456 952 2643 1007 usque
2674 935 2733 990 in
2766 935 2962 989 linem.
2998 934 3237 1005 Propter
3259 933 3365 989 hoc
3391 951 3562 1006 supe-

1925 1027 2047 1082 rius
2078 1028 2236 1083 dicit.

1997 1140 2023 1167 «
2052 1108 2300 1173 I'rritavit
2331 1116 2550 1188 impius
2583 1120 2782 1170 Deum.
2821 1136 2847 1163 ››
2880 1114 2940 1168 Id
2969 1119 3077 1183 est,
3139 1114 3561 1170 Antichristus.

1928 1229 1955 1256 α
1986 1207 2139 1262 Dixit
2166 1206 2319 1262 enim
2353 1207 2411 1260 in
2443 1205 2614 1260 corde
2673 1220 2798 1258 suo.
2848 1203 2970 1259 Non
3022 1204 3278 1274 requiret
3321 1204 3493 1258 Deus.
3533 1225 3560 1251 ››

1925 1293 2636 1352 DicitAntichristuszNon
2668 1297 2831 1347 curat
2866 1294 3014 1347 Deus
3042 1293 3113 1346 de
3144 1292 3255 1347 isto
3278 1292 3567 1362 praesenti.

1997 1409 2023 1435 ‹‹
2058 1384 2234 1439 Vides
2267 1382 2543 1455 quoniam
2580 1386 2641 1436 tu
2675 1381 2931 1436 laborem
2966 1386 3023 1435 et
3069 1380 3331 1436 dolorem
3379 1380 3569 1436 consi-

1926 1475 2114 1529 deras.
2152 1495 2179 1521 »
2214 1471 2501 1543 PrOpheta
2530 1470 2792 1542 loquitur
2823 1471 2892 1524 ad
2958 1470 3133 1524 Deum
3175 1487 3187 1523 :
3221 1468 3367 1532 Quia
3404 1469 3569 1523 Anti-

1925 1562 2182 1617 christus
2213 1562 2535 1616 meditatur
2563 1564 2626 1614 ut
2657 1564 2879 1628 noceat,
2923 1563 2984 1613 tu
3044 1558 3400 1612 consideras.
3439 1580 3459 1605 ι
3498 1556 3570 1611 Ut

1923 1652 2120 1707 tradas
2152 1668 2251 1706 eos
2283 1651 2342 1705 in
2374 1665 2587 1704 manus
2620 1653 2769 1703 tuas.
2806 1669 2833 1696 »
2864 1647 3073 1702 Manus
3104 1628 3204 1701 Dei
3250 1644 3335 1699 illi
3368 1645 3569 1700 dicun-

1924 1746 2042 1807 tur,
2093 1740 2191 1812 qui
2255 1740 2478 1811 justam
2519 1737 2838 1792 vindictam
2900 1735 3001 1790 Dei
3069 1738 3339 1790 exercent
3393 1748 3571 1804 super

171 1829 386 1883 ducam
419 1826 710 1895 homines,
742 1831 808 1882 ut
838 1827 896 1881 in
928 1826 1100 1882 malis
1129 1831 1584 1900 perseverantes,
1615 1826 1816 1883 volun-
1845 1859 1895 1925 B
1928 1834 2280 1902 peccatores.
2310 1831 2553 1900 Propter
2581 1826 2690 1882 hoc
2723 1842 2956 1891 manus,
2991 1823 3130 1896 quia
3158 1839 3262 1895 per
3292 1822 3423 1879 illos
3453 1822 3575 1876 vin-

167 1916 277 1972 tati
313 1916 413 1971 Dei
443 1916 742 1971 resistant.
775 1938 803 1966 ››
839 1916 991 1971 Dixit
1018 1916 1236 1984 enim,»
1259 1917 1367 1973 hoc
1395 1921 1501 1980 est,
1523 1917 1815 1973 Antichri-

169 2012 301 2062 stus
334 2023 348 2060 :
383 2006 526 2077 quid
560 2005 705 2061 dixit
733 2005 761 2060 ?
792 2028 819 2055 «
852 2005 977 2060 Non
1010 2006 1282 2061 movebor
1312 2023 1344 2061 a
1373 2006 1815 2077 generationein

170 2094 608 2167 generationem
641 2093 766 2149 sine
788 2094 945 2149 malo
978 2112 992 2161 ;
1030 2116 1057 2143 »
1090 2095 1145 2148 id
1196 2098 1303 2165 est,
1353 2098 1516 2149 tanta
1546 2094 1702 2149 mala
1731 2095 1814 2149 fa-

171 2185 324 2239 ciam
356 2183 415 2237 in
446 2200 566 2238 una
604 2188 774 2255 gente
812 2187 879 2238 ut
928 2187 1243 2255 antequam
1292 2183 1520 2238 veniam
1570 2184 1639 2239 ad
1674 2184 1822 2239 alte-

174 2289 301 2327 ram
354 2277 607 2344 gentem,
659 2276 830 2327 antea
881 2288 1071 2328 meam
1131 2273 1348 2327 famam
1397 2272 1640 2327 audiant
1667 2278 1725 2326 et
1754 2272 1822 2326 ti-

166 2365 399 2415 .meant.
431 2359 649 2414 Aliter:
677 2360 799 2414 Non
834 2360 1107 2415 movebor
1135 2376 1168 2413 a
1199 2360 1573 2431 generatione
1603 2358 1821 2413 carnali

178 2451 239 2503 in
274 2448 706 2521 generationem
731 2447 1094 2519 spiritualem
1129 2464 1143 2502 :
1185 2447 1244 2502 id
1271 2452 1379 2513 est,
1409 2448 1479 2502 de
1509 2452 1664 2503 terra
1685 2463 1818 2502 cum

184 2554 429 2609 corpore
458 2538 516 2591 in
548 2538 758 2592 ccelum
803 2537 1191 2593 conscendam
1228 2554 1241 2591 :
1273 2539 1398 2592 sine
1450 2538 1623 2607 malo,
1674 2553 1741 2592 ac
1772 2537 1821 2591 si

180 2627 339 2681 dicat
389 2626 516 2681 sine
564 2626 684 2681 ulla
725 2627 962 2697 injuria.
1021 2627 1165 2682 Cum
1214 2626 1461 2682 voluerit
1509 2627 1823 2681 ascendere

180 2716 253 2770 ad
296 2721 552 2770 montem
589 2715 1107 2785 Oliveti,Dominus
1127 2731 1261 2771 eum
1280 2715 1588 2770 interficiet
1609 2715 1821 2787 spiritu

177 2804 298 2859 oris
330 2804 419 2858 sui
451 2804 523 2874 (II
542 2804 718 2859 Thess.
752 2822 815 2872 ιι,
845 2805 921 2870 8).
967 2803 1164 2859 Voluit
1213 2821 1367 2859 unus
1419 2805 1490 2859 de
1539 2804 1822 2860 membris

178 2892 307 2949 suis
338 2893 535 2947 Simon
563 2893 767 2966 Magus
806 2893 1015 2948 cmlum
1039 2894 1450 2960 conscendere,
1473 2894 1573 2949 sed
1600 2892 1822 2947 interiit

252 3003 280 3030 ‹‹
313 2982 492 3053 Cujus
522 2999 587 3037 os
616 2982 1026 3037 maledictione
1056 2987 1115 3037 et
1143 2982 1535 3037 amaritudine
1582 2981 1821 3054 plenum

174 3076 286 3126 est.
326 3095 349 3121 ι
386 3087 453 3125 ac
482 3071 530 3125 si
563 3069 720 3126 dicat
752 3088 764 3125 :
798 3070 905 3138 Qui
939 3088 1001 3127 se
1031 3088 1137 3126 sua
1173 3070 1407 3142 justitia
1428 3072 1613 3143 jactat
1652 3074 1717 3124 ut
1746 3071 1824 3125 sit

179 3159 518 3232 Deus,apud
549 3159 731 3215 Deum
756 3158 1106 3215 maledictus
1126 3164 1238 3215 est.
1256 3183 1283 3209 ‹‹
1306 3160 1420 3215 Sub
1442 3160 1642 3232 lingua
1656 3161 1821 3230 ejus».

1931 1920 2162 1975 dicatur
2190 1919 2367 1975 Deus.
2390 1917 2610 1972 Aliter:
2646 1915 2720 1970 Ut
2751 1914 2951 1969 tradas
2983 1930 3081 1969 eos
3112 1913 3169 1967 in
3204 1928 3416 1967 manus
3438 1915 3570 1966 tuas

1929 2008 1988 2062 id
2021 2013 2130 2076 est,
2162 2007 2221 2062 in
2254 2006 2529 2079 operibus
2560 2004 2687 2060 suis
2721 2021 2733 2059 :
2768 2006 2832 2057 ut
2870 2002 3031 2074 digni
3072 2002 3192 2057 sint
3246 2000 3434 2066 tradi,
3470 1998 3572 2070 qui

1927 2096 2169 2168 indigna
2184 2098 2514 2167 gesserunt,
2539 2093 2677 2165 quia
2700 2091 2809 2163 ipsi
2844 2089 2952 2145 sibi
2978 2090 3100 2145 suis
3131 2088 3385 2144 miseriis
3453 2092 3572 2142 tra-

1930 2185 2223 2252 diderunt,
2256 2188 2313 2239 et
2341 2183 2565 2238 dimisit
2595 2180 2727 2237 illos
2759 2180 2815 2234 in
2834 2196 3037 2235 omnes
3053 2177 3379 2234 voluntates
3409 2193 3569 2232 suas.

2003 2298 2030 2323 ‹‹
2082 2273 2207 2327 Tibi
2252 2271 2408 2328 enim
2452 2270 2762 2326 derelictus
2825 2273 2916 2324 est
2964 2284 3202 2340 pauper.
3268 2288 3298 2317 ››
3347 2266 3409 2320 Id
3459 2269 3567 2331 est,

1930 2362 2204 2418 Ecclesia.
2236 2364 2314 2416 Ac
2358 2361 2404 2415 si
2438 2361 2593 2415 dicat
2624 2377 2637 2414 :
2670 2364 2792 2413 Tua
2847 2362 2937 2413 est
2966 2358 3035 2412 ad
3067 2355 3434 2411 salvandum.
3466 2353 3575 2408 Pu-

1933 2452 2073 2524 pillo
2105 2461 2165 2506 tu
2192 2453 2297 2507 eris
2326 2447 2837 2521 adjutor.Pupillus
2858 2448 3092 2509 dicitur,
3126 2444 3225 2516 qui
3258 2459 3371 2498 non
3401 2442 3578 2496 habet

1933 2546 2206 2613 patrem:
2252 2539 2572 2611 orphanus,
2595 2537 2692 2609 qui
2747 2553 2849 2591 nec
2895 2540 3119 2606 patrem
3172 2549 3278 2588 nec
3327 2536 3573 2586 matrem

1931 2630 2126 2685 habet.
2161 2628 2433 2700 Pupillus
2463 2627 2699 2691 dicitur,
2731 2624 2829 2697 qui
2866 2630 3088 2696 patrem
3129 2620 3425 2676 diabolum
3460 2635 3576 2673 non

1929 2718 2106 2773 habet
2136 2724 2198 2773 ut
2229 2718 2287 2772 in
2317 2715 2628 2787 Evangelio
2659 2732 2670 2768 :
2706 2715 2885 2769 Nolite
2926 2701 3114 2767 vocare
3160 2711 3310 2764 vobis
3363 2716 3577 2779 patrem

1929 2824 2096 2880 super
2134 2811 2339 2862 terram
2368 2804 2574 2876 (Matth.
2606 2820 2768 2869 xxiii,
2807 2803 2885 2871 9).
2950 2802 3015 2855 Et
3072 2798 3173 2870 qui
3228 2814 3340 2852 non
3399 2796 3577 2849 habet

1933 2902 2200 2963 matrem,
2233 2896 2311 2965 id,
2344 2899 2433 2949 est
2453 2891 2951 2965 gentilitatem.Ac
2979 2890 3027 2944 si
3059 2888 3213 2942 dicat
3244 2903 3258 2940 :
3293 2885 3364 2940 ad
3387 2884 3566 2939 istum

1930 2986 2045 3041 eris
2076 2985 2326 3055 adjutor.

2005 3097 2032 3125 ‹‹
2063 3076 2375 3129 Conterens
2403 3071 2708 3126 brachium
2742 3067 3081 3141 peccatoris.

1933 3162 2267 3218 tichristum
2320 3161 2607 3232 pertinent
2640 3177 2652 3214 :
2686 3158 2827 3229 quia
2893 3156 3217 3227 confringet
3293 3152 3571 3208 Dominus

3144 3089 3171 3115 ››
3205 3066 3320 3120 Ista
3350 3063 3420 3119 ad
3453 3067 3570 3116 An-

173 3248 295 3303 θυι)
327 3229 498 3303 corde
527 3250 675 3319 ejus.
710 3271 738 3297 «
773 3249 960 3303 Labor
990 3252 1046 3303 et
1066 3247 1250 3304 dolor.
1298 3271 1326 3297 ››
1374 3229 1819 3315 Βοιῡιῖεὶὺίίεεῐ,
1852 3229 1895 3296 C
1935 3229 2338 3308 fortitudinem
2370 3250 2518 3319 ejus.
2554 3273 2580 3298 ‹‹
2631 3248 2704 3303 Et
2732 3245 2996 3318 maligni.
3033 3267 3061 3293 ››
3094 3248 3221 3315 Ipse
3268 3246 3357 3298 est
3411 3240 3575 3295 mali-

177 3342 238 3392 et
263 3336 509 3393 aliorum
541 3342 829 3409 temperat
854 3337 1112 3393 laborem
1133 3341 1191 3393 et
1218 3337 1499 3393 dolorem.

252 3447 281 3475 α
306 3426 479 3481 Sedet
506 3426 567 3481 in
598 3425 832 3482 insidiis
872 3443 1003 3481 cum
1054 3425 1351 3482 divitibus.
1399 3450 1426 3477 »
1462 3427 1522 3482 Id
1555 3431 1665 3495 est,
1696 3427 1820 3482 dia-

175 3513 355 3569 bolus
379 3513 694 3569 insidiatur
723 3531 826 3586 per
854 3514 1120 3570 membra
1147 3531 1256 3570 sua
1302 3515 1360 3569 in
1410 3514 1625 3587 quibus
1672 3533 1820 3587 prae-

171 3603 349 3669 sidet,
381 3608 437 3658 et
467 3602 598 3658 aliis
626 3607 811 3658 nocet.
849 3625 875 3652 ‹‹
908 3603 981 3658 Ut
1010 3604 1323 3659 interficiat
1352 3605 1743 3660 innocentem.
1792 3627 1820 3654 »

176 3693 237 3746 Id
273 3698 382 3756 est,
421 3695 483 3745 ut
513 3692 583 3746 de
608 3692 1019 3748 innocentibus
1052 3692 1228 3765 faciat
1280 3698 1574 3764 nocentes,
1621 3700 1677 3749 et
1707 3694 1819 3749 sibi

172 3780 435 3852 primum
469 3785 690 3835 noceat.

249 3891 277 3917 «
310 3867 475 3923 Oculi
505 3869 656 3939 ejus.
696 3891 716 3916 ι
752 3869 814 3924 Id
864 3876 973 3935 est,
1032 3869 1184 3925 oculi
1243 3870 1609 3925 Antichristi.
1672 3893 1699 3919 ‹‹
1756 3872 1818 3927 In

172 3973 497 4029 pauperem
546 3957 885 4028 respiciunt.
944 3981 963 4007 ιι
1015 3962 1133 4013 Hoc
1197 3963 1306 4022 est,
1360 3959 1419 4013 in
1480 3960 1818 4028 Ecclesiam,

171 4063 305 4118 quae
355 4052 444 4101 est
490 4062 701 4118 corpus
749 4046 1008 4101 Christi:
1044 4047 1115 4102 ad
1177 4049 1506 4103 nocendum
1565 4049 1819 4121 respicit,

177 4141 236 4191 et
268 4151 384 4190 non
416 4136 488 4190 ad
538 4136 955 4206 adjuvandum.
1009 4159 1036 4186 «
1088 4135 1409 4191 Insidiatur
1454 4136 1513 4192 in
1573 4137 1819 4203 occulto,

170 4225 331 4280 sicut
360 4223 449 4279 leo
480 4225 537 4278 in
571 4224 748 4279 cubili
780 4240 906 4279 suo.
945 4245 966 4274 ι
1003 4223 1301 4296 Diabolus,
1334 4230 1390 4280 et
1420 4225 1528 4291 leo,
1562 4231 1618 4281 et
1647 4227 1820 4282 draco

170 4317 367 4383 potest
416 4312 550 4367 dici.
606 4313 806 4379 Draco,
867 4312 1101 4383 quando
1158 4313 1347 4370 oculte
1403 4319 1590 4385 nocet,
1620 4320 1677 4370 et
1705 4314 1814 4379 leo,

167 4401 407 4472 quando
438 4407 634 4472 aperte
664 4402 1093 4473 persequitur.«
1128 4401 1198 4456 Ut
1228 4401 1415 4473 rapiat
1444 4420 1818 4475 pauperem,»

167 4489 224 4543 id
260 4493 370 4556 est,
395 4488 816 4546 Christianum.

1938 3357 2112 3413 gnus.
2153 3362 2172 3389 α
2201 3340 2499 3402 Quaeretur
2527 3336 2803 3392 delictum
2845 3336 2992 3406 ejus,
3026 3349 3131 3395 nec
3164 3331 3510 3387 invenietur.
3546 3351 3573 3379 »

1934 3430 2052 3485 Hoc
2084 3434 2194 3496 est,
2228 3429 2298 3483 ad
2331 3426 2798 3483 emendationem
2832 3440 2948 3479 non
2981 3428 3069 3478 est
3096 3422 3313 3497 dignus
3360 3419 3574 3475 venire.
3604 3445 3608 3449 -

1934 3520 2002 3574 Et
2042 3518 2251 3573 aliter:
2288 3517 2410 3572 Non
2463 3515 2809 3581 invenietur,
2857 3517 2918 3567 ut
2964 3512 3176 3567 habeat
3225 3514 3525 3581 peccatum
3561 3525 3574 3564 :

1933 3608 2033 3663 sed
2063 3608 2138 3661 sit
2169 3606 2322 3661 sicut
2351 3606 2502 3660 Deus
2534 3603 2632 3676 qui
2667 3608 2967 3675 peccatum
3000 3618 3115 3656 non
3164 3600 3357 3664 habet,
3390 3614 3575 3670 quan-

1929 3703 2057 3752 tum
2089 3696 2243 3768 apud
2271 3696 2488 3768 ipsum.

2013 3808 2039 3838 α
2089 3785 2374 3841 Dominus
2433 3783 2702 3856 regnabit
2766 3782 2825 3836 in
2892 3786 3173 3835 aeternum
3241 3779 3367 3833 sine
3438 3778 3574 3831 line.

1935 3874 2083 3938 Quia
2111 3880 2254 3929 tunc
2308 3889 2551 3945 regnum
2585 3888 2716 3927 cum
2740 3869 3187 3941 tranquillitate,
3232 3872 3295 3921 ut
3362 3864 3580 3919 Paulus

1932 3965 2014 4019 ait
2047 3982 2060 4018 :
2097 3963 2241 4018 Cum
2279 3961 2588 4017 tradiderit
2628 3977 2875 4033 regnum
2907 3959 3022 4013 Deo
3053 3963 3110 4012 et
3140 3956 3316 4020 Patri,
3349 3953 3582 4024 quando

1931 4053 2040 4107 erit
2080 4053 2235 4108 Deus
2286 4052 2482 4106 omnia
2537 4051 2596 4105 in
2650 4048 2925 4105 omnibus
2975 4048 3019 4118 (1
3071 4045 3190 4101 Cor.
3222 4061 3313 4109 xv,
3344 4044 3434 4107 24,
3467 4041 3579 4112 28).

1930 4143 2195 4197 Peribitis
2236 4145 2440 4208 gentes,
2492 4139 2557 4194 de
2602 4148 2747 4194 terra
2776 4138 2949 4192 illius.
2999 4134 3104 4199 Qui
3153 4130 3578 4188 Antichristum

1931 4236 2294 4303 receperunt,
2367 4228 2643 4301 peribunt
2708 4227 2780 4281 ab
2839 4223 3115 4287 Ecclesia,
3166 4221 3275 4276 hoc
3345 4225 3453 4285 est,
3505 4219 3576 4273 de

1931 4318 2188 4374 Ecclesia
2237 4337 2249 4374 :
2300 4323 2581 4390 regnante
2632 4314 2882 4380 Christo,
2930 4317 3130 4385 gentes
3174 4309 3488 4366 criminum
3543 4324 3578 4362 a

1931 4424 2171 4478 corpore
2200 4407 2456 4461 humano
2479 4404 2814 4477 depereunt.
3390 4458 3397 4469 _

2008 4516 2033 4544 ιι
2086 4494 2450 4550 Desiderium
2488 4508 2810 4565 pauperum
2874 4489 3166 4546 exaudivit
3208 4486 3510 4543 Dominus.
3548 4508 3569 4533 ιι

242 4601 269 4624 α
308 4577 529 4649 Rapere
559 4594 894 4649 pauperem,
947 4578 1089 4632 dum
1140 4577 1383 4633 attrahit
1411 4596 1566 4635 eum.
1621 4583 1683 4636 1n
1730 4581 1818 4637 la-
1855 4595 1900 4660 ι)
1932 4585 1992 4640 Id
2026 4589 2133 4651 est,
2189 4582 2502 4638 Ecclesiam
2572 4598 2740 4637 suam
2809 4578 3101 4636 exaudivit
3166 4575 3453 4631 Dominus
3512 4577 3579 4627 ut

169 4682 323 4738 queo
355 4682 461 4720 suo
482 4665 816 4721 humiliabit
848 4683 981 4721 eum
1018 4683 1030 4719 :
1062 4665 1369 4721 inclinabit
1400 4684 1480 4737 se,
1512 4674 1569 4723 et
1597 4673 1812 4737 cadet,»

170 4762 283 4809 etc-
316 4754 563 4809 Videtur
586 4754 868 4810 inclinare
898 4770 962 4810 se
991 4753 1159 4825 quasi
1191 4755 1262 4809 ad
1304 4755 1723 4826 humilitatem,
1758 4766 1823 4814 ut

172 4844 442 4898 videatur
472 4845 637 4914 quasi
668 4844 828 4899 mitis
856 4849 914 4899 et
943 4847 1183 4899 sanctus
1219 4885 1232 4911 ,
1283 4848 1341 4898 et
1370 4860 1504 4898 cum
1538 4861 1601 4901 se
1659 4846 1821 4902 incli-

171 4932 399 4986 naverit
428 4936 568 4987 tunc
599 4948 843 4987 casurus
867 4936 956 4986 est
988 4950 1001 4987 :
1035 4931 1178 5003 quia
1225 4933 1367 4987 dum
1400 4938 1599 5005 sperat
1648 4934 1823 5008 longe

165 5038 231 5075 se
264 5036 398 5075 esse
449 5038 482 5075 a
530 5026 740 5088 morte,
772 5026 913 5075 tunc
968 5020 1312 5093 repentinus
1338 5021 1388 5077 ei
1446 5026 1819 5095 superveniet

164 5109 468 5165 interitus.

239 5221 269 5246 ιι
304 5197 462 5252 Dixit
491 5198 647 5253 enim
696 5198 754 5252 in
796 5200 967 5255 corde
1015 5215 1122 5254 suo
1153 5214 1167 5253 :
1201 5198 1430 5255 Oblitus
1476 5206 1568 5257 est
1621 5208 1767 5259 Deus
1803 5221 1816 5258 :

163 5286 382 5341 avertit
407 5286 614 5341 faciem
647 5303 839 5357 suam,
871 5303 944 5341 ne
996 5286 1187 5342 videat
1229 5303 1416 5359 usque
1464 5289 1521 5343 in
1556 5290 1752 5346 ﬁnem.
1790 5316 1817 5342 ››

159 5374 398 5430 Oblitus
428 5380 519 5429 est
551 5392 563 5429 :
597 5391 661 5429 ac
694 5375 741 5430 si
775 5374 929 5430 dicat
960 5392 974 5429 :
1006 5378 1129 5430 Mea
1159 5380 1298 5430 sunt
1327 5377 1526 5432 omnia
1555 5381 1816 5450 quandiu

161 5462 451 5518 saeculum
486 5463 679 5529 fuerit,
711 5468 769 5517 et
798 5464 855 5517 in
886 5463 1173 5519 oblivione
1198 5465 1443 5520 tradidit
1475 5465 1574 5522 illa
1613 5472 1764 5523 Deus
1801 5495 1814 5535 ;

160 5568 473 5623 nunquam
503 5567 647 5608 usus
676 5557 767 5607 est
795 5549 912 5606 illis
947 5568 959 5605 :
994 5552 1094 5607 sed
1151 5569 1280 5610 mea
1324 5561 1481 5620 sunt,
1530 5556 1670 5627 quia
1711 5573 1817 5630 ego

160 5642 327 5697 Deus
357 5656 513 5695 sum.

1929 4673 2271 4729 vindicetur.
2308 4671 2633 4741 Exaudivit,
2666 4675 2730 4725 ut
2758 4671 2840 4725 eis
2872 4668 3154 4724 tribueret
3196 4679 3375 4735 regna
3404 4660 3572 4717 caelo-

1932 4779 2085 4818 rum.
2120 4785 2140 4810 ι
2178 4760 2669 4832 Praeparationem
2700 4758 2893 4814 cordis
2925 4771 3124 4811 eorum
3166 4752 3387 4809 audivit
3417 4749 3575 4805 auris

1930 4856 2052 4906 tua.
2080 4874 2108 4901 ››
2140 4851 2257 4905 Hoc
2288 4854 2397 4919 est,
2432 4848 2738 4904 clementia
2768 4851 3082 4901 tua.Aures
3117 4841 3341 4898 Domini
3372 4839 3575 4894 audire

1931 4940 2227 5007 dicuntur,
2262 4955 2397 4993 cum
2429 4937 2703 4993 exaudire
2733 4935 3012 5007 dignatur
3040 4950 3059 4994 ;
3089 4933 3144 4986 id
3180 4934 3572 4995 est,mternam

1929 5029 2106 5083 vitam
2142 5044 2318 5100 quam
2345 5025 2600 5081 Ecclesia
2630 5024 2941 5088 desiderat,
2975 5038 3107 5076 cum
3157 5037 3284 5075 eam
3333 5019 3383 5073 ei
3407 5017 3575 5072 dede-

1931 5117 2008 5172 rit
2039 5136 2051 5173 :
2089 5123 2152 5172 ut
2180 5116 2334 5188 quod
2369 5116 2666 5188 quondam
2699 5113 3074 5184 concupierat
3103 5110 3161 5164 in
3208 5107 3570 5179 spe,tandem

1931 5206 2157 5261 fruatur
2184 5205 2244 5259 in
2278 5204 2490 5276 specie.

2004 5316 2030 5343 ‹‹
2063 5294 2337 5348 Judicare
2364 5292 2587 5364 pupillo
2617 5296 2672 5346 et
2703 5290 2932 5345 humili.
2965 5313 2992 5339 »
3026 5289 3129 5344 Hic
3158 5288 3315 5342 enim
3358 5286 3570 5356 dativo,

1928 5400 2044 5438 non
2098 5382 2428 5437 accusativo
2480 5397 2616 5434 casu
2684 5380 2987 5451 loquitur:
3022 5379 3131 5433 hoc
3183 5383 3293 5443 est,
3344 5394 3454 5432 non
3509 5382 3573 5431 ut

1929 5470 2220 5543 pupillum
2244 5468 2487 5539 judicet,
2525 5468 2625 5522 se'l
2658 5472 2722 5521 ut
2768 5468 3069 5537 judicetur
3109 5465 3329 5538 pupillo
3377 5470 3434 5520 et
3461 5465 3568 5518 hu-

1929 5559 2076 5623 mili,
2106 5563 2174 5612 ut
2202 5555 2492 5627 accipiant
2518 5557 2693 5610 vitam
2728 5561 3023 5611 aeternam.
3058 5578 3085 5604 ‹‹
3120 5554 3192 5610 Ut
3224 5572 3335 5609 non
3387 5570 3562 5624 appo-

1926 5653 2028 5703 nat
2056 5646 2211 5701 ultra
2242 5644 2617 5716 magniﬁcare
2638 5661 2700 5700 se
2731 5644 2907 5701 homo
2957 5660 3135 5716 super
3164 5649 3398 5698 terram.
3435 5662 3462 5688 »
3496 5640 3566 5694 Ut
