3964 6190
395 337 510 398 895

1886 333 2305 396 ΑΡΡΕΝΒΙΧ.

3681 342 3801 402 896

396 487 462 523 ex
492 469 599 523 hoc
628 484 740 524 non
774 468 1035 541 erigatur
1057 471 1453 527 Antichristus
1482 488 1661 543 super
1691 471 1902 527 eiectos
1942 470 2039 524 Dei
2074 472 2121 534 Α
2159 470 2357 522 sancto
2390 467 2586 522 suozln
2618 465 2876 527 Ecclesia
2894 484 3072 539 quam
3105 468 3215 523 sibi
3238 469 3501 525 exhibuit
3535 478 3799 527 sanctam

396 574 582 628 neque
614 562 793 613 tentet
824 557 954 613 illos
990 577 1001 613 :
1038 561 1177 631 quia
1208 578 1523 632 oppressus
1557 578 1732 633 regno
1770 560 1894 615 Filii
1920 561 2044 627 Dei,

395 646 651 718 amplius
683 664 798 703 non
831 649 1082 703 erit.Nos
1114 667 1344 721 quoque
1369 668 1605 706 oremus
1634 650 2070 726 Dominum,ut\

396 752 503 792 nos
526 737 597 790 ab
628 737 757 807 ejus
789 738 1065 808 operibus
1098 740 1389 794 custodire
1420 739 1693 811 dignetur
1713 738 1923 794 illaesos
1949 741 2043 791 :ut

394 825 466 879 ab
496 841 563 880 eo
594 825 801 897 pupilli
837 827 990 895 facti,
1028 832 1252 898 patrem
1283 828 1579 884 Christum
1615 828 1929 883 Dominum
1952 843 2046 881 co-

396 917 762 985 gnoscentes,
794 916 988 987 ipsum
1021 934 1340 989 sequamur
1384 919 1519 986 fide,
1554 919 1746 996 ipsum
1794 917 2042 972 retinea-

396 1019 529 1058 mus
560 1004 729 1058 corde
760 1005 955 1076 ipsum
988 1005 1384 1077 gloriﬁcemus
1418 1008 1475 1061 in
1509 1023 1678 1079 opere
1713 1023 1725 1063 :
1760 1007 1896 1078 quia
1929 1005 2038 1075 ipsi

395 1098 486 1147 est
514 1109 648 1147 cum
680 1097 891 1149 aeterno
927 1096 1089 1150 Patre
1119 1101 1173 1150 et
1206 1096 1425 1167 Spiritu
1481 1101 1683 1152 sancto
1728 1096 1935 1163 honor,
1986 1098 2042 1149 et

395 1180 580 1251 gloria
608 1182 667 1237 in
690 1182 902 1238 saecula
930 1184 1297 1239 saeculorum.
1333 1192 1540 1241 Amen.

1000 1292 1325 1347 PSALMUS
1370 1293 1434 1346 X.

400 1381 459 1433 In
484 1377 659 1453 ﬁnem
686 1381 950 1453 psalmus,
985 1381 1175 1453 David.
1218 1381 1490 1436 Decimus
1542 1382 1806 1453 psalmus
1835 1388 2041 1437 contra

608 1451 932 1518 haereticos,
964 1458 1021 1507 et
1050 1452 1201 1507 male
1232 1451 1815 1508 credentes‘canitur.

475 1541 595 1595 «In
661 1540 904 1595 Domino
970 1542 1221 1596 confido.
1266 1563 1293 1591 ››
1324 1541 1443 1597 Vox
1504 1542 1767 1598 Ecclesiae
1834 1548 2041 1597 contra

396 1629 717 1699 haereticos,
750 1630 870 1685 sive
899 1630 1115 1685 Christi
1163 1636 1366 1686 contra
1403 1632 1716 1687 dicmones.
1768 1655 1796 1681 «
1826 1632 2039 1688 Trans~

398 1719 588 1790 migra
618 1718 675 1772 in
711 1723 968 1773 montem
1001 1720 1157 1774 sicut
1201 1736 1423 1792 passer.
1459 1742 1487 1769 »
1517 1722 1657 1775 Vult
1684 1722 1915 1791 justum
1966 1722 2037 1776 ad

398 1807 628 1903 deserta
670 1807 943 1903 migrare,
976 1812 1041 1863 ut
1082 1809 1176 1863 ubi
1226 1826 1357 1864 eum
1414 1809 1642 1903 facilius
1686 1808 2039 1903 elidat._Vel
2069 1839 2117 1903 Β

401 1895 539 1967 quia
559 1894 811 1951 haeretici
843 1897 1027 1953 dolosi
1070 1901 1227 1964 sunt,
1268 1899 1339 1953 de
1382 1898 1598 1969 quibus
1646 1898 1727 1953 ait
1755 1899 2040 1971 propheta

404 1984 494 2040 Vae
520 1985 605 2039 his
633 1987 729 2055 qui
773 1986 960 2041 dicunt
990 1988 1145 2043 dulce
1191 2004 1453 2043 amarum
1499 1997 1550 2043 el
1587 2004 1841 2044 amarum
1882 1990 2041 2044 dulce

402 2072 526 2144 (Isa.
559 2091 614 2140 ν,
645 2073 735 2146 20)
766 2092 778 2129 :
813 2075 946 2131 Ideo
975 2075 1177 2131 volunt
1206 2078 1275 2132 ad
1337 2094 1399 2133 se
1458 2078 1734 2133 seducere
1784 2079 2038 2150 justum,

400 2162 658 2218 dicentes
692 2180 703 2217 :
736 2164 821 2218 Ad
870 2182 977 2221 nos
1022 2167 1398 2239 transmigra.
1446 2167 1549 2231 Qui
1608 2168 1910 2239 respondit
1957 2168 2039 2224 eis

404 2252 467 2306 In
516 2252 759 2308 Domino
808 2258 899 2308 est
959 2272 1092 2327 spes
1142 2272 1291 2311 mea.
1345 2257 1667 2323 Quomodo,
1722 2257 1932 2329 inquit,
1966 2258 2036 2312 ad

400 2344 624 2396 vestros
671 2348 924 2409 montes,
970 2344 1080 2398 hoc
1128 2350 1235 2411 est,
1287 2347 1359 2399 ad
1402 2350 1654 2400 vestram
1704 2347 2037 2417 superbiam

401 2430 834 2501 transmigrabo
865 2432 891 2485 ἰ)
921 2434 1081 2497 Quod
1116 2438 1309 2487 autem
1342 2433 1441 2497 ait,
1495 2457 1522 2485 «
1556 2436 1715 2489 Sicut
1752 2452 1973 2507 passer.
2008 2460 2036 2487 »

401 2534 551 2587 saepe
576 2535 872 2589 passerem
901 2519 1024 2576 loco
1058 2522 1374 2591 prudentiae
1415 2524 1550 2593 poni
1598 2524 1870 2596 legimus.
1905 2526 2038 2580 Ideo

398 2605 493 2660 isti
524 2606 727 2661 dicunt
755 2626 768 2663 :
805 2610 1013 2664 Transi
1044 2610 1116 2664 ad
1149 2627 1255 2666 nos
1282 2610 1433 2666 sicut
1462 2612 1741 2683 prudens,
1774 2630 1906 2667 cum
1941 2631 2029 2668 eo-

399 2711 527 2750 rum
562 2697 874 2767 prudentia
894 2699 972 2753 sit
996 2698 1196 2754 stulta.

467 2809 495 2835 ‹‹
530 2787 815 2852 Quoniam
845 2803 975 2843 ecce
1001 2793 1332 2860 peccatores
1359 2792 1735 2846 intenderunt
1763 2808 1985 2847 arcum.
2006 2815 2033 2843 »

398 2874 459 2929 Id
487 2880 593 2948 est,
628 2876 882 2932 haeretici
911 2894 1013 2933 ora
1051 2877 1284 2933 illorum
1340 2884 1541 2935 contra
1581 2880 1894 2936 Ecclesiam
1947 2882 2035 2936 in-

396 2966 708 3021 tenderunt
773 2983 1010 3039 arcum,
1078 2968 1396 3039 potentiam
1462 2970 1825 3025 verbositatis
1892 2988 2033 3027 suaa.

398 3076 426 3103 ‹‹
458 3059 813 3110 Paraverunt
844 3056 1089 3129 sagittas
1121 3074 1259 3113 suas
1295 3084 1308 3125 ;
1344 3083 1364 3110 ι
1402 3059 1511 3114 hoc
1540 3064 1648 3128 est,
1679 3060 1874 3116 verba.
1910 3082 1938 3109 ‹‹
1974 3061 2035 3114 ΙΙΙ

395 3143 688 3214 pharetra,
721 3145 779 3199 in
810 3146 1161 3218 semetipsis.
1195 3147 1340 3212 Quia
1370 3148 1478 3219 ipsi
1524 3152 1665 3203 sunt
1702 3148 1983 3221 pharetrae
2020 3168 2033 3217 ;

2152 558 2419 611 Dominus
2451 558 2509 609 in.
2540 556 2676 612 coelo
2706 558 2853 612 sedes
2880 559 3018 628 ejus.
3083 560 3145 611 In
3200 558 3364 624 cmlo,
3414 559 3523 614 hoc
3575 566 3693 629 est,
3748 564 3801 616 in

2156 651 2358 700 sancto
2391 646 2785 717 praedicatore.
2816 646 2979 702 Unde
3008 647 3151 702 dixit
3185 665 3197 702 :
3233 647 3442 703 Cwlum
3482 650 3629 704 mihi
3663 651 3807 705 sedes

2154 739 2233 790 est
2264 738 2391 803 (Isa.
2424 752 2568 803 LXVI,
2600 738 2672 803 1),
2723 737 2917 791 anima
2970 738 3116 807 justi
3164 738 3335 792 sedes
3386 740 3698 810 sapientiae
3753 742 3807 794 in

2156 823 2351 880 anima
2373 825 2520 895 justi
2553 826 2702 897 (Sep.
2735 842 2830 880 vn.
2870 826 2978 894 12-),
3011 843 3138 897 quae
3169 825 3429 882 cmlestia
3459 828 3810 885 meditatur.

2224 936 2251 962 ‹‹
2286 914 2447 970 Oculi
2481 915 2608 985 ejus
2666 914 2727 969 in
2778 931 3094 986 pauperem
3154 916 3507 987 respiciunt.
3579 940 3610 965 ››
3651 916 3809 972 Oculi

2152 1002 2365 1059 Christi
2418 1008 2655 1075 aspectu
2702 1003 3024 1059 divinitatis
3063 1004 3133 1058 ad
3180 1005 3461 1076 populum
3518 1005 3811 1062 Christia-

2154 1108 2293 1146 num
2329 1092 2669 1164 respiciunt.
2706 1093 2791 1148 Ad
2824 1093 2964 1164 quid
2996 1093 3317 1167 respiciunt
3345 1094 3373 1148 ?
3403 1094 3525 1149 Hoc
3575 1100 3701 1154 est.
3744 1099 3807 1151 ad

2153 1182 2573 1252 adjuvandum.
2626 1204 2655 1231 ‹‹
2708 1181 2998 1252 Palpebrae
3048 1183 3175 1251 ejus
3240 1182 3615 1254 interrogant
3670 1185 3811 1240 filios

2152 1271 2481 1326 hominum.
2520 1294 2546 1319 ››
2579 1271 2885 1327 Subtilitas
2929 1271 3268 1342 divinitatis,
3304 1273 3359 1327 id
3422 1278 3540 1337 est,
3583 1275 3813 1344 judicia

2153 1360 2249 1414 Dei
2282 1358 2592 1429 occulta,in
2617 1361 2833 1432 quibus
2864 1379 2970 1415 nos
2992 1361 3309 1433 interrogat
3343 1380 3355 1418 :
3401 1362 3548 1433 quia
3582 1363 3803 1434 perhec

2154 1450 2454 1521 cognoscit
2511 1450 2652 1521 quid
2708 1450 2882 1505 habet
2930 1451 3364 1523 unusquisque,
3398 1452 3546 1522 quia
3588 1453 3812 1522 judicia

2151 1539 2248 1593 Dei
2284 1539 2511 1595 occulta
2540 1543 2700 1594 sunt.
2732 1540 2893 1594 Sicut
2920 1540 3218 1611 Scriptura
3248 1539 3575 1611 aliquando
3599 1542 3807 1597 obscu-

2153 1632 2334 1694 ratur,
2368 1633 2434 1683 ut
2465 1646 2571 1683 nos
2604 1629 3004 1683 infirmitatem
3038 1632 3300 1684 nostram
3332 1646 3806 1702 cognoscamus:

2151 1716 2364 1771 iterum
2389 1716 2708 1772 allevamur
2739 1734 2811 1772 ne
2869 1718 3267 1789 desperemus.
3320 1718 3385 1773 Et
3432 1718 3553 1774 alio
3584 1721 3807 1775 modo:

2149 1810 2258 1862 Per
2287 1823 2566 1878 prospera
2603 1811 2660 1861 et
2712 1808 2952 1862 adversa
2998 1806 3320 1879 interrogat
3351 1824 3363 1862 :
3390 1808 3533 1879 quia
3564 1826 3685 1880 per
3715 1810 3809 1865 hoc

2150 1897 2357 1967 probat
2400 1896 2553 1951 Deus
2601 1894 2791 1967 qualis
2849 1895 3099 1967 quisque
3148 1897 3343 1952 fuerit.
3394 1897 3529 1953 Alio
3580 1900 3807 1955 modo:

2148 1985 2429 2040 Videmus
2460 2002 2636 2041 unam
2669 1990 2899 2057 gentem
2950 1984 3253 2057 flagellari,
3304 1990 3362 2042 et
3418 1986 3659 2042 scimus
3712 2005 3802 2060 pro

2151 2091 2267 2145 qua
2297 2091 2475 2129 causa
2504 2073 2832 2146 flagellatur
2868 2092 2879 2130 :
2913 2074 3007 2129 hic
3036 2074 3343 2132 manifesta
3374 2075 3612 2147 judicia
3648 2084 3801 2132 sunt.

2150 2164 2218 2219 Et
2246 2163 2357 2218 alio
2393 2164 2566 2219 modo
2601 2181 2614 2218 :
2649 2164 2928 2219 Videmus
2960 2164 3263 2236 ﬂagellari,
3286 2170 3344 2221 et
3371 2166 3693 2222 nescimus
3711 2184 3804 2238 pro

2150 2270 2267 2323 qua
2298 2270 2493 2319 causa,
2527 2258 2583 2308 et
2611 2252 2706 2308 hic
2734 2253 2961 2308 occulta
2983 2254 3341 2327 judicia,per
3370 2256 3494 2311 haec
3526 2258 3804 2328 superius

2150 2342 2592 2413 comprehensa.

2223 2454 2251 2481 «
2281 2436 2516 2486 Justum
2548 2436 2604 2486 et
2649 2430 2894 2502 impium
2949 2431 3267 2505 interrogat
3324 2434 3640 2489 Dominus.
3691 2458 3719 2483 ι»
3752 2436 3802 2489 Id

2150 2526 2256 2590 est,
2290 2520 2515 2592 probat.
2551 2520 2710 2585 «Qui
2745 2524 2940 2575 autem
2990 2521 3184 2593 diligit
3224 2523 3632 2594 iniquitatem,
3689 2525 3803 2579 odit

2149 2610 2406 2664 animam
2439 2627 2628 2665 suam.
2667 2632 2694 2659 »
2724 2610 2843 2665 Hoc
2872 2615 2962 2666 est
2991 2612 3182 2681 perdit
3206 2610 3389 2666 illam.

2220 2720 2246 2747 «
2273 2697 2439 2753 Pluet
2468 2716 2646 2769 super
2683 2704 3013 2770 peccatores
3063 2700 3304 2771 laqueos
3337 2719 3350 2756 :
3384 2702 3561 2773 ignis.
3627 2726 3649 2751 ι
3694 2710 3799 2757 etc.

2151 2789 2264 2841 Hoc
2321 2789 2644 2843 secundum
2703 2788 3006 2844 historiam
3062 2792 3277 2846 factum
3338 2790 3445 2845 fuit
3494 2810 3510 2847 :
3560 2793 3799 2863 quando

2150 2877 2429 2932 Dominus
2460 2876 2611 2948 pluit
2640 2877 2892 2949 sulphur
2920 2883 2976 2933 et
3002 2878 3197 2950 ignem
3258 2896 3433 2951 super
3478 2881 3797 2936 Sodomam

2145 2966 2301 3035 (Gen.
2334 2984 2451 3032 x1x,
2484 2967 2595 3037 24).
2631 2966 2703 3021 Ut
2751 2967 2833 3021 ait
2880 2968 3183 3039 apostolus
3240 2970 3445 3039 Judas,
3505 2970 3564 3023 in
3598 2986 3794 3025 exem-

2146 3056 2309 3127 plum
2337 3055 2490 3127 ignis
2557 3056 2757 3110 aeterni
2824 3056 3043 3111 factum
3097 3057 3206 3112 fuit
3268 3058 3414 3129 (Iud.
3478 3061 3559 3128 7).
3638 3059 3793 3114 Pluet

2147 3162 2324 3215 super
2355 3146 2954 3216 peccatores.Duobus
2984 3147 3175 3202 modis
3204 3151 3261 3202 et
3294 3147 3548 3203 haeretici
3582 3148 3793 3219 pluunt

396 3232 492 3287 ubi
526 3234 699 3288 verba
730 3235 959 3291 insania
989 3240 1044 3291 et
1074 3238 1392 3292 sententias
1435 3254 1757 3293 venenosas
1789 3256 1934 3311 quas
1965 3239 2036 3294 de
2066 3210 2109 3275 C
2149 3234 2304 3290 mala
2333 3234 2617 3289 doctrina.
2654 3236 2722 3289 Et
2751 3235 2906 3289 sicut
2936 3252 3053 3291 una
3100 3236 3294 3307 pluvia
3342 3237 3548 3308 irrigat
3575 3243 3788 3293 terram

393 3322 713 3395 Scripturis
761 3326 979 3380 sanctis
1030 3327 1365 3394 conficiunt,
1431 3327 1688 3383 occultas
1758 3329 2032 3383 retinent.

394 3432 422 3459 «
446 3411 520 3466 Ut
550 3413 827 3485 sagittent
855 3414 914 3467 in
942 3414 1189 3470 obscuro
1217 3419 1403 3470 rectos
1433 3416 1660 3471 corde.»
1695 3416 2032 3487 Numquam

392 3500 547 3554 enim
575 3501 632 3555 in
683 3501 810 3556 luce
858 3508 1142 3573 pugnant,
1199 3505 1298 3559 sed
1366 3521 1598 3575 semper
1647 3505 1705 3559 in
1754 3506 2032 3561 tenebris.

394 3591 757 3661 QuaprOpter
795 3592 996 3661 justus
1051 3592 1285 3648 aiebat:
1322 3596 1569 3649 Lucerna
1621 3594 1847 3665 pedibus
1876 3598 2031 3661 meis,

392 3678 619 3730 verbum
648 3682 823 3732 tuum.
855 3681 1087 3734 Domine
1115 3682 1283 3752 (Psal.
1319 3699 1515 3748 cxvm,
1568 3684 1710 3753 105).
1764 3707 1790 3732 ‹‹
1845 3684 1917 3739 Ut
1945 3701 2035 3739 sa-

392 3765 602 3838 gittent
632 3766 691 3820 in
723 3768 970 3823 obscuro
1018 3775 1204 3825 rectos
1250 3772 1439 3826 corde.
1495 3794 1523 3821 υ
1573 3772 1645 3826 Ut
1692 3789 1825 3827 cum
1872 3774 2033 3827 vide-

395 3854 514 3909 rint
542 3854 601 3909 in
633 3855 888 3911 Ecclesia
920 3857 1199 3929 inperitos
1230 3877 1517 3931 quosque,
1565 3861 1653 3916 vel
1712 3862 2031 3934 simplices,

394 3943 622 4016 laqueis
651 3944 869 4001 dolosis
900 3963 967 4001 ac
993 3947 1237 4004 occultis
1268 3948 1537 4005 illiciant.

470 4057 490 4083 ι
544 4035 829 4098 Quoniam
878 4053 1005 4108 quae
1059 4042 1119 4092 tu
1174 4038 1464 4109 perfecisti
1518 4040 1951 4095 destruxerunt.
2006 4064 2032 4089 ››

394 4125 539 4189 Quid
561 4115 661 4180 'est
692 4126 845 4195 quod
880 4126 1065 4182 fecisti
1093 4126 1121 4181 ‘l
1150 4126 1464 4183 Ecclesiam
1500 4133 1661 4183 tuam
1695 4129 1752 4183 in
1786 4130 2029 4185 unitate.

394 4213 555 4269 Unde
585 4214 726 4269 dicit
755 4232 767 4269 :
806 4217 887 4270 Eae
915 4232 1009 4271 ore
1036 4218 1342 4287 infantium
1395 4223 1449 4272 et.
1493 4217 1813 4273 lartentium
1854 4222 2033 4289 perfe-

392 4304 518 4356 czsti
543 4303 761 4358 laudem
790 4305 957 4375 (Psal.
989 4322 1110 4370 vm,
1141 4305 1487 4374 3).Ha:retici
1509 4307 1810 4362 destruere
1830 4307 2035 4364 volunt

397 4390 503 4444 hoc
534 4390 673 4445 etin
708 4408 789 4456 se,
833 4398 889 4446 et
934 4393 992 4447 in
1026 4393 1177 4460 aliis,
1213 4395 1352 4465 quia
1397 4395 1680 4451 unitatem
1730 4397 2029 4453 scindunt.

389 4478 615 4535 Aliter:
650 4480 829 4543 Quem
868 4487 931 4535 tu
964 4483 1278 4555 perlecisti,
1331 4484 1629 4539 Christum
1694 4486 1765 4540 de
1812 4487 2031 4557 Spiritu

2147 3325 2456 3379 fecundam
2487 3329 2543 3380 et
2572 3324 2820 3391 aridam,
2853 3324 2937 3380 sic
2966 3331 3024 3381 et
3054 3343 3174 3381 una
3230 3326 3565 3397 praedicatio
3625 3333 3717 3382 est
3762 3344 3789 3381 ι

2147 3415 2284 3479 Deo,
2318 3431 2444 3485 quae
2474 3413 2733 3468 infundit
2760 3418 2974 3469 terram
3009 3416 3246 3480 bonam,
3286 3416 3345 3470 id
3376 3422 3485 3485 est,
3517 3422 3785 3471 sanctos:

2145 3509 2201 3559 et
2238 3510 2452 3558 terram
2516 3504 2754 3570 malam,
2814 3509 3165 3575 peccatores,
3226 3505 3442 3577 quibus
3496 3507 3785 3576 pertinent

2146 3594 2261 3647 ista
2291 3610 2418 3663 quae
2475 3598 2856 3663 sequuntur:
2901 3593 3079 3665 Ignis,
3139 3594 3453 3665 cupiditas,
3517 3594 3781 3665 sulphur.

2146 3682 2390 3754 putredo
2422 3687 2814 3752 peccatorum,
2845 3682 3088 3754 spiritus
3145 3682 3556 3752 procellarum.
3614 3683 3780 3755 ‘spiri-

2146 3776 2240 3825 tus
2292 3771 2678 3843 tempestatis.
2746 3771 3000 3843 Spiritus
3076 3771 3485 3843 procellarum,
3560 3789 3777 3844 pmnam

2145 3861 2341 3915 aeterni
2387 3859 2619 3930 judicii,
2673 3865 2731 3914 et
2802 3861 3041 3915 verbera
3113 3861 3331 3916 indicat
3396 3868 3775 3933 peccatorum,

2147 3966 2293 4021 quos
2326 3949 2480 4021 ignis
2509 3950 2719 4015 exurit,
2753 3954 3074 4021 tempestas
3104 3951 3416 4006 examinat.
3439 3952 3509 4005 Et
3542 3952 3774 4023 prophe-

2145 4044 2264 4093 tam
2298 4039 2437 4093 dicit
2468 4054 2481 4092 :
2518 4041 2579 4092 In
2614 4039 2859 4093 circuitu
2893 4039 3019 4108 ejus
3049 4043 3368 4109 tempestas
3406 4039 3623 4094 valida.
3654 4041 3778 4093 Pars

2144 4130 2333 4182 colicis
2361 4144 2550 4183 eorum
2583 4128 2751 4197 (Psal.
2802 4145 2895 4183 xv.
2927 4128 2983 4199 5)
3018 4145 3029 4183 :
3064 4129 3252 4191 Quare
3306 4128 3454 4183 dixit
3512 4135 3730 4201 partem
3753 4128 3778 4180 ἓ

2145 4218 2294 4280 Quia
2325 4216 2642 4286 unicuique
2674 4232 2777 4286 pro
2808 4221 2972 4287 parte
3020 4233 3144 4283 sua,
3197 4217 3364 4287 quasi
3398 4218 3470 4272 de
3501 4218 3698 4283 calice,
3727 4217 3775 4270 id

2146 4311 2256 4360 est.
2284 4307 2513 4375 justam
2545 4305 2864 4359 vindictam
2898 4305 3137 4377 recipiet
3180 4311 3351 4377 prout
3397 4307 3584 4378 gessit
3612 4306 3775 4365 mise-

2145 4395 2291 4449 riam
2343 4410 2558 4448 suam:
2595 4399 2659 4447 ut
2714 4394 2791 4448 ait
2841 4394 3170 4466 Propheta:
3203 4396 3401 4451 Reddet
3459 4401 3606 4452 Deus
3662 4397 3774 4449 uni-

2142 4486 2334 4553 cuique
2362 4484 2665 4537 secundum
2697 4499 2858 4554 opera
2910 4501 3007 4537 sua
3061 4484 3231 4555 (Psal.
3296 4502 3405 4552 LXI,
3442 4486 3509 4539 13
3541 4511 3555 4552 ;
3586 4490 3773 4541 Jercm.

392 4574 595 4625 sancto
624 4575 969 4642 conceptum
997 4572 1181 4627 Judaai
1228 4574 1582 4628 occiderunt.
1613 4579 1807 4630 Justus
1851 4582 2033 4631 autem
2064 4584 2111 4647 Β
2142 4590 2268 4639 xxv,
2306 4574 2411 4642 14).

390 4658 522 4730 quid
545 4660 712 4729 fecit?
724 4659 865 4714 Cum
880 4660 1316 4715 calumniantur
1328 4662 1667 4732 haeretici,et
1696 4663 2032 4719 discordant

389 4747 542 4802 inter
573 4764 635 4803 se
664 4748 771 4803 hoc
804 4750 1117 4820 respondet
1147 4748 1401 4805 Ecclesia
1431 4751 1489 4804 in
1540 4768 1788 4822 persona
1844 4754 2031 4807 Eccleo

392 4836 511 4890 size.
546 4837 703 4892 Inter
730 4854 831 4891 vos
863 4838 1306 4901 discordamini,
1332 4839 1432 4893 sed
1468 4840 1537 4894 de
1569 4840 1732 4894 vobis
1764 4840 2030 4895 Christus

392 4941 507 4979 non
533 4930 684 4981 tacet
717 4944 729 4980 :
756 4926 895 4997 quia
926 4927 1070 4981 dixit
1102 4944 1113 4980 :
1148 4928 1345 4982 Pacem
1362 4944 1542 4982 meam
1570 4929 1635 4983 do
1658 4929 1823 4993 vobis,
1836 4946 2033 4999 pacem

390 5029 571 5067 meam
600 5014 859 5086 relinquo
886 5016 1031 5071 vobis
1061 5017 1244 5087 (Joan.
1278 5033 1390 5083 x1v,
1414 5018 1526 5087 27).
1553 5018 1618 5071 Et
1649 5016 1817 5071 aliter
1848 5018 2029 5081 :Quid

390 5101 527 5155 fecit
547 5102 747 5171 justus
778 5105 806 5157 (ἶ
840 5104 954 5160 Hoc
984 5110 1092 5175 est,
1145 5106 1393 5161 redemit
1434 5107 1744 5171 mundum,
1796 5111 1853 5161 et
1886 5107 2031 5179 seip-

390 5205 521 5245 sum
555 5190 716 5246 dedit
748 5209 850 5263 pro
882 5196 1123 5249 mundo.

462 5303 490 5329 «
525 5281 807 5336 Dominus
837 5282 897 5336 in
927 5283 1144 5354 templo
1176 5288 1379 5339 sancto
1430 5301 1557 5340 suo.
1612 5306 1639 5335 ››
1673 5286 1751 5339 Ac
1795 5284 1842 5339 si
1875 5284 2031 5340 dicat

392 5369 718 5442 propheta:
771 5371 1047 5433 Quamvis
1128 5389 1229 5428 vos
1304 5370 1557 5427 hazretici
1613 5415 1625 5440 ,
1681 5372 2031 5428 aversemini

391 5458 729 5528 Ecclesiam,
760 5463 955 5513 tamen
1014 5460 1301 5516 Dominus
1352 5461 1409 5516 in
1470 5462 1690 5533 templo
1748 5461 1874 5528 erit,
1925 5462 2029 5516 hoc

391 5548 565 5603 estin
625 5544 899 5602 Ecclesia.
964 5548 1107 5602 Dicit
1159 5549 1521 5619 Apostolus:
1563 5552 1656 5605 Vos
1723 5552 1851 5606 estis
1896 5554 2029 5605 tem-

384 5638 542 5708 plum
568 5638 666 5693 Dez'
688 5637 801 5691 vivi
832 5636 904 5707 (II
926 5639 1049 5691 Cor.
1085 5653 1162 5704 v1,
1198 5638 1305 5706 16).
1369 5640 1649 5694 Dominus
1696 5639 1755 5693 in
1812 5638 2030 5709 templo
2060 5642 2074 5653 ’

2214 4684 2239 4709 ‹‹
2275 4660 2556 4724 Quoniam
2587 4663 2784 4731 justus
2816 4661 3121 4729 Dominus,
3154 4668 3213 4718 et
3235 4663 3506 4733 justitias
3536 4664 3729 4719 dilexit
3762 4680 3772 4715 :

2142 4751 2471 4819 aequitatem
2524 4750 2668 4803 vidit
2724 4751 2922 4805 vultus
2977 4752 3124 4821 ejus.
3191 4774 3218 4799 ››
3266 4752 3412 4815 Quia
3470 4754 3775 4824 unicuique

2142 4840 2310 4909 quasi
2346 4840 2405 4893 in
2439 4838 2695 4909 speculo,
2730 4855 2862 4893 cum
2901 4840 3124 4894 venerit
3172 4840 3228 4894 in
3288 4848 3603 4913 conspectu
3637 4844 3770 4911 ejus,

2142 4928 2359 4982 videbit
2393 4927 2760 4997 iniquitatem
2794 4945 2961 4990 suam
2995 4933 3051 4983 et
3086 4928 3215 5000 ipse
3262 4931 3539 5000 prievidet
3569 4931 3769 5002 iniqui-

2142 5022 2320 5072 tatem
2353 5015 2608 5070 illorum.
2642 5016 2743 5071 Vel
2774 5018 3082 5087 praesentia
3126 5018 3219 5073 Dei
3269 5018 3415 5073 vidit
3446 5026 3680 5074 sanctos
3710 5017 3769 5070 ad

2143 5106 2483 5178 regendum.
2533 5104 2725 5177 Diligit
2775 5105 2931 5160 enim
2983 5106 3277 5176 justitiam
3333 5125 3347 5161 :
3401 5109 3539 5180 quia
3572 5124 3769 5163 unum-

2142 5210 2434 5265 quemque
2453 5195 2775 5249 secuudum
2790 5212 2936 5267 opus
2959 5197 3258 5267 proprium
3276 5197 3770 5269 judicat..rEquita-

2148 5291 2265 5339 tem
2296 5285 2439 5339 vidit
2468 5282 2665 5339 vultus
2696 5285 2823 5355 ejus
2857 5302 2869 5339 :
2908 5290 2973 5339 ut
3002 5286 3221 5340 sanctis
3254 5286 3765 5358 przemia,peccato-

2141 5373 2304 5428 ribus
2334 5374 2555 5427 tribuat
2585 5389 2834 5438 poenam.
2876 5373 2982 5437 Qui
3041 5390 3148 5429 nos
3204 5376 3505 5431 vocatione
3565 5392 3666 5430 sua
3692 5374 3765 5427 di-

2141 5467 2351 5534 gnetur
2381 5462 2589 5533 dignos
2620 5463 2847 5518 allicere
2875 5468 2933 5517 et
2991 5480 3108 5517 non
3160 5465 3486 5519 secundum
3546 5468 3757 5535 peccata

2140 5556 2341 5606 nostra
2388 5551 2557 5606 nobis
2616 5550 2907 5623 supplicia
2978 5552 3211 5618 inferat,
3270 5553 3373 5609 sed
3446 5553 3748 5608 secundum

2140 5656 2416 5710 magnam
2462 5640 2920 5697 misericordiam
2964 5656 3133 5696 suam
3178 5641 3407 5696 veniam
3446 5641 3716 5714 largiatur
