3964 6190
159 361 279 420 897

1346 364 1840 428 BREVIABIUM
1883 369 1963 427 IN
2008 369 2395 431 PSALMOS.
2455 332 2459 337 ’

3453 373 3574 435 898

162 493 305 561 quia
336 492 448 563 ipsi
479 496 569 547 est
598 508 733 546 cum
781 496 993 548 aeterno
1035 496 1290 550 Patreeet
1346 496 1567 567 Spiritu
1611 503 1813 554 sancto
1844 503 1895 566 Α
1930 500 2085 567 venit
2129 500 2187 555 in
2241 518 2359 573 qua
2406 501 2675 573 gemebat
2721 503 2782 557 in
2832 504 3084 575 peccatis
3120 506 3149 560 ‘l
3196 507 3262 561 Et
3318 507 3573 579 gemitus

167 582 359 637 honor
388 587 444 636 et
469 581 655 653 gloria
683 582 743 636 in
774 581 984 638 saecula
1010 583 1380 640 saeculorum.
1414 588 1619 642 Amen.

687 759 691 764 .
722 757 731 761 -
762 707 1088 764 PSALMUS
1146 710 1237 765 XI.

167 801 241 851 In
269 797 436 871 ﬁnem
466 799 779 871 pro‘octavo
811 799 1069 852 Psalmus
1088 800 1288 871 David.
1320 801 1432 855 Iste
1458 800 1722 871 psalmus
1750 803 1821 856 de

246 867 521 939 passione
551 867 765 923 Christi
804 874 1094 924 cantatur.
1146 870 1251 926 Pro
1284 867 1504 939 octava,
1541 873 1695 928 sicut
1724 891 1819 927 su-

248 938 446 1011 perius
478 939 753 994 diximus.

135 1068 164 1105 ς
245 1051 271 1077 ‹‹
308 1029 544 1083 Salvum
581 1046 672 1084 me
722 1030 827 1095 fac,
863 1030 1128 1087 Domine.
1167 1056 1187 1083 υ
1226 1033 1349 1087 Vox
1380 1032 1595 1087 Christi
1626 1033 1697 1087 ad
1727 1032 1825 1088 Pa-

168 1126 321 1173 trem
357 1135 457 1189 pro
512 1122 672 1190 parte
723 1121 914 1174 carnis
946 1121 1002 1173 in
1058 1121 1348 1193 passione.
1402 1124 1674 1190 Quoniam
1725 1123 1824 1176 de-

165 1208 300 1276 fecit
347 1216 584 1262 sanctus.
640 1208 848 1264 Praeter
892 1214 973 1277 te,
1024 1227 1137 1265 non
1184 1218 1451 1282 superest
1505 1211 1610 1283 qui
1640 1211 1827 1283 possit

167 1295 415 1351 salvare.
477 1298 751 1364 Quoniam
796 1298 1087 1356 diminuti?
1140 1304 1266 1355 sunt
1309 1304 1564 1356 veritates
1610 1319 1643 1355 a
1691 1302 1826 1371 ﬁliis

168 1386 481 1440 hominum.
516 1388 703 1451 Quare
734 1387 876 1441 dixit
935 1388 1230 1456 veritates,
1284 1391 1422 1444 dum
1458 1407 1571 1445 non
1605 1390 1826 1445 scimus

170 1474 273 1546 qui
323 1482 410 1529 est
458 1476 693 1541 veritas,
746 1481 809 1530 ut
858 1477 938 1531 ait
992 1494 1004 1530 :
1055 1480 1176 1548 Ego
1231 1495 1354 1533 sum
1405 1481 1491 1534 via
1528 1482 1580 1534 et
1624 1481 1826 1534 veritus

172 1564 367 1635 (Joan.
417 1580 533 1632 x1v,
582 1566 659 1635 6).
712 1565 875 1619 Sicut
926 1565 1120 1621 multa:
1177 1566 1438 1623 Ecclesiae
1493 1572 1548 1623 ct
1581 1586 1698 1624 una
1727 1569 1825 1623 Ec-

175 1652 375 1720 clesia,
410 1652 488 1708 sic
522 1652 716 1708 multae
764 1653 1035 1710 veritates
1070 1672 1082 1710 :
1118 1656 1256 1726 quia
1287 1656 1607 1712 multorum
1632 1658 1824 1728 justo-

179 1759 315 1797 rum
365 1759 553 1813 opera,
603 1748 660 1797 et
712 1742 882 1797 multi
928 1743 1149 1799 faciunt
1193 1746 1433 1800 donum.
1485 1737 1594 1800 Sed
1648 1763 1825 1817 quare

177 1831 480 1887 diminuta:
502 1832 531 1885 ‘t
575 1832 721 1895 Quia
751 1836 885 1887 ante
926 1833 1241 1889 adventum
1272 1834 1505 1902 Christi,
1541 1835 1660 1889 sive
1691 1852 1823 1905 pro-
1857 1870 1907 1935 B

175 1921 388 1992 phetze,
422 1921 542 1976 sive
572 1921 934 1992 patriarchae,
982 1926 1102 1977 tam
1156 1923 1319 1978 bona:
1370 1928 1612 1994 natura},
1648 1940 1826 1995 quam

173 2010 279 2082 qui
311 2027 378 2066 ex
408 2014 571 2081 parte
603 2010 808 2080 dejecti
840 2010 1114 2066 videbant
1135 2012 1372 2078 servire,
1399 2013 1455 2066 in
1478 2011 1679 2067 multis
1703 2029 1825 2066 mo-

174 2099 269 2154 dis
301 2098 577 2153 diminuti
609 2103 775 2154 erant
808 2115 821 2155 :
852 2099 988 2172 quia
1019 2103 1213 2172 caput,
1247 2100 1304 2155 id
1337 2104 1443 2171 est,
1476 2100 1824 2171 veritas,qui

174 2192 266 2243 est
296 2187 584 2254 Christus,
639 2190 901 2243 nondum
945 2193 1200 2245 venerat.
1244 2190 1506 2245 Membra
1536 2190 1830 2244 diminuta

176 2283 363 2344 erant,
399 2293 706 2350 usquequo
744 2282 919 2350 caput
948 2295 1170 2347 eorum,
1233 2280 1388 2350 quod
1422 2283 1511 2335 est
1540 2278 1830 2345 Christus,

178 2367 438 2421 advenit.

259 2478 287 2504 (ί
336 2455 495 2510 Vana
543 2438 717 2511 locuti
774 2462 930 2521 sunt,
1003 2479 1029 2504 »
1098 2461 1208 2512 etc.
1280 2457 1541 2512 Primum
1603 2461 1829 2522 Petrus,

175 2545 418 2616 quando
450 2544 593 2600 dixit
630 2564 643 2600 :
679 2549 743 2600 Et
773 2547 823 2599 si
875 2547 1177 2616 oportuerit
1207 2563 1292 2600 me
1319 2540 1461 2601 meri
1490 2553 1689 2613 tecum,
1721 2562 1829 2601 non

174 2642 231 2688 te
278 2634 505 2704 negabo.
558 2635 832 2689 Similiter
900 2638 949 2688 et
998 2652 1180 2690 omnes
1239 2635 1500 2707 discipuli
1571 2636 1832 2690 dixerunt

175 2721 367 2787 (Marc.
420 2740 531 2777 xw.
584 2724 723 2794 31);
790 2724 889 2779 sed
941 2724 1000 2778 hi
1033 2740 1238 2780 omnes
1285 2742 1436 2779 vana
1466 2724 1645 2779 locuti
1669 2728 1828 2791 sunt,

174 2812 327 2866 dum
359 2810 675 2883 adimplere
706 2812 858 2884 quod
892 2817 1467 2885 proposuerunt,non
1492 2818 1830 2886 potuerunt.

176 2901 255 2955 Et
304 2899 579 2968 haeretici,
646 2901 784 2956 mali
834 2903 1121 2969 doctores,
1180 2902 1279 2974 qui
1327 2903 1649 2958 doctrinam
1703 2920 1835 2975 per-

173 3005 418 3044 versam
479 2991 709 3062 docent,
749 3008 899 3046 vana
937 2990 1115 3047 locuti
1146 2996 1287 3047 sunt
1319 2993 1729 3064 unusquisque
1762 2993 1832 3047 ad

178 3077 519 3150 proximum
595 3095 790 3134 suum.
852 3079 1120 3136 Christus
1182 3080 1483 3151 Dominus,
1535 3079 1634 3151 qui
1721 3080 1839 3134 haec

174 3166 462 3237 loquitur,
498 3172 587 3223 est
617 3169 884 3223 omnium
920 3171 1223 3242 proximus
1256 3187 1271 3226 :
1304 3170 1402 3241 qui
1443 3168 1579 3224 fecit
1609 3168 1839 3224 miseri-

1929 589 2141 642 eratin
2173 589 2425 658 inferno,
2470 589 2529 643 in
2575 588 2694 644 illis
2744 590 2845 661 qui
2894 590 2954 645 in
2995 592 3181 663 poenis
3211 592 3574 650 habitabant.

1931 700 1957 725 ‹‹
1992 677 2154 731 Nunc
2184 693 2519 750 exeurgam.
2554 679 2695 733 dicit
2724 678 3028 735 Dominus.
3060 703 3087 731 ››
3121 680 3239 736 Hoc
3278 689 3388 750 est,
3438 684 3581 738 mit-

1932 770 2053 820 tam
2084 765 2295 821 Filium
2326 783 2523 822 meum
2559 768 2660 839 qui
2691 785 2788 823 eos
2836 770 3110 838 redimat,
3142 775 3199 825 et
3227 769 3357 826 illos
3389 772 3491 843 qui
3521 773 3579 827 in

1936 854 2174 910 miseria
2222 861 2360 910 sunt
2404 856 2463 910 in
2525 858 2765 927 mundo,
2811 858 2898 912 vel
2950 875 3049 914 eos
3099 858 3198 930 qui
3245 859 3305 912 in
3353 859 3578 915 inferno

1868 984 1881 991 -
1932 947 2390 999 commorantur.
2446 946 2607 1009 Quod
2655 944 2737 999 ita
2780 946 2998 1001 factum
3049 951 3176 1001 est:
3212 945 3373 1000 Misit
3428 946 3579 1001 Deus

1934 1031 2104 1085 Pater
2135 1031 2345 1086 Filium
2387 1049 2563 1087 suum
2597 1034 2667 1088 ad
2703 1051 2807 1089 nos
2841 1034 3107 1105 miseros,
3140 1039 3205 1090 ut
3234 1050 3339 1090 nos
3370 1034 3580 1090 libera-

1937 1125 2042 1187 ret,
2073 1124 2128 1175 et
2156 1120 2315 1175 illius
2348 1126 2691 1193 paupertate
2725 1122 2933 1178 divites
2964 1140 3249 1179 essemus.

2014 1232 2034 1259 α
2071 1213 2289 1264 Ponam
2322 1210 2381 1264 in
2413 1210 2652 1265 salutari
2691 1228 2838 1266 meo.
2897 1234 2949 1261 »ι
2973 1211 3147 1278 Dixit,
3205 1213 3263 1266 in
3316 1211 3582 1278 salutari,

1936 1303 1993 1353 et
2024 1316 2137 1354 non
2171 1298 2333 1363 dixit,
2383 1299 2521 1370 quid
2584 1316 2796 1371 ponam
2853 1318 2864 1355 :
2917 1301 3290 1368 subauditur,
3335 1301 3585 1356 salutem

1936 1388 2217 1459 gentium.
2251 1388 2319 1442 Et
2349 1387 2538 1442 adhuc
2570 1388 2709 1459 quid
2746 1406 2955 1461 ponam
2977 1390 3004 1444 ?
3033 1390 3247 1446 Contra
3298 1391 3583 1462 gemitum

1936 1476 2195 1531 laetitiam
2249 1493 2262 1530 :
2318 1480 2373 1531 et
2415 1482 2615 1531 contra
2662 1485 3084 1550 paupertatem,
3132 1480 3363 1535 divitias
3413 1479 3587 1551 spiri-

1942 1566 2148 1620 tuales.
2188 1589 2209 1614 α
2246 1564 2620 1622 Fiducialiter
2648 1583 2816 1639 agam
2851 1568 2908 1622 in
2942 1582 3028 1623 eo.
3066 1592 3093 1617 »
3121 1573 3243 1624 Vox
3276 1568 3467 1624 Patris
3516 1569 3587 1624 de

1938 1655 2095 1711 Filio.
2148 1658 2225 1710 Ac
2280 1655 2329 1710 si
2378 1656 2578 1711 dicat:
2627 1656 2769 1711 Cum
2806 1657 3023 1713 fiducia
3062 1660 3261 1723 omnia
3309 1658 3456 1714 facio
3487 1676 3590 1731 per

1938 1762 2073 1799 eum
2119 1745 2303 1816 :quia
2350 1743 2626 1800 divinitas
2675 1745 2927 1800 ﬁrmavit
2975 1746 3409 1803 humanitatem
3460 1766 3472 1803 :
3526 1752 3591 1802 ut

1939 1834 2227 1906 scriptum
2259 1838 2369 1899 est,
2393 1832 2573 1889 libere
2603 1834 2740 1906 egit.
2775 1837 2945 1904 (Psal.
2977 1853 3136 1908 XCIII,
3172 1839 3244 1909 1).

2011 1944 2037 1972 ‹‹
2087 1922 2335 1994 Eloquia
2378 1922 2632 1990 Domini,
2692 1922 2922 1995 eloquia
2971 1931 3151 1981 casta.
3196 1943 3223 1976 ι
3272 1925 3590 1997 Utriusque

1938 2012 2298 2067 Testamenti
2322 2012 2646 2067 doctrinam
2680 2012 2921 2093 insimul
2954 2014 3587 2087 comprehendit.Tuuc

1940 2104 2100 2155 casta
2151 2104 2309 2167 sunt,
2360 2101 2408 2156 si
2478 2118 2511 2156 a
2562 2101 2731 2156 bonis
2800 2102 3279 2174 praedicatoribus
3325 2102 3591 2157 incorru-

1941 2188 2223 2262 ptibiliter
2270 2194 2327 2245 et
2374 2191 2500 2246 sine
2547 2190 2920 2262 corruptione
2970 2193 3373 2263 praedicantur.
3426 2192 3592 2247 Tunc

1941 2279 2052 2334 erit
2082 2278 2239 2334 istud
2276 2296 2288 2335 :
2326 2279 2373 2334 si
2424 2280 2658 2351 quando
2736 2280 3055 2352 praedicant
3104 2299 3220 2337 non
3276 2285 3592 2353 parentum

1942 2368 2235 2439 provocati
2269 2385 2487 2435 amore,
2541 2386 2656 2425 non
2690 2374 2994 2441 potentum
3042 2370 3274 2437 timore,
3309 2386 3425 2425 non
3457 2385 3595 2441 pro-

1942 2461 2071 2527 pter
2102 2457 2255 2512 dona
2280 2458 2608 2528 praesentia,
2642 2474 2758 2513 non
2793 2474 2896 2530 pro
2927 2458 3145 2514 honore
3180 2476 3348 2514 vano.
3381 2455 3592 2512 Aliter:

1943 2546 2048 2609 Qui
2081 2562 2186 2600 nec
2216 2545 2436 2600 audent
2476 2546 2689 2602 addere
2739 2546 2959 2619 aliquid
3013 2546 3289 2618 amplius,
3353 2563 3455 2602 nec
3487 2542 3593 2600 mi-

1944 2650 2121 2689 nuere
2162 2640 2279 2689 tam
2329 2634 2387 2689 in
2434 2635 2627 2691 Veteri
2673 2654 2849 2708 quam
2876 2637 2933 2695 in
2984 2637 3141 2692 Novo
3199 2637 3597 2702 Testamento,

1944 2723 2046 2778 sed
2079 2722 2328 2778 ﬁdeliter
2359 2724 2697 2795 pradicant.
2753 2746 2781 2773 »
2834 2730 3158 2797 Argentum
3208 2725 3343 2796 igne
3376 2722 3595 2778 exami-

1946 2816 2172 2866 natum.
2244 2834 2270 2861 »
2338 2815 2456 2865 Hoc
2539 2817 2647 2878 est,
2708 2812 2928 2882 Spiritu
3003 2816 3205 2867 sancto
3264 2812 3595 2884 probatum.

1945 2901 2069 2955 Non
2103 2899 2183 2953 illi
2215 2899 2444 2970 eloquia
2474 2900 2672 2955 divina
2702 2901 2952 2971 probant
2983 2918 2996 2956 :
3031 2902 3131 2956 sed
3161 2900 3412 2971 Spiritus
3458 2914 3597 2954 san-

1949 2984 2078 3043 ctus
2108 2988 2241 3043 illos
2290 2987 2606 3055 illuminat,
2638 2989 2739 3059 qui
2776 2988 2906 3060 ipsa
2952 2988 3270 3060 pradicant
3302 3006 3314 3042 :
3351 2988 3506 3042 sicut
3537 2986 3597 3042 in

1950 3077 2100 3133 Isaia
2148 3075 2244 3131 ille
2292 3077 2557 3149 angelus,
2628 3078 2863 3149 quando
2914 3077 3137 3149 accepit
3183 3075 3475 3132 calculum
3525 3076 3597 3131 ab

1951 3166 2142 3235 altari,
2203 3170 2259 3220 et
2305 3166 2497 3238 tetigit
2543 3165 2700 3222 labia
2745 3168 2896 3237 ejus,
2952 3168 3151 3223 dicens
3205 3183 3219 3221 :
3264 3168 3396 3222 Ecce
3441 3166 3598 3236 tetigi

177 3256 464 3326 cordiam,
514 3260 577 3311 ut
605 3263 793 3313 morte
846 3274 967 3312 sua
1010 3257 1276 3330 alligaret
1317 3258 1555 3313 vulnera
1613 3263 1832 3313 nostra.
1867 3241 1909 3307 C
1949 3257 2046 3311 hoc
2094 3256 2246 3311 labia
2292 3257 2408 3323 tua,
2458 3264 2508 3310 el
2552 3258 2835 3327 auferetur
2882 3256 3154 3327 iniquitas
3209 3259 3328 3326 tua,
3380 3258 3431 3309 et
3472 3269 3602 3324 pec-

185 3344 407 3400 Contra
455 3362 629 3418 quem
681 3346 867 3402 Judaei
922 3349 981 3402 in
1012 3347 1348 3419 vaniloquio
1398 3347 1839 3403 exercebantur.

187 3458 218 3482 ‹‹
261 3433 438 3488 Labia
476 3434 675 3490 dolosa
722 3435 782 3490 in
830 3438 1002 3491 corde
1050 3441 1106 3492 ct
1155 3437 1326 3492 corde
1374 3436 1551 3491 locuti
1603 3439 1761 3492 sunt.
1817 3458 1845 3483 »

189 3522 569 3579 Simmachus
617 3524 698 3579 ita
746 3525 1046 3581 transtulit
1097 3527 1275 3582 Labia
1317 3527 1549 3593 lubrica,
1584 3526 1643 3580 in
1674 3525 1847 3582 corde

192 3610 359 3666 aliud
394 3617 502 3677 est,
536 3618 593 3669 et
623 3613 901 3685 loquitur.
956 3617 1125 3671 Labia
1171 3616 1376 3686 dolosa,
1432 3615 1724 3687 bilingues
1757 3614 1845 3667 di-

200 3704 437 3769 cuntur,
462 3702 601 3773 quia
632 3703 861 3759 duabus
893 3703 1115 3775 linguis
1144 3693 1469 3776 loquuntur
1493 3722 1505 3759 :
1531 3705 1671 3774 quia
1689 3702 1847 3756 aliud

195 3788 426 3855 dicunt,
457 3796 515 3846 et
543 3790 699 3846 aliud
732 3792 1002 3848 retinent.
1057 3793 1151 3848 Sic
1199 3792 1357 3848 labia
1405 3792 1608 3848 dolosa
1647 3792 1748 3863 qui
1779 3792 1849 3847 de

194 3877 373 3932 corde
402 3877 462 3932 in
494 3880 667 3933 corde
692 3880 871 3935 locuti
902 3884 1042 3935 sunt
1070 3880 1225 3935 mala
1260 3898 1273 3935 :
1308 3897 1477 3935 secus
1508 3881 1666 3952 quod
1718 3897 1851 3936 con-

197 3971 483 4036 ceperant
511 3968 703 4033 corde,
738 3968 1105 4040 protulerunt
1134 3986 1231 4024 ore
1259 3970 1319 4024 in
1344 3986 1535 4041 opere.

272 4075 304 4103 ‹‹
372 4055 684 4127 Disperdat
753 4059 1032 4114 Dominus
1097 4058 1367 4114 universa
1432 4058 1590 4113 labia
1651 4058 1851 4113 dolosa

199 4140 504 4214 Numquid
537 4144 932 4202 maledicendo
981 4147 1168 4202 dicit?
1220 4148 1344 4203 Non
1379 4165 1392 4202 :
1427 4148 1567 4220 quia
1614 4164 1727 4203 non
1760 4152 1851 4202 est

203 4248 338 4286 mos
365 4238 699 4290 sanctorum
734 4236 1205 4306 maledicere,sed
1239 4237 1673 4309 pronuntiando
1696 4238 1848 4309 quod

201 4319 473 4375 futurum
523 4327 631 4389 est,
683 4324 829 4379 dixit
861 4341 873 4380 :
908 4343 1022 4381 non
1072 4327 1348 4397 optando,
1382 4326 1484 4381 sed
1514 4330 1573 4381 et
1603 4326 1850 4397 prophe-

197 4408 404 4463 tando.
463 4411 570 4476 Qui
630 4417 769 4467 sunt
798 4412 952 4468 labia
1005 4414 1253 4470 dolosa?
1282 4414 1566 4485 Haeretici,
1616 4419 1674 4470 et
1712 4412 1852 4469 mali

198 4496 631 4567 praedicatores.
658 4524 684 4551 «
718 4506 783 4556 Et
805 4501 1067 4575 linguam
1098 4502 1560 4574 magniloquam.
1584 4525 1611 4553 »
1649 4503 1710 4559 Id
1743 4507 1850 4570 est,

198 4584 307 4655 qui
341 4603 405 4641 su
415 4590 592 4659 perha
620 4589 959 4663 loquuntur.

279 4695 308 4723 ‹‹
339 4677 445 4740 Qui
504 4678 796 4745 dixerunt,
856 4680 1116 4751 linguam
1148 4684 1410 4736 nostram
1451 4679 1852 4752 magniﬁcabi-

201 4780 361 4818 mus.
398 4787 427 4813 »
464 4767 577 4822 Hoc
607 4770 819 4840 est,qui
851 4771 1197 4841 semetipsos
1227 4769 1287 4824 in
1321 4769 1564 4825 invicem
1588 4770 1853 4837 laudant,

199 4857 260 4908 et
304 4870 481 4925 opera
527 4874 635 4913 sua
684 4860 1082 4931 magniﬁcant.
1158 4859 1330 4914 Labia
1378 4868 1561 4914 nostra
1619 4876 1654 4914 a
1698 4859 1855 4913 nobis

197 4951 353 4997 sunt.
390 4951 469 4999 Ac
501 4946 549 5001 si
581 4948 734 5003 dicat
768 4967 780 5004 :
814 4950 1089 5005 Doctores
1138 4953 1369 5004 nostros
1409 4965 1478 5003 ex
1508 4948 1678 5004 nobis
1708 4948 1855 5020 ipsis

200 5030 514 5102 habemus,
549 5053 665 5091 non
711 5039 968 5094 aliunde.
1024 5037 1320 5093 Plaudunt
1376 5037 1532 5093 enim
1593 5038 1650 5092 id
1707 5052 1857 5093 vana

200 5121 576 5193 verbositate,
627 5126 931 5183 dicentes:
984 5127 1087 5182 Nos
1139 5128 1245 5196 filii
1293 5127 1521 5183 Abrabc‘v
1563 5143 1773 5195 sumus.
1804 5129 1857 5181 εἰ

200 5211 426 5265 nemini
451 5228 695 5285 unquam
736 5219 1057 5273 seruiuimus
1107 5218 1284 5284 (Joan.
1333 5233 1453 5282 vm,
1505 5216 1617 5287 33).
1657 5237 1684 5268 σι
1716 5215 1856 5278 Quis

199 5303 409 5354 noster
437 5307 523 5357 est
553 5304 838 5361 Dominus
859 5306 886 5361 ?
917 5332 944 5356 ››
981 5314 1058 5362 Ac
1114 5306 1161 5360 si
1196 5306 1395 5360 dicant
1426 5322 1438 5359 :
1481 5304 1720 5363 Nullum
1754 5304 1855 5360 ha-

202 5388 416 5444 bemus
442 5390 777 5461 Dominum,
812 5396 909 5465 qui
943 5396 1140 5450 omnia
1168 5396 1411 5450 scimus.

280 5500 306 5525 ‹‹
342 5479 577 5552 Propter
615 5485 907 5540 miseriam
933 5486 1197 5557 inopum,
1231 5491 1287 5541 et
1325 5484 1611 5557 gemitum
1645 5500 1859 5555 paupe—

202 5583 358 5622 rum.
390 5587 419 5618 ιι
454 5570 572 5626 Vox
607 5573 789 5628 Patris
845 5578 952 5627 est.
1010 5574 1118 5638 Qui
1173 5579 1296 5630 erat
1356 5573 1555 5641 miser,
1589 5572 1701 5628 nisi
1751 5576 1859 5627 hu-

202 5671 449 5713 manum
482 5677 666 5731 genus
688 5663 745 5718 in
782 5662 1013 5731 szeculo,
1046 5664 1201 5735 quod
1262 5664 1321 5719 in
1353 5663 1529 5721 istam
1559 5661 1860 5719 miseriam

1956 3347 2137 3399 catum
2166 3352 2315 3399 tuum
2346 3344 2707 3399 mandabitur
2737 3347 2870 3415 (Isa.
2899 3362 2975 3411 v1,
3006 3346 3084 3416 7).
3132 3348 3240 3399 Per
3266 3347 3597 3414 argentum,

1962 3433 2135 3488 Vetus
2184 3434 2649 3505 Testamentum,
2684 3449 2785 3505 per
2827 3450 3057 3501 aurum,
3083 3433 3328 3488 Novum.
3379 3431 3472 3486 Sic
3512 3433 3604 3486 est

1956 3520 2155 3577 littera
2200 3526 2257 3576 et
2308 3520 2590 3594 spiritalis
2643 3521 2997 3593 intellectus,
3031 3521 3200 3594 quasi
3249 3537 3317 3576 ex
3360 3522 3600 3591 argento

1959 3612 2314 3683 producatur
2366 3627 2596 3666 aurum.
2653 3633 2681 3660 «
2733 3611 3045 3666 Probatum
3095 3616 3282 3673 terrae.
3332 3609 3442 3664 hoc
3489 3611 3598 3673 est,

1960 3700 2232 3755 Ecclesia.
2285 3699 2388 3755 llla
2433 3699 2663 3772 eloquia
2738 3700 2936 3755 divina
3007 3700 3249 3771 probata
3311 3702 3452 3755 sunt
3500 3713 3605 3769 per

1958 3789 2240 3861 Spiritum
2273 3794 2566 3861 sanctum,
2610 3805 2786 3861 quem
2817 3789 3039 3861 accepit
3066 3787 3340 3845 Ecclesia.
3372 3786 3556 3841 Aliter
3587 3801 3601 3839 :

1963 3879 2272 3934 Probatum
2322 3883 2508 3949 terrae,
2562 3879 2621 3933 id
2667 3883 2779 3943 est,
2837 3878 3105 3935 Christus
3166 3878 3466 3941 Dominus,
3501 3874 3604 3945 qui

1960 3968 2116 4022 venit
2143 3967 2202 4021 in
2260 3967 2625 4023 humanitate
2668 3967 2767 4022 illa
2815 3984 2917 4039 pro
2968 3972 3129 4039 parte
3173 3965 3394 4031 carnis,
3424 3978 3604 4035 quam

1960 4073 2029 4111 ex
2061 4055 2240 4111 Maria
2270 4050 2509 4127 accepit,
2554 4056 2722 4127 quasi
2757 4061 2972 4111 terram
3009 4054 3289 4109 Dominus
3319 4050 3601 4121 suscepit.

1962 4168 1989 4195 ‹‹
2024 4145 2342 4217 Purgatum
2392 4145 2751 4215 septuplum.
2808 4167 2835 4193 »
2883 4144 3115 4214 Septem
3164 4143 3317 4196 dona
3365 4156 3493 4210 quae
3541 4137 3603 4192 in

1961 4233 2188 4289 Christo
2221 4234 2454 4288 fuerunt
2485 4250 2498 4287 :
2533 4249 2649 4288 non
2681 4237 2746 4287 ut
2774 4231 2871 4287 ille
2902 4230 3330 4303 puriﬁcaretur,
3366 4229 3464 4284 sed
3499 4225 3599 4297 qui

1962 4323 2090 4395 ipsa
2120 4323 2273 4377 dona
2302 4322 2594 4392 accepturi
2625 4325 2808 4393 erant,
2843 4320 3311 4393 puriﬁcareutur.

2034 4435 2062 4460 «
2089 4412 2195 4477 Tu,
2230 4409 2493 4475 Domine,
2529 4410 2787 4465 servabis
2818 4427 2947 4467 nos.
3004 4432 3033 4460 »
3066 4409 3183 4465 Hoc
3229 4413 3338 4477 est,
3380 4409 3438 4463 in
3474 4406 3607 4477 fide,

1964 4498 2218 4555 Ecclesia
2247 4502 2430 4571 rogat.
2464 4522 2491 4549 «
2526 4503 2593 4554 Et
2641 4501 2936 4556 custodies
2985 4517 3091 4555 nos
3142 4516 3176 4554 a
3236 4496 3609 4569 generatione

1884 4613 1931 4676 Β
1961 4590 2090 4644 hac.
2127 4611 2154 4636 ››
2195 4587 2470 4643 Omnium
2522 4587 2809 4644 malorum
2860 4589 3096 4644 turbam
3129 4585 3307 4643 simul
3353 4599 3613 4655 compre-
3674 4610 3679 4615 ι

1964 4679 2189 4745 hendit,
2240 4677 2670 4745 haereticorum,
2740 4677 3197 4745 dialecticorum,
3248 4679 3307 4730 et
3355 4673 3612 4744 reliquo-

1967 4784 2118 4822 rum.
2154 4767 2241 4821 Ab
2270 4766 2517 4821 istorum
2562 4768 2934 4838 generatione
2975 4766 3261 4822 Dominus
3300 4760 3611 4833 separavit.

1970 4855 2279 4911 Ecclesium
2311 4872 2501 4910 suam.
2538 4855 2699 4911 Unde
2730 4861 2786 4912 et
2836 4857 2894 4911 in
2928 4854 3239 4929 Evangelio
3273 4870 3286 4908 :
3320 4854 3448 4909 Haec
3495 4866 3612 4905 om-

1964 4947 2062 4999 nia
2113 4946 2331 5000 venient
2380 4946 2646 5000 universw
2690 4948 3037 5017 generationi
3096 4945 3206 5011 illi,
3255 4960 3293 4998 a
3337 4941 3619 5014 sanguine

1967 5035 2096 5089 Abel
2127 5037 2223 5105 qui
2249 5034 2451 5105 effusus
2483 5043 2563 5088 est
2590 5053 2612 5089 ,ο
2656 5036 2738 5090 vel
2785 5053 2818 5090 α
2867 5035 3143 5106 sanguine
3189 5031 3471 5087 Zachariae
3511 5028 3623 5099 ﬁlii

1968 5123 2284 5186 Barachiz,
2316 5138 2473 5195 quem
2503 5123 2815 5179 occiderunt
2860 5127 3006 5180 inter
3055 5122 3317 5195 templum
3356 5124 3409 5175 et
3437 5120 3622 5174 altare

1968 5212 2177 5284 (Matth.
2210 5227 2371 5279 xxm,
2400 5212 2511 5283 35).

2041 5323 2070 5350 ‹‹
2104 5303 2164 5355 In
2212 5299 2455 5354 circuitu
2512 5300 2677 5372 impii
2728 5302 3052 5357 ambulant.
3102 5301 3247 5356 Cum
3300 5295 3621 5354 transtule-

1972 5392 2090 5445 rint
2138 5405 2244 5443 nos
2291 5389 2360 5443 de
2430 5390 2699 5460 praesenti
2764 5391 2972 5447 szeculo
3021 5391 3080 5445 in
3133 5391 3421 5456 futurum,
3482 5392 3623 5441 tunc

1972 5479 2135 5550 impii
2174 5477 2313 5533 foris
2362 5478 2687 5545 ambulant,
2743 5496 2849 5535 nec
2904 5484 3179 5552 poterunt
3225 5479 3443 5532 intrare
3486 5490 3623 5529 cum

1974 5568 2212 5633 sanctis,
2248 5583 2394 5637 quos
2438 5572 2521 5631 tu,
2567 5570 2888 5623 secundum
2924 5569 3391 5642 magnitudinem
3436 5569 3619 5625 tuam,

1971 5663 2075 5713 tua
2138 5653 2531 5711 sollicitudine
2589 5658 2973 5714 conservasti.
3025 5656 3086 5711 In
3143 5654 3392 5710 circuitu
3452 5647 3623 5721 impii
