  <div class='ocr_page' id='page_1' title='image "/cluster/home/n/w/nwhite01/storage/ocr_20150623/26/hvd.32044052772472/477.png"; bbox 0 0 3964 6190; ppageno 0'>
   <div class='ocr_carea' id='block_1_1' title="bbox 493 337 611 394">
    <p class='ocr_par' dir='ltr' id='par_1_1' title="bbox 493 337 611 394">
     <span class='ocr_line' id='line_1_1' title="bbox 493 337 611 394; baseline -0.017 0"><span class='ocrx_word' id='word_1_1' title='bbox 493 337 611 394; x_wconf 87' lang='lat'>899</span> 
     </span>
    </p>
   </div>
   <div class='ocr_carea' id='block_1_2' title="bbox 1987 334 2402 393">
    <p class='ocr_par' dir='ltr' id='par_1_2' title="bbox 1987 334 2402 393">
     <span class='ocr_line' id='line_1_2' title="bbox 1987 334 2402 393; baseline -0.005 0"><span class='ocrx_word' id='word_1_2' title='bbox 1987 334 2402 393; x_wconf 84' lang='lat' dir='ltr'>APPENDIX.</span> 
     </span>
    </p>
   </div>
   <div class='ocr_carea' id='block_1_3' title="bbox 3695 346 3784 402">
    <p class='ocr_par' dir='ltr' id='par_1_3' title="bbox 3695 346 3784 402">
     <span class='ocr_line' id='line_1_3' title="bbox 3695 346 3784 402; baseline 0 0"><span class='ocrx_word' id='word_1_3' title='bbox 3695 346 3784 402; x_wconf 88' lang='lat'>900</span> 
     </span>
    </p>
   </div>
   <div class='ocr_carea' id='block_1_4' title="bbox 496 465 3784 538">
    <p class='ocr_par' dir='ltr' id='par_1_4' title="bbox 496 465 3784 538">
     <span class='ocr_line' id='line_1_4' title="bbox 496 465 3784 538; baseline 0.002 -16"><span class='ocrx_word' id='word_1_4' title='bbox 496 466 822 534; x_wconf 81' lang='lat' dir='ltr'>ambulant,</span> <span class='ocrx_word' id='word_1_5' title='bbox 853 467 992 536; x_wconf 83' lang='lat' dir='ltr'>quia</span> <span class='ocrx_word' id='word_1_6' title='bbox 1021 465 1080 519; x_wconf 92' lang='lat' dir='ltr'>in</span> <span class='ocrx_word' id='word_1_7' title='bbox 1112 470 1385 521; x_wconf 76' lang='lat' dir='ltr'>aeternam</span> <span class='ocrx_word' id='word_1_8' title='bbox 1421 466 1592 522; x_wconf 87' lang='lat' dir='ltr'>vitam</span> <span class='ocrx_word' id='word_1_9' title='bbox 1629 484 1742 522; x_wconf 91' lang='lat' dir='ltr'>non</span> <span class='ocrx_word' id='word_1_10' title='bbox 1779 465 2133 538; x_wconf 80' lang='lat' dir='ltr'>pervenient.</span> <span class='ocrx_word' id='word_1_11' title='bbox 2166 467 2221 532; x_wconf 88' lang='grc' dir='ltr'><strong>Α</strong></span> <span class='ocrx_word' id='word_1_12' title='bbox 2251 483 2322 520; x_wconf 91' lang='lat' dir='ltr'>ne</span> <span class='ocrx_word' id='word_1_13' title='bbox 2370 482 2630 536; x_wconf 91' lang='lat' dir='ltr'>unquam</span> <span class='ocrx_word' id='word_1_14' title='bbox 2681 465 3048 520; x_wconf 90' lang='lat' dir='ltr'>obdormiam</span> <span class='ocrx_word' id='word_1_15' title='bbox 3101 465 3158 519; x_wconf 92' lang='lat' dir='ltr'>in</span> <span class='ocrx_word' id='word_1_16' title='bbox 3209 469 3410 520; x_wconf 91' lang='lat' dir='ltr'>marte.</span> <span class='ocrx_word' id='word_1_17' title='bbox 3438 488 3461 517; x_wconf 74' lang='grc' dir='ltr'><strong>ο</strong></span> <span class='ocrx_word' id='word_1_18' title='bbox 3503 469 3577 522; x_wconf 91' lang='lat' dir='ltr'>Tu</span> <span class='ocrx_word' id='word_1_19' title='bbox 3604 485 3652 525; x_wconf 83' lang='lat' dir='ltr'>es</span> <span class='ocrx_word' id='word_1_20' title='bbox 3674 475 3784 528; x_wconf 81' lang='lat' dir='ltr'>enim</span> 
     </span>
    </p>
   </div>
   <div class='ocr_carea' id='block_1_5' title="bbox 495 553 2138 626">
    <p class='ocr_par' dir='ltr' id='par_1_5' title="bbox 495 553 2138 626">
     <span class='ocr_line' id='line_1_5' title="bbox 495 553 2138 626; baseline 0 -18"><span class='ocrx_word' id='word_1_21' title='bbox 495 556 561 608; x_wconf 89' lang='lat' dir='ltr'>Et</span> <span class='ocrx_word' id='word_1_22' title='bbox 609 553 776 610; x_wconf 82' lang='lat' dir='ltr'>aliter</span> <span class='ocrx_word' id='word_1_23' title='bbox 827 571 838 607; x_wconf 93' lang='lat'><strong>:</strong></span> <span class='ocrx_word' id='word_1_24' title='bbox 892 554 1037 608; x_wconf 90' lang='lat' dir='ltr'>Cum</span> <span class='ocrx_word' id='word_1_25' title='bbox 1087 553 1252 608; x_wconf 82' lang='lat' dir='ltr'>electi</span> <span class='ocrx_word' id='word_1_26' title='bbox 1302 556 1511 626; x_wconf 88' lang='lat' dir='ltr'>recepti</span> <span class='ocrx_word' id='word_1_27' title='bbox 1566 555 1802 618; x_wconf 83' lang='lat' dir='ltr'>fuerint,</span> <span class='ocrx_word' id='word_1_28' title='bbox 1866 560 2024 609; x_wconf 88' lang='lat' dir='ltr'>extra</span> <span class='ocrx_word' id='word_1_29' title='bbox 2046 555 2138 624; x_wconf 87' lang='lat' dir='ltr'>ja-</span> 
     </span>
    </p>
   </div>
   <div class='ocr_carea' id='block_1_6' title="bbox 495 643 2140 715">
    <p class='ocr_par' dir='ltr' id='par_1_6' title="bbox 495 643 2140 715">
     <span class='ocr_line' id='line_1_6' title="bbox 495 643 2140 715; baseline 0.001 -19"><span class='ocrx_word' id='word_1_30' title='bbox 495 660 673 697; x_wconf 89' lang='lat' dir='ltr'>nuam</span> <span class='ocrx_word' id='word_1_31' title='bbox 725 643 1059 697; x_wconf 91' lang='lat' dir='ltr'>clamabunt</span> <span class='ocrx_word' id='word_1_32' title='bbox 1113 660 1125 696; x_wconf 88' lang='lat'>:</span> <span class='ocrx_word' id='word_1_33' title='bbox 1180 646 1428 708; x_wconf 80' lang='lat' dir='ltr'>Domine,</span> <span class='ocrx_word' id='word_1_34' title='bbox 1481 646 1724 714; x_wconf 78' lang='lat' dir='ltr'>Domine,</span> <span class='ocrx_word' id='word_1_35' title='bbox 1778 646 1931 715; x_wconf 78' lang='lat' dir='ltr'>aperi</span> <span class='ocrx_word' id='word_1_36' title='bbox 1983 645 2140 699; x_wconf 77' lang='lat' dir='ltr'>nobis</span> 
     </span>
    </p>
   </div>
   <div class='ocr_carea' id='block_1_7' title="bbox 494 732 2139 802">
    <p class='ocr_par' dir='ltr' id='par_1_7' title="bbox 494 732 2139 802">
     <span class='ocr_line' id='line_1_7' title="bbox 494 732 2139 802; baseline 0.001 -18"><span class='ocrx_word' id='word_1_37' title='bbox 494 733 702 802; x_wconf 82' lang='lat' dir='ltr'>(Matth.</span> <span class='ocrx_word' id='word_1_38' title='bbox 762 749 890 786; x_wconf 85' lang='lat' dir='ltr'>xxv.</span> <span class='ocrx_word' id='word_1_39' title='bbox 940 732 1045 801; x_wconf 90' lang='grc'>11).</span> <span class='ocrx_word' id='word_1_40' title='bbox 1098 732 1332 788; x_wconf 80' lang='lat' dir='ltr'>Aliter:</span> <span class='ocrx_word' id='word_1_41' title='bbox 1391 736 1454 786; x_wconf 94' lang='lat' dir='ltr'>In</span> <span class='ocrx_word' id='word_1_42' title='bbox 1504 734 1751 787; x_wconf 86' lang='lat' dir='ltr'>circuitu</span> <span class='ocrx_word' id='word_1_43' title='bbox 1803 750 2026 799; x_wconf 86' lang='lat' dir='ltr'>eorum,</span> <span class='ocrx_word' id='word_1_44' title='bbox 2083 739 2139 788; x_wconf 91' lang='lat' dir='ltr'>et</span> 
     </span>
    </p>
   </div>
   <div class='ocr_carea' id='block_1_8' title="bbox 494 821 2131 898">
    <p class='ocr_par' dir='ltr' id='par_1_8' title="bbox 494 821 2131 898">
     <span class='ocr_line' id='line_1_8' title="bbox 494 821 2131 898; baseline 0.001 -24"><span class='ocrx_word' id='word_1_45' title='bbox 494 821 719 875; x_wconf 89' lang='lat' dir='ltr'>dicetur</span> <span class='ocrx_word' id='word_1_46' title='bbox 777 821 879 875; x_wconf 90' lang='lat' dir='ltr'>eis.</span> <span class='ocrx_word' id='word_1_47' title='bbox 932 822 1113 876; x_wconf 81' lang='lat' dir='ltr'>Nescio</span> <span class='ocrx_word' id='word_1_48' title='bbox 1165 839 1252 876; x_wconf 81' lang='lat' dir='ltr'>vos</span> <span class='ocrx_word' id='word_1_49' title='bbox 1299 823 1471 898; x_wconf 63' lang='lat' dir='ltr'>(Ibid.</span> <span class='ocrx_word' id='word_1_50' title='bbox 1526 824 1634 892; x_wconf 79' lang='lat'>12).</span> <span class='ocrx_word' id='word_1_51' title='bbox 1710 844 1735 870; x_wconf 88' lang='grc'><em>‹‹</em></span> <span class='ocrx_word' id='word_1_52' title='bbox 1801 822 2131 877; x_wconf 88' lang='lat' dir='ltr'>Secundum</span> 
     </span>
    </p>
   </div>
   <div class='ocr_carea' id='block_1_9' title="bbox 493 908 2134 981">
    <p class='ocr_par' dir='ltr' id='par_1_9' title="bbox 493 908 2134 981">
     <span class='ocr_line' id='line_1_9' title="bbox 493 908 2134 981; baseline 0.002 -18"><span class='ocrx_word' id='word_1_53' title='bbox 493 908 863 964; x_wconf 85' lang='lat' dir='ltr'>altitudinem</span> <span class='ocrx_word' id='word_1_54' title='bbox 911 915 1071 964; x_wconf 89' lang='lat' dir='ltr'>tuam</span> <span class='ocrx_word' id='word_1_55' title='bbox 1107 909 1507 981; x_wconf 88' lang='lat' dir='ltr'>multiplicasti</span> <span class='ocrx_word' id='word_1_56' title='bbox 1542 910 1690 966; x_wconf 78' lang='lat' dir='ltr'>filios</span> <span class='ocrx_word' id='word_1_57' title='bbox 1721 911 2045 966; x_wconf 86' lang='lat' dir='ltr'>hominum.</span> <span class='ocrx_word' id='word_1_58' title='bbox 2107 933 2134 959; x_wconf 87' lang='grc'><strong>››</strong></span> 
     </span>
    </p>
   </div>
   <div class='ocr_carea' id='block_1_10' title="bbox 495 997 2132 1070">
    <p class='ocr_par' dir='ltr' id='par_1_10' title="bbox 495 997 2132 1070">
     <span class='ocr_line' id='line_1_10' title="bbox 495 997 2132 1070; baseline 0.002 -19"><span class='ocrx_word' id='word_1_59' title='bbox 495 997 670 1052; x_wconf 89' lang='lat' dir='ltr'>Filios</span> <span class='ocrx_word' id='word_1_60' title='bbox 710 998 829 1052; x_wconf 88' lang='lat' dir='ltr'>Dei.</span> <span class='ocrx_word' id='word_1_61' title='bbox 881 998 1210 1052; x_wconf 88' lang='lat' dir='ltr'>Secundum</span> <span class='ocrx_word' id='word_1_62' title='bbox 1262 997 1702 1054; x_wconf 78' lang='lat' dir='ltr'>multitudinem</span> <span class='ocrx_word' id='word_1_63' title='bbox 1745 1003 1914 1070; x_wconf 77' lang='lat' dir='ltr'>juxta</span> <span class='ocrx_word' id='word_1_64' title='bbox 1948 1003 2132 1055; x_wconf 89' lang='lat' dir='ltr'>abun-</span> 
     </span>
    </p>
   </div>
   <div class='ocr_carea' id='block_1_11' title="bbox 494 1086 2132 1159">
    <p class='ocr_par' dir='ltr' id='par_1_11' title="bbox 494 1086 2132 1159">
     <span class='ocr_line' id='line_1_11' title="bbox 494 1086 2132 1159; baseline 0.001 -19"><span class='ocrx_word' id='word_1_65' title='bbox 494 1088 753 1141; x_wconf 88' lang='lat' dir='ltr'>dantiam</span> <span class='ocrx_word' id='word_1_66' title='bbox 787 1086 1195 1142; x_wconf 70' lang='lat' dir='ltr'>misericordiae</span> <span class='ocrx_word' id='word_1_67' title='bbox 1244 1093 1376 1152; x_wconf 79' lang='lat' dir='ltr'>tuae,</span> <span class='ocrx_word' id='word_1_68' title='bbox 1412 1089 1549 1158; x_wconf 87' lang='lat' dir='ltr'>quia</span> <span class='ocrx_word' id='word_1_69' title='bbox 1581 1088 2003 1159; x_wconf 80' lang='lat' dir='ltr'>multiplicatur</span> <span class='ocrx_word' id='word_1_70' title='bbox 2034 1090 2132 1142; x_wconf 91' lang='lat' dir='ltr'>Ec-</span> 
     </span>
    </p>
   </div>
   <div class='ocr_carea' id='block_1_12' title="bbox 497 1173 2127 1249">
    <p class='ocr_par' dir='ltr' id='par_1_12' title="bbox 497 1173 2127 1249">
     <span class='ocr_line' id='line_1_12' title="bbox 497 1173 2127 1249; baseline 0.002 -20"><span class='ocrx_word' id='word_1_71' title='bbox 497 1173 692 1238; x_wconf 89' lang='lat' dir='ltr'>clesia,</span> <span class='ocrx_word' id='word_1_72' title='bbox 725 1176 830 1230; x_wconf 92' lang='lat' dir='ltr'>hoc</span> <span class='ocrx_word' id='word_1_73' title='bbox 861 1179 966 1242; x_wconf 90' lang='lat' dir='ltr'>est,</span> <span class='ocrx_word' id='word_1_74' title='bbox 1002 1176 1071 1229; x_wconf 91' lang='lat' dir='ltr'>de</span> <span class='ocrx_word' id='word_1_75' title='bbox 1099 1177 1310 1247; x_wconf 83' lang='lat' dir='ltr'>pietate</span> <span class='ocrx_word' id='word_1_76' title='bbox 1357 1181 1413 1230; x_wconf 89' lang='lat' dir='ltr'>et</span> <span class='ocrx_word' id='word_1_77' title='bbox 1444 1177 1844 1232; x_wconf 87' lang='lat' dir='ltr'>misericordia</span> <span class='ocrx_word' id='word_1_78' title='bbox 1883 1179 2069 1249; x_wconf 88' lang='lat' dir='ltr'>ipsius</span> <span class='ocrx_word' id='word_1_79' title='bbox 2116 1196 2127 1233; x_wconf 92' lang='lat'>:</span> 
     </span>
    </p>
   </div>
   <div class='ocr_carea' id='block_1_13' title="bbox 497 1263 2133 1338">
    <p class='ocr_par' dir='ltr' id='par_1_13' title="bbox 497 1263 2133 1338">
     <span class='ocr_line' id='line_1_13' title="bbox 497 1263 2133 1338; baseline 0.004 -21"><span class='ocrx_word' id='word_1_80' title='bbox 497 1280 628 1317; x_wconf 90' lang='lat' dir='ltr'>cum</span> <span class='ocrx_word' id='word_1_81' title='bbox 660 1265 717 1318; x_wconf 92' lang='lat' dir='ltr'>in</span> <span class='ocrx_word' id='word_1_82' title='bbox 749 1263 1126 1318; x_wconf 85' lang='lat' dir='ltr'>retributione</span> <span class='ocrx_word' id='word_1_83' title='bbox 1173 1266 1378 1318; x_wconf 67' lang='lat' dir='ltr'>futurae</span> <span class='ocrx_word' id='word_1_84' title='bbox 1417 1266 1795 1321; x_wconf 76' lang='lat' dir='ltr'>beatitudinis</span> <span class='ocrx_word' id='word_1_85' title='bbox 1845 1269 2133 1338; x_wconf 85' lang='lat' dir='ltr'>promissa</span> 
     </span>
    </p>
   </div>
   <div class='ocr_carea' id='block_1_14' title="bbox 492 1351 2126 1426">
    <p class='ocr_par' dir='ltr' id='par_1_14' title="bbox 492 1351 2126 1426">
     <span class='ocr_line' id='line_1_14' title="bbox 492 1351 2126 1426; baseline 0.002 -20"><span class='ocrx_word' id='word_1_86' title='bbox 492 1359 594 1406; x_wconf 91' lang='lat' dir='ltr'>tua</span> <span class='ocrx_word' id='word_1_87' title='bbox 652 1351 1050 1423; x_wconf 85' lang='lat' dir='ltr'>percipientes,</span> <span class='ocrx_word' id='word_1_88' title='bbox 1085 1353 1410 1407; x_wconf 71' lang='lat' dir='ltr'>conl‘ormes</span> <span class='ocrx_word' id='word_1_89' title='bbox 1439 1353 1624 1407; x_wconf 77' lang='lat' dir='ltr'>effecti</span> <span class='ocrx_word' id='word_1_90' title='bbox 1659 1354 1873 1408; x_wconf 78' lang='lat' dir='ltr'>fuerint</span> <span class='ocrx_word' id='word_1_91' title='bbox 1904 1357 2126 1426; x_wconf 86' lang='lat' dir='ltr'>corpori</span> 
     </span>
    </p>
   </div>
   <div class='ocr_carea' id='block_1_15' title="bbox 482 1441 2130 1513">
    <p class='ocr_par' dir='ltr' id='par_1_15' title="bbox 482 1441 2130 1513">
     <span class='ocr_line' id='line_1_15' title="bbox 482 1441 2130 1513; baseline 0.003 -18"><span class='ocrx_word' id='word_1_92' title='bbox 482 1442 677 1513; x_wconf 62' lang='lat' dir='ltr'>glorias</span> <span class='ocrx_word' id='word_1_93' title='bbox 709 1447 843 1509; x_wconf 62' lang='lat' dir='ltr'>tuas,</span> <span class='ocrx_word' id='word_1_94' title='bbox 879 1441 934 1494; x_wconf 92' lang='lat' dir='ltr'>in</span> <span class='ocrx_word' id='word_1_95' title='bbox 995 1459 1108 1512; x_wconf 90' lang='lat' dir='ltr'>quo</span> <span class='ocrx_word' id='word_1_96' title='bbox 1157 1442 1258 1495; x_wconf 86' lang='lat' dir='ltr'>tibi</span> <span class='ocrx_word' id='word_1_97' title='bbox 1294 1447 1383 1495; x_wconf 90' lang='lat' dir='ltr'>est</span> <span class='ocrx_word' id='word_1_98' title='bbox 1421 1459 1552 1496; x_wconf 92' lang='lat' dir='ltr'>cum</span> <span class='ocrx_word' id='word_1_99' title='bbox 1599 1449 1811 1498; x_wconf 64' lang='lat' dir='ltr'>aeterno</span> <span class='ocrx_word' id='word_1_100' title='bbox 1856 1449 2040 1513; x_wconf 83' lang='lat' dir='ltr'>Patre,</span> <span class='ocrx_word' id='word_1_101' title='bbox 2074 1451 2130 1500; x_wconf 88' lang='lat' dir='ltr'>et</span> 
     </span>
    </p>
   </div>
   <div class='ocr_carea' id='block_1_16' title="bbox 482 1530 2127 1601">
    <p class='ocr_par' dir='ltr' id='par_1_16' title="bbox 482 1530 2127 1601">
     <span class='ocr_line' id='line_1_16' title="bbox 482 1530 2127 1601; baseline 0.004 -17"><span class='ocrx_word' id='word_1_102' title='bbox 482 1530 702 1601; x_wconf 75' lang='lat' dir='ltr'>Spiritu</span> <span class='ocrx_word' id='word_1_103' title='bbox 735 1536 960 1596; x_wconf 88' lang='lat' dir='ltr'>sancto,</span> <span class='ocrx_word' id='word_1_104' title='bbox 994 1531 1178 1584; x_wconf 89' lang='lat' dir='ltr'>honor</span> <span class='ocrx_word' id='word_1_105' title='bbox 1226 1537 1282 1585; x_wconf 89' lang='lat' dir='ltr'>et</span> <span class='ocrx_word' id='word_1_106' title='bbox 1329 1531 1514 1601; x_wconf 78' lang='lat' dir='ltr'>gloria</span> <span class='ocrx_word' id='word_1_107' title='bbox 1544 1533 1601 1585; x_wconf 92' lang='lat' dir='ltr'>in</span> <span class='ocrx_word' id='word_1_108' title='bbox 1635 1533 1848 1587; x_wconf 68' lang='lat' dir='ltr'>saecula</span> <span class='ocrx_word' id='word_1_109' title='bbox 1886 1535 2127 1590; x_wconf 63' lang='lat' dir='ltr'>saeculo-</span> 
     </span>
    </p>
   </div>
   <div class='ocr_carea' id='block_1_17' title="bbox 478 1624 870 1674">
    <p class='ocr_par' dir='ltr' id='par_1_17' title="bbox 478 1624 870 1674">
     <span class='ocr_line' id='line_1_17' title="bbox 478 1624 870 1674; baseline -0.005 -2"><span class='ocrx_word' id='word_1_110' title='bbox 478 1636 630 1674; x_wconf 91' lang='lat' dir='ltr'>rum.</span> <span class='ocrx_word' id='word_1_111' title='bbox 666 1624 870 1673; x_wconf 87' lang='lat' dir='ltr'>Amen.</span> 
     </span>
    </p>
   </div>
   <div class='ocr_carea' id='block_1_18' title="bbox 1057 1724 1552 1782">
    <p class='ocr_par' dir='ltr' id='par_1_18' title="bbox 1057 1724 1552 1782">
     <span class='ocr_line' id='line_1_18' title="bbox 1057 1724 1552 1782; baseline 0.012 -6"><span class='ocrx_word' id='word_1_112' title='bbox 1057 1724 1394 1781; x_wconf 87' lang='lat' dir='ltr'>PSALMUS</span> <span class='ocrx_word' id='word_1_113' title='bbox 1438 1727 1552 1782; x_wconf 87' lang='lat' dir='ltr'>Xll.</span> 
     </span>
    </p>
   </div>
   <div class='ocr_carea' id='block_1_19' title="bbox 2250 553 3785 625">
    <p class='ocr_par' dir='ltr' id='par_1_19' title="bbox 2250 553 3785 625">
     <span class='ocr_line' id='line_1_19' title="bbox 2250 553 3785 625; baseline 0.005 -17"><span class='ocrx_word' id='word_1_114' title='bbox 2250 555 2348 608; x_wconf 89' lang='lat' dir='ltr'>lux</span> <span class='ocrx_word' id='word_1_115' title='bbox 2377 571 2511 609; x_wconf 88' lang='lat' dir='ltr'>vera</span> <span class='ocrx_word' id='word_1_116' title='bbox 2541 572 2666 625; x_wconf 67' lang='lat' dir='ltr'>quae</span> <span class='ocrx_word' id='word_1_117' title='bbox 2697 553 2996 609; x_wconf 88' lang='lat' dir='ltr'>illuminas</span> <span class='ocrx_word' id='word_1_118' title='bbox 3043 570 3276 608; x_wconf 89' lang='lat' dir='ltr'>omnem</span> <span class='ocrx_word' id='word_1_119' title='bbox 3326 555 3590 611; x_wconf 87' lang='lat' dir='ltr'>hominem</span> <span class='ocrx_word' id='word_1_120' title='bbox 3617 561 3785 616; x_wconf 78' lang='lat' dir='ltr'>venien-</span> 
     </span>
    </p>
   </div>
   <div class='ocr_carea' id='block_1_20' title="bbox 2249 643 3789 714">
    <p class='ocr_par' dir='ltr' id='par_1_20' title="bbox 2249 643 3789 714">
     <span class='ocr_line' id='line_1_20' title="bbox 2249 643 3789 714; baseline 0.004 -17"><span class='ocrx_word' id='word_1_121' title='bbox 2249 648 2366 697; x_wconf 88' lang='lat' dir='ltr'>tem</span> <span class='ocrx_word' id='word_1_122' title='bbox 2399 643 2457 697; x_wconf 91' lang='lat' dir='ltr'>in</span> <span class='ocrx_word' id='word_1_123' title='bbox 2490 645 2646 698; x_wconf 92' lang='lat' dir='ltr'>hunc</span> <span class='ocrx_word' id='word_1_124' title='bbox 2678 644 2965 698; x_wconf 90' lang='lat' dir='ltr'>mundum</span> <span class='ocrx_word' id='word_1_125' title='bbox 3015 643 3192 714; x_wconf 83' lang='lat' dir='ltr'>(Joan.</span> <span class='ocrx_word' id='word_1_126' title='bbox 3231 661 3271 709; x_wconf 80' lang='grc' dir='ltr'>ἶ,</span> <span class='ocrx_word' id='word_1_127' title='bbox 3306 645 3380 712; x_wconf 80' lang='lat'>9).</span> <span class='ocrx_word' id='word_1_128' title='bbox 3428 645 3505 698; x_wconf 91' lang='lat' dir='ltr'>Tu</span> <span class='ocrx_word' id='word_1_129' title='bbox 3549 647 3673 701; x_wconf 75' lang='lat' dir='ltr'>enim</span> <span class='ocrx_word' id='word_1_130' title='bbox 3700 649 3789 704; x_wconf 58' lang='lat' dir='ltr'>illu.</span> 
     </span>
    </p>
   </div>
   <div class='ocr_carea' id='block_1_21' title="bbox 2250 732 3791 798">
    <p class='ocr_par' dir='ltr' id='par_1_21' title="bbox 2250 732 3791 798">
     <span class='ocr_line' id='line_1_21' title="bbox 2250 732 3791 798; baseline 0.004 -12"><span class='ocrx_word' id='word_1_131' title='bbox 2250 732 2439 786; x_wconf 89' lang='lat' dir='ltr'>minas</span> <span class='ocrx_word' id='word_1_132' title='bbox 2472 732 2671 787; x_wconf 90' lang='lat' dir='ltr'>oculos</span> <span class='ocrx_word' id='word_1_133' title='bbox 2703 732 2893 787; x_wconf 88' lang='lat' dir='ltr'>cordis</span> <span class='ocrx_word' id='word_1_134' title='bbox 2925 732 3130 798; x_wconf 83' lang='lat' dir='ltr'>nostri,</span> <span class='ocrx_word' id='word_1_135' title='bbox 3163 750 3234 788; x_wconf 90' lang='lat' dir='ltr'>ne</span> <span class='ocrx_word' id='word_1_136' title='bbox 3278 750 3381 788; x_wconf 90' lang='lat' dir='ltr'>nos</span> <span class='ocrx_word' id='word_1_137' title='bbox 3412 738 3606 788; x_wconf 57' lang='lat' dir='ltr'>«eterna</span> <span class='ocrx_word' id='word_1_138' title='bbox 3645 741 3791 793; x_wconf 80' lang='lat' dir='ltr'>mortis</span> 
     </span>
    </p>
   </div>
   <div class='ocr_carea' id='block_1_22' title="bbox 2247 821 3788 892">
    <p class='ocr_par' dir='ltr' id='par_1_22' title="bbox 2247 821 3788 892">
     <span class='ocr_line' id='line_1_22' title="bbox 2247 821 3788 892; baseline 0.003 -17"><span class='ocrx_word' id='word_1_139' title='bbox 2247 822 2486 892; x_wconf 87' lang='lat' dir='ltr'>obrepat</span> <span class='ocrx_word' id='word_1_140' title='bbox 2515 838 2781 877; x_wconf 89' lang='lat' dir='ltr'>somnus.</span> <span class='ocrx_word' id='word_1_141' title='bbox 2834 845 2861 870; x_wconf 90' lang='grc'>‹‹</span> <span class='ocrx_word' id='word_1_142' title='bbox 2908 822 2989 876; x_wconf 88' lang='lat' dir='ltr'>Ne</span> <span class='ocrx_word' id='word_1_143' title='bbox 3021 823 3255 892; x_wconf 90' lang='lat' dir='ltr'>quando</span> <span class='ocrx_word' id='word_1_144' title='bbox 3321 821 3466 876; x_wconf 84' lang='lat' dir='ltr'>dicat</span> <span class='ocrx_word' id='word_1_145' title='bbox 3517 823 3788 888; x_wconf 81' lang='lat' dir='ltr'>inimicus,</span> 
     </span>
    </p>
   </div>
   <div class='ocr_carea' id='block_1_23' title="bbox 2245 910 3788 982">
    <p class='ocr_par' dir='ltr' id='par_1_23' title="bbox 2245 910 3788 982">
     <span class='ocr_line' id='line_1_23' title="bbox 2245 910 3788 982; baseline 0.004 -19"><span class='ocrx_word' id='word_1_146' title='bbox 2245 915 2349 964; x_wconf 83' lang='lat' dir='ltr'>etc.</span> <span class='ocrx_word' id='word_1_147' title='bbox 2389 933 2416 959; x_wconf 83' lang='lat'><strong>«</strong></span> <span class='ocrx_word' id='word_1_148' title='bbox 2444 910 2765 981; x_wconf 85' lang='lat' dir='ltr'>Nequando</span> <span class='ocrx_word' id='word_1_149' title='bbox 2794 911 2925 979; x_wconf 89' lang='lat' dir='ltr'>(hoc</span> <span class='ocrx_word' id='word_1_150' title='bbox 2956 915 3064 975; x_wconf 91' lang='lat' dir='ltr'>est,</span> <span class='ocrx_word' id='word_1_151' title='bbox 3111 911 3169 964; x_wconf 92' lang='lat' dir='ltr'>in</span> <span class='ocrx_word' id='word_1_152' title='bbox 3224 911 3413 966; x_wconf 88' lang='lat' dir='ltr'>futuro</span> <span class='ocrx_word' id='word_1_153' title='bbox 3435 911 3644 982; x_wconf 81' lang='lat' dir='ltr'>judicio)</span> <span class='ocrx_word' id='word_1_154' title='bbox 3683 915 3788 969; x_wconf 80' lang='lat' dir='ltr'>dicat</span> 
     </span>
    </p>
   </div>
   <div class='ocr_carea' id='block_1_24' title="bbox 2245 998 3785 1070">
    <p class='ocr_par' dir='ltr' id='par_1_24' title="bbox 2245 998 3785 1070">
     <span class='ocr_line' id='line_1_24' title="bbox 2245 998 3785 1070; baseline 0.003 -18"><span class='ocrx_word' id='word_1_155' title='bbox 2245 998 2516 1054; x_wconf 89' lang='lat' dir='ltr'>inimicus</span> <span class='ocrx_word' id='word_1_156' title='bbox 2551 1016 2738 1066; x_wconf 89' lang='lat' dir='ltr'>meus,</span> <span class='ocrx_word' id='word_1_157' title='bbox 2782 998 3056 1070; x_wconf 63' lang='lat' dir='ltr'>praavalui</span> <span class='ocrx_word' id='word_1_158' title='bbox 3089 1000 3369 1054; x_wconf 86' lang='lat' dir='ltr'>adversus</span> <span class='ocrx_word' id='word_1_159' title='bbox 3411 1015 3569 1066; x_wconf 85' lang='lat' dir='ltr'>eum;</span> <span class='ocrx_word' id='word_1_160' title='bbox 3606 1023 3628 1048; x_wconf 84' lang='grc'><em>‹‹</em></span> <span class='ocrx_word' id='word_1_161' title='bbox 3650 1002 3692 1054; x_wconf 88' lang='lat' dir='ltr'>id</span> <span class='ocrx_word' id='word_1_162' title='bbox 3714 1013 3785 1070; x_wconf 73' lang='lat' dir='ltr'>est,</span> 
     </span>
    </p>
   </div>
   <div class='ocr_carea' id='block_1_25' title="bbox 2244 1086 3787 1161">
    <p class='ocr_par' dir='ltr' id='par_1_25' title="bbox 2244 1086 3787 1161">
     <span class='ocr_line' id='line_1_25' title="bbox 2244 1086 3787 1161; baseline 0.003 -19"><span class='ocrx_word' id='word_1_163' title='bbox 2244 1088 2443 1142; x_wconf 85' lang='lat' dir='ltr'>seduxi</span> <span class='ocrx_word' id='word_1_164' title='bbox 2478 1105 2611 1142; x_wconf 90' lang='lat' dir='ltr'>eum</span> <span class='ocrx_word' id='word_1_165' title='bbox 2646 1092 2708 1141; x_wconf 91' lang='lat' dir='ltr'>ut</span> <span class='ocrx_word' id='word_1_166' title='bbox 2737 1088 3084 1160; x_wconf 87' lang='lat' dir='ltr'>deciperem.</span> <span class='ocrx_word' id='word_1_167' title='bbox 3140 1090 3218 1142; x_wconf 84' lang='lat' dir='ltr'>Ac</span> <span class='ocrx_word' id='word_1_168' title='bbox 3250 1086 3300 1141; x_wconf 90' lang='lat' dir='ltr'>si</span> <span class='ocrx_word' id='word_1_169' title='bbox 3339 1086 3486 1142; x_wconf 86' lang='lat' dir='ltr'>dicat</span> <span class='ocrx_word' id='word_1_170' title='bbox 3516 1106 3526 1141; x_wconf 93' lang='lat'><strong>:</strong></span> <span class='ocrx_word' id='word_1_171' title='bbox 3554 1088 3598 1141; x_wconf 89' lang='lat' dir='ltr'>Si</span> <span class='ocrx_word' id='word_1_172' title='bbox 3626 1106 3704 1143; x_wconf 90' lang='lat' dir='ltr'>nos</span> <span class='ocrx_word' id='word_1_173' title='bbox 3724 1110 3787 1161; x_wconf 78' lang='lat' dir='ltr'>po-</span> 
     </span>
    </p>
   </div>
   <div class='ocr_carea' id='block_1_26' title="bbox 2241 1175 3783 1242">
    <p class='ocr_par' dir='ltr' id='par_1_26' title="bbox 2241 1175 3783 1242">
     <span class='ocr_line' id='line_1_26' title="bbox 2241 1175 3783 1242; baseline 0.001 -12"><span class='ocrx_word' id='word_1_174' title='bbox 2241 1181 2357 1231; x_wconf 88' lang='lat' dir='ltr'>test</span> <span class='ocrx_word' id='word_1_175' title='bbox 2402 1176 2770 1232; x_wconf 88' lang='lat' dir='ltr'>adversarius</span> <span class='ocrx_word' id='word_1_176' title='bbox 2820 1177 2879 1230; x_wconf 93' lang='lat' dir='ltr'>in</span> <span class='ocrx_word' id='word_1_177' title='bbox 2933 1193 3139 1231; x_wconf 89' lang='lat' dir='ltr'>somno</span> <span class='ocrx_word' id='word_1_178' title='bbox 3188 1175 3540 1231; x_wconf 84' lang='lat' dir='ltr'>infidelitatis</span> <span class='ocrx_word' id='word_1_179' title='bbox 3580 1177 3783 1242; x_wconf 80' lang='lat' dir='ltr'>invenire,</span> 
     </span>
    </p>
   </div>
   <div class='ocr_carea' id='block_1_27' title="bbox 2242 1265 3040 1338">
    <p class='ocr_par' dir='ltr' id='par_1_27' title="bbox 2242 1265 3040 1338">
     <span class='ocr_line' id='line_1_27' title="bbox 2242 1265 3040 1338; baseline -0.001 -18"><span class='ocrx_word' id='word_1_180' title='bbox 2242 1271 2381 1320; x_wconf 89' lang='lat' dir='ltr'>tunc</span> <span class='ocrx_word' id='word_1_181' title='bbox 2411 1265 2679 1336; x_wconf 69' lang='lat' dir='ltr'>praevalet</span> <span class='ocrx_word' id='word_1_182' title='bbox 2708 1283 2886 1338; x_wconf 87' lang='lat' dir='ltr'>super</span> <span class='ocrx_word' id='word_1_183' title='bbox 2915 1283 3040 1320; x_wconf 92' lang='lat' dir='ltr'>nos.</span> 
     </span>
    </p>
   </div>
   <div class='ocr_carea' id='block_1_28' title="bbox 2313 1355 3782 1425">
    <p class='ocr_par' dir='ltr' id='par_1_28' title="bbox 2313 1355 3782 1425">
     <span class='ocr_line' id='line_1_28' title="bbox 2313 1355 3782 1425; baseline 0.004 -20"><span class='ocrx_word' id='word_1_184' title='bbox 2313 1378 2339 1405; x_wconf 88' lang='grc'>‹‹</span> <span class='ocrx_word' id='word_1_185' title='bbox 2386 1355 2773 1410; x_wconf 86' lang='lat' dir='ltr'>Exsultabunt</span> <span class='ocrx_word' id='word_1_186' title='bbox 2822 1355 2873 1410; x_wconf 87' lang='lat' dir='ltr'>si</span> <span class='ocrx_word' id='word_1_187' title='bbox 2924 1360 3118 1409; x_wconf 90' lang='lat' dir='ltr'>motus</span> <span class='ocrx_word' id='word_1_188' title='bbox 3165 1357 3348 1409; x_wconf 90' lang='lat' dir='ltr'>fuero.</span> <span class='ocrx_word' id='word_1_189' title='bbox 3385 1376 3410 1401; x_wconf 88' lang='grc'><strong>››</strong></span> <span class='ocrx_word' id='word_1_190' title='bbox 3462 1355 3564 1424; x_wconf 89' lang='lat' dir='ltr'>lpsi</span> <span class='ocrx_word' id='word_1_191' title='bbox 3609 1371 3782 1425; x_wconf 88' lang='lat' dir='ltr'>quorum</span> 
     </span>
    </p>
   </div>
   <div class='ocr_carea' id='block_1_29' title="bbox 2240 1443 3781 1515">
    <p class='ocr_par' dir='ltr' id='par_1_29' title="bbox 2240 1443 3781 1515">
     <span class='ocr_line' id='line_1_29' title="bbox 2240 1443 3781 1515; baseline 0 -18"><span class='ocrx_word' id='word_1_192' title='bbox 2240 1445 2412 1515; x_wconf 84' lang='lat' dir='ltr'>pedes</span> <span class='ocrx_word' id='word_1_193' title='bbox 2446 1445 2587 1499; x_wconf 88' lang='lat' dir='ltr'>moti</span> <span class='ocrx_word' id='word_1_194' title='bbox 2624 1461 2635 1499; x_wconf 91' lang='lat'>:</span> <span class='ocrx_word' id='word_1_195' title='bbox 2671 1445 2811 1514; x_wconf 83' lang='lat' dir='ltr'>quia</span> <span class='ocrx_word' id='word_1_196' title='bbox 2838 1444 2897 1498; x_wconf 94' lang='lat' dir='ltr'>in</span> <span class='ocrx_word' id='word_1_197' title='bbox 2946 1445 3187 1499; x_wconf 84' lang='lat' dir='ltr'>veritate</span> <span class='ocrx_word' id='word_1_198' title='bbox 3219 1443 3318 1498; x_wconf 85' lang='lat' dir='ltr'>Dei</span> <span class='ocrx_word' id='word_1_199' title='bbox 3352 1460 3460 1498; x_wconf 90' lang='lat' dir='ltr'>non</span> <span class='ocrx_word' id='word_1_200' title='bbox 3491 1448 3733 1506; x_wconf 89' lang='lat' dir='ltr'>steterunt,</span> <span class='ocrx_word' id='word_1_201' title='bbox 3753 1447 3781 1498; x_wconf 83' lang='lat' dir='ltr'>si</span> 
     </span>
    </p>
   </div>
   <div class='ocr_carea' id='block_1_30' title="bbox 2237 1531 3782 1605">
    <p class='ocr_par' dir='ltr' id='par_1_30' title="bbox 2237 1531 3782 1605">
     <span class='ocr_line' id='line_1_30' title="bbox 2237 1531 3782 1605; baseline -0.001 -19"><span class='ocrx_word' id='word_1_202' title='bbox 2237 1550 2398 1588; x_wconf 89' lang='lat' dir='ltr'>meos</span> <span class='ocrx_word' id='word_1_203' title='bbox 2431 1534 2626 1603; x_wconf 88' lang='lat' dir='ltr'>pedes,</span> <span class='ocrx_word' id='word_1_204' title='bbox 2660 1533 2769 1588; x_wconf 87' lang='lat' dir='ltr'>hoc</span> <span class='ocrx_word' id='word_1_205' title='bbox 2801 1538 2908 1600; x_wconf 91' lang='lat' dir='ltr'>est,</span> <span class='ocrx_word' id='word_1_206' title='bbox 2942 1550 3178 1605; x_wconf 82' lang='lat' dir='ltr'>sensus,</span> <span class='ocrx_word' id='word_1_207' title='bbox 3207 1534 3276 1586; x_wconf 83' lang='lat' dir='ltr'>de</span> <span class='ocrx_word' id='word_1_208' title='bbox 3326 1533 3435 1586; x_wconf 79' lang='lat' dir='ltr'>fide</span> <span class='ocrx_word' id='word_1_209' title='bbox 3463 1531 3701 1586; x_wconf 82' lang='lat' dir='ltr'>catholica</span> <span class='ocrx_word' id='word_1_210' title='bbox 3722 1550 3782 1602; x_wconf 78' lang='lat' dir='ltr'>p0-</span> 
     </span>
    </p>
   </div>
   <div class='ocr_carea' id='block_1_31' title="bbox 2236 1620 3783 1694">
    <p class='ocr_par' dir='ltr' id='par_1_31' title="bbox 2236 1620 3783 1694">
     <span class='ocr_line' id='line_1_31' title="bbox 2236 1620 3783 1694; baseline 0 -20"><span class='ocrx_word' id='word_1_211' title='bbox 2236 1621 2455 1676; x_wconf 89' lang='lat' dir='ltr'>tuerint</span> <span class='ocrx_word' id='word_1_212' title='bbox 2501 1621 2792 1694; x_wconf 86' lang='lat' dir='ltr'>elongare,</span> <span class='ocrx_word' id='word_1_213' title='bbox 2843 1626 2981 1676; x_wconf 87' lang='lat' dir='ltr'>tunc</span> <span class='ocrx_word' id='word_1_214' title='bbox 3031 1622 3401 1687; x_wconf 85' lang='lat' dir='ltr'>exultabunt,</span> <span class='ocrx_word' id='word_1_215' title='bbox 3431 1620 3484 1675; x_wconf 91' lang='lat' dir='ltr'>id</span> <span class='ocrx_word' id='word_1_216' title='bbox 3521 1626 3613 1690; x_wconf 89' lang='lat' dir='ltr'>est,</span> <span class='ocrx_word' id='word_1_217' title='bbox 3640 1624 3783 1692; x_wconf 81' lang='lat' dir='ltr'>gaude-</span> 
     </span>
    </p>
   </div>
   <div class='ocr_carea' id='block_1_32' title="bbox 2237 1710 3782 1781">
    <p class='ocr_par' dir='ltr' id='par_1_32' title="bbox 2237 1710 3782 1781">
     <span class='ocr_line' id='line_1_32' title="bbox 2237 1710 3782 1781; baseline -0.001 -18"><span class='ocrx_word' id='word_1_218' title='bbox 2237 1710 2403 1776; x_wconf 90' lang='lat' dir='ltr'>bunt,</span> <span class='ocrx_word' id='word_1_219' title='bbox 2440 1714 2504 1764; x_wconf 92' lang='lat' dir='ltr'>ut</span> <span class='ocrx_word' id='word_1_220' title='bbox 2534 1711 2616 1764; x_wconf 90' lang='lat' dir='ltr'>ait</span> <span class='ocrx_word' id='word_1_221' title='bbox 2646 1710 2936 1781; x_wconf 86' lang='lat' dir='ltr'>Propheta</span> <span class='ocrx_word' id='word_1_222' title='bbox 2969 1727 2981 1764; x_wconf 90' lang='lat'>:</span> <span class='ocrx_word' id='word_1_223' title='bbox 3015 1711 3133 1765; x_wconf 85' lang='lat' dir='ltr'>Mei</span> <span class='ocrx_word' id='word_1_224' title='bbox 3176 1719 3363 1764; x_wconf 79' lang='lat' dir='ltr'>autem</span> <span class='ocrx_word' id='word_1_225' title='bbox 3402 1726 3533 1780; x_wconf 83' lang='lat' dir='ltr'>pene</span> <span class='ocrx_word' id='word_1_226' title='bbox 3575 1711 3687 1763; x_wconf 78' lang='lat' dir='ltr'>moti</span> <span class='ocrx_word' id='word_1_227' title='bbox 3706 1720 3782 1763; x_wconf 67' lang='lat' dir='ltr'>sunt</span> 
     </span>
    </p>
   </div>
   <div class='ocr_carea' id='block_1_33' title="bbox 466 1798 3783 1901">
    <p class='ocr_par' dir='ltr' id='par_1_33' title="bbox 466 1798 3783 1901">
     <span class='ocr_line' id='line_1_33' title="bbox 466 1798 3783 1901; baseline 0.003 -59"><span class='ocrx_word' id='word_1_228' title='bbox 466 1816 531 1868; x_wconf 67' lang='lat' dir='ltr'><strong><em>In</em></strong></span> <span class='ocrx_word' id='word_1_229' title='bbox 601 1814 783 1880; x_wconf 55' lang='lat' dir='ltr'>ﬁnem,</span> <span class='ocrx_word' id='word_1_230' title='bbox 849 1813 1098 1901; x_wconf 38' lang='grc' dir='ltr'>ρδίφητῆδ</span> <span class='ocrx_word' id='word_1_231' title='bbox 1159 1815 1350 1895; x_wconf 43' lang='grc' dir='ltr'>θηρία.</span> <span class='ocrx_word' id='word_1_232' title='bbox 1405 1816 1798 1901; x_wconf 48' lang='lat' dir='ltr'>DEO‘dgcimus</span> <span class='ocrx_word' id='word_1_233' title='bbox 1857 1819 2122 1901; x_wconf 46' lang='lat' dir='ltr'>pgalmys</span> <span class='ocrx_word' id='word_1_234' title='bbox 2151 1832 2200 1897; x_wconf 84' lang='lat' dir='ltr'><strong>B</strong></span> <span class='ocrx_word' id='word_1_235' title='bbox 2229 1799 2395 1868; x_wconf 78' lang='lat' dir='ltr'>pedes</span> <span class='ocrx_word' id='word_1_236' title='bbox 2425 1799 2604 1901; x_wconf 58' lang='lat' dir='ltr'>(Pent.</span> <span class='ocrx_word' id='word_1_237' title='bbox 2639 1817 2808 1901; x_wconf 49' lang='lat' dir='ltr'>px‘xn,</span> <span class='ocrx_word' id='word_1_238' title='bbox 2841 1800 2894 1898; x_wconf 43' lang='lat'>.2)</span> <span class='ocrx_word' id='word_1_239' title='bbox 2921 1817 2956 1901; x_wconf 57' lang='lat' dir='ltr'>;n</span> <span class='ocrx_word' id='word_1_240' title='bbox 2983 1799 3087 1901; x_wconf 71' lang='lat' dir='ltr'>sed</span> <span class='ocrx_word' id='word_1_241' title='bbox 3122 1815 3229 1870; x_wconf 85' lang='lat' dir='ltr'>ego</span> <span class='ocrx_word' id='word_1_242' title='bbox 3258 1799 3318 1853; x_wconf 93' lang='lat' dir='ltr'>in</span> <span class='ocrx_word' id='word_1_243' title='bbox 3352 1803 3450 1853; x_wconf 88' lang='lat' dir='ltr'>tua</span> <span class='ocrx_word' id='word_1_244' title='bbox 3478 1798 3783 1853; x_wconf 81' lang='lat' dir='ltr'>misericordia</span> 
     </span>
    </p>
   </div>
   <div class='ocr_carea' id='block_1_34' title="bbox 539 1884 1673 1957">
    <p class='ocr_par' dir='ltr' id='par_1_34' title="bbox 539 1884 1673 1957">
     <span class='ocr_line' id='line_1_34' title="bbox 539 1884 1673 1957; baseline 0.005 -19"><span class='ocrx_word' id='word_1_245' title='bbox 539 1900 738 1957; x_wconf 80' lang='lat' dir='ltr'>vocem</span> <span class='ocrx_word' id='word_1_246' title='bbox 825 1884 1082 1939; x_wconf 87' lang='lat' dir='ltr'>continet</span> <span class='ocrx_word' id='word_1_247' title='bbox 1167 1886 1375 1940; x_wconf 69' lang='lat' dir='ltr'>anima:</span> <span class='ocrx_word' id='word_1_248' title='bbox 1462 1888 1673 1957; x_wconf 83' lang='lat' dir='ltr'>ﬁdelis,</span> 
     </span>
    </p>
   </div>
   <div class='ocr_carea' id='block_1_35' title="bbox 1766 1892 2117 1961">
    <p class='ocr_par' dir='ltr' id='par_1_35' title="bbox 1766 1892 2117 1961">
     <span class='ocr_line' id='line_1_35' title="bbox 1766 1892 2117 1961; baseline 0.006 -17"><span class='ocrx_word' id='word_1_249' title='bbox 1766 1892 2117 1961; x_wconf 88' lang='lat' dir='ltr'>requirentis</span> 
     </span>
    </p>
   </div>
   <div class='ocr_carea' id='block_1_36' title="bbox 543 1956 748 2010">
    <p class='ocr_par' dir='ltr' id='par_1_36' title="bbox 543 1956 748 2010">
     <span class='ocr_line' id='line_1_36' title="bbox 543 1956 748 2010; baseline 0 0"><span class='ocrx_word' id='word_1_250' title='bbox 543 1956 748 2010; x_wconf 91' lang='lat' dir='ltr'>Deum.</span> 
     </span>
    </p>
   </div>
   <div class='ocr_carea' id='block_1_37' title="bbox 545 2061 2114 2134">
    <p class='ocr_par' dir='ltr' id='par_1_37' title="bbox 545 2061 2114 2134">
     <span class='ocr_line' id='line_1_37' title="bbox 545 2061 2114 2134; baseline 0.01 -23"><span class='ocrx_word' id='word_1_251' title='bbox 545 2084 572 2112; x_wconf 88' lang='grc'>‹‹</span> <span class='ocrx_word' id='word_1_252' title='bbox 607 2061 941 2134; x_wconf 88' lang='lat' dir='ltr'>Usquequo,</span> <span class='ocrx_word' id='word_1_253' title='bbox 965 2063 1227 2129; x_wconf 89' lang='lat' dir='ltr'>Domine,</span> <span class='ocrx_word' id='word_1_254' title='bbox 1254 2065 1611 2122; x_wconf 85' lang='lat' dir='ltr'>Oblivisceris</span> <span class='ocrx_word' id='word_1_255' title='bbox 1644 2085 1735 2123; x_wconf 91' lang='lat' dir='ltr'>me</span> <span class='ocrx_word' id='word_1_256' title='bbox 1765 2069 1824 2123; x_wconf 91' lang='lat' dir='ltr'>in</span> <span class='ocrx_word' id='word_1_257' title='bbox 1858 2070 2031 2125; x_wconf 84' lang='lat' dir='ltr'>ﬁnem</span> <span class='ocrx_word' id='word_1_258' title='bbox 2053 2072 2114 2126; x_wconf 84' lang='lat'>?»</span> 
     </span>
    </p>
   </div>
   <div class='ocr_carea' id='block_1_38' title="bbox 471 2151 2114 2222">
    <p class='ocr_par' dir='ltr' id='par_1_38' title="bbox 471 2151 2114 2222">
     <span class='ocr_line' id='line_1_38' title="bbox 471 2151 2114 2222; baseline 0.007 -19"><span class='ocrx_word' id='word_1_259' title='bbox 471 2151 593 2206; x_wconf 89' lang='lat' dir='ltr'>Vox</span> <span class='ocrx_word' id='word_1_260' title='bbox 632 2152 916 2208; x_wconf 72' lang='lat' dir='ltr'>Ecclesiae.</span> <span class='ocrx_word' id='word_1_261' title='bbox 970 2159 1068 2206; x_wconf 71' lang='lat' dir='ltr'>Ac”</span> <span class='ocrx_word' id='word_1_262' title='bbox 1103 2155 1151 2209; x_wconf 91' lang='lat' dir='ltr'>si</span> <span class='ocrx_word' id='word_1_263' title='bbox 1199 2154 1353 2209; x_wconf 86' lang='lat' dir='ltr'>dicat</span> <span class='ocrx_word' id='word_1_264' title='bbox 1405 2174 1417 2208; x_wconf 91' lang='lat'>:</span> <span class='ocrx_word' id='word_1_265' title='bbox 1467 2157 1737 2219; x_wconf 91' lang='lat' dir='ltr'>Quandiu</span> <span class='ocrx_word' id='word_1_266' title='bbox 1766 2159 1794 2213; x_wconf 83' lang='lat'><strong>?</strong></span> <span class='ocrx_word' id='word_1_267' title='bbox 1832 2159 2019 2222; x_wconf 86' lang='lat' dir='ltr'>Quare</span> <span class='ocrx_word' id='word_1_268' title='bbox 2057 2161 2114 2214; x_wconf 93' lang='lat' dir='ltr'>in</span> 
     </span>
    </p>
   </div>
   <div class='ocr_carea' id='block_1_39' title="bbox 473 2240 2112 2320">
    <p class='ocr_par' dir='ltr' id='par_1_39' title="bbox 473 2240 2112 2320">
     <span class='ocr_line' id='line_1_39' title="bbox 473 2240 2112 2320; baseline 0.006 -26"><span class='ocrx_word' id='word_1_269' title='bbox 473 2240 652 2296; x_wconf 80' lang='lat' dir='ltr'>finem</span> <span class='ocrx_word' id='word_1_270' title='bbox 685 2241 877 2296; x_wconf 82' lang='lat' dir='ltr'>dicit?</span> <span class='ocrx_word' id='word_1_271' title='bbox 907 2248 1156 2312; x_wconf 90' lang='lat' dir='ltr'>quatuor</span> <span class='ocrx_word' id='word_1_272' title='bbox 1172 2244 1475 2299; x_wconf 89' lang='lat' dir='ltr'>elementis</span> <span class='ocrx_word' id='word_1_273' title='bbox 1503 2251 1728 2301; x_wconf 84' lang='lat' dir='ltr'>constat</span> <span class='ocrx_word' id='word_1_274' title='bbox 1759 2249 2112 2320; x_wconf 84' lang='lat' dir='ltr'>homo,igne,</span> 
     </span>
    </p>
   </div>
   <div class='ocr_carea' id='block_1_40' title="bbox 475 2334 2116 2400">
    <p class='ocr_par' dir='ltr' id='par_1_40' title="bbox 475 2334 2116 2400">
     <span class='ocr_line' id='line_1_40' title="bbox 475 2334 2116 2400; baseline 0.005 -16"><span class='ocrx_word' id='word_1_275' title='bbox 475 2346 625 2396; x_wconf 88' lang='lat' dir='ltr'>aere,</span> <span class='ocrx_word' id='word_1_276' title='bbox 679 2346 832 2400; x_wconf 88' lang='lat' dir='ltr'>aqua</span> <span class='ocrx_word' id='word_1_277' title='bbox 889 2336 943 2384; x_wconf 91' lang='lat' dir='ltr'>et</span> <span class='ocrx_word' id='word_1_278' title='bbox 991 2336 1164 2385; x_wconf 82' lang='lat' dir='ltr'>terra.</span> <span class='ocrx_word' id='word_1_279' title='bbox 1223 2334 1401 2387; x_wconf 88' lang='lat' dir='ltr'>Terra</span> <span class='ocrx_word' id='word_1_280' title='bbox 1453 2335 1693 2390; x_wconf 82' lang='lat' dir='ltr'>inferior</span> <span class='ocrx_word' id='word_1_281' title='bbox 1750 2342 1839 2392; x_wconf 86' lang='lat' dir='ltr'>est</span> <span class='ocrx_word' id='word_1_282' title='bbox 1890 2339 1960 2392; x_wconf 91' lang='lat' dir='ltr'>ab</span> <span class='ocrx_word' id='word_1_283' title='bbox 2025 2338 2116 2393; x_wconf 89' lang='lat' dir='ltr'>his</span> 
     </span>
    </p>
   </div>
   <div class='ocr_carea' id='block_1_41' title="bbox 467 2419 2114 2487">
    <p class='ocr_par' dir='ltr' id='par_1_41' title="bbox 467 2419 2114 2487">
     <span class='ocr_line' id='line_1_41' title="bbox 467 2419 2114 2487; baseline 0.007 -17"><span class='ocrx_word' id='word_1_284' title='bbox 467 2419 774 2483; x_wconf 87' lang='lat' dir='ltr'>creaturis,</span> <span class='ocrx_word' id='word_1_285' title='bbox 809 2419 946 2487; x_wconf 87' lang='lat' dir='ltr'>quia</span> <span class='ocrx_word' id='word_1_286' title='bbox 980 2420 1113 2474; x_wconf 81' lang='lat' dir='ltr'>finis</span> <span class='ocrx_word' id='word_1_287' title='bbox 1165 2426 1564 2476; x_wconf 88' lang='lat' dir='ltr'>creaturarum</span> <span class='ocrx_word' id='word_1_288' title='bbox 1617 2429 1770 2479; x_wconf 87' lang='lat' dir='ltr'>terra</span> <span class='ocrx_word' id='word_1_289' title='bbox 1819 2431 1906 2480; x_wconf 91' lang='lat' dir='ltr'>est</span> <span class='ocrx_word' id='word_1_290' title='bbox 1938 2445 1950 2480; x_wconf 92' lang='lat'><strong>:</strong></span> <span class='ocrx_word' id='word_1_291' title='bbox 1986 2426 2114 2484; x_wconf 89' lang='lat' dir='ltr'>ideo</span> 
     </span>
    </p>
   </div>
   <div class='ocr_carea' id='block_1_42' title="bbox 468 2504 2112 2586">
    <p class='ocr_par' dir='ltr' id='par_1_42' title="bbox 468 2504 2112 2586">
     <span class='ocr_line' id='line_1_42' title="bbox 468 2504 2112 2586; baseline 0.009 -30"><span class='ocrx_word' id='word_1_292' title='bbox 468 2504 608 2557; x_wconf 86' lang='lat' dir='ltr'>dicit</span> <span class='ocrx_word' id='word_1_293' title='bbox 662 2504 961 2560; x_wconf 84' lang='lat' dir='ltr'>Ecclesia:</span> <span class='ocrx_word' id='word_1_294' title='bbox 999 2508 1064 2559; x_wconf 85' lang='lat' dir='ltr'>Et</span> <span class='ocrx_word' id='word_1_295' title='bbox 1115 2508 1162 2561; x_wconf 89' lang='lat' dir='ltr'>si</span> <span class='ocrx_word' id='word_1_296' title='bbox 1214 2508 1384 2562; x_wconf 90' lang='lat' dir='ltr'>vilior</span> <span class='ocrx_word' id='word_1_297' title='bbox 1414 2527 1567 2577; x_wconf 90' lang='lat' dir='ltr'>sum,</span> <span class='ocrx_word' id='word_1_298' title='bbox 1610 2511 1896 2568; x_wconf 84' lang='lat' dir='ltr'>vilissima</span> <span class='ocrx_word' id='word_1_299' title='bbox 1946 2517 2112 2586; x_wconf 87' lang='lat' dir='ltr'>quasi</span> 
     </span>
    </p>
   </div>
   <div class='ocr_carea' id='block_1_43' title="bbox 471 2595 2112 2674">
    <p class='ocr_par' dir='ltr' id='par_1_43' title="bbox 471 2595 2112 2674">
     <span class='ocr_line' id='line_1_43' title="bbox 471 2595 2112 2674; baseline 0.009 -29"><span class='ocrx_word' id='word_1_300' title='bbox 471 2598 646 2656; x_wconf 88' lang='lat' dir='ltr'>terra,</span> <span class='ocrx_word' id='word_1_301' title='bbox 697 2609 999 2664; x_wconf 87' lang='lat' dir='ltr'>usquequo</span> <span class='ocrx_word' id='word_1_302' title='bbox 1031 2595 1392 2652; x_wconf 84' lang='lat' dir='ltr'>Oblivisceris</span> <span class='ocrx_word' id='word_1_303' title='bbox 1429 2615 1516 2653; x_wconf 91' lang='lat' dir='ltr'>me</span> <span class='ocrx_word' id='word_1_304' title='bbox 1549 2601 1575 2653; x_wconf 89' lang='lat'>?</span> <span class='ocrx_word' id='word_1_305' title='bbox 1633 2602 1754 2656; x_wconf 74' lang='lat' dir='ltr'>Non</span> <span class='ocrx_word' id='word_1_306' title='bbox 1790 2608 2112 2674; x_wconf 86' lang='lat' dir='ltr'>propterea,</span> 
     </span>
    </p>
   </div>
   <div class='ocr_carea' id='block_1_44' title="bbox 471 2680 2109 2759">
    <p class='ocr_par' dir='ltr' id='par_1_44' title="bbox 471 2680 2109 2759">
     <span class='ocr_line' id='line_1_44' title="bbox 471 2680 2109 2759; baseline 0.01 -26"><span class='ocrx_word' id='word_1_307' title='bbox 471 2680 608 2752; x_wconf 89' lang='lat' dir='ltr'>quia</span> <span class='ocrx_word' id='word_1_308' title='bbox 633 2681 867 2736; x_wconf 84' lang='lat' dir='ltr'>infirma</span> <span class='ocrx_word' id='word_1_309' title='bbox 892 2690 1109 2748; x_wconf 90' lang='lat' dir='ltr'>sum,et</span> <span class='ocrx_word' id='word_1_310' title='bbox 1129 2685 1262 2740; x_wconf 82' lang='lat' dir='ltr'>ﬁnis</span> <span class='ocrx_word' id='word_1_311' title='bbox 1286 2687 1532 2742; x_wconf 88' lang='lat' dir='ltr'>aliarum</span> <span class='ocrx_word' id='word_1_312' title='bbox 1566 2696 2109 2759; x_wconf 90' lang='lat' dir='ltr'>creaturarum,non</span> 
     </span>
    </p>
   </div>
   <div class='ocr_carea' id='block_1_45' title="bbox 467 2771 2111 2854">
    <p class='ocr_par' dir='ltr' id='par_1_45' title="bbox 467 2771 2111 2854">
     <span class='ocr_line' id='line_1_45' title="bbox 467 2771 2111 2854; baseline 0.009 -30"><span class='ocrx_word' id='word_1_313' title='bbox 467 2775 703 2842; x_wconf 88' lang='lat' dir='ltr'>propter</span> <span class='ocrx_word' id='word_1_314' title='bbox 733 2771 839 2826; x_wconf 88' lang='lat' dir='ltr'>hoc</span> <span class='ocrx_word' id='word_1_315' title='bbox 868 2789 958 2827; x_wconf 90' lang='lat' dir='ltr'>me</span> <span class='ocrx_word' id='word_1_316' title='bbox 989 2772 1351 2830; x_wconf 89' lang='lat' dir='ltr'>obliviscaris</span> <span class='ocrx_word' id='word_1_317' title='bbox 1383 2777 1440 2830; x_wconf 92' lang='lat' dir='ltr'>in</span> <span class='ocrx_word' id='word_1_318' title='bbox 1475 2777 1669 2833; x_wconf 81' lang='lat' dir='ltr'>finem.</span> <span class='ocrx_word' id='word_1_319' title='bbox 1721 2803 1747 2830; x_wconf 94' lang='grc'>‹‹</span> <span class='ocrx_word' id='word_1_320' title='bbox 1800 2781 2111 2854; x_wconf 91' lang='lat' dir='ltr'>Usquequo</span> 
     </span>
    </p>
   </div>
   <div class='ocr_carea' id='block_1_46' title="bbox 464 2861 2111 2930">
    <p class='ocr_par' dir='ltr' id='par_1_46' title="bbox 464 2861 2111 2930">
     <span class='ocr_line' id='line_1_46' title="bbox 464 2861 2111 2930; baseline 0.009 -16"><span class='ocrx_word' id='word_1_321' title='bbox 464 2861 676 2915; x_wconf 89' lang='lat' dir='ltr'>avertis</span> <span class='ocrx_word' id='word_1_322' title='bbox 708 2861 915 2916; x_wconf 88' lang='lat' dir='ltr'>faciem</span> <span class='ocrx_word' id='word_1_323' title='bbox 946 2865 1108 2916; x_wconf 90' lang='lat' dir='ltr'>tuam</span> <span class='ocrx_word' id='word_1_324' title='bbox 1142 2880 1173 2918; x_wconf 89' lang='lat' dir='ltr'>a</span> <span class='ocrx_word' id='word_1_325' title='bbox 1209 2881 1321 2930; x_wconf 90' lang='lat' dir='ltr'>me,</span> <span class='ocrx_word' id='word_1_326' title='bbox 1351 2885 1378 2917; x_wconf 71' lang='grc' dir='ltr'><strong><em>η</em></strong></span> <span class='ocrx_word' id='word_1_327' title='bbox 1417 2870 1480 2920; x_wconf 92' lang='lat' dir='ltr'>ut</span> <span class='ocrx_word' id='word_1_328' title='bbox 1511 2884 1622 2921; x_wconf 92' lang='lat' dir='ltr'>non</span> <span class='ocrx_word' id='word_1_329' title='bbox 1676 2869 1920 2926; x_wconf 88' lang='lat' dir='ltr'>habeam</span> <span class='ocrx_word' id='word_1_330' title='bbox 1955 2874 2111 2927; x_wconf 91' lang='lat' dir='ltr'>noti-</span> 
     </span>
    </p>
   </div>
   <div class='ocr_carea' id='block_1_47' title="bbox 460 2948 2111 3028">
    <p class='ocr_par' dir='ltr' id='par_1_47' title="bbox 460 2948 2111 3028">
     <span class='ocr_line' id='line_1_47' title="bbox 460 2948 2111 3028; baseline 0.01 -27"><span class='ocrx_word' id='word_1_331' title='bbox 460 2948 627 3018; x_wconf 84' lang='lat' dir='ltr'>tiam,</span> <span class='ocrx_word' id='word_1_332' title='bbox 663 2966 849 3020; x_wconf 90' lang='lat' dir='ltr'>neque</span> <span class='ocrx_word' id='word_1_333' title='bbox 882 2950 1368 3008; x_wconf 88' lang='lat' dir='ltr'>illuminationem</span> <span class='ocrx_word' id='word_1_334' title='bbox 1425 2956 1794 3028; x_wconf 83' lang='lat' dir='ltr'>cogitationis</span> <span class='ocrx_word' id='word_1_335' title='bbox 1825 2965 1936 3016; x_wconf 62' lang='lat' dir='ltr'>tua</span> <span class='ocrx_word' id='word_1_336' title='bbox 1978 2968 2111 3018; x_wconf 89' lang='lat' dir='ltr'>ante</span> 
     </span>
    </p>
   </div>
   <div class='ocr_carea' id='block_1_48' title="bbox 465 3038 1260 3110">
    <p class='ocr_par' dir='ltr' id='par_1_48' title="bbox 465 3038 1260 3110">
     <span class='ocr_line' id='line_1_48' title="bbox 465 3038 1260 3110; baseline 0.005 -19"><span class='ocrx_word' id='word_1_337' title='bbox 465 3038 782 3092; x_wconf 88' lang='lat' dir='ltr'>terminum</span> <span class='ocrx_word' id='word_1_338' title='bbox 815 3040 945 3092; x_wconf 71' lang='lat' dir='ltr'>vitae</span> <span class='ocrx_word' id='word_1_339' title='bbox 977 3040 1176 3110; x_wconf 80' lang='lat' dir='ltr'>hujus.</span> <span class='ocrx_word' id='word_1_340' title='bbox 1213 3064 1260 3095; x_wconf 90' lang='grc'>››.</span> 
     </span>
    </p>
   </div>
   <div class='ocr_carea' id='block_1_49' title="bbox 533 3126 2107 3198">
    <p class='ocr_par' dir='ltr' id='par_1_49' title="bbox 533 3126 2107 3198">
     <span class='ocr_line' id='line_1_49' title="bbox 533 3126 2107 3198; baseline 0.013 -22"><span class='ocrx_word' id='word_1_341' title='bbox 533 3148 559 3174; x_wconf 92' lang='grc'><strong>‹‹</strong></span> <span class='ocrx_word' id='word_1_342' title='bbox 593 3126 862 3188; x_wconf 87' lang='lat' dir='ltr'>Quandiu</span> <span class='ocrx_word' id='word_1_343' title='bbox 900 3145 1112 3198; x_wconf 90' lang='lat' dir='ltr'>ponam</span> <span class='ocrx_word' id='word_1_344' title='bbox 1145 3131 1390 3186; x_wconf 90' lang='lat' dir='ltr'>consilia</span> <span class='ocrx_word' id='word_1_345' title='bbox 1435 3133 1492 3187; x_wconf 92' lang='lat' dir='ltr'>in</span> <span class='ocrx_word' id='word_1_346' title='bbox 1527 3136 1723 3192; x_wconf 88' lang='lat' dir='ltr'>anima</span> <span class='ocrx_word' id='word_1_347' title='bbox 1755 3155 1902 3194; x_wconf 87' lang='lat' dir='ltr'>mea.</span> <span class='ocrx_word' id='word_1_348' title='bbox 1941 3163 1962 3192; x_wconf 70' lang='grc' dir='ltr'>ι)</span> <span class='ocrx_word' id='word_1_349' title='bbox 1999 3145 2107 3196; x_wconf 88' lang='lat' dir='ltr'>Pa-</span> 
     </span>
    </p>
   </div>
   <div class='ocr_carea' id='block_1_50' title="bbox 2229 1887 3057 1958">
    <p class='ocr_par' dir='ltr' id='par_1_50' title="bbox 2229 1887 3057 1958">
     <span class='ocr_line' id='line_1_50' title="bbox 2229 1887 3057 1958; baseline 0 -17"><span class='ocrx_word' id='word_1_350' title='bbox 2229 1903 2418 1958; x_wconf 90' lang='lat' dir='ltr'>spero,</span> <span class='ocrx_word' id='word_1_351' title='bbox 2454 1892 2519 1941; x_wconf 92' lang='lat' dir='ltr'>ut</span> <span class='ocrx_word' id='word_1_352' title='bbox 2542 1887 2810 1942; x_wconf 89' lang='lat' dir='ltr'>stabiliar</span> <span class='ocrx_word' id='word_1_353' title='bbox 2840 1887 2899 1941; x_wconf 93' lang='lat' dir='ltr'>in</span> <span class='ocrx_word' id='word_1_354' title='bbox 2925 1888 3057 1942; x_wconf 83' lang='lat' dir='ltr'>ﬁde.</span> 
     </span>
    </p>
   </div>
   <div class='ocr_carea' id='block_1_51' title="bbox 2297 1975 3780 2036">
    <p class='ocr_par' dir='ltr' id='par_1_51' title="bbox 2297 1975 3780 2036">
     <span class='ocr_line' id='line_1_51' title="bbox 2297 1975 3780 2036; baseline -0.002 -6"><span class='ocrx_word' id='word_1_355' title='bbox 2297 1999 2324 2025; x_wconf 88' lang='grc'>‹‹</span> <span class='ocrx_word' id='word_1_356' title='bbox 2360 1975 2686 2031; x_wconf 85' lang='lat' dir='ltr'>Exsultabit</span> <span class='ocrx_word' id='word_1_357' title='bbox 2735 1993 2833 2031; x_wconf 91' lang='lat' dir='ltr'>cor</span> <span class='ocrx_word' id='word_1_358' title='bbox 2872 1993 3070 2032; x_wconf 90' lang='lat' dir='ltr'>meum</span> <span class='ocrx_word' id='word_1_359' title='bbox 3121 1976 3178 2030; x_wconf 90' lang='lat' dir='ltr'>in</span> <span class='ocrx_word' id='word_1_360' title='bbox 3237 1976 3475 2033; x_wconf 87' lang='lat' dir='ltr'>salutari</span> <span class='ocrx_word' id='word_1_361' title='bbox 3521 1980 3644 2036; x_wconf 85' lang='lat' dir='ltr'>tuo;</span> <span class='ocrx_word' id='word_1_362' title='bbox 3689 1998 3702 2022; x_wconf 81' lang='grc' dir='ltr'>ι</span> <span class='ocrx_word' id='word_1_363' title='bbox 3745 1976 3780 2028; x_wconf 84' lang='lat' dir='ltr'>lu</span> 
     </span>
    </p>
   </div>
   <div class='ocr_carea' id='block_1_52' title="bbox 2227 2065 3784 2131">
    <p class='ocr_par' dir='ltr' id='par_1_52' title="bbox 2227 2065 3784 2131">
     <span class='ocr_line' id='line_1_52' title="bbox 2227 2065 3784 2131; baseline -0.002 -12"><span class='ocrx_word' id='word_1_364' title='bbox 2227 2065 2471 2120; x_wconf 88' lang='lat' dir='ltr'>Domino</span> <span class='ocrx_word' id='word_1_365' title='bbox 2503 2066 2642 2120; x_wconf 86' lang='lat' dir='ltr'>Jesu</span> <span class='ocrx_word' id='word_1_366' title='bbox 2688 2066 2934 2121; x_wconf 80' lang='lat' dir='ltr'>Christo.</span> <span class='ocrx_word' id='word_1_367' title='bbox 2989 2089 3016 2115; x_wconf 87' lang='lat'><strong>«</strong></span> <span class='ocrx_word' id='word_1_368' title='bbox 3061 2069 3319 2122; x_wconf 89' lang='lat' dir='ltr'>Cantabo</span> <span class='ocrx_word' id='word_1_369' title='bbox 3351 2067 3595 2131; x_wconf 88' lang='lat' dir='ltr'>Domino,</span> <span class='ocrx_word' id='word_1_370' title='bbox 3621 2090 3642 2113; x_wconf 88' lang='grc'>››</span> <span class='ocrx_word' id='word_1_371' title='bbox 3669 2065 3708 2119; x_wconf 90' lang='lat' dir='ltr'>id</span> <span class='ocrx_word' id='word_1_372' title='bbox 3730 2068 3784 2117; x_wconf 72' lang='lat' dir='ltr'>est</span> 
     </span>
    </p>
   </div>
   <div class='ocr_carea' id='block_1_53' title="bbox 2227 2152 3778 2226">
    <p class='ocr_par' dir='ltr' id='par_1_53' title="bbox 2227 2152 3778 2226">
     <span class='ocr_line' id='line_1_53' title="bbox 2227 2152 3778 2226; baseline -0.001 -19"><span class='ocrx_word' id='word_1_373' title='bbox 2227 2152 2498 2222; x_wconf 89' lang='lat' dir='ltr'>laudabo,</span> <span class='ocrx_word' id='word_1_374' title='bbox 2535 2160 2590 2209; x_wconf 92' lang='lat' dir='ltr'>et</span> <span class='ocrx_word' id='word_1_375' title='bbox 2620 2155 2966 2226; x_wconf 74' lang='lat' dir='ltr'>praedicabo.</span> <span class='ocrx_word' id='word_1_376' title='bbox 3031 2178 3058 2205; x_wconf 87' lang='lat'>«</span> <span class='ocrx_word' id='word_1_377' title='bbox 3089 2155 3196 2219; x_wconf 81' lang='lat' dir='ltr'>Qui</span> <span class='ocrx_word' id='word_1_378' title='bbox 3234 2157 3386 2211; x_wconf 84' lang='lat' dir='ltr'>bona</span> <span class='ocrx_word' id='word_1_379' title='bbox 3415 2156 3602 2210; x_wconf 85' lang='lat' dir='ltr'>tribuit</span> <span class='ocrx_word' id='word_1_380' title='bbox 3626 2153 3778 2216; x_wconf 80' lang='lat' dir='ltr'>mibi,-</span> 
     </span>
    </p>
   </div>
   <div class='ocr_carea' id='block_1_54' title="bbox 2226 2239 3778 2316">
    <p class='ocr_par' dir='ltr' id='par_1_54' title="bbox 2226 2239 3778 2316">
     <span class='ocr_line' id='line_1_54' title="bbox 2226 2239 3778 2316; baseline -0.002 -20"><span class='ocrx_word' id='word_1_381' title='bbox 2226 2239 2334 2297; x_wconf 85' lang='lat' dir='ltr'>hoc</span> <span class='ocrx_word' id='word_1_382' title='bbox 2384 2247 2492 2309; x_wconf 91' lang='lat' dir='ltr'>est,</span> <span class='ocrx_word' id='word_1_383' title='bbox 2536 2242 2706 2298; x_wconf 86' lang='lat' dir='ltr'>istius</span> <span class='ocrx_word' id='word_1_384' title='bbox 2785 2244 2912 2298; x_wconf 55' lang='lat' dir='ltr'>vitae</span> <span class='ocrx_word' id='word_1_385' title='bbox 2963 2249 3274 2316; x_wconf 65' lang='lat' dir='ltr'>praesentis</span> <span class='ocrx_word' id='word_1_386' title='bbox 3325 2244 3594 2309; x_wconf 88' lang='lat' dir='ltr'>subsidia,</span> <span class='ocrx_word' id='word_1_387' title='bbox 3635 2243 3778 2313; x_wconf 82' lang='lat' dir='ltr'>quibus</span> 
     </span>
    </p>
   </div>
   <div class='ocr_carea' id='block_1_55' title="bbox 2228 2329 3780 2405">
    <p class='ocr_par' dir='ltr' id='par_1_55' title="bbox 2228 2329 3780 2405">
     <span class='ocr_line' id='line_1_55' title="bbox 2228 2329 3780 2405; baseline -0.003 -19"><span class='ocrx_word' id='word_1_388' title='bbox 2228 2332 2612 2388; x_wconf 89' lang='lat' dir='ltr'>subsistimus</span> <span class='ocrx_word' id='word_1_389' title='bbox 2649 2350 2660 2386; x_wconf 91' lang='lat'><strong>:</strong></span> <span class='ocrx_word' id='word_1_390' title='bbox 2709 2333 3100 2405; x_wconf 90' lang='lat' dir='ltr'>ut,despectis</span> <span class='ocrx_word' id='word_1_391' title='bbox 3156 2335 3391 2405; x_wconf 89' lang='lat' dir='ltr'>pompis</span> <span class='ocrx_word' id='word_1_392' title='bbox 3435 2332 3627 2398; x_wconf 66' lang='lat' dir='ltr'>saeculi,</span> <span class='ocrx_word' id='word_1_393' title='bbox 3668 2329 3780 2400; x_wconf 82' lang='lat' dir='ltr'>spiri~</span> 
     </span>
    </p>
   </div>
   <div class='ocr_carea' id='block_1_56' title="bbox 2227 2417 3778 2493">
    <p class='ocr_par' dir='ltr' id='par_1_56' title="bbox 2227 2417 3778 2493">
     <span class='ocr_line' id='line_1_56' title="bbox 2227 2417 3778 2493; baseline -0.004 -18"><span class='ocrx_word' id='word_1_394' title='bbox 2227 2421 2408 2476; x_wconf 89' lang='lat' dir='ltr'>tualia</span> <span class='ocrx_word' id='word_1_395' title='bbox 2460 2428 2655 2476; x_wconf 89' lang='lat' dir='ltr'>mente</span> <span class='ocrx_word' id='word_1_396' title='bbox 2685 2422 3103 2493; x_wconf 85' lang='lat' dir='ltr'>conspicerem.</span> <span class='ocrx_word' id='word_1_397' title='bbox 3155 2423 3341 2477; x_wconf 87' lang='lat' dir='ltr'>Aliter</span> <span class='ocrx_word' id='word_1_398' title='bbox 3372 2441 3384 2476; x_wconf 90' lang='lat'><strong>:</strong></span> <span class='ocrx_word' id='word_1_399' title='bbox 3421 2423 3564 2477; x_wconf 86' lang='lat' dir='ltr'>Bona</span> <span class='ocrx_word' id='word_1_400' title='bbox 3591 2417 3744 2475; x_wconf 83' lang='lat' dir='ltr'>tribuit</span> <span class='ocrx_word' id='word_1_401' title='bbox 3771 2435 3778 2469; x_wconf 93' lang='lat'>:</span> 
     </span>
    </p>
   </div>
   <div class='ocr_carea' id='block_1_57' title="bbox 2223 2507 3778 2583">
    <p class='ocr_par' dir='ltr' id='par_1_57' title="bbox 2223 2507 3778 2583">
     <span class='ocr_line' id='line_1_57' title="bbox 2223 2507 3778 2583; baseline -0.003 -21"><span class='ocrx_word' id='word_1_402' title='bbox 2223 2509 2468 2565; x_wconf 90' lang='lat' dir='ltr'>virtutes</span> <span class='ocrx_word' id='word_1_403' title='bbox 2512 2510 2798 2576; x_wconf 76' lang='lat' dir='ltr'>Ecclesiae,</span> <span class='ocrx_word' id='word_1_404' title='bbox 2849 2511 2906 2564; x_wconf 91' lang='lat' dir='ltr'>id</span> <span class='ocrx_word' id='word_1_405' title='bbox 2955 2515 3064 2578; x_wconf 90' lang='lat' dir='ltr'>est,</span> <span class='ocrx_word' id='word_1_406' title='bbox 3099 2511 3301 2576; x_wconf 85' lang='lat' dir='ltr'>fidem,</span> <span class='ocrx_word' id='word_1_407' title='bbox 3329 2528 3486 2583; x_wconf 90' lang='lat' dir='ltr'>spem</span> <span class='ocrx_word' id='word_1_408' title='bbox 3517 2514 3568 2564; x_wconf 90' lang='lat' dir='ltr'>et</span> <span class='ocrx_word' id='word_1_409' title='bbox 3605 2507 3778 2562; x_wconf 76' lang='lat' dir='ltr'>charita-</span> 
     </span>
    </p>
   </div>
   <div class='ocr_carea' id='block_1_58' title="bbox 2222 2597 3778 2655">
    <p class='ocr_par' dir='ltr' id='par_1_58' title="bbox 2222 2597 3778 2655">
     <span class='ocr_line' id='line_1_58' title="bbox 2222 2597 3778 2655; baseline -0.002 -3"><span class='ocrx_word' id='word_1_410' title='bbox 2222 2603 2340 2652; x_wconf 91' lang='lat' dir='ltr'>tem</span> <span class='ocrx_word' id='word_1_411' title='bbox 2376 2617 2387 2653; x_wconf 92' lang='lat'><strong>:</strong></span> <span class='ocrx_word' id='word_1_412' title='bbox 2422 2604 2477 2653; x_wconf 92' lang='lat' dir='ltr'>et</span> <span class='ocrx_word' id='word_1_413' title='bbox 2518 2600 2574 2653; x_wconf 91' lang='lat' dir='ltr'>in</span> <span class='ocrx_word' id='word_1_414' title='bbox 2627 2601 2820 2654; x_wconf 83' lang='lat' dir='ltr'>futuro</span> <span class='ocrx_word' id='word_1_415' title='bbox 2875 2600 3054 2655; x_wconf 86' lang='lat' dir='ltr'>vitam</span> <span class='ocrx_word' id='word_1_416' title='bbox 3086 2605 3386 2654; x_wconf 67' lang='lat' dir='ltr'>aeternam.</span> <span class='ocrx_word' id='word_1_417' title='bbox 3427 2622 3451 2648; x_wconf 87' lang='grc'>‹‹</span> <span class='ocrx_word' id='word_1_418' title='bbox 3485 2597 3692 2654; x_wconf 84' lang='lat' dir='ltr'>Psallam</span> <span class='ocrx_word' id='word_1_419' title='bbox 3717 2610 3778 2646; x_wconf 81' lang='lat' dir='ltr'>n0-</span> 
     </span>
    </p>
   </div>
   <div class='ocr_carea' id='block_1_59' title="bbox 2224 2687 3776 2760">
    <p class='ocr_par' dir='ltr' id='par_1_59' title="bbox 2224 2687 3776 2760">
     <span class='ocr_line' id='line_1_59' title="bbox 2224 2687 3776 2760; baseline -0.004 -20"><span class='ocrx_word' id='word_1_420' title='bbox 2224 2688 2366 2741; x_wconf 91' lang='lat' dir='ltr'>mini</span> <span class='ocrx_word' id='word_1_421' title='bbox 2417 2692 2536 2755; x_wconf 90' lang='lat' dir='ltr'>tuo,</span> <span class='ocrx_word' id='word_1_422' title='bbox 2588 2687 2927 2755; x_wconf 85' lang='lat' dir='ltr'>Altissime;</span> <span class='ocrx_word' id='word_1_423' title='bbox 2978 2711 3006 2737; x_wconf 85' lang='lat'>»</span> <span class='ocrx_word' id='word_1_424' title='bbox 3059 2689 3186 2759; x_wconf 84' lang='lat' dir='ltr'>hoc,</span> <span class='ocrx_word' id='word_1_425' title='bbox 3225 2690 3382 2760; x_wconf 91' lang='lat' dir='ltr'>quod</span> <span class='ocrx_word' id='word_1_426' title='bbox 3433 2693 3584 2744; x_wconf 88' lang='lat' dir='ltr'>canto</span> <span class='ocrx_word' id='word_1_427' title='bbox 3619 2691 3663 2739; x_wconf 87' lang='lat' dir='ltr'>et</span> <span class='ocrx_word' id='word_1_428' title='bbox 3685 2700 3776 2753; x_wconf 72' lang='lat' dir='ltr'>pra-</span> 
     </span>
    </p>
   </div>
   <div class='ocr_carea' id='block_1_60' title="bbox 2223 2775 3871 2850">
    <p class='ocr_par' dir='ltr' id='par_1_60' title="bbox 2223 2775 3871 2850">
     <span class='ocr_line' id='line_1_60' title="bbox 2223 2775 3871 2850; baseline -0.005 -20"><span class='ocrx_word' id='word_1_429' title='bbox 2223 2776 2370 2846; x_wconf 89' lang='lat' dir='ltr'>dico,</span> <span class='ocrx_word' id='word_1_430' title='bbox 2417 2793 2589 2848; x_wconf 91' lang='lat' dir='ltr'>opere</span> <span class='ocrx_word' id='word_1_431' title='bbox 2638 2777 2938 2848; x_wconf 88' lang='lat' dir='ltr'>impleam.</span> <span class='ocrx_word' id='word_1_432' title='bbox 2983 2778 3185 2833; x_wconf 89' lang='lat' dir='ltr'>Merito</span> <span class='ocrx_word' id='word_1_433' title='bbox 3239 2795 3398 2850; x_wconf 90' lang='lat' dir='ltr'>ergo,</span> <span class='ocrx_word' id='word_1_434' title='bbox 3446 2775 3656 2832; x_wconf 87' lang='lat' dir='ltr'>Domine</span> <span class='ocrx_word' id='word_1_435' title='bbox 3691 2776 3778 2824; x_wconf 78' lang='lat' dir='ltr'>Jcsu</span> <span class='ocrx_word' id='word_1_436' title='bbox 3870 2823 3871 2850; x_wconf 23' lang='grc' dir='ltr'>ἰ</span> 
     </span>
    </p>
   </div>
   <div class='ocr_carea' id='block_1_61' title="bbox 2221 2863 3871 2938">
    <p class='ocr_par' dir='ltr' id='par_1_61' title="bbox 2221 2863 3871 2938">
     <span class='ocr_line' id='line_1_61' title="bbox 2221 2863 3871 2938; baseline -0.002 -20"><span class='ocrx_word' id='word_1_437' title='bbox 2221 2865 2466 2935; x_wconf 87' lang='lat' dir='ltr'>Christe,</span> <span class='ocrx_word' id='word_1_438' title='bbox 2495 2865 2717 2920; x_wconf 88' lang='lat' dir='ltr'>nomini</span> <span class='ocrx_word' id='word_1_439' title='bbox 2761 2870 2861 2920; x_wconf 90' lang='lat' dir='ltr'>tuo</span> <span class='ocrx_word' id='word_1_440' title='bbox 2915 2866 3204 2937; x_wconf 85' lang='lat' dir='ltr'>psallitur,</span> <span class='ocrx_word' id='word_1_441' title='bbox 3247 2866 3383 2938; x_wconf 89' lang='lat' dir='ltr'>quia</span> <span class='ocrx_word' id='word_1_442' title='bbox 3424 2867 3571 2920; x_wconf 88' lang='lat' dir='ltr'>dives</span> <span class='ocrx_word' id='word_1_443' title='bbox 3613 2863 3778 2933; x_wconf 54' lang='lat' dir='ltr'>pietate</span> <span class='ocrx_word' id='word_1_444' title='bbox 3870 2863 3871 2912; x_wconf 71' lang='lat' dir='ltr'>i</span> 
     </span>
    </p>
   </div>
   <div class='ocr_carea' id='block_1_62' title="bbox 2220 2949 3871 3027">
    <p class='ocr_par' dir='ltr' id='par_1_62' title="bbox 2220 2949 3871 3027">
     <span class='ocr_line' id='line_1_62' title="bbox 2220 2949 3871 3027; baseline -0.007 -19"><span class='ocrx_word' id='word_1_445' title='bbox 2220 2958 2277 3008; x_wconf 91' lang='lat' dir='ltr'>et</span> <span class='ocrx_word' id='word_1_446' title='bbox 2296 2953 2476 3023; x_wconf 90' lang='lat' dir='ltr'>justis</span> <span class='ocrx_word' id='word_1_447' title='bbox 2504 2954 2806 3008; x_wconf 89' lang='lat' dir='ltr'>victoriam</span> <span class='ocrx_word' id='word_1_448' title='bbox 2842 2960 3104 3026; x_wconf 65' lang='lat' dir='ltr'>praastas,</span> <span class='ocrx_word' id='word_1_449' title='bbox 3139 2962 3195 3009; x_wconf 90' lang='lat' dir='ltr'>et</span> <span class='ocrx_word' id='word_1_450' title='bbox 3253 2960 3564 3027; x_wconf 89' lang='lat' dir='ltr'>peccatores</span> <span class='ocrx_word' id='word_1_451' title='bbox 3599 2957 3651 3005; x_wconf 85' lang='lat' dir='ltr'>ut</span> <span class='ocrx_word' id='word_1_452' title='bbox 3673 2949 3722 3003; x_wconf 87' lang='lat' dir='ltr'>ad</span> <span class='ocrx_word' id='word_1_453' title='bbox 3745 2951 3776 2998; x_wconf 75' lang='lat' dir='ltr'>te.</span> <span class='ocrx_word' id='word_1_454' title='bbox 3870 2965 3871 2968; x_wconf 48' lang='grc' dir='ltr'><strong>η</strong></span> 
     </span>
    </p>
   </div>
   <div class='ocr_carea' id='block_1_63' title="bbox 2221 3043 3776 3116">
    <p class='ocr_par' dir='ltr' id='par_1_63' title="bbox 2221 3043 3776 3116">
     <span class='ocr_line' id='line_1_63' title="bbox 2221 3043 3776 3116; baseline -0.003 -19"><span class='ocrx_word' id='word_1_455' title='bbox 2221 3047 2631 3098; x_wconf 87' lang='lat' dir='ltr'>convertantur</span> <span class='ocrx_word' id='word_1_456' title='bbox 2676 3044 2890 3098; x_wconf 88' lang='lat' dir='ltr'>invitas</span> <span class='ocrx_word' id='word_1_457' title='bbox 2938 3063 2955 3097; x_wconf 92' lang='lat'><strong><em>:</em></strong></span> <span class='ocrx_word' id='word_1_458' title='bbox 3009 3045 3112 3098; x_wconf 86' lang='lat' dir='ltr'>tibi</span> <span class='ocrx_word' id='word_1_459' title='bbox 3162 3044 3351 3116; x_wconf 85' lang='lat' dir='ltr'>gloria</span> <span class='ocrx_word' id='word_1_460' title='bbox 3398 3049 3452 3099; x_wconf 89' lang='lat' dir='ltr'>et</span> <span class='ocrx_word' id='word_1_461' title='bbox 3501 3043 3656 3096; x_wconf 87' lang='lat' dir='ltr'>honor</span> <span class='ocrx_word' id='word_1_462' title='bbox 3691 3051 3776 3089; x_wconf 82' lang='lat' dir='ltr'>cum</span> 
     </span>
    </p>
   </div>
   <div class='ocr_carea' id='block_1_64' title="bbox 2219 3123 3772 3203">
    <p class='ocr_par' dir='ltr' id='par_1_64' title="bbox 2219 3123 3772 3203">
     <span class='ocr_line' id='line_1_64' title="bbox 2219 3123 3772 3203; baseline -0.006 -17"><span class='ocrx_word' id='word_1_463' title='bbox 2219 3137 2431 3187; x_wconf 67' lang='lat' dir='ltr'>aeterno</span> <span class='ocrx_word' id='word_1_464' title='bbox 2479 3132 2644 3187; x_wconf 85' lang='lat' dir='ltr'>Patre</span> <span class='ocrx_word' id='word_1_465' title='bbox 2675 3137 2730 3186; x_wconf 91' lang='lat' dir='ltr'>et</span> <span class='ocrx_word' id='word_1_466' title='bbox 2769 3132 2991 3203; x_wconf 91' lang='lat' dir='ltr'>Spiritu</span> <span class='ocrx_word' id='word_1_467' title='bbox 3034 3138 3241 3188; x_wconf 87' lang='lat' dir='ltr'>sancto</span> <span class='ocrx_word' id='word_1_468' title='bbox 3291 3133 3348 3188; x_wconf 89' lang='lat' dir='ltr'>in</span> <span class='ocrx_word' id='word_1_469' title='bbox 3390 3131 3582 3187; x_wconf 72' lang='lat' dir='ltr'>saecula</span> <span class='ocrx_word' id='word_1_470' title='bbox 3606 3123 3772 3183; x_wconf 69' lang='lat' dir='ltr'>saculo-</span> 
     </span>
    </p>
   </div>
   <div class='ocr_carea' id='block_1_65' title="bbox 463 3203 2612 3297">
    <p class='ocr_par' dir='ltr' id='par_1_65' title="bbox 463 3203 2612 3297">
     <span class='ocr_line' id='line_1_65' title="bbox 463 3203 2612 3297; baseline 0.01 -31"><span class='ocrx_word' id='word_1_471' title='bbox 463 3213 575 3268; x_wconf 79' lang='lat' dir='ltr'>tior</span> <span class='ocrx_word' id='word_1_472' title='bbox 605 3215 746 3282; x_wconf 78' lang='lat' dir='ltr'>haec,</span> <span class='ocrx_word' id='word_1_473' title='bbox 781 3215 991 3287; x_wconf 88' lang='lat' dir='ltr'>inquit,</span> <span class='ocrx_word' id='word_1_474' title='bbox 1044 3220 1423 3291; x_wconf 89' lang='lat' dir='ltr'>quoadusque</span> <span class='ocrx_word' id='word_1_475' title='bbox 1471 3241 1574 3294; x_wconf 93' lang='lat' dir='ltr'>per</span> <span class='ocrx_word' id='word_1_476' title='bbox 1624 3226 1883 3297; x_wconf 87' lang='lat' dir='ltr'>spiritale</span> <span class='ocrx_word' id='word_1_477' title='bbox 1914 3232 2115 3286; x_wconf 91' lang='lat' dir='ltr'>consi-.</span> <span class='ocrx_word' id='word_1_478' title='bbox 2140 3203 2181 3268; x_wconf 56' lang='grc' dir='ltr'>(ἶ</span> <span class='ocrx_word' id='word_1_479' title='bbox 2219 3238 2372 3275; x_wconf 80' lang='lat' dir='ltr'>Pum-</span> <span class='ocrx_word' id='word_1_480' title='bbox 2406 3228 2612 3278; x_wconf 70' lang='lat' dir='ltr'>Amen-</span> 
     </span>
    </p>
   </div>
   <div class='ocr_carea' id='block_1_66' title="bbox 457 3301 2109 3392">
    <p class='ocr_par' dir='ltr' id='par_1_66' title="bbox 457 3301 2109 3392">
     <span class='ocr_line' id='line_1_66' title="bbox 457 3301 2109 3392; baseline 0.012 -37"><span class='ocrx_word' id='word_1_481' title='bbox 457 3301 606 3357; x_wconf 90' lang='lat' dir='ltr'>lium</span> <span class='ocrx_word' id='word_1_482' title='bbox 638 3308 691 3358; x_wconf 91' lang='lat' dir='ltr'>te</span> <span class='ocrx_word' id='word_1_483' title='bbox 725 3305 1040 3374; x_wconf 89' lang='lat' dir='ltr'>requiram.</span> <span class='ocrx_word' id='word_1_484' title='bbox 1089 3329 1116 3355; x_wconf 87' lang='grc'><strong>‹‹</strong></span> <span class='ocrx_word' id='word_1_485' title='bbox 1174 3309 1437 3365; x_wconf 90' lang='lat' dir='ltr'>Dolorem</span> <span class='ocrx_word' id='word_1_486' title='bbox 1484 3312 1541 3367; x_wconf 91' lang='lat' dir='ltr'>in</span> <span class='ocrx_word' id='word_1_487' title='bbox 1597 3317 1769 3370; x_wconf 89' lang='lat' dir='ltr'>corde</span> <span class='ocrx_word' id='word_1_488' title='bbox 1821 3335 1948 3373; x_wconf 90' lang='lat' dir='ltr'>meo</span> <span class='ocrx_word' id='word_1_489' title='bbox 2007 3337 2109 3392; x_wconf 92' lang='lat' dir='ltr'>per</span> 
     </span>
    </p>
   </div>
   <div class='ocr_carea' id='block_1_67' title="bbox 465 3391 2104 3478">
    <p class='ocr_par' dir='ltr' id='par_1_67' title="bbox 465 3391 2104 3478">
     <span class='ocr_line' id='line_1_67' title="bbox 465 3391 2104 3478; baseline 0.011 -32"><span class='ocrx_word' id='word_1_490' title='bbox 465 3391 641 3446; x_wconf 89' lang='lat' dir='ltr'>diem.</span> <span class='ocrx_word' id='word_1_491' title='bbox 677 3415 704 3439; x_wconf 91' lang='grc'><strong>››</strong></span> <span class='ocrx_word' id='word_1_492' title='bbox 741 3393 844 3447; x_wconf 87' lang='lat' dir='ltr'>Per</span> <span class='ocrx_word' id='word_1_493' title='bbox 874 3393 1015 3448; x_wconf 91' lang='lat' dir='ltr'>illud</span> <span class='ocrx_word' id='word_1_494' title='bbox 1052 3396 1278 3451; x_wconf 89' lang='lat' dir='ltr'>scilicet</span> <span class='ocrx_word' id='word_1_495' title='bbox 1311 3397 1506 3454; x_wconf 91' lang='lat' dir='ltr'>lumen</span> <span class='ocrx_word' id='word_1_496' title='bbox 1558 3404 1776 3458; x_wconf 67' lang='lat' dir='ltr'>notitiae</span> <span class='ocrx_word' id='word_1_497' title='bbox 1808 3411 1918 3460; x_wconf 61' lang='lat' dir='ltr'>tua</span> <span class='ocrx_word' id='word_1_498' title='bbox 1951 3411 2104 3478; x_wconf 90' lang='lat' dir='ltr'>quod</span> 
     </span>
    </p>
   </div>
   <div class='ocr_carea' id='block_1_68' title="bbox 459 3479 2108 3563">
    <p class='ocr_par' dir='ltr' id='par_1_68' title="bbox 459 3479 2108 3563">
     <span class='ocr_line' id='line_1_68' title="bbox 459 3479 2108 3563; baseline 0.013 -31"><span class='ocrx_word' id='word_1_499' title='bbox 459 3479 558 3534; x_wconf 90' lang='lat' dir='ltr'>diu</span> <span class='ocrx_word' id='word_1_500' title='bbox 594 3481 983 3550; x_wconf 84' lang='lat' dir='ltr'>perdideram,</span> <span class='ocrx_word' id='word_1_501' title='bbox 1020 3501 1306 3554; x_wconf 88' lang='lat' dir='ltr'>apponam</span> <span class='ocrx_word' id='word_1_502' title='bbox 1340 3488 1596 3544; x_wconf 90' lang='lat' dir='ltr'>dolorem</span> <span class='ocrx_word' id='word_1_503' title='bbox 1631 3509 1808 3563; x_wconf 87' lang='lat' dir='ltr'>super</span> <span class='ocrx_word' id='word_1_504' title='bbox 1838 3498 2108 3554; x_wconf 88' lang='lat' dir='ltr'>tenebras</span> 
     </span>
    </p>
   </div>
   <div class='ocr_carea' id='block_1_69' title="bbox 455 3573 2031 3651">
    <p class='ocr_par' dir='ltr' id='par_1_69' title="bbox 455 3573 2031 3651">
     <span class='ocr_line' id='line_1_69' title="bbox 455 3573 2031 3651; baseline 0.011 -29"><span class='ocrx_word' id='word_1_505' title='bbox 455 3573 804 3638; x_wconf 76' lang='lat' dir='ltr'>peccatorum</span> <span class='ocrx_word' id='word_1_506' title='bbox 836 3587 1120 3641; x_wconf 88' lang='lat' dir='ltr'>meorum,</span> <span class='ocrx_word' id='word_1_507' title='bbox 1157 3573 1263 3629; x_wconf 91' lang='lat' dir='ltr'>hoc</span> <span class='ocrx_word' id='word_1_508' title='bbox 1288 3580 1374 3631; x_wconf 89' lang='lat' dir='ltr'>est</span> <span class='ocrx_word' id='word_1_509' title='bbox 1405 3594 1576 3649; x_wconf 88' lang='lat' dir='ltr'>agam</span> <span class='ocrx_word' id='word_1_510' title='bbox 1608 3583 2031 3651; x_wconf 56' lang='lat' dir='ltr'>paenitentiam.</span> 
     </span>
    </p>
   </div>
   <div class='ocr_carea' id='block_1_70' title="bbox 538 3657 2156 3746">
    <p class='ocr_par' dir='ltr' id='par_1_70' title="bbox 538 3657 2156 3746">
     <span class='ocr_line' id='line_1_70' title="bbox 538 3657 2156 3746; baseline 0.016 -40"><span class='ocrx_word' id='word_1_511' title='bbox 538 3679 563 3705; x_wconf 91' lang='grc'>‹‹</span> <span class='ocrx_word' id='word_1_512' title='bbox 625 3657 934 3727; x_wconf 88' lang='lat' dir='ltr'>Usquequo</span> <span class='ocrx_word' id='word_1_513' title='bbox 987 3661 1337 3718; x_wconf 87' lang='lat' dir='ltr'>cxaltabitur</span> <span class='ocrx_word' id='word_1_514' title='bbox 1395 3665 1669 3724; x_wconf 90' lang='lat' dir='ltr'>inimicus</span> <span class='ocrx_word' id='word_1_515' title='bbox 1715 3688 1879 3728; x_wconf 90' lang='lat' dir='ltr'>meus</span> <span class='ocrx_word' id='word_1_516' title='bbox 1932 3692 2109 3746; x_wconf 89' lang='lat' dir='ltr'>super</span> <span class='ocrx_word' id='word_1_517' title='bbox 2153 3689 2156 3692; x_wconf 78' lang='grc'><strong>’</strong></span> 
     </span>
    </p>
   </div>
   <div class='ocr_carea' id='block_1_71' title="bbox 459 3744 2106 3837">
    <p class='ocr_par' dir='ltr' id='par_1_71' title="bbox 459 3744 2106 3837">
     <span class='ocr_line' id='line_1_71' title="bbox 459 3744 2106 3837; baseline 0.015 -42"><span class='ocrx_word' id='word_1_518' title='bbox 459 3744 599 3798; x_wconf 86' lang='lat' dir='ltr'>me?</span> <span class='ocrx_word' id='word_1_519' title='bbox 633 3767 658 3791; x_wconf 91' lang='grc'><strong>››</strong></span> <span class='ocrx_word' id='word_1_520' title='bbox 700 3747 966 3808; x_wconf 86' lang='lat' dir='ltr'>Quandiu</span> <span class='ocrx_word' id='word_1_521' title='bbox 999 3750 1069 3804; x_wconf 90' lang='lat' dir='ltr'>ad</span> <span class='ocrx_word' id='word_1_522' title='bbox 1105 3755 1158 3804; x_wconf 92' lang='lat' dir='ltr'>te</span> <span class='ocrx_word' id='word_1_523' title='bbox 1213 3769 1528 3811; x_wconf 91' lang='lat' dir='ltr'>conversus</span> <span class='ocrx_word' id='word_1_524' title='bbox 1578 3775 1690 3813; x_wconf 89' lang='lat' dir='ltr'>non</span> <span class='ocrx_word' id='word_1_525' title='bbox 1745 3762 1904 3817; x_wconf 89' lang='lat' dir='ltr'>fuero</span> <span class='ocrx_word' id='word_1_526' title='bbox 1934 3744 2106 3837; x_wconf 77' lang='lat' dir='ltr'>erigi-</span> 
     </span>
    </p>
   </div>
   <div class='ocr_carea' id='block_1_72' title="bbox 460 3833 2108 3922">
    <p class='ocr_par' dir='ltr' id='par_1_72' title="bbox 460 3833 2108 3922">
     <span class='ocr_line' id='line_1_72' title="bbox 460 3833 2108 3922; baseline 0.015 -37"><span class='ocrx_word' id='word_1_527' title='bbox 460 3838 557 3887; x_wconf 90' lang='lat' dir='ltr'>tur</span> <span class='ocrx_word' id='word_1_528' title='bbox 587 3833 864 3889; x_wconf 83' lang='lat' dir='ltr'>advcrsus</span> <span class='ocrx_word' id='word_1_529' title='bbox 899 3853 990 3890; x_wconf 91' lang='lat' dir='ltr'>me</span> <span class='ocrx_word' id='word_1_530' title='bbox 1023 3838 1314 3906; x_wconf 86' lang='lat' dir='ltr'>diabolus,</span> <span class='ocrx_word' id='word_1_531' title='bbox 1349 3845 1449 3914; x_wconf 90' lang='lat' dir='ltr'>qui</span> <span class='ocrx_word' id='word_1_532' title='bbox 1481 3852 1571 3900; x_wconf 87' lang='lat' dir='ltr'>est</span> <span class='ocrx_word' id='word_1_533' title='bbox 1603 3847 1842 3904; x_wconf 90' lang='lat' dir='ltr'>humani</span> <span class='ocrx_word' id='word_1_534' title='bbox 1877 3833 2108 3922; x_wconf 72' lang='lat' dir='ltr'>generis</span> 
     </span>
    </p>
   </div>
   <div class='ocr_carea' id='block_1_73' title="bbox 458 3921 2108 3999">
    <p class='ocr_par' dir='ltr' id='par_1_73' title="bbox 458 3921 2108 3999">
     <span class='ocr_line' id='line_1_73' title="bbox 458 3921 2108 3999; baseline 0.014 -23"><span class='ocrx_word' id='word_1_535' title='bbox 458 3921 756 3979; x_wconf 90' lang='lat' dir='ltr'>inimicus.</span> <span class='ocrx_word' id='word_1_536' title='bbox 822 3923 1135 3998; x_wconf 90' lang='lat' dir='ltr'>Usquequo</span> <span class='ocrx_word' id='word_1_537' title='bbox 1186 3931 1534 3988; x_wconf 85' lang='lat' dir='ltr'>exaltabitur</span> <span class='ocrx_word' id='word_1_538' title='bbox 1603 3921 1904 3994; x_wconf 17' lang='lat' dir='ltr'>inimicus&quot;</span> <span class='ocrx_word' id='word_1_539' title='bbox 1941 3959 2108 3999; x_wconf 91' lang='lat' dir='ltr'>meus</span> 
     </span>
    </p>
   </div>
   <div class='ocr_carea' id='block_1_74' title="bbox 462 4015 2106 4087">
    <p class='ocr_par' dir='ltr' id='par_1_74' title="bbox 462 4015 2106 4087">
     <span class='ocr_line' id='line_1_74' title="bbox 462 4015 2106 4087; baseline 0.013 -21"><span class='ocrx_word' id='word_1_540' title='bbox 462 4029 640 4083; x_wconf 88' lang='lat' dir='ltr'>super</span> <span class='ocrx_word' id='word_1_541' title='bbox 670 4030 762 4067; x_wconf 90' lang='lat' dir='ltr'>me</span> <span class='ocrx_word' id='word_1_542' title='bbox 784 4015 811 4067; x_wconf 78' lang='lat' dir='ltr'>&#39;I</span> <span class='ocrx_word' id='word_1_543' title='bbox 867 4015 1045 4077; x_wconf 89' lang='lat' dir='ltr'>Quasi</span> <span class='ocrx_word' id='word_1_544' title='bbox 1076 4017 1252 4082; x_wconf 88' lang='lat' dir='ltr'>dicat,</span> <span class='ocrx_word' id='word_1_545' title='bbox 1313 4022 1579 4085; x_wconf 89' lang='lat' dir='ltr'>Quandiu</span> <span class='ocrx_word' id='word_1_546' title='bbox 1615 4024 1787 4082; x_wconf 87' lang='lat' dir='ltr'>habet</span> <span class='ocrx_word' id='word_1_547' title='bbox 1838 4031 2106 4087; x_wconf 88' lang='lat' dir='ltr'>adversa-</span> 
     </span>
    </p>
   </div>
   <div class='ocr_carea' id='block_1_75' title="bbox 459 4101 2104 4186">
    <p class='ocr_par' dir='ltr' id='par_1_75' title="bbox 459 4101 2104 4186">
     <span class='ocr_line' id='line_1_75' title="bbox 459 4101 2104 4186; baseline 0.014 -33"><span class='ocrx_word' id='word_1_548' title='bbox 459 4101 584 4155; x_wconf 90' lang='lat' dir='ltr'>rius</span> <span class='ocrx_word' id='word_1_549' title='bbox 637 4101 1098 4159; x_wconf 89' lang='lat' dir='ltr'>dominationem</span> <span class='ocrx_word' id='word_1_550' title='bbox 1152 4107 1417 4164; x_wconf 70' lang='lat' dir='ltr'>Ecclesiae</span> <span class='ocrx_word' id='word_1_551' title='bbox 1454 4113 1480 4165; x_wconf 81' lang='lat'><strong>?</strong></span> <span class='ocrx_word' id='word_1_552' title='bbox 1529 4113 1724 4186; x_wconf 88' lang='lat' dir='ltr'>Usque</span> <span class='ocrx_word' id='word_1_553' title='bbox 1793 4116 1849 4171; x_wconf 92' lang='lat' dir='ltr'>in</span> <span class='ocrx_word' id='word_1_554' title='bbox 1907 4120 2104 4176; x_wconf 79' lang='lat' dir='ltr'>finem.</span> 
     </span>
    </p>
   </div>
   <div class='ocr_carea' id='block_1_76' title="bbox 458 4191 2104 4269">
    <p class='ocr_par' dir='ltr' id='par_1_76' title="bbox 458 4191 2104 4269">
     <span class='ocr_line' id='line_1_76' title="bbox 458 4191 2104 4269; baseline 0.015 -27"><span class='ocrx_word' id='word_1_555' title='bbox 458 4213 485 4238; x_wconf 85' lang='lat'><strong>«</strong></span> <span class='ocrx_word' id='word_1_556' title='bbox 524 4191 784 4260; x_wconf 82' lang='lat' dir='ltr'>Respice.</span> <span class='ocrx_word' id='word_1_557' title='bbox 835 4197 891 4247; x_wconf 89' lang='lat' dir='ltr'>et</span> <span class='ocrx_word' id='word_1_558' title='bbox 939 4196 1143 4250; x_wconf 88' lang='lat' dir='ltr'>exaudi</span> <span class='ocrx_word' id='word_1_559' title='bbox 1198 4214 1309 4269; x_wconf 88' lang='lat' dir='ltr'>me,</span> <span class='ocrx_word' id='word_1_560' title='bbox 1355 4201 1592 4257; x_wconf 91' lang='lat' dir='ltr'>Domine</span> <span class='ocrx_word' id='word_1_561' title='bbox 1641 4203 1795 4260; x_wconf 90' lang='lat' dir='ltr'>Deus</span> <span class='ocrx_word' id='word_1_562' title='bbox 1843 4224 2030 4264; x_wconf 88' lang='lat' dir='ltr'>meus.</span> <span class='ocrx_word' id='word_1_563' title='bbox 2078 4233 2104 4260; x_wconf 91' lang='lat'>»</span> 
     </span>
    </p>
   </div>
   <div class='ocr_carea' id='block_1_77' title="bbox 458 4277 2108 4369">
    <p class='ocr_par' dir='ltr' id='par_1_77' title="bbox 458 4277 2108 4369">
     <span class='ocr_line' id='line_1_77' title="bbox 458 4277 2108 4369; baseline 0.015 -39"><span class='ocrx_word' id='word_1_564' title='bbox 458 4277 653 4369; x_wconf 75' lang='lat' dir='ltr'>Dratio</span> <span class='ocrx_word' id='word_1_565' title='bbox 693 4280 989 4369; x_wconf 12' lang='lat' dir='ltr'>‘Ecclesias</span> <span class='ocrx_word' id='word_1_566' title='bbox 1056 4291 1162 4355; x_wconf 84' lang='lat' dir='ltr'>est,</span> <span class='ocrx_word' id='word_1_567' title='bbox 1206 4287 1274 4341; x_wconf 88' lang='lat' dir='ltr'>de</span> <span class='ocrx_word' id='word_1_568' title='bbox 1337 4290 1522 4345; x_wconf 90' lang='lat' dir='ltr'>tribus</span> <span class='ocrx_word' id='word_1_569' title='bbox 1589 4296 1852 4364; x_wconf 86' lang='lat' dir='ltr'>personis</span> <span class='ocrx_word' id='word_1_570' title='bbox 1920 4306 2108 4369; x_wconf 85' lang='lat' dir='ltr'>potest</span> 
     </span>
    </p>
   </div>
   <div class='ocr_carea' id='block_1_78' title="bbox 456 4365 2106 4449">
    <p class='ocr_par' dir='ltr' id='par_1_78' title="bbox 456 4365 2106 4449">
     <span class='ocr_line' id='line_1_78' title="bbox 456 4365 2106 4449; baseline 0.015 -30"><span class='ocrx_word' id='word_1_571' title='bbox 456 4365 750 4437; x_wconf 90' lang='lat' dir='ltr'>intelligi;</span> <span class='ocrx_word' id='word_1_572' title='bbox 788 4369 1028 4440; x_wconf 86' lang='lat' dir='ltr'>Respice</span> <span class='ocrx_word' id='word_1_573' title='bbox 1086 4373 1145 4427; x_wconf 94' lang='lat' dir='ltr'>in</span> <span class='ocrx_word' id='word_1_574' title='bbox 1198 4377 1596 4449; x_wconf 87' lang='lat' dir='ltr'>tribulatione,</span> <span class='ocrx_word' id='word_1_575' title='bbox 1630 4382 1714 4438; x_wconf 91' lang='lat' dir='ltr'>vel</span> <span class='ocrx_word' id='word_1_576' title='bbox 1767 4384 1822 4438; x_wconf 92' lang='lat' dir='ltr'>in</span> <span class='ocrx_word' id='word_1_577' title='bbox 1892 4365 2106 4445; x_wconf 67' lang='lat' dir='ltr'>auxilio</span> 
     </span>
    </p>
   </div>
   <div class='ocr_carea' id='block_1_79' title="bbox 457 4454 1499 4534">
    <p class='ocr_par' dir='ltr' id='par_1_79' title="bbox 457 4454 1499 4534">
     <span class='ocr_line' id='line_1_79' title="bbox 457 4454 1499 4534; baseline 0.014 -28"><span class='ocrx_word' id='word_1_578' title='bbox 457 4457 513 4507; x_wconf 90' lang='lat' dir='ltr'>et</span> <span class='ocrx_word' id='word_1_579' title='bbox 542 4454 748 4508; x_wconf 86' lang='lat' dir='ltr'>exaudi</span> <span class='ocrx_word' id='word_1_580' title='bbox 781 4455 841 4509; x_wconf 85' lang='lat' dir='ltr'>in</span> <span class='ocrx_word' id='word_1_581' title='bbox 879 4456 984 4513; x_wconf 91' lang='lat' dir='ltr'>hoc</span> <span class='ocrx_word' id='word_1_582' title='bbox 1017 4463 1170 4530; x_wconf 91' lang='lat' dir='ltr'>quod</span> <span class='ocrx_word' id='word_1_583' title='bbox 1204 4465 1499 4534; x_wconf 85' lang='lat' dir='ltr'>deprecor.</span> 
     </span>
    </p>
   </div>
   <div class='ocr_carea' id='block_1_80' title="bbox 2777 3311 3300 3367">
    <p class='ocr_par' dir='ltr' id='par_1_80' title="bbox 2777 3311 3300 3367">
     <span class='ocr_line' id='line_1_80' title="bbox 2777 3311 3300 3367; baseline 0.002 -2"><span class='ocrx_word' id='word_1_584' title='bbox 2777 3311 3106 3366; x_wconf 92' lang='lat' dir='ltr'>PSALMUS</span> <span class='ocrx_word' id='word_1_585' title='bbox 3151 3311 3221 3365; x_wconf 86' lang='grc' dir='ltr'>ΧΙ</span> <span class='ocrx_word' id='word_1_586' title='bbox 3238 3314 3300 3367; x_wconf 89' lang='lat' dir='ltr'>ll.</span> 
     </span>
    </p>
   </div>
   <div class='ocr_carea' id='block_1_81' title="bbox 2220 3395 3774 3470">
    <p class='ocr_par' dir='ltr' id='par_1_81' title="bbox 2220 3395 3774 3470">
     <span class='ocr_line' id='line_1_81' title="bbox 2220 3395 3774 3470; baseline -0.004 -17"><span class='ocrx_word' id='word_1_587' title='bbox 2220 3399 2453 3454; x_wconf 90' lang='lat' dir='ltr'>Tertius</span> <span class='ocrx_word' id='word_1_588' title='bbox 2483 3399 2748 3454; x_wconf 90' lang='lat' dir='ltr'>decimus</span> <span class='ocrx_word' id='word_1_589' title='bbox 2770 3399 3037 3470; x_wconf 89' lang='lat' dir='ltr'>psalmus</span> <span class='ocrx_word' id='word_1_590' title='bbox 3060 3417 3172 3454; x_wconf 90' lang='lat' dir='ltr'>non</span> <span class='ocrx_word' id='word_1_591' title='bbox 3205 3400 3385 3455; x_wconf 88' lang='lat' dir='ltr'>habet</span> <span class='ocrx_word' id='word_1_592' title='bbox 3404 3395 3774 3466; x_wconf 72' lang='lat' dir='ltr'>inscriptionem.</span> 
     </span>
    </p>
   </div>
   <div class='ocr_carea' id='block_1_82' title="bbox 2289 3470 3774 3546">
    <p class='ocr_par' dir='ltr' id='par_1_82' title="bbox 2289 3470 3774 3546">
     <span class='ocr_line' id='line_1_82' title="bbox 2289 3470 3774 3546; baseline -0.001 -21"><span class='ocrx_word' id='word_1_593' title='bbox 2289 3473 2388 3526; x_wconf 91' lang='lat' dir='ltr'>sed</span> <span class='ocrx_word' id='word_1_594' title='bbox 2414 3470 2880 3546; x_wconf 67' lang='lat' dir='ltr'>redemptionem</span> <span class='ocrx_word' id='word_1_595' title='bbox 2901 3477 3161 3546; x_wconf 82' lang='lat' dir='ltr'>nostram</span> <span class='ocrx_word' id='word_1_596' title='bbox 3194 3473 3428 3546; x_wconf 83' lang='lat' dir='ltr'>exSion</span> <span class='ocrx_word' id='word_1_597' title='bbox 3464 3474 3774 3546; x_wconf 53' lang='lat' dir='ltr'>processum?</span> 
     </span>
    </p>
   </div>
   <div class='ocr_carea' id='block_1_83' title="bbox 2287 3543 3773 3614">
    <p class='ocr_par' dir='ltr' id='par_1_83' title="bbox 2287 3543 3773 3614">
     <span class='ocr_line' id='line_1_83' title="bbox 2287 3543 3773 3614; baseline -0.002 -18"><span class='ocrx_word' id='word_1_598' title='bbox 2287 3559 2415 3614; x_wconf 87' lang='lat' dir='ltr'>esse</span> <span class='ocrx_word' id='word_1_599' title='bbox 2450 3543 2808 3614; x_wconf 87' lang='lat' dir='ltr'>pronuntiat.</span> <span class='ocrx_word' id='word_1_600' title='bbox 2843 3544 2910 3596; x_wconf 85' lang='lat' dir='ltr'>Et</span> <span class='ocrx_word' id='word_1_601' title='bbox 2937 3543 3124 3614; x_wconf 90' lang='lat' dir='ltr'>primo</span> <span class='ocrx_word' id='word_1_602' title='bbox 3156 3544 3392 3614; x_wconf 85' lang='lat' dir='ltr'>quidem</span> <span class='ocrx_word' id='word_1_603' title='bbox 3426 3543 3773 3614; x_wconf 62' lang='lat' dir='ltr'>contrailyplOs</span> 
     </span>
    </p>
   </div>
   <div class='ocr_carea' id='block_1_84' title="bbox 2289 3606 3776 3694">
    <p class='ocr_par' dir='ltr' id='par_1_84' title="bbox 2289 3606 3776 3694">
     <span class='ocr_line' id='line_1_84' title="bbox 2289 3606 3776 3694; baseline -0.005 -28"><span class='ocrx_word' id='word_1_604' title='bbox 2289 3606 3074 3694; x_wconf 43' lang='lat' dir='ltr'>loqui—turzqutconﬁdentes</span> <span class='ocrx_word' id='word_1_605' title='bbox 3103 3606 3416 3694; x_wconf 28' lang='lat' dir='ltr'>i‘n&#39;divitiis</span> <span class='ocrx_word' id='word_1_606' title='bbox 3444 3608 3633 3673; x_wconf 69' lang='lat' dir='ltr'>saeculi,</span> <span class='ocrx_word' id='word_1_607' title='bbox 3654 3606 3776 3659; x_wconf 84' lang='lat' dir='ltr'>Deum</span> 
     </span>
    </p>
   </div>
   <div class='ocr_carea' id='block_1_85' title="bbox 2291 3684 3152 3757">
    <p class='ocr_par' dir='ltr' id='par_1_85' title="bbox 2291 3684 3152 3757">
     <span class='ocr_line' id='line_1_85' title="bbox 2291 3684 3152 3757; baseline 0.002 -19"><span class='ocrx_word' id='word_1_608' title='bbox 2291 3684 2392 3755; x_wconf 93' lang='lat' dir='ltr'>qui</span> <span class='ocrx_word' id='word_1_609' title='bbox 2423 3684 2529 3739; x_wconf 90' lang='lat' dir='ltr'>has</span> <span class='ocrx_word' id='word_1_610' title='bbox 2560 3684 2830 3756; x_wconf 86' lang='lat' dir='ltr'>largitur,</span> <span class='ocrx_word' id='word_1_611' title='bbox 2861 3685 3152 3757; x_wconf 80' lang='lat' dir='ltr'>ignorant.</span> 
     </span>
    </p>
   </div>
   <div class='ocr_carea' id='block_1_86' title="bbox 2292 3759 3771 3844">
    <p class='ocr_par' dir='ltr' id='par_1_86' title="bbox 2292 3759 3771 3844">
     <span class='ocr_line' id='line_1_86' title="bbox 2292 3759 3771 3844; baseline 0.004 -16"><span class='ocrx_word' id='word_1_612' title='bbox 2292 3795 2319 3822; x_wconf 89' lang='lat'><strong>«</strong></span> <span class='ocrx_word' id='word_1_613' title='bbox 2353 3772 2503 3828; x_wconf 90' lang='lat' dir='ltr'>Dixit</span> <span class='ocrx_word' id='word_1_614' title='bbox 2531 3773 2818 3844; x_wconf 89' lang='lat' dir='ltr'>insipiens</span> <span class='ocrx_word' id='word_1_615' title='bbox 2850 3774 2910 3826; x_wconf 91' lang='lat' dir='ltr'>in</span> <span class='ocrx_word' id='word_1_616' title='bbox 2958 3775 3130 3829; x_wconf 89' lang='lat' dir='ltr'>corde</span> <span class='ocrx_word' id='word_1_617' title='bbox 3176 3792 3306 3830; x_wconf 90' lang='lat' dir='ltr'>suo.</span> <span class='ocrx_word' id='word_1_618' title='bbox 3373 3797 3398 3822; x_wconf 83' lang='lat'>»</span> <span class='ocrx_word' id='word_1_619' title='bbox 3454 3777 3551 3825; x_wconf 90' lang='lat' dir='ltr'>Pro</span> <span class='ocrx_word' id='word_1_620' title='bbox 3593 3783 3646 3822; x_wconf 81' lang='lat' dir='ltr'>eo</span> <span class='ocrx_word' id='word_1_621' title='bbox 3669 3759 3771 3833; x_wconf 69' lang='grc' dir='ltr'>(ιυοά</span> 
     </span>
    </p>
   </div>
   <div class='ocr_carea' id='block_1_87' title="bbox 2217 3852 3771 3934">
    <p class='ocr_par' dir='ltr' id='par_1_87' title="bbox 2217 3852 3771 3934">
     <span class='ocr_line' id='line_1_87' title="bbox 2217 3852 3771 3934; baseline -0.006 -18"><span class='ocrx_word' id='word_1_622' title='bbox 2217 3866 2325 3930; x_wconf 90' lang='lat' dir='ltr'>est,</span> <span class='ocrx_word' id='word_1_623' title='bbox 2349 3863 2614 3932; x_wconf 72' lang='lat' dir='ltr'>insipiens</span> <span class='ocrx_word' id='word_1_624' title='bbox 2646 3862 2705 3916; x_wconf 91' lang='lat' dir='ltr'>in</span> <span class='ocrx_word' id='word_1_625' title='bbox 2730 3862 2966 3917; x_wconf 73' lang='lat' dir='ltr'>Hebrazo</span> <span class='ocrx_word' id='word_1_626' title='bbox 2991 3881 3174 3918; x_wconf 82' lang='lat' dir='ltr'>NABAL</span> <span class='ocrx_word' id='word_1_627' title='bbox 3195 3865 3448 3934; x_wconf 90' lang='lat' dir='ltr'>positum</span> <span class='ocrx_word' id='word_1_628' title='bbox 3479 3864 3573 3914; x_wconf 90' lang='lat' dir='ltr'>est.</span> <span class='ocrx_word' id='word_1_629' title='bbox 3595 3852 3716 3910; x_wconf 86' lang='lat' dir='ltr'>Unde</span> <span class='ocrx_word' id='word_1_630' title='bbox 3738 3852 3771 3899; x_wconf 66' lang='grc' dir='ltr'>ιῖί</span> 
     </span>
    </p>
   </div>
   <div class='ocr_carea' id='block_1_88' title="bbox 2219 3937 3772 4022">
    <p class='ocr_par' dir='ltr' id='par_1_88' title="bbox 2219 3937 3772 4022">
     <span class='ocr_line' id='line_1_88' title="bbox 2219 3937 3772 4022; baseline -0.01 -18"><span class='ocrx_word' id='word_1_631' title='bbox 2219 3950 2446 4022; x_wconf 84' lang='lat' dir='ltr'>Abigail</span> <span class='ocrx_word' id='word_1_632' title='bbox 2492 3951 2563 4006; x_wconf 91' lang='lat' dir='ltr'>de</span> <span class='ocrx_word' id='word_1_633' title='bbox 2600 3950 2722 4006; x_wconf 90' lang='lat' dir='ltr'>viro</span> <span class='ocrx_word' id='word_1_634' title='bbox 2753 3968 2861 4006; x_wconf 92' lang='lat' dir='ltr'>suo</span> <span class='ocrx_word' id='word_1_635' title='bbox 2910 3951 3094 4007; x_wconf 85' lang='lat' dir='ltr'>Nabal</span> <span class='ocrx_word' id='word_1_636' title='bbox 3125 3953 3206 4007; x_wconf 85' lang='lat' dir='ltr'>ait</span> <span class='ocrx_word' id='word_1_637' title='bbox 3241 3954 3296 4007; x_wconf 92' lang='lat' dir='ltr'>in</span> <span class='ocrx_word' id='word_1_638' title='bbox 3335 3955 3518 4006; x_wconf 87' lang='lat' dir='ltr'>monte</span> <span class='ocrx_word' id='word_1_639' title='bbox 3545 3937 3772 4000; x_wconf 82' lang='lat' dir='ltr'>Carmelo:</span> 
     </span>
    </p>
   </div>
   <div class='ocr_carea' id='block_1_89' title="bbox 2224 4027 3773 4109">
    <p class='ocr_par' dir='ltr' id='par_1_89' title="bbox 2224 4027 3773 4109">
     <span class='ocr_line' id='line_1_89' title="bbox 2224 4027 3773 4109; baseline -0.003 -14"><span class='ocrx_word' id='word_1_640' title='bbox 2224 4041 2349 4096; x_wconf 85' lang='lat' dir='ltr'>Vere</span> <span class='ocrx_word' id='word_1_641' title='bbox 2395 4039 2693 4095; x_wconf 84' lang='lat' dir='ltr'>secundum</span> <span class='ocrx_word' id='word_1_642' title='bbox 2739 4057 2938 4095; x_wconf 84' lang='lat' dir='ltr'>nomen</span> <span class='ocrx_word' id='word_1_643' title='bbox 2992 4058 3158 4096; x_wconf 80' lang='lat' dir='ltr'>suum</span> <span class='ocrx_word' id='word_1_644' title='bbox 3211 4043 3476 4109; x_wconf 79' lang='lat' dir='ltr'>insipiens</span> <span class='ocrx_word' id='word_1_645' title='bbox 3519 4040 3582 4091; x_wconf 72' lang='lat' dir='ltr'>est</span> <span class='ocrx_word' id='word_1_646' title='bbox 3624 4032 3660 4100; x_wconf 80' lang='grc'>(1</span> <span class='ocrx_word' id='word_1_647' title='bbox 3695 4027 3773 4090; x_wconf 65' lang='grc' dir='ltr'>Πέρ-</span> 
     </span>
    </p>
   </div>
   <div class='ocr_carea' id='block_1_90' title="bbox 2218 4115 3776 4200">
    <p class='ocr_par' dir='ltr' id='par_1_90' title="bbox 2218 4115 3776 4200">
     <span class='ocr_line' id='line_1_90' title="bbox 2218 4115 3776 4200; baseline 0 -18"><span class='ocrx_word' id='word_1_648' title='bbox 2218 4146 2347 4195; x_wconf 88' lang='lat' dir='ltr'>xxv,</span> <span class='ocrx_word' id='word_1_649' title='bbox 2377 4131 2490 4192; x_wconf 85' lang='lat'>25).</span> <span class='ocrx_word' id='word_1_650' title='bbox 2523 4130 2641 4184; x_wconf 87' lang='lat' dir='ltr'>Non</span> <span class='ocrx_word' id='word_1_651' title='bbox 2670 4138 2750 4184; x_wconf 82' lang='lat' dir='ltr'>est</span> <span class='ocrx_word' id='word_1_652' title='bbox 2806 4131 2901 4199; x_wconf 85' lang='lat' dir='ltr'>qui</span> <span class='ocrx_word' id='word_1_653' title='bbox 2952 4132 3125 4200; x_wconf 75' lang='lat' dir='ltr'>faciat</span> <span class='ocrx_word' id='word_1_654' title='bbox 3173 4131 3388 4190; x_wconf 76' lang='lat' dir='ltr'>bonum,</span> <span class='ocrx_word' id='word_1_655' title='bbox 3445 4143 3542 4180; x_wconf 88' lang='lat' dir='ltr'>non</span> <span class='ocrx_word' id='word_1_656' title='bbox 3572 4124 3637 4176; x_wconf 76' lang='lat' dir='ltr'>est</span> <span class='ocrx_word' id='word_1_657' title='bbox 3661 4115 3776 4181; x_wconf 58' lang='lat' dir='ltr'>uili“</span> 
     </span>
    </p>
   </div>
   <div class='ocr_carea' id='block_1_91' title="bbox 2215 4203 3773 4295">
    <p class='ocr_par' dir='ltr' id='par_1_91' title="bbox 2215 4203 3773 4295">
     <span class='ocr_line' id='line_1_91' title="bbox 2215 4203 3773 4295; baseline -0.01 -24"><span class='ocrx_word' id='word_1_658' title='bbox 2215 4217 2286 4272; x_wconf 86' lang='lat' dir='ltr'>ad</span> <span class='ocrx_word' id='word_1_659' title='bbox 2318 4234 2514 4272; x_wconf 82' lang='lat' dir='ltr'>unum.</span> <span class='ocrx_word' id='word_1_660' title='bbox 2562 4219 2723 4272; x_wconf 83' lang='lat' dir='ltr'>Hunc</span> <span class='ocrx_word' id='word_1_661' title='bbox 2776 4217 3066 4288; x_wconf 88' lang='lat' dir='ltr'>psalmum</span> <span class='ocrx_word' id='word_1_662' title='bbox 3098 4219 3169 4274; x_wconf 88' lang='lat' dir='ltr'>de</span> <span class='ocrx_word' id='word_1_663' title='bbox 3211 4217 3475 4290; x_wconf 86' lang='lat' dir='ltr'>passione</span> <span class='ocrx_word' id='word_1_664' title='bbox 3519 4203 3695 4266; x_wconf 85' lang='lat' dir='ltr'>Christi</span> <span class='ocrx_word' id='word_1_665' title='bbox 3719 4214 3773 4295; x_wconf 67' lang='lat' dir='ltr'>re-</span> 
     </span>
    </p>
   </div>
   <div class='ocr_carea' id='block_1_92' title="bbox 2218 4302 3767 4381">
    <p class='ocr_par' dir='ltr' id='par_1_92' title="bbox 2218 4302 3767 4381">
     <span class='ocr_line' id='line_1_92' title="bbox 2218 4302 3767 4381; baseline -0.008 -21"><span class='ocrx_word' id='word_1_666' title='bbox 2218 4308 2429 4372; x_wconf 87' lang='lat' dir='ltr'>ferunt,</span> <span class='ocrx_word' id='word_1_667' title='bbox 2462 4307 2695 4378; x_wconf 90' lang='lat' dir='ltr'>quando</span> <span class='ocrx_word' id='word_1_668' title='bbox 2727 4322 2932 4361; x_wconf 92' lang='lat' dir='ltr'>omnes</span> <span class='ocrx_word' id='word_1_669' title='bbox 2963 4307 3279 4362; x_wconf 90' lang='lat' dir='ltr'>Dominum</span> <span class='ocrx_word' id='word_1_670' title='bbox 3316 4302 3641 4375; x_wconf 89' lang='lat' dir='ltr'>reliquerunt</span> <span class='ocrx_word' id='word_1_671' title='bbox 3681 4302 3767 4381; x_wconf 29' lang='lat' dir='ltr'>ei?</span> 
     </span>
    </p>
   </div>
   <div class='ocr_carea' id='block_1_93' title="bbox 2214 4378 3774 4469">
    <p class='ocr_par' dir='ltr' id='par_1_93' title="bbox 2214 4378 3774 4469">
     <span class='ocr_line' id='line_1_93' title="bbox 2214 4378 3774 4469; baseline -0.011 -19"><span class='ocrx_word' id='word_1_672' title='bbox 2214 4400 2444 4450; x_wconf 90' lang='lat' dir='ltr'>tantum</span> <span class='ocrx_word' id='word_1_673' title='bbox 2476 4400 2540 4450; x_wconf 91' lang='lat' dir='ltr'>ut</span> <span class='ocrx_word' id='word_1_674' title='bbox 2591 4395 2794 4450; x_wconf 86' lang='lat' dir='ltr'>Petrus</span> <span class='ocrx_word' id='word_1_675' title='bbox 2848 4409 3081 4467; x_wconf 86' lang='lat' dir='ltr'>quoque</span> <span class='ocrx_word' id='word_1_676' title='bbox 3133 4397 3232 4467; x_wconf 91' lang='lat' dir='ltr'>qui</span> <span class='ocrx_word' id='word_1_677' title='bbox 3294 4390 3651 4467; x_wconf 72' lang='lat' dir='ltr'>apostolorum</span> <span class='ocrx_word' id='word_1_678' title='bbox 3705 4378 3774 4469; x_wconf 56' lang='lat' dir='ltr'>fuit</span> 
     </span>
    </p>
   </div>
   <div class='ocr_carea' id='block_1_94' title="bbox 2216 4463 3773 4557">
    <p class='ocr_par' dir='ltr' id='par_1_94' title="bbox 2216 4463 3773 4557">
     <span class='ocr_line' id='line_1_94' title="bbox 2216 4463 3773 4557; baseline 0.003 -18"><span class='ocrx_word' id='word_1_679' title='bbox 2216 4485 2486 4557; x_wconf 87' lang='lat' dir='ltr'>princeps</span> <span class='ocrx_word' id='word_1_680' title='bbox 2518 4484 2814 4556; x_wconf 85' lang='lat' dir='ltr'>negaverit</span> <span class='ocrx_word' id='word_1_681' title='bbox 2867 4463 3060 4556; x_wconf 44' lang='lat' dir='ltr'>{Mat—th</span> <span class='ocrx_word' id='word_1_682' title='bbox 3113 4463 3263 4552; x_wconf 76' lang='lat' dir='ltr'>xxvx,</span> <span class='ocrx_word' id='word_1_683' title='bbox 3294 4463 3498 4549; x_wconf 53' lang='lat'>69.72).</span> <span class='ocrx_word' id='word_1_684' title='bbox 3530 4499 3553 4526; x_wconf 75' lang='grc' dir='ltr'>ι(</span> <span class='ocrx_word' id='word_1_685' title='bbox 3595 4469 3679 4537; x_wconf 71' lang='lat' dir='ltr'>Qui</span> 
     </span>
    </p>
   </div>
   <div class='ocr_carea' id='block_1_95' title="bbox 531 4543 3769 4642">
    <p class='ocr_par' dir='ltr' id='par_1_95' title="bbox 531 4543 3769 4642">
     <span class='ocr_line' id='line_1_95' title="bbox 531 4543 3769 4642; baseline 0.003 -51"><span class='ocrx_word' id='word_1_686' title='bbox 531 4564 566 4642; x_wconf 44' lang='lat' dir='ltr'>fi</span> <span class='ocrx_word' id='word_1_687' title='bbox 595 4543 866 4600; x_wconf 89' lang='lat' dir='ltr'>Illumina</span> <span class='ocrx_word' id='word_1_688' title='bbox 898 4549 1098 4605; x_wconf 91' lang='lat' dir='ltr'>oculos</span> <span class='ocrx_word' id='word_1_689' title='bbox 1129 4569 1308 4607; x_wconf 89' lang='lat' dir='ltr'>meos.</span> <span class='ocrx_word' id='word_1_690' title='bbox 1335 4574 1365 4606; x_wconf 74' lang='grc' dir='ltr'><strong><em>ι</em></strong></span> <span class='ocrx_word' id='word_1_691' title='bbox 1397 4555 1456 4610; x_wconf 94' lang='lat' dir='ltr'>Id</span> <span class='ocrx_word' id='word_1_692' title='bbox 1489 4563 1596 4624; x_wconf 88' lang='lat' dir='ltr'>est,</span> <span class='ocrx_word' id='word_1_693' title='bbox 1632 4560 1828 4616; x_wconf 92' lang='lat' dir='ltr'>oculos</span> <span class='ocrx_word' id='word_1_694' title='bbox 1859 4566 2102 4620; x_wconf 65' lang='lat' dir='ltr'>cordis.»</span> <span class='ocrx_word' id='word_1_695' title='bbox 2141 4579 2185 4642; x_wconf 75' lang='grc' dir='ltr'>ο</span> <span class='ocrx_word' id='word_1_696' title='bbox 2217 4543 2437 4629; x_wconf 59' lang='grc' dir='ltr'>ξίθινυῃί</span> <span class='ocrx_word' id='word_1_697' title='bbox 2475 4573 2534 4627; x_wconf 74' lang='lat' dir='ltr'>in</span> <span class='ocrx_word' id='word_1_698' title='bbox 2581 4543 2753 4627; x_wconf 64' lang='grc' dir='ltr'>ξονάθ</span> <span class='ocrx_word' id='word_1_699' title='bbox 2803 4543 2930 4638; x_wconf 48' lang='lat' dir='ltr'>su‘o’</span> <span class='ocrx_word' id='word_1_700' title='bbox 2973 4590 3086 4628; x_wconf 74' lang='lat' dir='ltr'>non</span> <span class='ocrx_word' id='word_1_701' title='bbox 3138 4579 3227 4629; x_wconf 63' lang='lat' dir='ltr'><strong>est</strong></span> <span class='ocrx_word' id='word_1_702' title='bbox 3252 4543 3441 4627; x_wconf 42' lang='grc' dir='ltr'>ὐευεο</span> <span class='ocrx_word' id='word_1_703' title='bbox 3491 4589 3514 4615; x_wconf 83' lang='grc'>,,</span> <span class='ocrx_word' id='word_1_704' title='bbox 3558 4563 3610 4618; x_wconf 75' lang='grc' dir='ltr'>[η</span> <span class='ocrx_word' id='word_1_705' title='bbox 3652 4551 3769 4611; x_wconf 71' lang='lat' dir='ltr'>corde-</span> 
     </span>
    </p>
   </div>
   <div class='ocr_carea' id='block_1_96' title="bbox 461 4632 2111 4725">
    <p class='ocr_par' dir='ltr' id='par_1_96' title="bbox 461 4632 2111 4725">
     <span class='ocr_line' id='line_1_96' title="bbox 461 4632 2111 4725; baseline 0.016 -42"><span class='ocrx_word' id='word_1_706' title='bbox 461 4654 488 4681; x_wconf 84' lang='lat'><strong>«</strong></span> <span class='ocrx_word' id='word_1_707' title='bbox 520 4632 600 4687; x_wconf 92' lang='lat' dir='ltr'>Ne</span> <span class='ocrx_word' id='word_1_708' title='bbox 635 4650 896 4704; x_wconf 89' lang='lat' dir='ltr'>unquam</span> <span class='ocrx_word' id='word_1_709' title='bbox 929 4638 1292 4696; x_wconf 89' lang='lat' dir='ltr'>obdormiam</span> <span class='ocrx_word' id='word_1_710' title='bbox 1321 4643 1380 4698; x_wconf 92' lang='lat' dir='ltr'>in</span> <span class='ocrx_word' id='word_1_711' title='bbox 1411 4651 1613 4702; x_wconf 90' lang='lat' dir='ltr'>morte.</span> <span class='ocrx_word' id='word_1_712' title='bbox 1651 4671 1678 4697; x_wconf 89' lang='grc'><strong>››</strong></span> <span class='ocrx_word' id='word_1_713' title='bbox 1711 4650 1938 4707; x_wconf 81' lang='lat' dir='ltr'>Scimus</span> <span class='ocrx_word' id='word_1_714' title='bbox 1972 4655 2111 4725; x_wconf 91' lang='lat' dir='ltr'>quia</span> 
     </span>
    </p>
   </div>
   <div class='ocr_carea' id='block_1_97' title="bbox 458 4723 2103 4810">
    <p class='ocr_par' dir='ltr' id='par_1_97' title="bbox 458 4723 2103 4810">
     <span class='ocr_line' id='line_1_97' title="bbox 458 4723 2103 4810; baseline 0.015 -36"><span class='ocrx_word' id='word_1_715' title='bbox 458 4738 573 4776; x_wconf 91' lang='lat' dir='ltr'>non</span> <span class='ocrx_word' id='word_1_716' title='bbox 605 4728 798 4793; x_wconf 90' lang='lat' dir='ltr'>potest</span> <span class='ocrx_word' id='word_1_717' title='bbox 827 4723 1002 4780; x_wconf 89' lang='lat' dir='ltr'>homo</span> <span class='ocrx_word' id='word_1_718' title='bbox 1035 4728 1288 4785; x_wconf 86' lang='lat' dir='ltr'>dormire</span> <span class='ocrx_word' id='word_1_719' title='bbox 1321 4733 1416 4802; x_wconf 89' lang='lat' dir='ltr'>qui</span> <span class='ocrx_word' id='word_1_720' title='bbox 1455 4734 1510 4786; x_wconf 91' lang='lat' dir='ltr'>in</span> <span class='ocrx_word' id='word_1_721' title='bbox 1549 4740 1832 4793; x_wconf 90' lang='lat' dir='ltr'>tormento</span> <span class='ocrx_word' id='word_1_722' title='bbox 1863 4745 1971 4810; x_wconf 90' lang='lat' dir='ltr'>est,</span> <span class='ocrx_word' id='word_1_723' title='bbox 1991 4723 2103 4799; x_wconf 76' lang='lat' dir='ltr'>sed</span> 
     </span>
    </p>
   </div>
   <div class='ocr_carea' id='block_1_98' title="bbox 455 4810 2103 4897">
    <p class='ocr_par' dir='ltr' id='par_1_98' title="bbox 455 4810 2103 4897">
     <span class='ocr_line' id='line_1_98' title="bbox 455 4810 2103 4897; baseline 0.014 -34"><span class='ocrx_word' id='word_1_724' title='bbox 455 4810 709 4865; x_wconf 91' lang='lat' dir='ltr'>dormire</span> <span class='ocrx_word' id='word_1_725' title='bbox 750 4829 853 4882; x_wconf 87' lang='lat' dir='ltr'>pro</span> <span class='ocrx_word' id='word_1_726' title='bbox 899 4820 1065 4871; x_wconf 89' lang='lat' dir='ltr'>nocte</span> <span class='ocrx_word' id='word_1_727' title='bbox 1109 4817 1209 4873; x_wconf 90' lang='lat' dir='ltr'>illa</span> <span class='ocrx_word' id='word_1_728' title='bbox 1258 4822 1438 4890; x_wconf 88' lang='lat' dir='ltr'>ponit.</span> <span class='ocrx_word' id='word_1_729' title='bbox 1490 4823 1648 4879; x_wconf 89' lang='lat' dir='ltr'>Unde</span> <span class='ocrx_word' id='word_1_730' title='bbox 1674 4829 1945 4897; x_wconf 90' lang='lat' dir='ltr'>superius</span> <span class='ocrx_word' id='word_1_731' title='bbox 1976 4832 2103 4887; x_wconf 90' lang='lat' dir='ltr'>ait:</span> 
     </span>
    </p>
   </div>
   <div class='ocr_carea' id='block_1_99' title="bbox 459 4899 2104 4974">
    <p class='ocr_par' dir='ltr' id='par_1_99' title="bbox 459 4899 2104 4974">
     <span class='ocr_line' id='line_1_99' title="bbox 459 4899 2104 4974; baseline 0.015 -23"><span class='ocrx_word' id='word_1_732' title='bbox 459 4899 617 4953; x_wconf 79' lang='lat' dir='ltr'>Mors</span> <span class='ocrx_word' id='word_1_733' title='bbox 652 4900 776 4955; x_wconf 85' lang='lat' dir='ltr'>sine</span> <span class='ocrx_word' id='word_1_734' title='bbox 814 4909 1020 4971; x_wconf 90' lang='lat' dir='ltr'>morte,</span> <span class='ocrx_word' id='word_1_735' title='bbox 1071 4913 1128 4961; x_wconf 92' lang='lat' dir='ltr'>et</span> <span class='ocrx_word' id='word_1_736' title='bbox 1176 4909 1425 4964; x_wconf 88' lang='lat' dir='ltr'>dilectus</span> <span class='ocrx_word' id='word_1_737' title='bbox 1456 4912 1582 4967; x_wconf 89' lang='lat' dir='ltr'>sine</span> <span class='ocrx_word' id='word_1_738' title='bbox 1613 4914 1860 4973; x_wconf 89' lang='lat' dir='ltr'>del&#39;ectu.</span> <span class='ocrx_word' id='word_1_739' title='bbox 1893 4919 1956 4972; x_wconf 86' lang='lat' dir='ltr'>Et</span> <span class='ocrx_word' id='word_1_740' title='bbox 1989 4920 2104 4974; x_wconf 88' lang='lat' dir='ltr'>Do-</span> 
     </span>
    </p>
   </div>
   <div class='ocr_carea' id='block_1_100' title="bbox 463 4986 2108 5066">
    <p class='ocr_par' dir='ltr' id='par_1_100' title="bbox 463 4986 2108 5066">
     <span class='ocr_line' id='line_1_100' title="bbox 463 4986 2108 5066; baseline 0.015 -27"><span class='ocrx_word' id='word_1_741' title='bbox 463 4986 660 5042; x_wconf 90' lang='lat' dir='ltr'>minus</span> <span class='ocrx_word' id='word_1_742' title='bbox 724 4989 999 5048; x_wconf 88' lang='lat' dir='ltr'>dormivit</span> <span class='ocrx_word' id='word_1_743' title='bbox 1039 4996 1097 5050; x_wconf 91' lang='lat' dir='ltr'>in</span> <span class='ocrx_word' id='word_1_744' title='bbox 1131 4997 1280 5066; x_wconf 86' lang='lat' dir='ltr'>navi,</span> <span class='ocrx_word' id='word_1_745' title='bbox 1314 5015 1447 5054; x_wconf 91' lang='lat' dir='ltr'>cum</span> <span class='ocrx_word' id='word_1_746' title='bbox 1480 5001 1800 5058; x_wconf 85' lang='lat' dir='ltr'>suscitatur</span> <span class='ocrx_word' id='word_1_747' title='bbox 1857 5023 1889 5060; x_wconf 91' lang='lat' dir='ltr'>a</span> <span class='ocrx_word' id='word_1_748' title='bbox 1937 5008 2108 5064; x_wconf 90' lang='lat' dir='ltr'>disci-</span> 
     </span>
    </p>
   </div>
   <div class='ocr_carea' id='block_1_101' title="bbox 458 5074 2102 5163">
    <p class='ocr_par' dir='ltr' id='par_1_101' title="bbox 458 5074 2102 5163">
     <span class='ocr_line' id='line_1_101' title="bbox 458 5074 2102 5163; baseline 0.016 -37"><span class='ocrx_word' id='word_1_749' title='bbox 458 5074 612 5144; x_wconf 88' lang='lat' dir='ltr'>pulis</span> <span class='ocrx_word' id='word_1_750' title='bbox 643 5077 868 5145; x_wconf 78' lang='lat' dir='ltr'>(Matth.</span> <span class='ocrx_word' id='word_1_751' title='bbox 904 5100 1025 5149; x_wconf 82' lang='lat' dir='ltr'>vui,</span> <span class='ocrx_word' id='word_1_752' title='bbox 1067 5087 1157 5152; x_wconf 77' lang='grc'>24,</span> <span class='ocrx_word' id='word_1_753' title='bbox 1189 5089 1302 5158; x_wconf 83' lang='lat'>25).</span> <span class='ocrx_word' id='word_1_754' title='bbox 1335 5089 1689 5162; x_wconf 88' lang='lat' dir='ltr'>Notandum,</span> <span class='ocrx_word' id='word_1_755' title='bbox 1723 5096 1875 5163; x_wconf 92' lang='lat' dir='ltr'>quod</span> <span class='ocrx_word' id='word_1_756' title='bbox 1909 5095 2102 5152; x_wconf 91' lang='lat' dir='ltr'>Domi-</span> 
     </span>
    </p>
   </div>
   <div class='ocr_carea' id='block_1_102' title="bbox 458 5166 2108 5250">
    <p class='ocr_par' dir='ltr' id='par_1_102' title="bbox 458 5166 2108 5250">
     <span class='ocr_line' id='line_1_102' title="bbox 458 5166 2108 5250; baseline 0.015 -34"><span class='ocrx_word' id='word_1_757' title='bbox 458 5180 570 5218; x_wconf 91' lang='lat' dir='ltr'>nus</span> <span class='ocrx_word' id='word_1_758' title='bbox 616 5166 966 5235; x_wconf 85' lang='lat' dir='ltr'>dormiebat,</span> <span class='ocrx_word' id='word_1_759' title='bbox 1021 5180 1256 5243; x_wconf 67' lang='lat' dir='ltr'>quanio</span> <span class='ocrx_word' id='word_1_760' title='bbox 1290 5178 1433 5233; x_wconf 77' lang='lat' dir='ltr'>fides</span> <span class='ocrx_word' id='word_1_761' title='bbox 1465 5181 1860 5250; x_wconf 85' lang='lat' dir='ltr'>apostolorum</span> <span class='ocrx_word' id='word_1_762' title='bbox 1896 5186 2108 5242; x_wconf 84' lang='lat' dir='ltr'>tituba-</span> 
     </span>
    </p>
   </div>
   <div class='ocr_carea' id='block_1_103' title="bbox 456 5253 2108 5345">
    <p class='ocr_par' dir='ltr' id='par_1_103' title="bbox 456 5253 2108 5345">
     <span class='ocr_line' id='line_1_103' title="bbox 456 5253 2108 5345; baseline 0.015 -39"><span class='ocrx_word' id='word_1_763' title='bbox 456 5253 573 5307; x_wconf 86' lang='lat' dir='ltr'>bat.</span> <span class='ocrx_word' id='word_1_764' title='bbox 605 5255 938 5345; x_wconf 78' lang='lat' dir='ltr'>Unicuique</span> <span class='ocrx_word' id='word_1_765' title='bbox 971 5261 1253 5320; x_wconf 90' lang='lat' dir='ltr'>Dominus</span> <span class='ocrx_word' id='word_1_766' title='bbox 1307 5284 1409 5337; x_wconf 91' lang='lat' dir='ltr'>pro</span> <span class='ocrx_word' id='word_1_767' title='bbox 1467 5269 1580 5324; x_wconf 80' lang='lat' dir='ltr'>fide</span> <span class='ocrx_word' id='word_1_768' title='bbox 1637 5287 1744 5326; x_wconf 90' lang='lat' dir='ltr'>sua</span> <span class='ocrx_word' id='word_1_769' title='bbox 1801 5272 2018 5345; x_wconf 87' lang='lat' dir='ltr'>vigilat,</span> <span class='ocrx_word' id='word_1_770' title='bbox 2052 5284 2108 5331; x_wconf 91' lang='lat' dir='ltr'>et</span> 
     </span>
    </p>
   </div>
   <div class='ocr_carea' id='block_1_104' title="bbox 457 5342 2105 5435">
    <p class='ocr_par' dir='ltr' id='par_1_104' title="bbox 457 5342 2105 5435">
     <span class='ocr_line' id='line_1_104' title="bbox 457 5342 2105 5435; baseline 0.016 -42"><span class='ocrx_word' id='word_1_771' title='bbox 457 5357 560 5435; x_wconf 85' lang='lat' dir='ltr'>per</span> <span class='ocrx_word' id='word_1_772' title='bbox 594 5342 1175 5435; x_wconf 8' lang='lat' dir='ltr'>ﬁdemgexcitaturEl</span> <span class='ocrx_word' id='word_1_773' title='bbox 1207 5355 1255 5407; x_wconf 89' lang='lat' dir='ltr'>si</span> <span class='ocrx_word' id='word_1_774' title='bbox 1290 5373 1403 5410; x_wconf 91' lang='lat' dir='ltr'>non</span> <span class='ocrx_word' id='word_1_775' title='bbox 1439 5357 1683 5412; x_wconf 87' lang='lat' dir='ltr'>habetur</span> <span class='ocrx_word' id='word_1_776' title='bbox 1711 5342 1885 5425; x_wconf 60' lang='lat' dir='ltr'>fides,</span> <span class='ocrx_word' id='word_1_777' title='bbox 1938 5366 2105 5435; x_wconf 87' lang='lat' dir='ltr'>quasi</span> 
     </span>
    </p>
   </div>
   <div class='ocr_carea' id='block_1_105' title="bbox 461 5430 2105 5521">
    <p class='ocr_par' dir='ltr' id='par_1_105' title="bbox 461 5430 2105 5521">
     <span class='ocr_line' id='line_1_105' title="bbox 461 5430 2105 5521; baseline 0.014 -35"><span class='ocrx_word' id='word_1_778' title='bbox 461 5430 714 5486; x_wconf 90' lang='lat' dir='ltr'>dormire</span> <span class='ocrx_word' id='word_1_779' title='bbox 747 5433 988 5493; x_wconf 89' lang='lat' dir='ltr'>videtur.</span> <span class='ocrx_word' id='word_1_780' title='bbox 1025 5439 1185 5496; x_wconf 88' lang='lat' dir='ltr'>Unde</span> <span class='ocrx_word' id='word_1_781' title='bbox 1216 5444 1355 5498; x_wconf 91' lang='lat' dir='ltr'>dicit</span> <span class='ocrx_word' id='word_1_782' title='bbox 1414 5464 1426 5500; x_wconf 89' lang='lat'><strong>:</strong></span> <span class='ocrx_word' id='word_1_783' title='bbox 1487 5448 1686 5503; x_wconf 87' lang='lat' dir='ltr'>Excita</span> <span class='ocrx_word' id='word_1_784' title='bbox 1716 5450 1886 5505; x_wconf 84' lang='lat' dir='ltr'>ﬁdem</span> <span class='ocrx_word' id='word_1_785' title='bbox 1923 5430 2105 5521; x_wconf 77' lang='lat' dir='ltr'>tuam,</span> 
     </span>
    </p>
   </div>
   <div class='ocr_carea' id='block_1_106' title="bbox 463 5525 2108 5609">
    <p class='ocr_par' dir='ltr' id='par_1_106' title="bbox 463 5525 2108 5609">
     <span class='ocr_line' id='line_1_106' title="bbox 463 5525 2108 5609; baseline 0.015 -36"><span class='ocrx_word' id='word_1_786' title='bbox 463 5525 517 5575; x_wconf 90' lang='lat' dir='ltr'>et</span> <span class='ocrx_word' id='word_1_787' title='bbox 552 5525 690 5576; x_wconf 88' lang='lat' dir='ltr'>tunc</span> <span class='ocrx_word' id='word_1_788' title='bbox 747 5527 998 5582; x_wconf 79' lang='lat' dir='ltr'>suscitas</span> <span class='ocrx_word' id='word_1_789' title='bbox 1055 5531 1372 5587; x_wconf 78' lang='lat' dir='ltr'>Christum.</span> <span class='ocrx_word' id='word_1_790' title='bbox 1410 5559 1436 5585; x_wconf 90' lang='grc'>‹‹</span> <span class='ocrx_word' id='word_1_791' title='bbox 1474 5537 1733 5609; x_wconf 78' lang='lat' dir='ltr'>Respice,</span> <span class='ocrx_word' id='word_1_792' title='bbox 1788 5546 1845 5594; x_wconf 91' lang='lat' dir='ltr'>et</span> <span class='ocrx_word' id='word_1_793' title='bbox 1901 5544 2108 5598; x_wconf 87' lang='lat' dir='ltr'>exaudi</span> 
     </span>
    </p>
   </div>
   <div class='ocr_carea' id='block_1_107' title="bbox 467 5613 2105 5702">
    <p class='ocr_par' dir='ltr' id='par_1_107' title="bbox 467 5613 2105 5702">
     <span class='ocr_line' id='line_1_107' title="bbox 467 5613 2105 5702; baseline 0.014 -36"><span class='ocrx_word' id='word_1_794' title='bbox 467 5613 859 5680; x_wconf 83' lang='lat' dir='ltr'>me,.Domine</span> <span class='ocrx_word' id='word_1_795' title='bbox 907 5617 1060 5673; x_wconf 89' lang='lat' dir='ltr'>Deus</span> <span class='ocrx_word' id='word_1_796' title='bbox 1120 5637 1306 5677; x_wconf 89' lang='lat' dir='ltr'>meus.</span> <span class='ocrx_word' id='word_1_797' title='bbox 1370 5623 1640 5681; x_wconf 85' lang='lat' dir='ltr'>Illumina</span> <span class='ocrx_word' id='word_1_798' title='bbox 1695 5628 1878 5684; x_wconf 91' lang='lat' dir='ltr'>oculis</span> <span class='ocrx_word' id='word_1_799' title='bbox 1926 5648 2105 5702; x_wconf 88' lang='lat' dir='ltr'>meos,</span> 
     </span>
    </p>
   </div>
   <div class='ocr_carea' id='block_1_108' title="bbox 2219 4646 3769 4737">
    <p class='ocr_par' dir='ltr' id='par_1_108' title="bbox 2219 4646 3769 4737">
     <span class='ocr_line' id='line_1_108' title="bbox 2219 4646 3769 4737; baseline -0.006 -19"><span class='ocrx_word' id='word_1_800' title='bbox 2219 4663 2510 4732; x_wconf 88' lang='lat' dir='ltr'>dixerunt,</span> <span class='ocrx_word' id='word_1_801' title='bbox 2543 4679 2658 4717; x_wconf 91' lang='lat' dir='ltr'>non</span> <span class='ocrx_word' id='word_1_802' title='bbox 2692 4662 2750 4716; x_wconf 91' lang='lat' dir='ltr'>in</span> <span class='ocrx_word' id='word_1_803' title='bbox 2781 4678 2900 4719; x_wconf 92' lang='lat' dir='ltr'>ore.</span> <span class='ocrx_word' id='word_1_804' title='bbox 2935 4663 3151 4726; x_wconf 81' lang='lat' dir='ltr'>Quare?</span> <span class='ocrx_word' id='word_1_805' title='bbox 3182 4662 3326 4727; x_wconf 90' lang='lat' dir='ltr'>Quia</span> <span class='ocrx_word' id='word_1_806' title='bbox 3357 4676 3463 4715; x_wconf 91' lang='lat' dir='ltr'>non</span> <span class='ocrx_word' id='word_1_807' title='bbox 3505 4649 3614 4710; x_wconf 84' lang='lat' dir='ltr'>ausi</span> 
     </span>
    </p>
   </div>
   <div class='ocr_carea' id='block_1_109' title="bbox 2216 4729 3768 4807">
    <p class='ocr_par' dir='ltr' id='par_1_109' title="bbox 2216 4729 3768 4807">
     <span class='ocr_line' id='line_1_109' title="bbox 2216 4729 3768 4807; baseline -0.011 1"><span class='ocrx_word' id='word_1_808' title='bbox 2216 4769 2288 4807; x_wconf 89' lang='lat' dir='ltr'>ne</span> <span class='ocrx_word' id='word_1_809' title='bbox 2322 4753 2467 4807; x_wconf 88' lang='lat' dir='ltr'>forte</span> <span class='ocrx_word' id='word_1_810' title='bbox 2510 4753 2753 4806; x_wconf 89' lang='lat' dir='ltr'>deorum</span> <span class='ocrx_word' id='word_1_811' title='bbox 2808 4767 3050 4806; x_wconf 82' lang='lat' dir='ltr'>suorum</span> <span class='ocrx_word' id='word_1_812' title='bbox 3106 4753 3350 4806; x_wconf 88' lang='lat' dir='ltr'>numina</span> <span class='ocrx_word' id='word_1_813' title='bbox 3378 4744 3640 4802; x_wconf 80' lang='lat' dir='ltr'>violarent,</span> <span class='ocrx_word' id='word_1_814' title='bbox 3667 4729 3768 4786; x_wconf 57' lang='lat' dir='ltr'>Dii&quot;</span> 
     </span>
    </p>
   </div>
   <div class='ocr_carea' id='block_1_110' title="bbox 2215 4816 3767 4912">
    <p class='ocr_par' dir='ltr' id='par_1_110' title="bbox 2215 4816 3767 4912">
     <span class='ocr_line' id='line_1_110' title="bbox 2215 4816 3767 4912; baseline -0.007 -18"><span class='ocrx_word' id='word_1_815' title='bbox 2215 4841 2523 4912; x_wconf 83' lang='lat' dir='ltr'>insipiens,</span> <span class='ocrx_word' id='word_1_816' title='bbox 2558 4839 2812 4911; x_wconf 90' lang='lat' dir='ltr'>populus</span> <span class='ocrx_word' id='word_1_817' title='bbox 2849 4840 3132 4895; x_wconf 85' lang='lat' dir='ltr'>Judaicus</span> <span class='ocrx_word' id='word_1_818' title='bbox 3167 4859 3180 4895; x_wconf 90' lang='lat'><strong><em>:</em></strong></span> <span class='ocrx_word' id='word_1_819' title='bbox 3216 4842 3312 4911; x_wconf 91' lang='lat' dir='ltr'>qui</span> <span class='ocrx_word' id='word_1_820' title='bbox 3344 4837 3530 4892; x_wconf 89' lang='lat' dir='ltr'>dicunt</span> <span class='ocrx_word' id='word_1_821' title='bbox 3558 4831 3605 4882; x_wconf 89' lang='lat' dir='ltr'>in</span> <span class='ocrx_word' id='word_1_822' title='bbox 3633 4816 3767 4912; x_wconf 58' lang='lat' dir='ltr'>C_0_|‘de&#39;</span> 
     </span>
    </p>
   </div>
   <div class='ocr_carea' id='block_1_111' title="bbox 2213 4906 3767 4995">
    <p class='ocr_par' dir='ltr' id='par_1_111' title="bbox 2213 4906 3767 4995">
     <span class='ocr_line' id='line_1_111' title="bbox 2213 4906 3767 4995; baseline -0.014 -9"><span class='ocrx_word' id='word_1_823' title='bbox 2213 4906 2352 4985; x_wconf 42' lang='lat' dir='ltr'>Non.</span> <span class='ocrx_word' id='word_1_824' title='bbox 2373 4934 2461 4985; x_wconf 91' lang='lat' dir='ltr'>est</span> <span class='ocrx_word' id='word_1_825' title='bbox 2501 4906 2672 4995; x_wconf 77' lang='lat' dir='ltr'>Deus,</span> <span class='ocrx_word' id='word_1_826' title='bbox 2707 4945 2821 4982; x_wconf 91' lang='lat' dir='ltr'>non</span> <span class='ocrx_word' id='word_1_827' title='bbox 2873 4933 2961 4983; x_wconf 90' lang='lat' dir='ltr'>est</span> <span class='ocrx_word' id='word_1_828' title='bbox 3013 4906 3282 4984; x_wconf 77' lang='lat' dir='ltr'>Christus</span> <span class='ocrx_word' id='word_1_829' title='bbox 3339 4926 3502 4982; x_wconf 78' lang='lat' dir='ltr'>Filius</span> <span class='ocrx_word' id='word_1_830' title='bbox 3533 4915 3628 4972; x_wconf 88' lang='lat' dir='ltr'>Dei.</span> <span class='ocrx_word' id='word_1_831' title='bbox 3655 4906 3767 4962; x_wconf 72' lang='lat' dir='ltr'>Unus</span> 
     </span>
    </p>
   </div>
   <div class='ocr_carea' id='block_1_112' title="bbox 2215 5000 3764 5088">
    <p class='ocr_par' dir='ltr' id='par_1_112' title="bbox 2215 5000 3764 5088">
     <span class='ocr_line' id='line_1_112' title="bbox 2215 5000 3764 5088; baseline -0.01 -15"><span class='ocrx_word' id='word_1_832' title='bbox 2215 5035 2282 5073; x_wconf 89' lang='lat' dir='ltr'>ex</span> <span class='ocrx_word' id='word_1_833' title='bbox 2330 5018 2414 5073; x_wconf 88' lang='lat' dir='ltr'>eis</span> <span class='ocrx_word' id='word_1_834' title='bbox 2465 5034 2582 5073; x_wconf 92' lang='lat' dir='ltr'>non</span> <span class='ocrx_word' id='word_1_835' title='bbox 2633 5017 2825 5072; x_wconf 90' lang='lat' dir='ltr'>solum</span> <span class='ocrx_word' id='word_1_836' title='bbox 2867 5034 2969 5088; x_wconf 91' lang='lat' dir='ltr'>pro</span> <span class='ocrx_word' id='word_1_837' title='bbox 3024 5018 3138 5073; x_wconf 92' lang='lat' dir='ltr'>Deo</span> <span class='ocrx_word' id='word_1_838' title='bbox 3191 5035 3302 5072; x_wconf 89' lang='lat' dir='ltr'>non</span> <span class='ocrx_word' id='word_1_839' title='bbox 3336 5010 3540 5073; x_wconf 88' lang='lat' dir='ltr'>habuit,</span> <span class='ocrx_word' id='word_1_840' title='bbox 3569 5000 3650 5059; x_wconf 88' lang='lat' dir='ltr'>sed</span> <span class='ocrx_word' id='word_1_841' title='bbox 3695 5002 3764 5045; x_wconf 70' lang='grc' dir='ltr'>ηθο</span> 
     </span>
    </p>
   </div>
   <div class='ocr_carea' id='block_1_113' title="bbox 2217 5091 3760 5178">
    <p class='ocr_par' dir='ltr' id='par_1_113' title="bbox 2217 5091 3760 5178">
     <span class='ocr_line' id='line_1_113' title="bbox 2217 5091 3760 5178; baseline -0.011 -17"><span class='ocrx_word' id='word_1_842' title='bbox 2217 5107 2561 5178; x_wconf 89' lang='lat' dir='ltr'>prophetam</span> <span class='ocrx_word' id='word_1_843' title='bbox 2592 5105 2860 5171; x_wconf 88' lang='lat' dir='ltr'>credidit,</span> <span class='ocrx_word' id='word_1_844' title='bbox 2893 5107 3035 5160; x_wconf 91' lang='lat' dir='ltr'>dum</span> <span class='ocrx_word' id='word_1_845' title='bbox 3067 5107 3214 5160; x_wconf 87' lang='lat' dir='ltr'>dixit</span> <span class='ocrx_word' id='word_1_846' title='bbox 3260 5124 3270 5160; x_wconf 90' lang='lat'>:</span> <span class='ocrx_word' id='word_1_847' title='bbox 3333 5104 3426 5159; x_wconf 86' lang='lat' dir='ltr'>Hic</span> <span class='ocrx_word' id='word_1_848' title='bbox 3454 5100 3496 5154; x_wconf 91' lang='lat' dir='ltr'>si</span> <span class='ocrx_word' id='word_1_849' title='bbox 3525 5091 3760 5178; x_wconf 81' lang='lat' dir='ltr'>esset</span> 
     </span>
    </p>
   </div>
   <div class='ocr_carea' id='block_1_114' title="bbox 2218 5166 3762 5267">
    <p class='ocr_par' dir='ltr' id='par_1_114' title="bbox 2218 5166 3762 5267">
     <span class='ocr_line' id='line_1_114' title="bbox 2218 5166 3762 5267; baseline -0.005 -19"><span class='ocrx_word' id='word_1_850' title='bbox 2218 5166 2417 5267; x_wconf 72' lang='lat' dir='ltr'>pheta,</span> <span class='ocrx_word' id='word_1_851' title='bbox 2450 5195 2624 5250; x_wconf 90' lang='lat' dir='ltr'>sciret</span> <span class='ocrx_word' id='word_1_852' title='bbox 2655 5166 2875 5265; x_wconf 82' lang='lat' dir='ltr'>utique,</span> <span class='ocrx_word' id='word_1_853' title='bbox 2933 5211 3060 5265; x_wconf 71' lang='lat' dir='ltr'>quae</span> <span class='ocrx_word' id='word_1_854' title='bbox 3105 5201 3162 5250; x_wconf 91' lang='lat' dir='ltr'>et</span> <span class='ocrx_word' id='word_1_855' title='bbox 3214 5192 3398 5266; x_wconf 82' lang='lat' dir='ltr'>qualis</span> <span class='ocrx_word' id='word_1_856' title='bbox 3437 5187 3570 5244; x_wconf 78' lang='lat' dir='ltr'>esset</span> <span class='ocrx_word' id='word_1_857' title='bbox 3613 5166 3762 5267; x_wconf 47' lang='lat' dir='ltr'>muli?”</span> 
     </span>
    </p>
   </div>
   <div class='ocr_carea' id='block_1_115' title="bbox 2217 5253 3760 5356">
    <p class='ocr_par' dir='ltr' id='par_1_115' title="bbox 2217 5253 3760 5356">
     <span class='ocr_line' id='line_1_115' title="bbox 2217 5253 3760 5356; baseline -0.019 -18"><span class='ocrx_word' id='word_1_858' title='bbox 2217 5253 2344 5356; x_wconf 75' lang='lat' dir='ltr'>quae</span> <span class='ocrx_word' id='word_1_859' title='bbox 2375 5253 2564 5356; x_wconf 81' lang='lat' dir='ltr'>tangit</span> <span class='ocrx_word' id='word_1_860' title='bbox 2589 5253 2779 5349; x_wconf 37' lang='lat' dir='ltr'>eum;</span> <span class='ocrx_word' id='word_1_861' title='bbox 2809 5253 2967 5352; x_wconf 39' lang='lat' dir='ltr'>quia‘</span> <span class='ocrx_word' id='word_1_862' title='bbox 2991 5253 3282 5354; x_wconf 78' lang='lat' dir='ltr'>peccatrix</span> <span class='ocrx_word' id='word_1_863' title='bbox 3316 5286 3399 5336; x_wconf 89' lang='lat' dir='ltr'>est</span> <span class='ocrx_word' id='word_1_864' title='bbox 3426 5280 3555 5348; x_wconf 82' lang='lat' dir='ltr'>(Luc.</span> <span class='ocrx_word' id='word_1_865' title='bbox 3578 5280 3660 5356; x_wconf 9' lang='lat' dir='ltr'>rvu,</span> 
     </span>
    </p>
   </div>
   <div class='ocr_carea' id='block_1_116' title="bbox 2219 5348 3760 5428">
    <p class='ocr_par' dir='ltr' id='par_1_116' title="bbox 2219 5348 3760 5428">
     <span class='ocr_line' id='line_1_116' title="bbox 2219 5348 3760 5428; baseline -0.021 0"><span class='ocrx_word' id='word_1_866' title='bbox 2219 5348 2285 5428; x_wconf 65' lang='grc' dir='ltr'>ιέε</span> <span class='ocrx_word' id='word_1_867' title='bbox 2314 5348 2512 5428; x_wconf 50' lang='lat' dir='ltr'>alter:</span> <span class='ocrx_word' id='word_1_868' title='bbox 2537 5373 2596 5427; x_wconf 88' lang='lat' dir='ltr'>Si</span> <span class='ocrx_word' id='word_1_869' title='bbox 2625 5348 2797 5426; x_wconf 73' lang='lat' dir='ltr'>Filias</span> <span class='ocrx_word' id='word_1_870' title='bbox 2827 5348 2927 5426; x_wconf 77' lang='lat' dir='ltr'>Dei</span> <span class='ocrx_word' id='word_1_871' title='bbox 2955 5348 3031 5426; x_wconf 60' lang='lat' dir='ltr'>est</span> <span class='ocrx_word' id='word_1_872' title='bbox 3076 5371 3358 5428; x_wconf 77' lang='lat' dir='ltr'>descendat</span> <span class='ocrx_word' id='word_1_873' title='bbox 3405 5378 3533 5421; x_wconf 74' lang='lat' dir='ltr'>nunc</span> <span class='ocrx_word' id='word_1_874' title='bbox 3555 5355 3609 5410; x_wconf 85' lang='lat' dir='ltr'>de</span> <span class='ocrx_word' id='word_1_875' title='bbox 3650 5348 3760 5400; x_wconf 52' lang='lat' dir='ltr'>cruce</span> 
     </span>
    </p>
   </div>
   <div class='ocr_carea' id='block_1_117' title="bbox 2216 5459 3147 5530">
    <p class='ocr_par' dir='ltr' id='par_1_117' title="bbox 2216 5459 3147 5530">
     <span class='ocr_line' id='line_1_117' title="bbox 2216 5459 3147 5530; baseline -0.001 -15"><span class='ocrx_word' id='word_1_876' title='bbox 2216 5466 2265 5516; x_wconf 86' lang='lat' dir='ltr'>et</span> <span class='ocrx_word' id='word_1_877' title='bbox 2294 5462 2573 5517; x_wconf 81' lang='lat' dir='ltr'>credimus</span> <span class='ocrx_word' id='word_1_878' title='bbox 2603 5463 2653 5514; x_wconf 85' lang='lat' dir='ltr'>ei</span> <span class='ocrx_word' id='word_1_879' title='bbox 2683 5459 2867 5527; x_wconf 80' lang='lat' dir='ltr'>(Marc.</span> <span class='ocrx_word' id='word_1_880' title='bbox 2909 5476 3003 5528; x_wconf 85' lang='lat' dir='ltr'>xx,</span> <span class='ocrx_word' id='word_1_881' title='bbox 3031 5462 3147 5530; x_wconf 77' lang='grc'>¹32).</span> 
     </span>
    </p>
   </div>
   <div class='ocr_carea' id='block_1_118' title="bbox 2289 5525 3757 5621">
    <p class='ocr_par' dir='ltr' id='par_1_118' title="bbox 2289 5525 3757 5621">
     <span class='ocr_line' id='line_1_118' title="bbox 2289 5525 3757 5621; baseline -0.002 -17"><span class='ocrx_word' id='word_1_882' title='bbox 2289 5574 2317 5599; x_wconf 94' lang='grc'>‹‹</span> <span class='ocrx_word' id='word_1_883' title='bbox 2349 5549 2616 5620; x_wconf 85' lang='lat' dir='ltr'>Corrupti</span> <span class='ocrx_word' id='word_1_884' title='bbox 2643 5525 2803 5604; x_wconf 81' lang='lat' dir='ltr'>sunt.</span> <span class='ocrx_word' id='word_1_885' title='bbox 2837 5571 2865 5596; x_wconf 88' lang='grc'>››</span> <span class='ocrx_word' id='word_1_886' title='bbox 2897 5525 3452 5621; x_wconf 51' lang='grc' dir='ltr'>Αδὶιηίῑυωωῑωω</span> <span class='ocrx_word' id='word_1_887' title='bbox 3482 5525 3757 5621; x_wconf 23' lang='lat' dir='ltr'>b01199“?</span> 
     </span>
    </p>
   </div>
   <div class='ocr_carea' id='block_1_119' title="bbox 2218 5607 3753 5712">
    <p class='ocr_par' dir='ltr' id='par_1_119' title="bbox 2218 5607 3753 5712">
     <span class='ocr_line' id='line_1_119' title="bbox 2218 5607 3753 5712; baseline -0.021 -1"><span class='ocrx_word' id='word_1_888' title='bbox 2218 5657 2296 5696; x_wconf 71' lang='lat'>1‘33</span> <span class='ocrx_word' id='word_1_889' title='bbox 2324 5607 2659 5712; x_wconf 49' lang='lat' dir='ltr'>degeneres.</span> <span class='ocrx_word' id='word_1_890' title='bbox 2693 5660 2721 5689; x_wconf 85' lang='grc'><strong>&lt;&lt;</strong></span> <span class='ocrx_word' id='word_1_891' title='bbox 2753 5637 3196 5697; x_wconf 86' lang='lat' dir='ltr'>Abominabites</span> <span class='ocrx_word' id='word_1_892' title='bbox 3227 5607 3355 5694; x_wconf 67' lang='lat' dir='ltr'>facti</span> <span class='ocrx_word' id='word_1_893' title='bbox 3397 5633 3532 5689; x_wconf 82' lang='lat' dir='ltr'>sunt.</span> <span class='ocrx_word' id='word_1_894' title='bbox 3567 5646 3582 5667; x_wconf 74' lang='grc' dir='ltr'>υ</span> <span class='ocrx_word' id='word_1_895' title='bbox 3614 5614 3656 5670; x_wconf 72' lang='lat' dir='ltr'>1d</span> <span class='ocrx_word' id='word_1_896' title='bbox 3680 5607 3753 5664; x_wconf 57' lang='grc' dir='ltr'>θείς</span> 
     </span>
    </p>
   </div>
  </div>
