3964 6190
182 319 291 379 901

1359 307 1855 391 BREVIABIUM
1902 313 1977 371 IN
2024 313 2410 376 PSALMOS.

3468 319 3587 381 902

183 447 449 505 odibiles.
490 467 517 498 α
546 448 608 501 In
638 446 1038 502 voluntatibus
1068 445 1214 501 suis.
1260 468 1289 495 »
1335 446 1396 499 Id
1428 448 1536 515 est,
1571 444 1630 499 in
1663 444 1829 500 factis
1857 446 1912 509 Α
1942 444 2243 501 ductiones
2275 462 2415 501 suas
2462 446 2522 501 in
2581 463 2677 502 ore
2736 452 3018 520 tanquam
3072 451 3131 505 in
3191 451 3457 523 sepulcra
3489 453 3586 507 ho-

186 540 333 594 suis.
368 561 394 585 «
429 536 695 607 Corrupti
730 541 872 591 sunt
901 540 956 590 et
988 534 1413 590 abominabiles
1437 534 1571 589 facti
1603 540 1743 589 sunt
1774 536 1833 590 in

184 625 592 683 voluntatibus
624 624 767 680 suis.
804 646 831 673 »
880 624 939 679 Si
963 623 1120 679 enim
1161 624 1261 679 Dei
1296 623 1559 678 notitiam
1595 623 1832 680 habuis-

186 720 338 782 sent,
372 705 630 785 corrupti
662 719 719 767 et
747 711 1171 768 abominabiles
1201 729 1315 768 non
1349 712 1617 768 fuissent.
1651 736 1679 761 ‹‹
1709 713 1836 768 Non

187 812 280 861 est
309 803 411 876 qui
443 803 616 858 faciat
646 803 886 868 bonum,
922 819 1036 858 non
1068 808 1157 858 est
1214 819 1400 874 usque
1442 803 1512 856 ad
1566 819 1771 856 unum.
1806 823 1833 851 »

189 894 315 950 Nisi
349 894 482 965 quis
512 892 847 963 cognoverit
877 891 1193 959 Christum,
1238 893 1336 963 qui
1370 896 1459 947 est
1493 892 1702 946 unicus
1731 895 1837 949 P8.-

190 984 322 1049 tris,
357 983 545 1038 bonus
576 998 816 1052 prorsus
846 998 975 1036 esse
1004 998 1118 1037 non
1142 982 1370 1052 poterit.
1404 1003 1433 1030 «
1464 980 1589 1036 Non
1621 986 1711 1035 est
1739 981 1846 1052 qui

192 1072 372 1127 faciat
400 1072 638 1135 bonum,
682 1087 797 1124 non
828 1075 917 1124 est
945 1086 1129 1141 usque
1162 1070 1233 1124 ad
1270 1086 1476 1124 unum.
1516 1093 1542 1117 ››
1576 1070 1681 1124 Hic
1738 1087 1838 1141 ap-

191 1166 359 1233 paret
390 1160 543 1232 quod
578 1158 687 1213 iste
741 1158 1005 1230 psalmus
1065 1160 1137 1213 ad
1192 1158 1525 1229 passionem
1568 1159 1840 1231 pertinet,

194 1250 335 1322 quia
369 1248 567 1303 nullus
618 1248 688 1302 de
717 1246 1042 1319 discipulis,
1077 1264 1263 1319 neque
1296 1248 1498 1303 Petrus
1539 1248 1636 1319 qui
1669 1252 1844 1319 caput

196 1337 463 1393 Ecclesia:
495 1341 611 1391 est:
674 1336 812 1408 quia
844 1340 900 1391 et
950 1336 1076 1408 ipse
1135 1337 1373 1409 negavit
1423 1337 1638 1408 (Matth.
1689 1354 1842 1406 xxv1,

192 1418 410 1497 69473):
448 1424 647 1481 nullus
694 1426 764 1479 de
812 1424 1174 1491 hominibus,
1227 1425 1367 1498 quia
1399 1431 1554 1482 totus
1585 1427 1845 1481 mundus

195 1514 271 1568 ad
320 1513 652 1568 inferiorem
694 1516 915 1583 partem
977 1512 1367 1568 declinaverat
1397 1518 1622 1585 praeter,
1662 1531 1844 1568 unum

196 1601 522 1670 hominem,
554 1600 656 1672 qui
679 1605 768 1656 est
798 1601 1087 1656 Christus.

279 1712 309 1740 ‹‹
347 1687 621 1744 Dominus
649 1689 720 1743 de
758 1688 900 1744 coelo
931 1691 1246 1762 prospexit.
1283 1713 1310 1739 »
1358 1691 1619 1746 Salutem
1650 1692 1846 1764 generi

1947 534 2135 589 mines
2188 540 2635 607 congesserunt.
2692 537 2837 591 Nam
2894 543 2950 592 et
3007 538 3143 593 alibi
3204 541 3393 597 simile
3448 542 3586 597 huic

1948 623 2219 693 ponitur:
2273 626 2395 679 Nisi
2450 627 2719 681 Dominus
2764 628 2957 696 fuisset
3004 629 3064 681 in
3120 629 3294 690 nobis.
3351 634 3587 700 forsitan

1948 715 2095 768 vivos
2140 713 2492 784 deglutissent
2546 730 2644 769 nos
2700 715 2869 786 (Psal.
2915 732 3107 782 cxxui,
3158 718 3234 787 3).
3285 740 3312 768 ‹‹
3348 718 3586 791 Linguis

1949 802 2074 857 suis
2103 802 2300 857 dolose
2330 805 2594 871 agebant.
2628 825 2655 852 ››
2692 804 3143 881 Corrumpentes
3184 822 3373 861 mores
3406 810 3588 863 bonos

1950 890 2257 961 colloquiis
2290 891 2482 945 malis.
2513 913 2540 940 ‹‹
2593 890 2892 947 Venenum
2940 892 3212 964 aspidum
3262 894 3371 947 sub
3418 893 3590 949 labiis

1951 996 2174 1034 eorum.
2210 1001 2238 1028 ››
2273 979 2437 1045 Quia,
2488 981 2641 1035 sicut
2693 980 2948 1052 aspides,
2990 982 3071 1036 ita
3118 982 3394 1037 obturant
3422 999 3591 1038 aures

1953 1084 2113 1132 suas,
2149 1085 2217 1123 ne
2266 1076 2550 1140 praecepta
2594 1069 2801 1123 divinae
2846 1068 2991 1142 legis
3033 1072 3364 1126 exaudiant.
3407 1074 3591 1126 Vene-

1955 1173 2097 1211 num
2130 1158 2308 1227 enim,
2341 1157 2510 1213 dolus
2541 1158 2876 1229 iniquorum
2927 1159 3348 1231 colloquiorum
3383 1159 3594 1215 intelli-

1953 1246 2129 1318 gitur.

2030 1358 2056 1386 ‹‹
2097 1336 2353 1399 Quorum
2402 1353 2466 1391 os
2516 1336 2921 1393 maledictione
2968 1343 3025 1394 et
3053 1339 3443 1395 amaritudine
3475 1340 3595 1412 ple-

1957 1442 2096 1479 num
2153 1430 2262 1481 est.
2298 1451 2319 1476 ι
2360 1425 2689 1481 Benedictio
2746 1427 3099 1483 adulationis
3132 1429 3596 1484 maledictionem

1958 1515 2151 1568 infert.
2183 1514 2527 1569 Amaritudo
2566 1514 2721 1570 enim
2772 1516 2843 1570 ad
2894 1516 2949 1571 id
2988 1518 3270 1572 refertur:
3307 1518 3446 1590 quia
3474 1516 3599 1572 dul-

1956 1603 2045 1658 cia
2067 1602 2297 1674 eloquia
2320 1602 2443 1669 Dei,
2474 1602 2625 1657 male
2657 1604 2982 1670 sentiendo,
3008 1605 3063 1659 in
3088 1623 3256 1661 suam
3281 1607 3596 1678 perniciem

1958 1709 2159 1748 amara
2190 1693 2464 1748 fecerunt.
2504 1716 2524 1741 ι
2550 1694 2808 1758 Quorum
2839 1710 2904 1748 os
2928 1694 3336 1750 maledictione
3361 1698 3416 1751 et
3446 1712 3604 1751 ama-

196 1780 460 1835 humano
490 1779 647 1878 dare.
680 1777 807 1845 Vel,
844 1801 864 1826 ι
899 1778 970 1833 de
1014 1778 1157 1833 caelo
1180 1800 1207 1828 ››
1243 1780 1299 1834 id
1335 1784 1441 1848 est,
1484 1781 1553 1835 de
1604 1782 1843 1836 sanctis.
1880 1818 1927 1880 Β
1960 1782 2216 1836 ritudine
2249 1781 2488 1853 plenum
2519 1786 2644 1836 est:
2682 1804 2709 1830 ››
2742 1783 2878 1853 quia
2917 1788 2972 1837 et
3005 1783 3116 1838 sibi
3169 1787 3227 1839 et
3274 1783 3403 1839 aliis
3438 1789 3605 1839 nocet

199 1892 232 1920 (ι
266 1873 451 1941 Super
479 1866 631 1923 ﬁlios
659 1866 990 1923 hominum.
1030 1890 1057 1915 »
1107 1870 1263 1933 Quos
1317 1874 1550 1924 sanctos
1596 1886 1734 1925 suos
1766 1871 1849 1925 fa-

196 1957 339 2013 ciat.
370 1956 494 2028 Vel,
525 1956 596 2011 de
626 1962 828 2012 sancto
858 1973 984 2012 suo.
1025 1977 1051 2008 α
1079 1961 1264 2028 Super
1293 1956 1444 2013 ﬁlios
1475 1958 1850 2025 hominum;»

199 2048 263 2102 id
296 2051 403 2115 est,
437 2062 615 2117 super
642 2062 827 2118 genus
858 2045 1215 2102 humanum:
1251 2069 1278 2096 ‹‹
1310 2046 1381 2101 Ut
1412 2047 1619 2103 videat.
1657 2069 1683 2095 »
1742 2048 1853 2103 hoc

200 2141 315 2215 est,
348 2141 412 2189 ut
461 2134 654 2189 videre
705 2139 941 2191 sanctos
986 2152 1126 2191 suos
1170 2135 1381 2191 faciat:
1436 2153 1539 2207 per
1585 2153 1732 2208 quos
1771 2154 1856 2191 re-

201 2225 399 2298 spicit,
434 2228 491 2279 et
522 2223 579 2278 in
622 2224 836 2294 quibus
888 2224 1142 2279 habitat:
1192 2247 1219 2273 ‹‹
1254 2225 1538 2280 Dominus
1587 2226 1659 2280 de
1712 2224 1854 2283 coelo

204 2313 507 2386 prospexit
536 2329 711 2383 super
740 2313 893 2368 ﬁlios
950 2313 1276 2381 hominum,
1339 2319 1403 2368 ut
1448 2314 1639 2368 videat
1687 2314 1735 2369 si
1766 2318 1856 2370 est

200 2401 544 2473 intelligens
600 2405 703 2455 aut
752 2402 1052 2472 requirens
1109 2402 1315 2459 Deum.
1351 2425 1379 2451 ››
1420 2402 1707 2473 Prospicit
1755 2419 1858 2474 per

203 2490 442 2548 animas
473 2494 725 2557 sanctas,
785 2507 932 2563 quas
985 2508 1136 2562 saepe
1194 2490 1404 2546 caelum
1454 2491 1731 2557 diximus,
1795 2497 1859 2547 ut

201 2580 405 2634 videat
434 2577 482 2631 si
524 2576 600 2631 sit
654 2578 911 2650 sapiens,
971 2580 1070 2650 qui
1131 2585 1240 2635 Deo
1299 2586 1493 2635 mente
1552 2579 1855 2652 requirat:

202 2684 348 2723 nam
376 2665 529 2737 apud
561 2666 818 2723 divinam
865 2668 1183 2740 potentiam
1238 2668 1383 2724 nihil
1416 2670 1664 2725 habetur
1692 2671 1850 2726 obte-

203 2763 396 2813 ctum.
1673 2755 1682 2767 ‘

287 2869 314 2895 τι
346 2847 563 2903 Omnes
610 2846 1067 2903 declinaverunt.
1128 2869 1155 2897 ι)
1214 2847 1614 2904 Declinaverat
1669 2852 1856 2903 totum

200 2953 399 3008 genus
438 2936 764 2991 humanum
816 2936 887 2991 ad
937 2936 1271 2992 inferiorem
1321 2942 1567 3008 partem.
1613 2960 1641 2987 «
1671 2935 1858 2992 Simul

200 3026 453 3080 inutiles
500 3026 636 3081 facti
667 3031 831 3089 sunt,
861 3047 890 3074 »
921 3030 978 3080 et
1008 3025 1142 3090 sibi,
1176 3030 1234 3081 et
1262 3025 1415 3081 aliis.
1454 3047 1481 3075 «
1512 3026 1729 3081 Omnes
1761 3027 1857 3080 de-

204 3114 604 3183 clinaverunt,
636 3113 814 3169 simul
847 3112 1082 3185 inutiles
1126 3114 1258 3169 facti
1293 3119 1449 3169 sunt.
1486 3114 1609 3170 Non
1640 3118 1730 3169 est
1760 3113 1860 3184 qui

1965 1889 2167 1928 eorum
2199 1870 2485 1939 doctrina,
2517 1876 2573 1926 et
2600 1870 2660 1925 in
2692 1872 2888 1927 futuro
2912 1872 3281 1929 condemnat.
3317 1896 3345 1922 »
3400 1875 3605 1930 Veloces

1961 1962 2122 2033 pedes
2158 1978 2350 2017 eorum
2376 1961 2446 2016 ad
2491 1961 2881 2033 effundendum
2908 1964 3261 2034 sanguinem.
3297 1985 3325 2011 »
3365 1967 3434 2018 Et
3480 1980 3605 2019 cor-

1963 2050 2241 2122 poraliter
2270 2056 2328 2106 et
2355 2050 2736 2122 spiritualiter
2773 2050 3067 2119 occidunt,
3103 2052 3242 2106 dum
3283 2051 3602 2119 Christum,

1964 2141 2065 2211 qui
2098 2140 2216 2195 vita
2245 2145 2335 2195 est
2364 2140 2594 2205 animae,
2629 2141 2699 2194 ab
2748 2140 2876 2211 ipsa
2923 2140 3217 2197 effundere
3247 2140 3601 2197 desiderant.

2041 2250 2061 2274 ιι
2097 2226 2376 2280 Contritio
2424 2230 2481 2280 et
2510 2225 2821 2282 infelicitas
2870 2226 2929 2280 in
2963 2228 3071 2281 viis
3120 2244 3318 2282 eorum
3346 2246 3359 2282 :
3390 2250 3417 2277 ››
3469 2245 3605 2283 eon-

1966 2315 2123 2370 tritio
2156 2314 2434 2386 corporis,
2480 2314 2791 2370 infelicitas
2848 2316 3078 2370 animm.
3124 2322 3183 2370 ln
3242 2316 3351 2371 viis
3381 2334 3606 2388 eorum,

1969 2406 2023 2457 in
2058 2405 2332 2476 operibus
2362 2420 2587 2458 eorum.
2638 2406 2880 2475 Semper
2928 2410 3259 2475 peccatores
3291 2406 3349 2461 in
3382 2407 3473 2460 via
3503 2422 3611 2461 sua

1970 2491 2274 2547 infeliciter
2303 2496 2705 2546 conteruntur.
2739 2516 2764 2543 (ι
2799 2492 3082 2555 Quoniam
3116 2492 3268 2547 viam
3302 2492 3460 2564 pacis
3493 2509 3607 2547 non

1967 2585 2378 2651 cognoverunt.
2414 2602 2441 2628 ››
2499 2582 2632 2644 Quae
2691 2585 2779 2634 est
2816 2580 3081 2635 Christus
3140 2580 3450 2636 Dominus:
3507 2597 3610 2636 nec

1938 2686 2070 2739 \pcr
2124 2668 2322 2737 ﬁdem,
2370 2685 2472 2724 nec
2524 2685 2625 2740 per
2673 2669 3089 2739 operationem.
3135 2671 3322 2733 Quare
3369 2686 3483 2724 non
3515 2686 3608 2725 co-

1967 2756 2330 2829 gnoverunt?
2352 2757 2593 2829 Propter
2624 2758 2731 2812 hoc
2759 2758 2915 2828 quod
2948 2757 3247 2829 sequitur:
3275 2779 3303 2807 «
3326 2758 3473 2821 Quia
3495 2774 3608 2812 non

1968 2852 2058 2901 est
2085 2847 2261 2901 timor
2290 2846 2386 2900 Dei
2419 2851 2554 2901 ante
2589 2846 2788 2901 oculos
2818 2863 3040 2901 eorum.
3077 2867 3104 2894 »
3136 2846 3261 2901 Non
3293 2862 3609 2917 proposue-

1972 2941 2108 2989 runt
2168 2940 2346 2990 Deum
2399 2941 2532 2990 ante
2576 2951 2784 2990 sensus
2840 2951 3064 2997 eorum,
3126 2934 3183 2988 in
3246 2934 3529 2989 memoria
3558 2937 3615 2988 et

1971 3030 2172 3080 sancto
2200 3024 2430 3079 timore.
2491 3046 2518 3073 ‹‹
2568 3024 2691 3079 Non
2741 3028 2829 3079 est
2873 3023 3050 3078 timor
3096 3024 3192 3079 Dei
3243 3028 3377 3078 ante
3415 3022 3613 3078 oculos

1971 3129 2193 3167 eorum.
2234 3136 2263 3161 »
2292 3113 2415 3168 Non
2466 3113 2622 3168 enim
2654 3117 2926 3168 metuunt
2980 3112 3241 3167 futurum
3293 3112 3610 3183 judicium,

197 3203 387 3259 faciat
416 3204 656 3270 bonum,
718 3219 829 3258 non
893 3207 983 3258 est
1042 3218 1227 3274 usque
1285 3204 1358 3258 ad
1410 3219 1614 3256 unum.
1653 3226 1680 3251 ››
1714 3202 1861 3257 Dicit
1892 3183 1933 3248 C
1971 3201 2100 3257 ideo
2132 3219 2245 3257 non
2278 3202 2589 3257 observant
2621 3202 2895 3257 mandata
2922 3202 3069 3273 ejus.

200 3292 369 3349 enim
404 3291 525 3347 haec
556 3292 625 3347 de
647 3279 952 3363 gentibus:
977 3292 1087 3347 Sed
1117 3291 1256 3363 quia
1289 3290 1606 3362 interponit
1634 3308 1859 3358 omnes,

206 3381 487 3453 adjungit
533 3381 763 3436 Judaaos
823 3380 1255 3452 intelligendos,
1316 3380 1417 3451 qui
1477 3397 1627 3452 saepe
1687 3397 1748 3435 se
1804 3380 1864 3434 in

205 3470 537 3526 volutabris
568 3475 741 3543 atque
788 3469 1134 3526 idololatriis
1185 3470 1447 3542 gentium
1480 3469 1863 3525 miscuerunt.

296 3580 323 3607 ‹‹
357 3548 701 3630 Sepulcrum
735 3564 939 3631 patens
964 3563 1053 3614 est
1080 3563 1283 3630 guttur
1321 3575 1544 3613 eorum.
1581 3581 1609 3608 »
1640 3559 1728 3613 Ab
1760 3558 1867 3613 hoc

208 3648 431 3704 versu‘
466 3664 652 3718 usque
708 3649 778 3703 ad
811 3664 967 3713 eum,
1017 3648 1113 3702 ubi
1147 3647 1322 3702 dicit:
1359 3671 1384 3695 ‹‹
1421 3647 1546 3702 Non
1577 3653 1667 3703 est
1696 3647 1871 3702 timor

219 3738 322 3794 Dei
381 3737 438 3792 in
496 3742 811 3809 conspectu
843 3736 1144 3792 oculorum
1195 3753 1419 3802 eorum,
1452 3756 1478 3787 ιδ
1516 3736 1575 3791 in
1610 3736 1867 3792 Hebraeis

214 3826 527 3883 codicibus
559 3843 675 3881 non
733 3825 1001 3881 habetur.
1061 3825 1351 3889 Qumritur
1410 3842 1545 3897 ergo
1578 3826 1871 3897 quomodo

216 3916 541 3986 Apostolus
562 3915 671 3971 hoc
696 3931 838 3970 usus
860 3915 937 3970 sit
964 3913 1301 3970 testimonio
1323 3915 1383 3969 in
1408 3914 1663 3986 Epistola
1693 3932 1871 3985 quam

217 4004 297 4060 ad
344 4004 638 4060 Romanos
688 4003 923 4076 scripsit
961 4004 1135 4075 (Rom.
1182 4020 1265 4070 111,
1302 4004 1504 4074 10-18).
1540 4003 1871 4074 Responde-

216 4110 362 4149 mus
392 4092 733 4165 Apostolum
779 4093 849 4148 de
880 4092 1330 4148 Deuteronomio
1366 4108 1431 4147 ac
1461 4091 1757 4157 Psalterio,
1819 4096 1876 4147 et

215 4182 446 4239 caeteris
499 4181 937 4254 Scripturarum
984 4181 1128 4237 locis
1178 4181 1286 4253 hoc
1335 4180 1738 4236 testimonium
1785 4187 1872 4236 te-

218 4288 455 4328 X01888.

301 4386 328 4411 ‹‹
386 4362 468 4417 lbi
526 4362 851 4417 timuerunt
907 4360 1153 4427 timore;
1208 4359 1316 4416 hoc
1373 4361 1528 4431 quod
1586 4360 1874 4432 sequitur,

220 4476 251 4502 ‹‹
294 4449 404 4507 Ubi
451 4468 566 4507 non
622 4454 746 4506 erat
800 4450 995 4517 timor,
1031 4473 1059 4498 »
1101 4449 1161 4504 in
1192 4449 1446 4504 Hebraeis
1477 4447 1879 4505 voluminibus

224 4557 350 4596 non
385 4540 653 4596 habetur.

308 4652 336 4679 ‹‹
370 4629 714 4702 Sepulcrum
746 4632 954 4715 patens
984 4631 1073 4684 est
1099 4631 1304 4699 guttur
1331 4642 1554 4683 eorum.
1579 4648 1607 4677 »
1664 4626 1771 4683 Per
1800 4644 1887 4684 se-

309 4758 325 4790 ι
378 4753 572 4809 Placet
629 4770 785 4809 nunc
843 4769 1021 4808 verun
1081 4750 1284 4805 audire
1348 4749 1764 4821 Hieronymum
1826 4750 1882 4803 in

230 4826 575 4882 Prael‘atione
633 4825 765 4880 libri
796 4842 887 4879 xv1
943 4822 1505 4877 Commentariorum
1536 4821 1594 4876 in
1626 4822 1837 4876 Isaiam
1865 4838 1876 4874 :

229 4922 260 4947 α
299 4898 484 4963 Sicut,
517 4897 730 4968 inquit,
765 4895 1135 4968 omnispene
1184 4894 1255 4947 ad
1310 4893 1598 4968 Romanos
1629 4891 1884 4968 Epistula

228 4970 305 5024 de
336 4968 531 5023 Veteri
565 4963 785 5022 structa
834 4973 924 5022 est
963 4963 1377 5031 Instrumento,
1434 4964 1517 5018 sic
1546 4963 1741 5018 ethoc
1801 4966 1881 5018 te-

232 5040 586 5096 stimonium
647 5039 717 5094 de
775 5038 1043 5108 Psalmis,
1103 5041 1162 5092 et
1220 5035 1378 5108 Isaia;
1409 5039 1741 5091 contextum
1773 5039 1882 5088 est.

233 5111 392 5167 Nam
448 5112 564 5165 duo
596 5110 768 5178 primi
800 5126 1041 5166 versus:
1086 5107 1409 5178 Sepulcrum
1434 5114 1629 5178 patens
1657 5115 1733 5160 est
1761 5113 1886 5178 gut-

231 5188 325 5238 tus
356 5198 566 5249 eorum,
596 5176 809 5249 linguis
853 5184 966 5237 suis
994 5176 1177 5236 dolose
1205 5176 1456 5249 agebant,
1491 5177 1682 5249 quinti
1734 5176 1887 5248 psal-

236 5255 319 5309 mi
354 5254 526 5320 (Vers.
554 5248 557 5249 ⁷
589 5257 652 5320 ιι)
683 5248 842 5308 sunt.
898 5251 1045 5307 Illud
1103 5248 1298 5306 autem
1359 5248 1533 5320 quod‘
1573 5248 1840 5320 sequitur
1874 5265 1887 5301 :

244 5319 519 5381 Venenum
550 5319 800 5395 aspidum
832 5324 929 5379 sub
957 5322 1127 5395 labiis
1155 5319 1693 5395 eorumlcentesimi
1724 5319 1896 5395 trice_-

241 5397 381 5451 simi
441 5396 578 5450 noni
611 5389 849 5467 "psalmi
910 5401 998 5449 est
1027 5393 1298 5467 (er1374).
1334 5389 1891 5467 Rursumquequod

242 5466 500 5523 dicitur:
564 5462 809 5534 Quorum
888 5483 945 5521 os
995 5462 1377 5520 maledictione
1416 5470 1466 5517 ει
1520 5462 1896 5516 amaritudine

240 5542 473 5612 plenum
497 5547 597 5605 est,
646 5539 716 5593 de
748 5554 903 5592 nono
931 5535 1177 5612 psalmo
1220 5537 1551 5612 sumptum_
1573 5538 1680 5588 est.
1696 5534 1894 5612 __(l_’ers.

247 5605 368 5682 29).
400 5609 541 5666 Tres
570 5614 767 5665 autem
798 5605 1087 5677 versiculi,
1147 5605 1248 5678 qui
1303 5608 1662 5678 sequuntur:
1696 5605 1899 5662 Veloces

2050 3313 2077 3341 ‹‹
2105 3291 2312 3346 Nonne
2341 3295 2694 3363 cognoscent
2712 3307 2917 3346 omnes
2939 3290 3038 3362 qui
3062 3295 3376 3362 operantur
3405 3289 3615 3361 iniqui-

1980 3385 2217 3446 tatem,»
2249 3385 2552 3434 venturam
2587 3380 2867 3434 ultionem
2892 3380 2919 3433 ?
2940 3384 3020 3434 Ac
3042 3379 3091 3434 si
3122 3379 3277 3434 dicat
3304 3396 3317 3433 :
3350 3378 3407 3434 Si
3444 3378 3617 3433 modo

1982 3486 2094 3523 non
2126 3472 2503 3541 cognoscunt,
2527 3474 2877 3540 cognoscent
2906 3468 2964 3522 in
2987 3468 3210 3539 judicio
3233 3468 3467 3539 quando
3490 3483 3618 3521 ven-

1982 3566 2147 3613 turus
2179 3562 2286 3613 est.
2325 3558 2463 3623 uQui
2485 3557 2764 3612 devorant
2786 3557 3010 3628 plebem
3044 3574 3231 3613 meam
3251 3558 3403 3612 sicut
3424 3556 3621 3612 cibum

1983 3649 2189 3720 panis;
2251 3670 2278 3696 »
2327 3646 2581 3701 haretici
2638 3645 2921 3718 populum
2982 3645 3402 3701 Christianum.
3462 3645 3626 3701 Sicut

1982 3736 2150 3807 panis
2182 3736 2238 3790 in
2271 3751 2474 3791 omnes
2504 3735 2666 3791 cibos
2697 3736 2899 3803 currit,
2950 3735 3075 3790 sine
3114 3735 3241 3806 ipso
3272 3735 3471 3791 satiari
3506 3751 3623 3789 non

1984 3830 2190 3897 potest,
2242 3825 2341 3880 sed
2394 3841 2528 3879 eum
2578 3824 2853 3879 omnibus
2897 3824 3044 3880 cibis
3082 3824 3374 3880 sumitur:
3427 3824 3511 3879 sic
3568 3828 3627 3879 et

1985 3913 2235 3968 haeretici
2296 3929 2596 3985 nunquam
2655 3913 2947 3969 satiantur
3000 3913 3412 3985 iniquitatibus
3470 3912 3622 3981 suis,

1984 4002 2093 4057 nisi
2138 4002 2207 4057 de
2238 4002 2403 4074 plebe
2463 4002 2583 4067 Dei,
2617 4002 2700 4057 vel
2756 4003 2827 4057 de
2866 4001 3144 4069 Ecclesia,
3174 4017 3324 4072 quos
3375 4004 3626 4071 possunt

1984 4108 2187 4164 capere
2247 4091 2383 4146 inde
2438 4091 2754 4146 satiantur.
2810 4091 2916 4156 Qui
2982 4110 3005 4137 ι
3064 4092 3343 4145 devorant
3401 4087 3627 4159 plebem

1990 4197 2181 4248 suam,
2204 4200 2232 4231 ι
2261 4180 2542 4251 populum
2575 4178 3063 4245 ecclesiasticum,
3093 4198 3113 4224 κ
3143 4178 3296 4231 sicut
3318 4175 3513 4231 cibum
3537 4192 3632 4247 pa-

1991 4269 2119 4335 nis;
2161 4292 2188 4319 »
2225 4268 2363 4339 quia
2410 4284 2524 4322 non
2568 4272 2658 4322 est
2687 4268 2853 4337 panis
2883 4267 3069 4331 vivus,
3116 4266 3229 4320 nisi
3260 4266 3360 4336 qui
3392 4266 3463 4321 de
3492 4266 3659 4320 coelo

1990 4357 2289 4412 descendit
2335 4358 2512 4424 (Joan.
2562 4373 2639 4425 v1,
2689 4356 2780 4426 51)
2811 4378 2839 4404 ‹‹
2874 4356 3188 4410 Dominum
3239 4372 3352 4411 non
3402 4355 3635 4410 invoca-

1992 4450 2216 4500 verunt.
2249 4468 2275 4493 ››
2324 4445 2385 4500 Si
2418 4444 2573 4500 enim
2624 4444 3011 4511 invocassent,
3064 4445 3207 4500 salvi
3255 4445 3457 4517 utique
3502 4443 3638 4498 fuis-

1919 4562 1963 4624 Β
1997 4539 2161 4590 sent.
2215 4532 2418 4589 Aliter:
2482 4533 2665 4588 Deum
2723 4550 2837 4588 non
2912 4534 3357 4589 invocaverunt.
3406 4531 3639 4597 Quare?

2000 4624 2145 4689 Quia
2202 4622 2371 4678 multi
2420 4623 2710 4688 invocant,
2758 4624 2857 4679 sed
2900 4640 3017 4677 non
3076 4628 3281 4686 Deum,
3331 4621 3431 4676 sed
3464 4619 3637 4675 aliam

1994 4749 2163 4820 pedes
2216 4764 2423 4809 eorum,
2477 4764 2686 4819 usque,
2728 4749 2875 4803 viam
2917 4750 3069 4819 pacis
3096 4764 3211 4820 non,
3253 4748 3641 4820 cognoverunt,

1998 4816 2051 4874 in
2100 4821 2248 4875 Isaia
2280 4816 2767 4891 propheta'reperi
2793 4816 2932 4883 (Isaf
2955 4836 3064 4882 LIX,
3088 4820 3143 4884 7,
3165 4819 3242 4889 8),
3272 4841 3298 4865 »
3320 4823 3431 4871 etc.
3465 4816 3641 4891 Porro

1999 4898 2058 4946 ut
2090 4892 2147 4945 in
2201 4888 2493 4963 psalmum
2526 4888 2825 4963 decimum,
2866 4890 3103 4963 tertium
3138 4888 3255 4944 una
3287 4904 3497 4963 omnes
3526 4888 3641 4942 im-

2004 4961 2373 5035 portarentur
2402 4962 2459 5015 in
2492 4966 2680 5016 vetere
2704 4961 3435 5035 Latinainterpretatione,
3457 4974 3641 5030 eoque

2000 5031 2274 5107 magisgin
2327 5032 2869 5107 Griecumjentum
2905 5033 2980 5107 _in
3028 5031 3417 5107 Alexandrino
3447 5046 3639 5107 exem-

2001 5100 2163 5175 plari,
2197 5104 2340 5159 illud
2374 5103 2568 5175 ipsum
2600 5103 2762 5157 Pauli
2784 5103 3188 5159 testimonium
3210 5103 3268 5156 in
3301 5118 3477 5157 causa
3509 5100 3636 5155 fuit.

2000 5178 2150 5248 quod
2187 5182 2391 5248 praeter
2445 5175 2726 5248 Apostoli
2764 5175 3146 5248 intentionem
3195 5178 3500 5245 acceptum
3531 5177 3639 5248 est,

2003 5244 2067 5302 ut
2099 5265 2166 5302 ex
2187 5244 2397 5302 eodem
2422 5244 2649 5318 psalmo
2681 5245 2896 5318 singuli
2929 5263 3129 5301 versus
3161 5244 3507 5318 putarentur
3534 5244 3639 5318 de-

2004 5319 2179 5373 sumi.
2216 5315 2495 5373 Postremi
2541 5322 2656 5372 tres
2686 5315 2977 5372 habentur
3023 5315 3198 5371 etiam
3234 5317 3290 5370 in
3321 5315 3646 5371 Proverbiis

2008 5409 2044 5451 ι,
2084 5392 2165 5456 16,
2201 5390 2355 5461 quod
2387 5389 2771 5460 Hieronymus
2819 5388 3187 5461 dissimulat;
3238 5404 3437 5461 verum
3473 5386 3645 5461 mini:

2010 5479 2098 5515 me
2130 5457 2387 5515 invenire
2418 5464 2505 5514 est
2535 5457 2670 5530 quid
2699 5458 2888 5515 simile
2916 5462 2972 5514 in
3008 5460 3469 5529 Deuteronomio,
3493 5457 3646 5529 quod

2009 5534 2103 5589 hic
2134 5530 2781 5601 Pseudo-Hieronymus
2811 5532 3009 5586 tradit.
