  <div class='ocr_page' id='page_1' title='image "/cluster/home/n/w/nwhite01/storage/ocr_20150623/26/hvd.32044052772472/479.png"; bbox 0 0 3964 6190; ppageno 0'>
   <div class='ocr_carea' id='block_1_1' title="bbox 471 346 589 406">
    <p class='ocr_par' dir='ltr' id='par_1_1' title="bbox 471 346 589 406">
     <span class='ocr_line' id='line_1_1' title="bbox 471 346 589 406; baseline 0 0"><span class='ocrx_word' id='word_1_1' title='bbox 471 346 589 406; x_wconf 86' lang='grc'><strong>903</strong></span> 
     </span>
    </p>
   </div>
   <div class='ocr_carea' id='block_1_2' title="bbox 472 462 2108 547">
    <p class='ocr_par' dir='ltr' id='par_1_2' title="bbox 472 462 2108 547">
     <span class='ocr_line' id='line_1_2' title="bbox 472 462 2108 547; baseline -0.01 -14"><span class='ocrx_word' id='word_1_2' title='bbox 472 494 595 534; x_wconf 89' lang='lat' dir='ltr'><strong>rem</strong></span> <span class='ocrx_word' id='word_1_3' title='bbox 626 490 804 547; x_wconf 90' lang='lat' dir='ltr'><strong>quam</strong></span> <span class='ocrx_word' id='word_1_4' title='bbox 833 470 1167 527; x_wconf 89' lang='lat' dir='ltr'><strong>desiderant</strong></span> <span class='ocrx_word' id='word_1_5' title='bbox 1195 467 1412 523; x_wconf 89' lang='lat' dir='ltr'><strong>habere</strong></span> <span class='ocrx_word' id='word_1_6' title='bbox 1440 482 1543 540; x_wconf 92' lang='lat' dir='ltr'><strong>pro</strong></span> <span class='ocrx_word' id='word_1_7' title='bbox 1590 470 1724 535; x_wconf 91' lang='lat' dir='ltr'><strong>Deo,</strong></span> <span class='ocrx_word' id='word_1_8' title='bbox 1765 480 1883 520; x_wconf 90' lang='lat' dir='ltr'><strong>non</strong></span> <span class='ocrx_word' id='word_1_9' title='bbox 1914 462 2108 534; x_wconf 88' lang='lat' dir='ltr'><strong>ipsum</strong></span> 
     </span>
    </p>
   </div>
   <div class='ocr_carea' id='block_1_3' title="bbox 473 568 678 623">
    <p class='ocr_par' dir='ltr' id='par_1_3' title="bbox 473 568 678 623">
     <span class='ocr_line' id='line_1_3' title="bbox 473 568 678 623; baseline -0.02 0"><span class='ocrx_word' id='word_1_10' title='bbox 473 568 678 623; x_wconf 91' lang='lat' dir='ltr'><strong>Deum.</strong></span> 
     </span>
    </p>
   </div>
   <div class='ocr_carea' id='block_1_4' title="bbox 548 640 2112 722">
    <p class='ocr_par' dir='ltr' id='par_1_4' title="bbox 548 640 2112 722">
     <span class='ocr_line' id='line_1_4' title="bbox 548 640 2112 722; baseline -0.01 -14"><span class='ocrx_word' id='word_1_11' title='bbox 548 674 570 703; x_wconf 72' lang='grc' dir='ltr'><strong>α</strong></span> <span class='ocrx_word' id='word_1_12' title='bbox 604 652 728 708; x_wconf 89' lang='lat' dir='ltr'><strong>Illic</strong></span> <span class='ocrx_word' id='word_1_13' title='bbox 756 648 1191 722; x_wconf 87' lang='lat' dir='ltr'><strong>trepidaverunt</strong></span> <span class='ocrx_word' id='word_1_14' title='bbox 1210 646 1441 713; x_wconf 82' lang='lat' dir='ltr'><strong>timore,</strong></span> <span class='ocrx_word' id='word_1_15' title='bbox 1464 644 1563 699; x_wconf 92' lang='lat' dir='ltr'><strong>ubi</strong></span> <span class='ocrx_word' id='word_1_16' title='bbox 1587 660 1701 698; x_wconf 90' lang='lat' dir='ltr'><strong>non</strong></span> <span class='ocrx_word' id='word_1_17' title='bbox 1731 645 1854 697; x_wconf 89' lang='lat' dir='ltr'><strong>erat</strong></span> <span class='ocrx_word' id='word_1_18' title='bbox 1882 640 2112 694; x_wconf 84' lang='lat' dir='ltr'><strong>timor.»</strong></span> 
     </span>
    </p>
   </div>
   <div class='ocr_carea' id='block_1_5' title="bbox 470 728 2109 819">
    <p class='ocr_par' dir='ltr' id='par_1_5' title="bbox 470 728 2109 819">
     <span class='ocr_line' id='line_1_5' title="bbox 470 728 2109 819; baseline -0.011 -19"><span class='ocrx_word' id='word_1_19' title='bbox 470 745 540 800; x_wconf 89' lang='lat' dir='ltr'><strong>Et</strong></span> <span class='ocrx_word' id='word_1_20' title='bbox 568 746 771 819; x_wconf 81' lang='lat' dir='ltr'><strong>gentes</strong></span> <span class='ocrx_word' id='word_1_21' title='bbox 793 755 932 794; x_wconf 92' lang='lat' dir='ltr'><strong>suos</strong></span> <span class='ocrx_word' id='word_1_22' title='bbox 952 737 1163 793; x_wconf 87' lang='lat' dir='ltr'><strong>timent</strong></span> <span class='ocrx_word' id='word_1_23' title='bbox 1183 735 1341 803; x_wconf 92' lang='lat' dir='ltr'><strong>deos,</strong></span> <span class='ocrx_word' id='word_1_24' title='bbox 1359 739 1416 789; x_wconf 90' lang='lat' dir='ltr'><strong>et</strong></span> <span class='ocrx_word' id='word_1_25' title='bbox 1436 732 1595 804; x_wconf 91' lang='lat' dir='ltr'><strong>ipsos</strong></span> <span class='ocrx_word' id='word_1_26' title='bbox 1618 734 1881 803; x_wconf 83' lang='lat' dir='ltr'><strong>potentes</strong></span> <span class='ocrx_word' id='word_1_27' title='bbox 1900 729 1931 783; x_wconf 89' lang='lat' dir='ltr'><strong>J</strong></span> <span class='ocrx_word' id='word_1_28' title='bbox 1942 728 2109 795; x_wconf 69' lang='lat' dir='ltr'><strong>udaai,</strong></span> 
     </span>
    </p>
   </div>
   <div class='ocr_carea' id='block_1_6' title="bbox 471 818 2113 904">
    <p class='ocr_par' dir='ltr' id='par_1_6' title="bbox 471 818 2113 904">
     <span class='ocr_line' id='line_1_6' title="bbox 471 818 2113 904; baseline -0.01 -16"><span class='ocrx_word' id='word_1_29' title='bbox 471 831 705 904; x_wconf 85' lang='lat' dir='ltr'><strong>quando</strong></span> <span class='ocrx_word' id='word_1_30' title='bbox 754 829 825 883; x_wconf 88' lang='lat' dir='ltr'><strong>de</strong></span> <span class='ocrx_word' id='word_1_31' title='bbox 876 826 1103 882; x_wconf 83' lang='lat' dir='ltr'><strong>Christo</strong></span> <span class='ocrx_word' id='word_1_32' title='bbox 1156 822 1455 878; x_wconf 82' lang='lat' dir='ltr'><strong>dixerunt:</strong></span> <span class='ocrx_word' id='word_1_33' title='bbox 1511 821 1573 876; x_wconf 90' lang='lat' dir='ltr'><strong>Si</strong></span> <span class='ocrx_word' id='word_1_34' title='bbox 1628 818 1960 874; x_wconf 77' lang='lat' dir='ltr'><strong>dimittimus</strong></span> <span class='ocrx_word' id='word_1_35' title='bbox 1988 832 2113 872; x_wconf 88' lang='lat' dir='ltr'><strong>eum</strong></span> 
     </span>
    </p>
   </div>
   <div class='ocr_carea' id='block_1_7' title="bbox 468 911 2112 988">
    <p class='ocr_par' dir='ltr' id='par_1_7' title="bbox 468 911 2112 988">
     <span class='ocr_line' id='line_1_7' title="bbox 468 911 2112 988; baseline -0.011 -11"><span class='ocrx_word' id='word_1_36' title='bbox 468 923 666 988; x_wconf 80' lang='lat' dir='ltr'><strong>vivere,</strong></span> <span class='ocrx_word' id='word_1_37' title='bbox 711 918 925 973; x_wconf 81' lang='lat' dir='ltr'><strong>venient</strong></span> <span class='ocrx_word' id='word_1_38' title='bbox 969 914 1219 982; x_wconf 84' lang='lat' dir='ltr'><strong>Romani,</strong></span> <span class='ocrx_word' id='word_1_39' title='bbox 1264 915 1315 966; x_wconf 86' lang='lat' dir='ltr'><strong>et</strong></span> <span class='ocrx_word' id='word_1_40' title='bbox 1357 911 1543 966; x_wconf 82' lang='lat' dir='ltr'><strong>tollent</strong></span> <span class='ocrx_word' id='word_1_41' title='bbox 1590 916 1834 963; x_wconf 79' lang='lat' dir='ltr'><strong>nostrum</strong></span> <span class='ocrx_word' id='word_1_42' title='bbox 1882 922 2112 977; x_wconf 84' lang='lat' dir='ltr'><strong>regnum</strong></span> 
     </span>
    </p>
   </div>
   <div class='ocr_carea' id='block_1_8' title="bbox 468 995 2108 1079">
    <p class='ocr_par' dir='ltr' id='par_1_8' title="bbox 468 995 2108 1079">
     <span class='ocr_line' id='line_1_8' title="bbox 468 995 2108 1079; baseline -0.011 -13"><span class='ocrx_word' id='word_1_43' title='bbox 468 1017 520 1065; x_wconf 85' lang='lat' dir='ltr'><strong>et</strong></span> <span class='ocrx_word' id='word_1_44' title='bbox 547 1017 759 1079; x_wconf 78' lang='lat' dir='ltr'><strong>gentem</strong></span> <span class='ocrx_word' id='word_1_45' title='bbox 789 1006 971 1077; x_wconf 87' lang='lat' dir='ltr'><strong>(Joan.</strong></span> <span class='ocrx_word' id='word_1_46' title='bbox 1006 1020 1085 1074; x_wconf 83' lang='lat' dir='ltr'><strong>v1,</strong></span> <span class='ocrx_word' id='word_1_47' title='bbox 1118 1002 1226 1073; x_wconf 85' lang='grc'>48).</span> <span class='ocrx_word' id='word_1_48' title='bbox 1252 1023 1279 1050; x_wconf 88' lang='grc'><strong>‹‹</strong></span> <span class='ocrx_word' id='word_1_49' title='bbox 1305 999 1393 1054; x_wconf 90' lang='lat' dir='ltr'><strong>Illi</strong></span> <span class='ocrx_word' id='word_1_50' title='bbox 1417 998 1858 1069; x_wconf 87' lang='lat' dir='ltr'><strong>trapidaverunt</strong></span> <span class='ocrx_word' id='word_1_51' title='bbox 1877 995 2108 1065; x_wconf 81' lang='lat' dir='ltr'><strong>timore,</strong></span> 
     </span>
    </p>
   </div>
   <div class='ocr_carea' id='block_1_9' title="bbox 471 1084 2112 1158">
    <p class='ocr_par' dir='ltr' id='par_1_9' title="bbox 471 1084 2112 1158">
     <span class='ocr_line' id='line_1_9' title="bbox 471 1084 2112 1158; baseline -0.01 -4"><span class='ocrx_word' id='word_1_52' title='bbox 471 1098 571 1154; x_wconf 91' lang='lat' dir='ltr'><strong>ubi</strong></span> <span class='ocrx_word' id='word_1_53' title='bbox 622 1114 737 1151; x_wconf 89' lang='lat' dir='ltr'><strong>non</strong></span> <span class='ocrx_word' id='word_1_54' title='bbox 770 1100 893 1150; x_wconf 88' lang='lat' dir='ltr'><strong>erat</strong></span> <span class='ocrx_word' id='word_1_55' title='bbox 939 1092 1197 1146; x_wconf 83' lang='lat' dir='ltr'><strong>timor.»</strong></span> <span class='ocrx_word' id='word_1_56' title='bbox 1258 1090 1318 1143; x_wconf 89' lang='lat' dir='ltr'><strong>In</strong></span> <span class='ocrx_word' id='word_1_57' title='bbox 1380 1086 1551 1142; x_wconf 84' lang='lat' dir='ltr'><strong>idolis</strong></span> <span class='ocrx_word' id='word_1_58' title='bbox 1609 1087 1810 1158; x_wconf 85' lang='lat' dir='ltr'><strong>utique</strong></span> <span class='ocrx_word' id='word_1_59' title='bbox 1861 1088 1918 1140; x_wconf 89' lang='lat' dir='ltr'><strong>et</strong></span> <span class='ocrx_word' id='word_1_60' title='bbox 1945 1084 2112 1138; x_wconf 87' lang='lat' dir='ltr'><strong>vanis</strong></span> 
     </span>
    </p>
   </div>
   <div class='ocr_carea' id='block_1_10' title="bbox 469 1181 1805 1257">
    <p class='ocr_par' dir='ltr' id='par_1_10' title="bbox 469 1181 1805 1257">
     <span class='ocr_line' id='line_1_10' title="bbox 469 1181 1805 1257; baseline -0.013 -15"><span class='ocrx_word' id='word_1_61' title='bbox 469 1185 920 1242; x_wconf 79' lang='lat' dir='ltr'><strong>simulacrorum</strong></span> <span class='ocrx_word' id='word_1_62' title='bbox 954 1181 1182 1234; x_wconf 83' lang='lat' dir='ltr'><strong>ritibus.</strong></span> <span class='ocrx_word' id='word_1_63' title='bbox 1788 1242 1805 1257; x_wconf 49' lang='lat'><strong>.</strong></span> 
     </span>
    </p>
   </div>
   <div class='ocr_carea' id='block_1_11' title="bbox 540 1264 2108 1340">
    <p class='ocr_par' dir='ltr' id='par_1_11' title="bbox 540 1264 2108 1340">
     <span class='ocr_line' id='line_1_11' title="bbox 540 1264 2108 1340; baseline -0.01 -13"><span class='ocrx_word' id='word_1_64' title='bbox 540 1300 567 1327; x_wconf 86' lang='grc'><strong>‹‹</strong></span> <span class='ocrx_word' id='word_1_65' title='bbox 611 1273 895 1340; x_wconf 84' lang='lat' dir='ltr'><strong>Quoniam</strong></span> <span class='ocrx_word' id='word_1_66' title='bbox 940 1269 1224 1324; x_wconf 87' lang='lat' dir='ltr'><strong>Dominus</strong></span> <span class='ocrx_word' id='word_1_67' title='bbox 1265 1267 1324 1321; x_wconf 92' lang='lat' dir='ltr'><strong>in</strong></span> <span class='ocrx_word' id='word_1_68' title='bbox 1357 1264 1725 1338; x_wconf 84' lang='lat' dir='ltr'><strong>generatione</strong></span> <span class='ocrx_word' id='word_1_69' title='bbox 1751 1265 1910 1333; x_wconf 87' lang='lat' dir='ltr'><strong>justa</strong></span> <span class='ocrx_word' id='word_1_70' title='bbox 1939 1265 2044 1317; x_wconf 88' lang='lat' dir='ltr'><strong>est.</strong></span> <span class='ocrx_word' id='word_1_71' title='bbox 2080 1283 2108 1310; x_wconf 87' lang='lat'>»</span> 
     </span>
    </p>
   </div>
   <div class='ocr_carea' id='block_1_12' title="bbox 469 1351 2113 1437">
    <p class='ocr_par' dir='ltr' id='par_1_12' title="bbox 469 1351 2113 1437">
     <span class='ocr_line' id='line_1_12' title="bbox 469 1351 2113 1437; baseline -0.01 -17"><span class='ocrx_word' id='word_1_72' title='bbox 469 1367 529 1420; x_wconf 89' lang='lat' dir='ltr'><strong>In</strong></span> <span class='ocrx_word' id='word_1_73' title='bbox 564 1363 774 1437; x_wconf 90' lang='lat' dir='ltr'><strong>populo</strong></span> <span class='ocrx_word' id='word_1_74' title='bbox 819 1359 1166 1416; x_wconf 89' lang='lat' dir='ltr'><strong>Christiano.</strong></span> <span class='ocrx_word' id='word_1_75' title='bbox 1218 1357 1288 1410; x_wconf 89' lang='lat' dir='ltr'><strong>Et</strong></span> <span class='ocrx_word' id='word_1_76' title='bbox 1322 1356 1377 1409; x_wconf 91' lang='lat' dir='ltr'><strong>in</strong></span> <span class='ocrx_word' id='word_1_77' title='bbox 1427 1352 1643 1409; x_wconf 70' lang='lat' dir='ltr'><strong>Judaeis</strong></span> <span class='ocrx_word' id='word_1_78' title='bbox 1675 1351 1819 1407; x_wconf 90' lang='lat' dir='ltr'><strong>fuit:</strong></span> <span class='ocrx_word' id='word_1_79' title='bbox 1860 1351 1999 1422; x_wconf 85' lang='lat' dir='ltr'><strong>quia</strong></span> <span class='ocrx_word' id='word_1_80' title='bbox 2043 1366 2113 1404; x_wconf 79' lang='lat' dir='ltr'><strong>ex</strong></span> 
     </span>
    </p>
   </div>
   <div class='ocr_carea' id='block_1_13' title="bbox 466 1439 2109 1526">
    <p class='ocr_par' dir='ltr' id='par_1_13' title="bbox 466 1439 2109 1526">
     <span class='ocr_line' id='line_1_13' title="bbox 466 1439 2109 1526; baseline -0.01 -17"><span class='ocrx_word' id='word_1_81' title='bbox 466 1453 612 1526; x_wconf 80' lang='lat' dir='ltr'><strong>ipsis</strong></span> <span class='ocrx_word' id='word_1_82' title='bbox 644 1465 874 1508; x_wconf 88' lang='lat' dir='ltr'><strong>carnem</strong></span> <span class='ocrx_word' id='word_1_83' title='bbox 918 1445 1193 1518; x_wconf 83' lang='lat' dir='ltr'><strong>sumpsit.</strong></span> <span class='ocrx_word' id='word_1_84' title='bbox 1230 1467 1257 1493; x_wconf 86' lang='grc'><strong>‹‹</strong></span> <span class='ocrx_word' id='word_1_85' title='bbox 1292 1441 1612 1498; x_wconf 84' lang='lat' dir='ltr'><strong>Consilium</strong></span> <span class='ocrx_word' id='word_1_86' title='bbox 1663 1440 1854 1511; x_wconf 81' lang='lat' dir='ltr'><strong><em>inopis</em></strong></span> <span class='ocrx_word' id='word_1_87' title='bbox 1906 1439 2109 1494; x_wconf 88' lang='lat' dir='ltr'><strong>confu-</strong></span> 
     </span>
    </p>
   </div>
   <div class='ocr_carea' id='block_1_14' title="bbox 467 1527 2109 1597">
    <p class='ocr_par' dir='ltr' id='par_1_14' title="bbox 467 1527 2109 1597">
     <span class='ocr_line' id='line_1_14' title="bbox 467 1527 2109 1597; baseline -0.01 0"><span class='ocrx_word' id='word_1_88' title='bbox 467 1542 656 1597; x_wconf 90' lang='lat' dir='ltr'><strong>distis.</strong></span> <span class='ocrx_word' id='word_1_89' title='bbox 690 1560 716 1590; x_wconf 83' lang='lat'>»</span> <span class='ocrx_word' id='word_1_90' title='bbox 754 1536 1054 1594; x_wconf 82' lang='lat' dir='ltr'><strong>Christum</strong></span> <span class='ocrx_word' id='word_1_91' title='bbox 1113 1532 1296 1588; x_wconf 81' lang='lat' dir='ltr'><strong>Judaei</strong></span> <span class='ocrx_word' id='word_1_92' title='bbox 1352 1531 1585 1585; x_wconf 83' lang='lat' dir='ltr'><strong>credere</strong></span> <span class='ocrx_word' id='word_1_93' title='bbox 1615 1528 1964 1584; x_wconf 87' lang='lat' dir='ltr'><strong>noluerunt:</strong></span> <span class='ocrx_word' id='word_1_94' title='bbox 2000 1527 2109 1582; x_wconf 90' lang='lat' dir='ltr'><strong>hoc</strong></span> 
     </span>
    </p>
   </div>
   <div class='ocr_carea' id='block_1_15' title="bbox 465 1617 2111 1700">
    <p class='ocr_par' dir='ltr' id='par_1_15' title="bbox 465 1617 2111 1700">
     <span class='ocr_line' id='line_1_15' title="bbox 465 1617 2111 1700; baseline -0.01 -12"><span class='ocrx_word' id='word_1_95' title='bbox 465 1635 573 1700; x_wconf 91' lang='lat' dir='ltr'><strong>est,</strong></span> <span class='ocrx_word' id='word_1_96' title='bbox 607 1632 679 1685; x_wconf 92' lang='lat' dir='ltr'><strong>de</strong></span> <span class='ocrx_word' id='word_1_97' title='bbox 698 1628 958 1683; x_wconf 69' lang='lat' dir='ltr'><strong>&#39;adventu</strong></span> <span class='ocrx_word' id='word_1_98' title='bbox 1010 1622 1353 1695; x_wconf 79' lang='lat' dir='ltr'><strong>mysterium</strong></span> <span class='ocrx_word' id='word_1_99' title='bbox 1386 1617 1804 1675; x_wconf 84' lang='lat' dir='ltr'><strong>incarnationis</strong></span> <span class='ocrx_word' id='word_1_100' title='bbox 1834 1617 1963 1687; x_wconf 86' lang='lat' dir='ltr'><strong>ejus</strong></span> <span class='ocrx_word' id='word_1_101' title='bbox 1994 1632 2111 1672; x_wconf 86' lang='lat' dir='ltr'><strong>cre-</strong></span> 
     </span>
    </p>
   </div>
   <div class='ocr_carea' id='block_1_16' title="bbox 464 1705 2111 1781">
    <p class='ocr_par' dir='ltr' id='par_1_16' title="bbox 464 1705 2111 1781">
     <span class='ocr_line' id='line_1_16' title="bbox 464 1705 2111 1781; baseline -0.01 -6"><span class='ocrx_word' id='word_1_102' title='bbox 464 1721 600 1775; x_wconf 85' lang='lat' dir='ltr'><strong>dere</strong></span> <span class='ocrx_word' id='word_1_103' title='bbox 671 1715 1008 1772; x_wconf 89' lang='lat' dir='ltr'><strong>noluerunt.</strong></span> <span class='ocrx_word' id='word_1_104' title='bbox 1072 1712 1244 1781; x_wconf 89' lang='lat' dir='ltr'><strong>Inops</strong></span> <span class='ocrx_word' id='word_1_105' title='bbox 1292 1708 1506 1764; x_wconf 90' lang='lat' dir='ltr'><strong>dicitur</strong></span> <span class='ocrx_word' id='word_1_106' title='bbox 1560 1705 1845 1774; x_wconf 87' lang='lat' dir='ltr'><strong>Christus,</strong></span> <span class='ocrx_word' id='word_1_107' title='bbox 1909 1709 1971 1759; x_wconf 90' lang='lat' dir='ltr'><strong>ut</strong></span> <span class='ocrx_word' id='word_1_108' title='bbox 2029 1705 2111 1760; x_wconf 89' lang='lat' dir='ltr'><strong>ait</strong></span> 
     </span>
    </p>
   </div>
   <div class='ocr_carea' id='block_1_17' title="bbox 465 1797 2113 1871">
    <p class='ocr_par' dir='ltr' id='par_1_17' title="bbox 465 1797 2113 1871">
     <span class='ocr_line' id='line_1_17' title="bbox 465 1797 2113 1871; baseline -0.009 -9"><span class='ocrx_word' id='word_1_109' title='bbox 465 1805 719 1862; x_wconf 82' lang='lat' dir='ltr'><strong>Paulus:</strong></span> <span class='ocrx_word' id='word_1_110' title='bbox 769 1804 910 1871; x_wconf 82' lang='lat' dir='ltr'><strong>Quia</strong></span> <span class='ocrx_word' id='word_1_111' title='bbox 943 1817 1068 1855; x_wconf 80' lang='lat' dir='ltr'><strong>eum</strong></span> <span class='ocrx_word' id='word_1_112' title='bbox 1117 1800 1267 1854; x_wconf 81' lang='lat' dir='ltr'><strong>dives</strong></span> <span class='ocrx_word' id='word_1_113' title='bbox 1310 1805 1465 1862; x_wconf 84' lang='lat' dir='ltr'><strong>esset,</strong></span> <span class='ocrx_word' id='word_1_114' title='bbox 1514 1798 1669 1867; x_wconf 82' lang='lat' dir='ltr'><strong>ineps</strong></span> <span class='ocrx_word' id='word_1_115' title='bbox 1701 1797 1877 1866; x_wconf 82' lang='lat' dir='ltr'><strong>factus</strong></span> <span class='ocrx_word' id='word_1_116' title='bbox 1922 1798 2022 1860; x_wconf 84' lang='lat' dir='ltr'><strong>est,</strong></span> <span class='ocrx_word' id='word_1_117' title='bbox 2051 1799 2113 1847; x_wconf 87' lang='lat' dir='ltr'><strong><em>ut</em></strong></span> 
     </span>
    </p>
   </div>
   <div class='ocr_carea' id='block_1_18' title="bbox 465 1881 2102 1964">
    <p class='ocr_par' dir='ltr' id='par_1_18' title="bbox 465 1881 2102 1964">
     <span class='ocr_line' id='line_1_18' title="bbox 465 1881 2102 1964; baseline -0.01 -13"><span class='ocrx_word' id='word_1_118' title='bbox 465 1896 623 1951; x_wconf 83' lang='lat' dir='ltr'><strong>illius</strong></span> <span class='ocrx_word' id='word_1_119' title='bbox 671 1894 859 1964; x_wconf 84' lang='lat' dir='ltr'><strong><em>inopia</em></strong></span> <span class='ocrx_word' id='word_1_120' title='bbox 910 1906 1010 1946; x_wconf 79' lang='lat' dir='ltr'><strong>nos</strong></span> <span class='ocrx_word' id='word_1_121' title='bbox 1056 1889 1255 1944; x_wconf 84' lang='lat' dir='ltr'><strong>divites</strong></span> <span class='ocrx_word' id='word_1_122' title='bbox 1303 1889 1508 1959; x_wconf 82' lang='lat' dir='ltr'><strong>faceret</strong></span> <span class='ocrx_word' id='word_1_123' title='bbox 1565 1884 1639 1956; x_wconf 89' lang='grc' dir='ltr'><strong>(ΙΙ</strong></span> <span class='ocrx_word' id='word_1_124' title='bbox 1693 1884 1813 1939; x_wconf 83' lang='lat' dir='ltr'><strong>Cor.</strong></span> <span class='ocrx_word' id='word_1_125' title='bbox 1870 1899 1992 1950; x_wconf 85' lang='lat' dir='ltr'><strong>VIII,</strong></span> <span class='ocrx_word' id='word_1_126' title='bbox 2024 1881 2102 1952; x_wconf 85' lang='lat'><strong>9).</strong></span> 
     </span>
    </p>
   </div>
   <div class='ocr_carea' id='block_1_19' title="bbox 469 1971 2103 2051">
    <p class='ocr_par' dir='ltr' id='par_1_19' title="bbox 469 1971 2103 2051">
     <span class='ocr_line' id='line_1_19' title="bbox 469 1971 2103 2051; baseline -0.01 -10"><span class='ocrx_word' id='word_1_127' title='bbox 469 2006 497 2036; x_wconf 74' lang='grc' dir='ltr'><strong>ί(</strong></span> <span class='ocrx_word' id='word_1_128' title='bbox 528 1982 849 2040; x_wconf 88' lang='lat' dir='ltr'><strong>Consilium</strong></span> <span class='ocrx_word' id='word_1_129' title='bbox 899 1979 1093 2051; x_wconf 88' lang='lat' dir='ltr'><strong>inopis</strong></span> <span class='ocrx_word' id='word_1_130' title='bbox 1151 1975 1539 2043; x_wconf 87' lang='lat' dir='ltr'><strong>confudistis;</strong></span> <span class='ocrx_word' id='word_1_131' title='bbox 1574 1995 1601 2023; x_wconf 83' lang='lat'><strong>»</strong></span> <span class='ocrx_word' id='word_1_132' title='bbox 1630 1972 1685 2029; x_wconf 90' lang='lat' dir='ltr'><strong>id</strong></span> <span class='ocrx_word' id='word_1_133' title='bbox 1719 1976 1827 2041; x_wconf 88' lang='lat' dir='ltr'><strong>est,</strong></span> <span class='ocrx_word' id='word_1_134' title='bbox 1859 1971 2103 2027; x_wconf 85' lang='lat' dir='ltr'><strong>Christi:</strong></span> 
     </span>
    </p>
   </div>
   <div class='ocr_carea' id='block_1_20' title="bbox 464 2065 2103 2145">
    <p class='ocr_par' dir='ltr' id='par_1_20' title="bbox 464 2065 2103 2145">
     <span class='ocr_line' id='line_1_20' title="bbox 464 2065 2103 2145; baseline -0.011 -13"><span class='ocrx_word' id='word_1_135' title='bbox 464 2093 579 2132; x_wconf 91' lang='lat' dir='ltr'><strong>non</strong></span> <span class='ocrx_word' id='word_1_136' title='bbox 610 2071 1003 2145; x_wconf 86' lang='lat' dir='ltr'><strong>intelligentes</strong></span> <span class='ocrx_word' id='word_1_137' title='bbox 1032 2085 1167 2125; x_wconf 91' lang='lat' dir='ltr'><strong>eum</strong></span> <span class='ocrx_word' id='word_1_138' title='bbox 1200 2086 1233 2124; x_wconf 90' lang='lat' dir='ltr'><strong>a</strong></span> <span class='ocrx_word' id='word_1_139' title='bbox 1265 2069 1376 2123; x_wconf 91' lang='lat' dir='ltr'><strong>Deo</strong></span> <span class='ocrx_word' id='word_1_140' title='bbox 1408 2065 1763 2138; x_wconf 88' lang='lat' dir='ltr'><strong>processisse</strong></span> <span class='ocrx_word' id='word_1_141' title='bbox 1792 2079 1926 2118; x_wconf 92' lang='lat' dir='ltr'><strong>cum</strong></span> <span class='ocrx_word' id='word_1_142' title='bbox 1960 2078 2103 2133; x_wconf 73' lang='lat' dir='ltr'><strong>prm-</strong></span> 
     </span>
    </p>
   </div>
   <div class='ocr_carea' id='block_1_21' title="bbox 461 2150 2107 2227">
    <p class='ocr_par' dir='ltr' id='par_1_21' title="bbox 461 2150 2107 2227">
     <span class='ocr_line' id='line_1_21' title="bbox 461 2150 2107 2227; baseline -0.01 -6"><span class='ocrx_word' id='word_1_143' title='bbox 461 2166 625 2221; x_wconf 90' lang='lat' dir='ltr'><strong>beret</strong></span> <span class='ocrx_word' id='word_1_144' title='bbox 656 2162 989 2227; x_wconf 87' lang='lat' dir='ltr'><strong>consilium,</strong></span> <span class='ocrx_word' id='word_1_145' title='bbox 1016 2159 1214 2214; x_wconf 89' lang='lat' dir='ltr'><strong>dicens</strong></span> <span class='ocrx_word' id='word_1_146' title='bbox 1240 2174 1252 2212; x_wconf 89' lang='lat'><strong>:</strong></span> <span class='ocrx_word' id='word_1_147' title='bbox 1284 2154 1686 2211; x_wconf 81' lang='lat' dir='ltr'><strong>Paenitentiam</strong></span> <span class='ocrx_word' id='word_1_148' title='bbox 1720 2152 1890 2225; x_wconf 86' lang='lat' dir='ltr'><strong>agite.</strong></span> <span class='ocrx_word' id='word_1_149' title='bbox 1932 2150 2107 2216; x_wconf 76' lang='lat' dir='ltr'><strong>«Quia</strong></span> 
     </span>
    </p>
   </div>
   <div class='ocr_carea' id='block_1_22' title="bbox 461 2244 2105 2322">
    <p class='ocr_par' dir='ltr' id='par_1_22' title="bbox 461 2244 2105 2322">
     <span class='ocr_line' id='line_1_22' title="bbox 461 2244 2105 2322; baseline -0.01 -12"><span class='ocrx_word' id='word_1_150' title='bbox 461 2253 749 2310; x_wconf 89' lang='lat' dir='ltr'><strong>Dominus</strong></span> <span class='ocrx_word' id='word_1_151' title='bbox 798 2267 932 2322; x_wconf 89' lang='lat' dir='ltr'><strong>spes</strong></span> <span class='ocrx_word' id='word_1_152' title='bbox 981 2249 1108 2320; x_wconf 88' lang='lat' dir='ltr'><strong>ejus</strong></span> <span class='ocrx_word' id='word_1_153' title='bbox 1158 2250 1264 2303; x_wconf 90' lang='lat' dir='ltr'><strong>est.</strong></span> <span class='ocrx_word' id='word_1_154' title='bbox 1301 2268 1328 2295; x_wconf 88' lang='grc'><strong>››</strong></span> <span class='ocrx_word' id='word_1_155' title='bbox 1377 2247 1545 2300; x_wconf 80' lang='lat' dir='ltr'><strong>Pater</strong></span> <span class='ocrx_word' id='word_1_156' title='bbox 1596 2244 1819 2315; x_wconf 89' lang='lat' dir='ltr'><strong>utique,</strong></span> <span class='ocrx_word' id='word_1_157' title='bbox 1871 2244 2105 2313; x_wconf 87' lang='lat' dir='ltr'><strong>propter</strong></span> 
     </span>
    </p>
   </div>
   <div class='ocr_carea' id='block_1_23' title="bbox 460 2331 2108 2413">
    <p class='ocr_par' dir='ltr' id='par_1_23' title="bbox 460 2331 2108 2413">
     <span class='ocr_line' id='line_1_23' title="bbox 460 2331 2108 2413; baseline -0.01 -14"><span class='ocrx_word' id='word_1_158' title='bbox 460 2346 826 2413; x_wconf 89' lang='lat' dir='ltr'><strong>assumptam</strong></span> <span class='ocrx_word' id='word_1_159' title='bbox 880 2354 1152 2394; x_wconf 88' lang='lat' dir='ltr'><strong>carnem:</strong></span> <span class='ocrx_word' id='word_1_160' title='bbox 1197 2335 1333 2406; x_wconf 80' lang='lat' dir='ltr'><strong>quia</strong></span> <span class='ocrx_word' id='word_1_161' title='bbox 1385 2332 1725 2388; x_wconf 82' lang='lat' dir='ltr'><strong>humanitas</strong></span> <span class='ocrx_word' id='word_1_162' title='bbox 1781 2331 2108 2386; x_wconf 86' lang='lat' dir='ltr'><strong>confortata</strong></span> 
     </span>
    </p>
   </div>
   <div class='ocr_carea' id='block_1_24' title="bbox 462 2428 967 2486">
    <p class='ocr_par' dir='ltr' id='par_1_24' title="bbox 462 2428 967 2486">
     <span class='ocr_line' id='line_1_24' title="bbox 462 2428 967 2486; baseline -0.012 0"><span class='ocrx_word' id='word_1_163' title='bbox 462 2436 551 2486; x_wconf 87' lang='lat' dir='ltr'><strong>est</strong></span> <span class='ocrx_word' id='word_1_164' title='bbox 580 2448 614 2484; x_wconf 90' lang='lat' dir='ltr'><strong>a</strong></span> <span class='ocrx_word' id='word_1_165' title='bbox 644 2428 967 2483; x_wconf 87' lang='lat' dir='ltr'><strong>divinitate.</strong></span> 
     </span>
    </p>
   </div>
   <div class='ocr_carea' id='block_1_25' title="bbox 531 2506 2105 2581">
    <p class='ocr_par' dir='ltr' id='par_1_25' title="bbox 531 2506 2105 2581">
     <span class='ocr_line' id='line_1_25' title="bbox 531 2506 2105 2581; baseline -0.006 -11"><span class='ocrx_word' id='word_1_166' title='bbox 531 2539 557 2570; x_wconf 73' lang='grc' dir='ltr'><strong>η</strong></span> <span class='ocrx_word' id='word_1_167' title='bbox 594 2518 734 2581; x_wconf 87' lang='lat' dir='ltr'><strong>Quis</strong></span> <span class='ocrx_word' id='word_1_168' title='bbox 792 2516 955 2571; x_wconf 89' lang='lat' dir='ltr'><strong>dabit</strong></span> <span class='ocrx_word' id='word_1_169' title='bbox 1011 2531 1080 2569; x_wconf 84' lang='lat' dir='ltr'><strong>ex</strong></span> <span class='ocrx_word' id='word_1_170' title='bbox 1132 2514 1267 2568; x_wconf 88' lang='lat' dir='ltr'><strong>Sicn</strong></span> <span class='ocrx_word' id='word_1_171' title='bbox 1328 2510 1584 2567; x_wconf 89' lang='lat' dir='ltr'><strong>salutare</strong></span> <span class='ocrx_word' id='word_1_172' title='bbox 1644 2507 1863 2565; x_wconf 86' lang='lat' dir='ltr'><strong>Israel?</strong></span> <span class='ocrx_word' id='word_1_173' title='bbox 1894 2529 1921 2555; x_wconf 86' lang='lat'>»</span> <span class='ocrx_word' id='word_1_174' title='bbox 1963 2506 2105 2572; x_wconf 87' lang='lat' dir='ltr'><strong>Quis</strong></span> 
     </span>
    </p>
   </div>
   <div class='ocr_carea' id='block_1_26' title="bbox 461 2594 2106 2676">
    <p class='ocr_par' dir='ltr' id='par_1_26' title="bbox 461 2594 2106 2676">
     <span class='ocr_line' id='line_1_26' title="bbox 461 2594 2106 2676; baseline -0.009 -14"><span class='ocrx_word' id='word_1_175' title='bbox 461 2607 572 2663; x_wconf 88' lang='lat' dir='ltr'><strong>nisi</strong></span> <span class='ocrx_word' id='word_1_176' title='bbox 604 2607 758 2661; x_wconf 91' lang='lat' dir='ltr'><strong>Deus</strong></span> <span class='ocrx_word' id='word_1_177' title='bbox 797 2604 899 2676; x_wconf 91' lang='lat' dir='ltr'><strong>qui</strong></span> <span class='ocrx_word' id='word_1_178' title='bbox 956 2607 1044 2659; x_wconf 89' lang='lat' dir='ltr'><strong>est</strong></span> <span class='ocrx_word' id='word_1_179' title='bbox 1092 2603 1149 2657; x_wconf 88' lang='lat' dir='ltr'><strong>in</strong></span> <span class='ocrx_word' id='word_1_180' title='bbox 1182 2601 1365 2657; x_wconf 78' lang='lat' dir='ltr'><strong>Sion?</strong></span> <span class='ocrx_word' id='word_1_181' title='bbox 1394 2599 1495 2654; x_wconf 91' lang='lat' dir='ltr'><strong>Ille</strong></span> <span class='ocrx_word' id='word_1_182' title='bbox 1527 2598 1688 2654; x_wconf 87' lang='lat' dir='ltr'><strong>dedit</strong></span> <span class='ocrx_word' id='word_1_183' title='bbox 1722 2596 1997 2661; x_wconf 90' lang='lat' dir='ltr'><strong>salutem,</strong></span> <span class='ocrx_word' id='word_1_184' title='bbox 2026 2594 2106 2665; x_wconf 90' lang='lat' dir='ltr'><strong>ip-</strong></span> 
     </span>
    </p>
   </div>
   <div class='ocr_carea' id='block_1_27' title="bbox 460 2682 2106 2752">
    <p class='ocr_par' dir='ltr' id='par_1_27' title="bbox 460 2682 2106 2752">
     <span class='ocr_line' id='line_1_27' title="bbox 460 2682 2106 2752; baseline -0.009 0"><span class='ocrx_word' id='word_1_185' title='bbox 460 2713 593 2752; x_wconf 90' lang='lat' dir='ltr'><strong>sum</strong></span> <span class='ocrx_word' id='word_1_186' title='bbox 623 2695 919 2752; x_wconf 88' lang='lat' dir='ltr'><strong>Christum</strong></span> <span class='ocrx_word' id='word_1_187' title='bbox 951 2693 1009 2746; x_wconf 89' lang='lat' dir='ltr'><strong>in</strong></span> <span class='ocrx_word' id='word_1_188' title='bbox 1058 2688 1318 2745; x_wconf 75' lang='lat' dir='ltr'><strong>Ecclesia</strong></span> <span class='ocrx_word' id='word_1_189' title='bbox 1374 2690 1594 2743; x_wconf 88' lang='lat' dir='ltr'><strong>sancta.</strong></span> <span class='ocrx_word' id='word_1_190' title='bbox 1654 2684 1866 2740; x_wconf 84' lang='lat' dir='ltr'><strong>Aliter:</strong></span> <span class='ocrx_word' id='word_1_191' title='bbox 1906 2705 1933 2733; x_wconf 85' lang='grc'><strong>‹‹</strong></span> <span class='ocrx_word' id='word_1_192' title='bbox 1966 2682 2106 2747; x_wconf 91' lang='lat' dir='ltr'><strong>Quis</strong></span> 
     </span>
    </p>
   </div>
   <div class='ocr_carea' id='block_1_28' title="bbox 462 2771 2109 2842">
    <p class='ocr_par' dir='ltr' id='par_1_28' title="bbox 462 2771 2109 2842">
     <span class='ocr_line' id='line_1_28' title="bbox 462 2771 2109 2842; baseline -0.009 -1"><span class='ocrx_word' id='word_1_193' title='bbox 462 2785 625 2842; x_wconf 88' lang='lat' dir='ltr'><strong>dabit</strong></span> <span class='ocrx_word' id='word_1_194' title='bbox 671 2800 740 2840; x_wconf 80' lang='lat' dir='ltr'><strong>ex</strong></span> <span class='ocrx_word' id='word_1_195' title='bbox 769 2783 907 2839; x_wconf 91' lang='lat' dir='ltr'><strong>Sion</strong></span> <span class='ocrx_word' id='word_1_196' title='bbox 952 2780 1207 2837; x_wconf 89' lang='lat' dir='ltr'><strong>salutare</strong></span> <span class='ocrx_word' id='word_1_197' title='bbox 1255 2777 1479 2834; x_wconf 83' lang='lat' dir='ltr'><strong>Israel?</strong></span> <span class='ocrx_word' id='word_1_198' title='bbox 1511 2799 1539 2828; x_wconf 88' lang='lat'>»</span> <span class='ocrx_word' id='word_1_199' title='bbox 1598 2773 1868 2838; x_wconf 87' lang='lat' dir='ltr'><strong>Christus</strong></span> <span class='ocrx_word' id='word_1_200' title='bbox 1915 2771 2109 2828; x_wconf 88' lang='lat' dir='ltr'><strong>Domi-</strong></span> 
     </span>
    </p>
   </div>
   <div class='ocr_carea' id='block_1_29' title="bbox 464 2862 2103 2945">
    <p class='ocr_par' dir='ltr' id='par_1_29' title="bbox 464 2862 2103 2945">
     <span class='ocr_line' id='line_1_29' title="bbox 464 2862 2103 2945; baseline -0.01 -15"><span class='ocrx_word' id='word_1_201' title='bbox 464 2892 596 2942; x_wconf 90' lang='lat' dir='ltr'><strong>nus,</strong></span> <span class='ocrx_word' id='word_1_202' title='bbox 639 2889 812 2945; x_wconf 89' lang='lat' dir='ltr'><strong>quem</strong></span> <span class='ocrx_word' id='word_1_203' title='bbox 868 2871 1230 2926; x_wconf 88' lang='lat' dir='ltr'><strong>habitatores</strong></span> <span class='ocrx_word' id='word_1_204' title='bbox 1279 2866 1439 2922; x_wconf 76' lang='lat' dir='ltr'><strong>illius</strong></span> <span class='ocrx_word' id='word_1_205' title='bbox 1497 2870 1739 2920; x_wconf 77' lang='lat' dir='ltr'><strong>terrena:</strong></span> <span class='ocrx_word' id='word_1_206' title='bbox 1789 2862 1928 2918; x_wconf 92' lang='lat' dir='ltr'><strong>Sion</strong></span> <span class='ocrx_word' id='word_1_207' title='bbox 1988 2878 2103 2916; x_wconf 89' lang='lat' dir='ltr'><strong>non</strong></span> 
     </span>
    </p>
   </div>
   <div class='ocr_carea' id='block_1_30' title="bbox 463 2949 2104 3023">
    <p class='ocr_par' dir='ltr' id='par_1_30' title="bbox 463 2949 2104 3023">
     <span class='ocr_line' id='line_1_30' title="bbox 463 2949 2104 3023; baseline -0.01 -4"><span class='ocrx_word' id='word_1_208' title='bbox 463 2961 853 3019; x_wconf 81' lang='lat' dir='ltr'><strong>crediderunt.</strong></span> <span class='ocrx_word' id='word_1_209' title='bbox 888 2980 915 3010; x_wconf 87' lang='lat'><strong>«</strong></span> <span class='ocrx_word' id='word_1_210' title='bbox 948 2959 1098 3014; x_wconf 90' lang='lat' dir='ltr'><strong>Dum</strong></span> <span class='ocrx_word' id='word_1_211' title='bbox 1120 2955 1390 3012; x_wconf 83' lang='lat' dir='ltr'><strong>averterit</strong></span> <span class='ocrx_word' id='word_1_212' title='bbox 1410 2953 1692 3008; x_wconf 90' lang='lat' dir='ltr'><strong>Dominus</strong></span> <span class='ocrx_word' id='word_1_213' title='bbox 1712 2949 2104 3023; x_wconf 85' lang='lat' dir='ltr'><strong>captivitatem</strong></span> 
     </span>
    </p>
   </div>
   <div class='ocr_carea' id='block_1_31' title="bbox 464 3036 2106 3124">
    <p class='ocr_par' dir='ltr' id='par_1_31' title="bbox 464 3036 2106 3124">
     <span class='ocr_line' id='line_1_31' title="bbox 464 3036 2106 3124; baseline -0.011 -16"><span class='ocrx_word' id='word_1_214' title='bbox 464 3051 649 3124; x_wconf 87' lang='lat' dir='ltr'><strong>plebis</strong></span> <span class='ocrx_word' id='word_1_215' title='bbox 694 3067 832 3106; x_wconf 75' lang='lat' dir='ltr'><strong>suae.</strong></span> <span class='ocrx_word' id='word_1_216' title='bbox 881 3068 905 3098; x_wconf 75' lang='grc' dir='ltr'>ιι</span> <span class='ocrx_word' id='word_1_217' title='bbox 938 3052 1067 3104; x_wconf 87' lang='lat' dir='ltr'><strong>Jam</strong></span> <span class='ocrx_word' id='word_1_218' title='bbox 1120 3042 1403 3115; x_wconf 89' lang='lat' dir='ltr'><strong>redempti</strong></span> <span class='ocrx_word' id='word_1_219' title='bbox 1436 3058 1645 3098; x_wconf 89' lang='lat' dir='ltr'><strong>sumus</strong></span> <span class='ocrx_word' id='word_1_220' title='bbox 1688 3040 1758 3095; x_wconf 91' lang='lat' dir='ltr'><strong>de</strong></span> <span class='ocrx_word' id='word_1_221' title='bbox 1787 3038 1887 3093; x_wconf 85' lang='lat' dir='ltr'><strong>illa</strong></span> <span class='ocrx_word' id='word_1_222' title='bbox 1930 3036 2106 3109; x_wconf 89' lang='lat' dir='ltr'><strong>capti-</strong></span> 
     </span>
    </p>
   </div>
   <div class='ocr_carea' id='block_1_32' title="bbox 462 3126 2106 3210">
    <p class='ocr_par' dir='ltr' id='par_1_32' title="bbox 462 3126 2106 3210">
     <span class='ocr_line' id='line_1_32' title="bbox 462 3126 2106 3210; baseline -0.01 -14"><span class='ocrx_word' id='word_1_223' title='bbox 462 3141 634 3197; x_wconf 89' lang='lat' dir='ltr'><strong>vitate</strong></span> <span class='ocrx_word' id='word_1_224' title='bbox 684 3135 1193 3210; x_wconf 83' lang='lat' dir='ltr'><strong>transgressionis,</strong></span> <span class='ocrx_word' id='word_1_225' title='bbox 1248 3134 1347 3189; x_wconf 91' lang='lat' dir='ltr'><strong>sed</strong></span> <span class='ocrx_word' id='word_1_226' title='bbox 1407 3131 1599 3187; x_wconf 92' lang='lat' dir='ltr'><strong>adhuc</strong></span> <span class='ocrx_word' id='word_1_227' title='bbox 1656 3130 1715 3183; x_wconf 92' lang='lat' dir='ltr'><strong>in</strong></span> <span class='ocrx_word' id='word_1_228' title='bbox 1774 3126 2106 3199; x_wconf 83' lang='lat' dir='ltr'><strong>captivitate</strong></span> 
     </span>
    </p>
   </div>
   <div class='ocr_carea' id='block_1_33' title="bbox 459 3216 2103 3292">
    <p class='ocr_par' dir='ltr' id='par_1_33' title="bbox 459 3216 2103 3292">
     <span class='ocr_line' id='line_1_33' title="bbox 459 3216 2103 3292; baseline -0.009 -9"><span class='ocrx_word' id='word_1_229' title='bbox 459 3230 589 3285; x_wconf 68' lang='lat' dir='ltr'><strong>vitae</strong></span> <span class='ocrx_word' id='word_1_230' title='bbox 620 3228 793 3284; x_wconf 89' lang='lat' dir='ltr'><strong>istius</strong></span> <span class='ocrx_word' id='word_1_231' title='bbox 823 3242 1051 3282; x_wconf 90' lang='lat' dir='ltr'><strong>sumus.</strong></span> <span class='ocrx_word' id='word_1_232' title='bbox 1086 3229 1151 3278; x_wconf 84' lang='lat' dir='ltr'><strong>Et</strong></span> <span class='ocrx_word' id='word_1_233' title='bbox 1182 3222 1385 3278; x_wconf 88' lang='lat' dir='ltr'><strong>aliter:</strong></span> <span class='ocrx_word' id='word_1_234' title='bbox 1419 3221 1499 3275; x_wconf 91' lang='lat' dir='ltr'><strong>De</strong></span> <span class='ocrx_word' id='word_1_235' title='bbox 1533 3221 1692 3292; x_wconf 87' lang='lat' dir='ltr'><strong>parte</strong></span> <span class='ocrx_word' id='word_1_236' title='bbox 1734 3216 2103 3288; x_wconf 74' lang='lat' dir='ltr'><strong>Judzeorum;</strong></span> 
     </span>
    </p>
   </div>
   <div class='ocr_carea' id='block_1_34' title="bbox 461 3304 2104 3390">
    <p class='ocr_par' dir='ltr' id='par_1_34' title="bbox 461 3304 2104 3390">
     <span class='ocr_line' id='line_1_34' title="bbox 461 3304 2104 3390; baseline -0.01 -16"><span class='ocrx_word' id='word_1_237' title='bbox 461 3318 614 3390; x_wconf 92' lang='lat' dir='ltr'><strong>quod</strong></span> <span class='ocrx_word' id='word_1_238' title='bbox 641 3317 770 3389; x_wconf 88' lang='lat' dir='ltr'><strong>ipsa</strong></span> <span class='ocrx_word' id='word_1_239' title='bbox 824 3319 1117 3371; x_wconf 86' lang='lat' dir='ltr'><strong>avertatur</strong></span> <span class='ocrx_word' id='word_1_240' title='bbox 1167 3313 1238 3368; x_wconf 90' lang='lat' dir='ltr'><strong>de</strong></span> <span class='ocrx_word' id='word_1_241' title='bbox 1292 3309 1619 3382; x_wconf 87' lang='lat' dir='ltr'><strong>captivitate</strong></span> <span class='ocrx_word' id='word_1_242' title='bbox 1679 3311 1939 3377; x_wconf 88' lang='lat' dir='ltr'><strong>tempore</strong></span> <span class='ocrx_word' id='word_1_243' title='bbox 1969 3304 2104 3360; x_wconf 74' lang='lat' dir='ltr'><strong>Elim</strong></span> 
     </span>
    </p>
   </div>
   <div class='ocr_carea' id='block_1_35' title="bbox 459 3392 2106 3477">
    <p class='ocr_par' dir='ltr' id='par_1_35' title="bbox 459 3392 2106 3477">
     <span class='ocr_line' id='line_1_35' title="bbox 459 3392 2106 3477; baseline -0.011 -14"><span class='ocrx_word' id='word_1_244' title='bbox 459 3412 517 3463; x_wconf 90' lang='lat' dir='ltr'><strong>et</strong></span> <span class='ocrx_word' id='word_1_245' title='bbox 590 3405 807 3468; x_wconf 89' lang='lat' dir='ltr'><strong>Enoch,</strong></span> <span class='ocrx_word' id='word_1_246' title='bbox 889 3407 953 3458; x_wconf 91' lang='lat' dir='ltr'><strong>ut</strong></span> <span class='ocrx_word' id='word_1_247' title='bbox 1018 3400 1235 3457; x_wconf 89' lang='lat' dir='ltr'><strong>Paulus</strong></span> <span class='ocrx_word' id='word_1_248' title='bbox 1306 3398 1488 3477; x_wconf 51' lang='lat' dir='ltr'><strong>dixit:</strong></span> <span class='ocrx_word' id='word_1_249' title='bbox 1560 3395 1695 3450; x_wconf 83' lang='lat' dir='ltr'><strong>Cum</strong></span> <span class='ocrx_word' id='word_1_250' title='bbox 1764 3392 2106 3461; x_wconf 78' lang='lat' dir='ltr'><strong>plenitudine</strong></span> 
     </span>
    </p>
   </div>
   <div class='ocr_carea' id='block_1_36' title="bbox 457 3480 2105 3564">
    <p class='ocr_par' dir='ltr' id='par_1_36' title="bbox 457 3480 2105 3564">
     <span class='ocr_line' id='line_1_36' title="bbox 457 3480 2105 3564; baseline -0.01 -14"><span class='ocrx_word' id='word_1_251' title='bbox 457 3496 705 3564; x_wconf 85' lang='lat' dir='ltr'><strong>gentium</strong></span> <span class='ocrx_word' id='word_1_252' title='bbox 732 3492 1145 3558; x_wconf 81' lang='lat' dir='ltr'><strong>subintraverit,</strong></span> <span class='ocrx_word' id='word_1_253' title='bbox 1177 3494 1312 3543; x_wconf 82' lang='lat' dir='ltr'><strong>tunc</strong></span> <span class='ocrx_word' id='word_1_254' title='bbox 1361 3487 1541 3542; x_wconf 81' lang='lat' dir='ltr'><strong>omnis</strong></span> <span class='ocrx_word' id='word_1_255' title='bbox 1582 3484 1750 3539; x_wconf 83' lang='lat' dir='ltr'><strong>Israel</strong></span> <span class='ocrx_word' id='word_1_256' title='bbox 1798 3482 1983 3536; x_wconf 83' lang='lat' dir='ltr'><strong>salvus</strong></span> <span class='ocrx_word' id='word_1_257' title='bbox 2011 3480 2105 3549; x_wconf 80' lang='lat' dir='ltr'><strong>ﬁet</strong></span> 
     </span>
    </p>
   </div>
   <div class='ocr_carea' id='block_1_37' title="bbox 398 3570 2103 3659">
    <p class='ocr_par' dir='ltr' id='par_1_37' title="bbox 398 3570 2103 3659">
     <span class='ocr_line' id='line_1_37' title="bbox 398 3570 2103 3659; baseline -0.009 -21"><span class='ocrx_word' id='word_1_258' title='bbox 398 3654 401 3659; x_wconf 10' lang='grc' dir='ltr'><strong>ξ</strong></span> <span class='ocrx_word' id='word_1_259' title='bbox 460 3585 632 3652; x_wconf 84' lang='lat' dir='ltr'><strong><em>(Rom.</em></strong></span> <span class='ocrx_word' id='word_1_260' title='bbox 666 3598 744 3648; x_wconf 81' lang='lat' dir='ltr'><strong>x1,</strong></span> <span class='ocrx_word' id='word_1_261' title='bbox 774 3581 866 3650; x_wconf 86' lang='lat'><strong>25,</strong></span> <span class='ocrx_word' id='word_1_262' title='bbox 896 3579 1010 3652; x_wconf 83' lang='lat'><strong>26).</strong></span> <span class='ocrx_word' id='word_1_263' title='bbox 1070 3577 1280 3633; x_wconf 81' lang='lat' dir='ltr'><strong>Aliter:</strong></span> <span class='ocrx_word' id='word_1_264' title='bbox 1340 3576 1491 3630; x_wconf 89' lang='lat' dir='ltr'><strong>Dum</strong></span> <span class='ocrx_word' id='word_1_265' title='bbox 1550 3576 1770 3629; x_wconf 85' lang='lat' dir='ltr'><strong>avertet</strong></span> <span class='ocrx_word' id='word_1_266' title='bbox 1817 3570 2103 3625; x_wconf 89' lang='lat' dir='ltr'><strong>Dominus</strong></span> 
     </span>
    </p>
   </div>
   <div class='ocr_carea' id='block_1_38' title="bbox 460 3658 2101 3743">
    <p class='ocr_par' dir='ltr' id='par_1_38' title="bbox 460 3658 2101 3743">
     <span class='ocr_line' id='line_1_38' title="bbox 460 3658 2101 3743; baseline -0.007 -18"><span class='ocrx_word' id='word_1_267' title='bbox 460 3670 852 3743; x_wconf 84' lang='lat' dir='ltr'><strong>captivitatem</strong></span> <span class='ocrx_word' id='word_1_268' title='bbox 885 3668 1071 3740; x_wconf 89' lang='lat' dir='ltr'><strong>plebis</strong></span> <span class='ocrx_word' id='word_1_269' title='bbox 1115 3683 1233 3721; x_wconf 71' lang='lat' dir='ltr'><strong>sua:</strong></span> <span class='ocrx_word' id='word_1_270' title='bbox 1284 3681 1385 3737; x_wconf 91' lang='lat' dir='ltr'><strong>per</strong></span> <span class='ocrx_word' id='word_1_271' title='bbox 1416 3662 1712 3735; x_wconf 83' lang='lat' dir='ltr'><strong>propriam</strong></span> <span class='ocrx_word' id='word_1_272' title='bbox 1747 3658 2101 3739; x_wconf 84' lang='lat' dir='ltr'><strong>passionem.</strong></span> 
     </span>
    </p>
   </div>
   <div class='ocr_carea' id='block_1_39' title="bbox 462 3730 2103 3823">
    <p class='ocr_par' dir='ltr' id='par_1_39' title="bbox 462 3730 2103 3823">
     <span class='ocr_line' id='line_1_39' title="bbox 462 3730 2103 3823; baseline -0.008 -8"><span class='ocrx_word' id='word_1_273' title='bbox 462 3783 489 3809; x_wconf 77' lang='grc' dir='ltr'><strong>(ι</strong></span> <span class='ocrx_word' id='word_1_274' title='bbox 523 3730 776 3815; x_wconf 55' lang='lat' dir='ltr'><strong>iactetur</strong></span> <span class='ocrx_word' id='word_1_275' title='bbox 805 3730 1007 3823; x_wconf 75' lang='lat' dir='ltr'><strong>Jacob,</strong></span> <span class='ocrx_word' id='word_1_276' title='bbox 1039 3761 1098 3811; x_wconf 86' lang='lat' dir='ltr'><strong>et</strong></span> <span class='ocrx_word' id='word_1_277' title='bbox 1139 3730 1386 3810; x_wconf 82' lang='lat' dir='ltr'><strong>exsultet</strong></span> <span class='ocrx_word' id='word_1_278' title='bbox 1416 3730 1610 3807; x_wconf 72' lang='lat' dir='ltr'><strong>Israel.</strong></span> <span class='ocrx_word' id='word_1_279' title='bbox 1650 3773 1669 3800; x_wconf 78' lang='grc' dir='ltr'><strong>ιι</strong></span> <span class='ocrx_word' id='word_1_280' title='bbox 1705 3730 1837 3821; x_wconf 82' lang='lat' dir='ltr'><strong>Ipse</strong></span> <span class='ocrx_word' id='word_1_281' title='bbox 1867 3754 1955 3804; x_wconf 88' lang='lat' dir='ltr'><strong>est</strong></span> <span class='ocrx_word' id='word_1_282' title='bbox 2004 3730 2103 3803; x_wconf 80' lang='lat' dir='ltr'><strong>Ja-</strong></span> 
     </span>
    </p>
   </div>
   <div class='ocr_carea' id='block_1_40' title="bbox 461 3837 2101 3919">
    <p class='ocr_par' dir='ltr' id='par_1_40' title="bbox 461 3837 2101 3919">
     <span class='ocr_line' id='line_1_40' title="bbox 461 3837 2101 3919; baseline -0.007 -16"><span class='ocrx_word' id='word_1_283' title='bbox 461 3848 565 3904; x_wconf 90' lang='lat' dir='ltr'><strong>cob</strong></span> <span class='ocrx_word' id='word_1_284' title='bbox 598 3848 698 3919; x_wconf 87' lang='lat' dir='ltr'><strong>qui</strong></span> <span class='ocrx_word' id='word_1_285' title='bbox 746 3851 834 3903; x_wconf 89' lang='lat' dir='ltr'><strong>est</strong></span> <span class='ocrx_word' id='word_1_286' title='bbox 864 3845 1079 3901; x_wconf 82' lang='lat' dir='ltr'><strong>lerael:</strong></span> <span class='ocrx_word' id='word_1_287' title='bbox 1136 3844 1239 3899; x_wconf 91' lang='lat' dir='ltr'><strong>sed</strong></span> <span class='ocrx_word' id='word_1_288' title='bbox 1270 3843 1363 3897; x_wconf 89' lang='lat' dir='ltr'><strong>hic</strong></span> <span class='ocrx_word' id='word_1_289' title='bbox 1417 3841 1618 3909; x_wconf 88' lang='lat' dir='ltr'><strong>Jacob,</strong></span> <span class='ocrx_word' id='word_1_290' title='bbox 1650 3844 1708 3894; x_wconf 90' lang='lat' dir='ltr'><strong>et</strong></span> <span class='ocrx_word' id='word_1_291' title='bbox 1754 3838 1873 3893; x_wconf 90' lang='lat' dir='ltr'><strong>illic</strong></span> <span class='ocrx_word' id='word_1_292' title='bbox 1905 3837 2101 3893; x_wconf 90' lang='lat' dir='ltr'><strong>lsracl.</strong></span> 
     </span>
    </p>
   </div>
   <div class='ocr_carea' id='block_1_41' title="bbox 460 3926 2102 4009">
    <p class='ocr_par' dir='ltr' id='par_1_41' title="bbox 460 3926 2102 4009">
     <span class='ocr_line' id='line_1_41' title="bbox 460 3926 2102 4009; baseline -0.008 -16"><span class='ocrx_word' id='word_1_293' title='bbox 460 3938 565 3993; x_wconf 86' lang='lat' dir='ltr'><strong>Hic</strong></span> <span class='ocrx_word' id='word_1_294' title='bbox 593 3937 976 4009; x_wconf 79' lang='lat' dir='ltr'><strong>supplantator</strong></span> <span class='ocrx_word' id='word_1_295' title='bbox 1011 3933 1303 3999; x_wconf 89' lang='lat' dir='ltr'><strong>vitiorum,</strong></span> <span class='ocrx_word' id='word_1_296' title='bbox 1359 3935 1418 3986; x_wconf 92' lang='lat' dir='ltr'><strong>at</strong></span> <span class='ocrx_word' id='word_1_297' title='bbox 1445 3928 1564 3984; x_wconf 92' lang='lat' dir='ltr'><strong>illic</strong></span> <span class='ocrx_word' id='word_1_298' title='bbox 1602 3927 1790 3983; x_wconf 84' lang='lat' dir='ltr'><strong>videns</strong></span> <span class='ocrx_word' id='word_1_299' title='bbox 1819 3929 1989 3982; x_wconf 91' lang='lat' dir='ltr'><strong>Deum</strong></span> <span class='ocrx_word' id='word_1_300' title='bbox 2020 3926 2102 3981; x_wconf 77' lang='lat' dir='ltr'><strong>fa~</strong></span> 
     </span>
    </p>
   </div>
   <div class='ocr_carea' id='block_1_42' title="bbox 460 4015 2102 4097">
    <p class='ocr_par' dir='ltr' id='par_1_42' title="bbox 460 4015 2102 4097">
     <span class='ocr_line' id='line_1_42' title="bbox 460 4015 2102 4097; baseline -0.009 -14"><span class='ocrx_word' id='word_1_301' title='bbox 460 4028 545 4083; x_wconf 89' lang='lat' dir='ltr'><strong>cie</strong></span> <span class='ocrx_word' id='word_1_302' title='bbox 575 4029 646 4083; x_wconf 92' lang='lat' dir='ltr'><strong>ad</strong></span> <span class='ocrx_word' id='word_1_303' title='bbox 678 4026 918 4082; x_wconf 88' lang='lat' dir='ltr'><strong>faciem:</strong></span> <span class='ocrx_word' id='word_1_304' title='bbox 940 4022 1173 4097; x_wconf 87' lang='lat' dir='ltr'><strong>quando</strong></span> <span class='ocrx_word' id='word_1_305' title='bbox 1203 4022 1312 4079; x_wconf 89' lang='lat' dir='ltr'><strong>erit</strong></span> <span class='ocrx_word' id='word_1_306' title='bbox 1336 4022 1483 4075; x_wconf 91' lang='lat' dir='ltr'><strong>Deus</strong></span> <span class='ocrx_word' id='word_1_307' title='bbox 1509 4017 1707 4074; x_wconf 90' lang='lat' dir='ltr'><strong>omnia</strong></span> <span class='ocrx_word' id='word_1_308' title='bbox 1736 4017 1795 4071; x_wconf 91' lang='lat' dir='ltr'><strong>in</strong></span> <span class='ocrx_word' id='word_1_309' title='bbox 1828 4015 2102 4071; x_wconf 87' lang='lat' dir='ltr'><strong>omnibus</strong></span> 
     </span>
    </p>
   </div>
   <div class='ocr_carea' id='block_1_43' title="bbox 458 4106 2103 4189">
    <p class='ocr_par' dir='ltr' id='par_1_43' title="bbox 458 4106 2103 4189">
     <span class='ocr_line' id='line_1_43' title="bbox 458 4106 2103 4189; baseline -0.009 -16"><span class='ocrx_word' id='word_1_310' title='bbox 458 4117 656 4189; x_wconf 74' lang='lat'><strong>(1601&#39;.</strong></span> <span class='ocrx_word' id='word_1_311' title='bbox 711 4132 798 4183; x_wconf 82' lang='lat' dir='ltr'><strong>xv,</strong></span> <span class='ocrx_word' id='word_1_312' title='bbox 829 4115 949 4169; x_wconf 84' lang='lat'><strong>28:</strong></span> <span class='ocrx_word' id='word_1_313' title='bbox 1014 4112 1136 4184; x_wconf 88' lang='lat' dir='ltr'><strong>qui,</strong></span> <span class='ocrx_word' id='word_1_314' title='bbox 1186 4108 1401 4165; x_wconf 89' lang='lat' dir='ltr'><strong>relictis</strong></span> <span class='ocrx_word' id='word_1_315' title='bbox 1451 4106 1850 4176; x_wconf 73' lang='lat' dir='ltr'><strong>saecularibus,</strong></span> <span class='ocrx_word' id='word_1_316' title='bbox 1908 4108 2103 4159; x_wconf 90' lang='lat' dir='ltr'><strong>mente</strong></span> 
     </span>
    </p>
   </div>
   <div class='ocr_carea' id='block_1_44' title="bbox 458 4193 2099 4266">
    <p class='ocr_par' dir='ltr' id='par_1_44' title="bbox 458 4193 2099 4266">
     <span class='ocr_line' id='line_1_44' title="bbox 458 4193 2099 4266; baseline -0.008 -5"><span class='ocrx_word' id='word_1_317' title='bbox 458 4206 774 4261; x_wconf 91' lang='lat' dir='ltr'><strong>Dominum</strong></span> <span class='ocrx_word' id='word_1_318' title='bbox 804 4206 1131 4259; x_wconf 87' lang='lat' dir='ltr'><strong>contuetur.</strong></span> <span class='ocrx_word' id='word_1_319' title='bbox 1165 4200 1271 4266; x_wconf 89' lang='lat' dir='ltr'><strong>Qui</strong></span> <span class='ocrx_word' id='word_1_320' title='bbox 1304 4197 1473 4254; x_wconf 89' lang='lat' dir='ltr'><strong>nobis</strong></span> <span class='ocrx_word' id='word_1_321' title='bbox 1501 4196 1759 4251; x_wconf 77' lang='lat' dir='ltr'><strong>tribuere</strong></span> <span class='ocrx_word' id='word_1_322' title='bbox 1790 4193 2060 4264; x_wconf 83' lang='lat' dir='ltr'><strong>dignetur</strong></span> <span class='ocrx_word' id='word_1_323' title='bbox 2086 4209 2099 4248; x_wconf 91' lang='lat'><strong>:</strong></span> 
     </span>
    </p>
   </div>
   <div class='ocr_carea' id='block_1_45' title="bbox 458 4282 2102 4360">
    <p class='ocr_par' dir='ltr' id='par_1_45' title="bbox 458 4282 2102 4360">
     <span class='ocr_line' id='line_1_45' title="bbox 458 4282 2102 4360; baseline -0.007 -11"><span class='ocrx_word' id='word_1_324' title='bbox 458 4298 524 4349; x_wconf 92' lang='lat' dir='ltr'><strong>ut</strong></span> <span class='ocrx_word' id='word_1_325' title='bbox 553 4310 659 4349; x_wconf 90' lang='lat' dir='ltr'><strong>nos</strong></span> <span class='ocrx_word' id='word_1_326' title='bbox 690 4297 819 4348; x_wconf 85' lang='lat' dir='ltr'><strong>actu</strong></span> <span class='ocrx_word' id='word_1_327' title='bbox 844 4292 1025 4348; x_wconf 89' lang='lat' dir='ltr'><strong>Jacob</strong></span> <span class='ocrx_word' id='word_1_328' title='bbox 1054 4289 1261 4357; x_wconf 77' lang='lat' dir='ltr'><strong>eﬁ‘ecti,</strong></span> <span class='ocrx_word' id='word_1_329' title='bbox 1282 4284 1673 4360; x_wconf 87' lang='lat' dir='ltr'><strong>supplantatis</strong></span> <span class='ocrx_word' id='word_1_330' title='bbox 1704 4282 1858 4338; x_wconf 89' lang='lat' dir='ltr'><strong>vitiis</strong></span> <span class='ocrx_word' id='word_1_331' title='bbox 1888 4287 1945 4338; x_wconf 87' lang='lat' dir='ltr'><strong>et</strong></span> <span class='ocrx_word' id='word_1_332' title='bbox 1971 4298 2102 4338; x_wconf 86' lang='lat' dir='ltr'><strong>vere</strong></span> 
     </span>
    </p>
   </div>
   <div class='ocr_carea' id='block_1_46' title="bbox 461 4372 2098 4452">
    <p class='ocr_par' dir='ltr' id='par_1_46' title="bbox 461 4372 2098 4452">
     <span class='ocr_line' id='line_1_46' title="bbox 461 4372 2098 4452; baseline -0.007 -15"><span class='ocrx_word' id='word_1_333' title='bbox 461 4381 751 4452; x_wconf 63' lang='lat' dir='ltr'><strong>Israelita,</strong></span> <span class='ocrx_word' id='word_1_334' title='bbox 786 4380 983 4452; x_wconf 91' lang='lat' dir='ltr'><strong>ipsum</strong></span> <span class='ocrx_word' id='word_1_335' title='bbox 1032 4382 1227 4435; x_wconf 88' lang='lat' dir='ltr'><strong>mente</strong></span> <span class='ocrx_word' id='word_1_336' title='bbox 1273 4377 1489 4443; x_wconf 90' lang='lat' dir='ltr'><strong>videre,</strong></span> <span class='ocrx_word' id='word_1_337' title='bbox 1540 4375 1737 4446; x_wconf 91' lang='lat' dir='ltr'><strong>ipsum</strong></span> <span class='ocrx_word' id='word_1_338' title='bbox 1783 4372 1954 4427; x_wconf 90' lang='lat' dir='ltr'><strong>corde</strong></span> <span class='ocrx_word' id='word_1_339' title='bbox 2009 4375 2098 4426; x_wconf 84' lang='lat' dir='ltr'><strong>te-</strong></span> 
     </span>
    </p>
   </div>
   <div class='ocr_carea' id='block_1_47' title="bbox 458 4460 2099 4540">
    <p class='ocr_par' dir='ltr' id='par_1_47' title="bbox 458 4460 2099 4540">
     <span class='ocr_line' id='line_1_47' title="bbox 458 4460 2099 4540; baseline -0.007 -12"><span class='ocrx_word' id='word_1_340' title='bbox 458 4487 595 4528; x_wconf 85' lang='lat' dir='ltr'><strong>nere</strong></span> <span class='ocrx_word' id='word_1_341' title='bbox 617 4487 966 4540; x_wconf 90' lang='lat' dir='ltr'><strong>mereamur,</strong></span> <span class='ocrx_word' id='word_1_342' title='bbox 990 4469 1084 4525; x_wconf 91' lang='lat' dir='ltr'><strong>cui</strong></span> <span class='ocrx_word' id='word_1_343' title='bbox 1113 4473 1202 4525; x_wconf 88' lang='lat' dir='ltr'><strong>est</strong></span> <span class='ocrx_word' id='word_1_344' title='bbox 1227 4483 1358 4523; x_wconf 91' lang='lat' dir='ltr'><strong>cum</strong></span> <span class='ocrx_word' id='word_1_345' title='bbox 1383 4468 1595 4520; x_wconf 78' lang='lat' dir='ltr'><strong>aeterno</strong></span> <span class='ocrx_word' id='word_1_346' title='bbox 1615 4464 1784 4519; x_wconf 88' lang='lat' dir='ltr'><strong>Patre</strong></span> <span class='ocrx_word' id='word_1_347' title='bbox 1804 4466 1860 4517; x_wconf 89' lang='lat' dir='ltr'><strong>et</strong></span> <span class='ocrx_word' id='word_1_348' title='bbox 1879 4460 2099 4533; x_wconf 87' lang='lat' dir='ltr'><strong>Spiritu</strong></span> 
     </span>
    </p>
   </div>
   <div class='ocr_carea' id='block_1_48' title="bbox 457 4551 2373 4654">
    <p class='ocr_par' dir='ltr' id='par_1_48' title="bbox 457 4551 2373 4654">
     <span class='ocr_line' id='line_1_48' title="bbox 457 4551 2373 4654; baseline -0.01 -35"><span class='ocrx_word' id='word_1_349' title='bbox 457 4563 661 4619; x_wconf 89' lang='lat' dir='ltr'><strong>sancto</strong></span> <span class='ocrx_word' id='word_1_350' title='bbox 691 4559 879 4615; x_wconf 90' lang='lat' dir='ltr'><strong>honor</strong></span> <span class='ocrx_word' id='word_1_351' title='bbox 900 4562 956 4615; x_wconf 91' lang='lat' dir='ltr'><strong>et</strong></span> <span class='ocrx_word' id='word_1_352' title='bbox 974 4557 1239 4630; x_wconf 83' lang='lat' dir='ltr'><strong>gloriain</strong></span> <span class='ocrx_word' id='word_1_353' title='bbox 1271 4554 1484 4612; x_wconf 69' lang='lat' dir='ltr'><strong>saecula</strong></span> <span class='ocrx_word' id='word_1_354' title='bbox 1500 4551 1868 4608; x_wconf 79' lang='lat' dir='ltr'><strong>saeculorum.</strong></span> <span class='ocrx_word' id='word_1_355' title='bbox 1891 4553 2097 4605; x_wconf 85' lang='lat' dir='ltr'><strong>Amen.</strong></span> <span class='ocrx_word' id='word_1_356' title='bbox 2133 4590 2179 4654; x_wconf 69' lang='grc' dir='ltr'><strong>Β</strong></span> <span class='ocrx_word' id='word_1_357' title='bbox 2212 4580 2373 4635; x_wconf 53' lang='lat' dir='ltr'><strong>tiam.</strong></span> 
     </span>
    </p>
   </div>
   <div class='ocr_carea' id='block_1_49' title="bbox 1005 4641 1578 4705">
    <p class='ocr_par' dir='ltr' id='par_1_49' title="bbox 1005 4641 1578 4705">
     <span class='ocr_line' id='line_1_49' title="bbox 1005 4641 1578 4705; baseline -0.014 -3"><span class='ocrx_word' id='word_1_358' title='bbox 1005 4644 1337 4702; x_wconf 86' lang='lat' dir='ltr'><strong>PSALMUS</strong></span> <span class='ocrx_word' id='word_1_359' title='bbox 1394 4641 1537 4705; x_wconf 81' lang='lat' dir='ltr'><strong>XIV.</strong></span> <span class='ocrx_word' id='word_1_360' title='bbox 1574 4656 1578 4661; x_wconf 87' lang='grc'>·</span> 
     </span>
    </p>
   </div>
   <div class='ocr_carea' id='block_1_50' title="bbox 459 4724 2100 4808">
    <p class='ocr_par' dir='ltr' id='par_1_50' title="bbox 459 4724 2100 4808">
     <span class='ocr_line' id='line_1_50' title="bbox 459 4724 2100 4808; baseline -0.012 -11"><span class='ocrx_word' id='word_1_361' title='bbox 459 4741 708 4797; x_wconf 84' lang='lat' dir='ltr'><strong>Psalmus</strong></span> <span class='ocrx_word' id='word_1_362' title='bbox 741 4736 946 4794; x_wconf 86' lang='lat' dir='ltr'><strong>David.</strong></span> <span class='ocrx_word' id='word_1_363' title='bbox 978 4736 1607 4808; x_wconf 84' lang='lat' dir='ltr'><strong>Opportune_quartu_s_</strong></span> <span class='ocrx_word' id='word_1_364' title='bbox 1636 4727 1898 4808; x_wconf 76' lang='lat' dir='ltr'><strong>decimus</strong></span> <span class='ocrx_word' id='word_1_365' title='bbox 1948 4724 2100 4808; x_wconf 75' lang='lat' dir='ltr'><strong>psal-</strong></span> 
     </span>
    </p>
   </div>
   <div class='ocr_carea' id='block_1_51' title="bbox 531 4797 2101 4874">
    <p class='ocr_par' dir='ltr' id='par_1_51' title="bbox 531 4797 2101 4874">
     <span class='ocr_line' id='line_1_51' title="bbox 531 4797 2101 4874; baseline -0.011 -7"><span class='ocrx_word' id='word_1_366' title='bbox 531 4828 665 4867; x_wconf 89' lang='lat' dir='ltr'><strong>mus</strong></span> <span class='ocrx_word' id='word_1_367' title='bbox 696 4809 881 4865; x_wconf 88' lang='lat' dir='ltr'><strong>lectus</strong></span> <span class='ocrx_word' id='word_1_368' title='bbox 907 4797 1099 4874; x_wconf 44' lang='lat' dir='ltr'><strong>est,‘e-t</strong></span> <span class='ocrx_word' id='word_1_369' title='bbox 1129 4797 1453 4861; x_wconf 79' lang='lat' dir='ltr'><strong>secundum</strong></span> <span class='ocrx_word' id='word_1_370' title='bbox 1485 4799 1749 4874; x_wconf 79' lang='lat' dir='ltr'><strong>ordinem</strong></span> <span class='ocrx_word' id='word_1_371' title='bbox 1782 4798 1862 4852; x_wconf 90' lang='lat' dir='ltr'><strong>ita</strong></span> <span class='ocrx_word' id='word_1_372' title='bbox 1886 4797 2101 4874; x_wconf 71' lang='lat' dir='ltr'><strong>evenit,</strong></span> 
     </span>
    </p>
   </div>
   <div class='ocr_carea' id='block_1_52' title="bbox 532 4869 2103 4953">
    <p class='ocr_par' dir='ltr' id='par_1_52' title="bbox 532 4869 2103 4953">
     <span class='ocr_line' id='line_1_52' title="bbox 532 4869 2103 4953; baseline -0.01 -16"><span class='ocrx_word' id='word_1_373' title='bbox 532 4887 598 4937; x_wconf 91' lang='lat' dir='ltr'><strong>ut</strong></span> <span class='ocrx_word' id='word_1_374' title='bbox 627 4869 1046 4953; x_wconf 82' lang='lat' dir='ltr'><strong>propemodum</strong></span> <span class='ocrx_word' id='word_1_375' title='bbox 1079 4879 1178 4953; x_wconf 81' lang='lat' dir='ltr'><strong>de_</strong></span> <span class='ocrx_word' id='word_1_376' title='bbox 1200 4874 1489 4953; x_wconf 81' lang='lat' dir='ltr'><strong>industria</strong></span> <span class='ocrx_word' id='word_1_377' title='bbox 1532 4871 1718 4953; x_wconf 78' lang='lat' dir='ltr'><strong>lectus</strong></span> <span class='ocrx_word' id='word_1_378' title='bbox 1749 4885 1877 4953; x_wconf 78' lang='lat' dir='ltr'><strong>esse</strong></span> <span class='ocrx_word' id='word_1_379' title='bbox 1906 4869 2103 4953; x_wconf 57' lang='lat' dir='ltr'><strong>videa-</strong></span> 
     </span>
    </p>
   </div>
   <div class='ocr_carea' id='block_1_53' title="bbox 532 4939 2107 5018">
    <p class='ocr_par' dir='ltr' id='par_1_53' title="bbox 532 4939 2107 5018">
     <span class='ocr_line' id='line_1_53' title="bbox 532 4939 2107 5018; baseline -0.01 -10"><span class='ocrx_word' id='word_1_380' title='bbox 532 4939 648 5018; x_wconf 58' lang='lat' dir='ltr'><strong>tur:</strong></span> <span class='ocrx_word' id='word_1_381' title='bbox 681 4939 1006 5008; x_wconf 70' lang='lat' dir='ltr'><strong>secundum</strong></span> <span class='ocrx_word' id='word_1_382' title='bbox 1056 4950 1322 5005; x_wconf 91' lang='lat' dir='ltr'><strong>ordinem</strong></span> <span class='ocrx_word' id='word_1_383' title='bbox 1354 4946 1540 5001; x_wconf 88' lang='lat' dir='ltr'><strong>lectus</strong></span> <span class='ocrx_word' id='word_1_384' title='bbox 1590 4948 1679 4998; x_wconf 91' lang='lat' dir='ltr'><strong>est</strong></span> <span class='ocrx_word' id='word_1_385' title='bbox 1708 4939 1990 5018; x_wconf 86' lang='lat' dir='ltr'><strong>psalmus.</strong></span> <span class='ocrx_word' id='word_1_386' title='bbox 2028 4940 2107 5018; x_wconf 61' lang='lat' dir='ltr'><strong>Ea</strong></span> 
     </span>
    </p>
   </div>
   <div class='ocr_carea' id='block_1_54' title="bbox 535 5012 2102 5095">
    <p class='ocr_par' dir='ltr' id='par_1_54' title="bbox 535 5012 2102 5095">
     <span class='ocr_line' id='line_1_54' title="bbox 535 5012 2102 5095; baseline -0.01 -15"><span class='ocrx_word' id='word_1_387' title='bbox 535 5012 968 5095; x_wconf 82' lang='lat' dir='ltr'><strong>dispensatione</strong></span> <span class='ocrx_word' id='word_1_388' title='bbox 1022 5021 1115 5077; x_wconf 92' lang='lat' dir='ltr'><strong>Dei</strong></span> <span class='ocrx_word' id='word_1_389' title='bbox 1169 5025 1311 5095; x_wconf 77' lang='lat' dir='ltr'><strong>puto</strong></span> <span class='ocrx_word' id='word_1_390' title='bbox 1365 5020 1580 5071; x_wconf 80' lang='lat' dir='ltr'><strong>factum</strong></span> <span class='ocrx_word' id='word_1_391' title='bbox 1613 5028 1777 5095; x_wconf 50' lang='lat' dir='ltr'><strong>esse}</strong></span> <span class='ocrx_word' id='word_1_392' title='bbox 1834 5017 1893 5095; x_wconf 76' lang='lat' dir='ltr'><strong>ut</strong></span> <span class='ocrx_word' id='word_1_393' title='bbox 1950 5012 2102 5092; x_wconf 83' lang='lat' dir='ltr'><strong>quod</strong></span> 
     </span>
    </p>
   </div>
   <div class='ocr_carea' id='block_1_55' title="bbox 536 5083 2104 5166">
    <p class='ocr_par' dir='ltr' id='par_1_55' title="bbox 536 5083 2104 5166">
     <span class='ocr_line' id='line_1_55' title="bbox 536 5083 2104 5166; baseline -0.01 -15"><span class='ocrx_word' id='word_1_394' title='bbox 536 5083 699 5150; x_wconf 70' lang='lat' dir='ltr'><strong>vobis</strong></span> <span class='ocrx_word' id='word_1_395' title='bbox 747 5095 1040 5166; x_wconf 89' lang='lat' dir='ltr'><strong>proderat,</strong></span> <span class='ocrx_word' id='word_1_396' title='bbox 1073 5098 1139 5166; x_wconf 85' lang='lat' dir='ltr'><strong>ut</strong></span> <span class='ocrx_word' id='word_1_397' title='bbox 1167 5083 1371 5166; x_wconf 80' lang='lat' dir='ltr'><strong>ordine</strong></span> <span class='ocrx_word' id='word_1_398' title='bbox 1400 5083 1941 5166; x_wconf 34' lang='lat' dir='ltr'><strong>exponendi‘hodie.</strong></span> <span class='ocrx_word' id='word_1_399' title='bbox 1961 5084 2104 5163; x_wconf 49' lang='lat' dir='ltr'><strong>reci:</strong></span> 
     </span>
    </p>
   </div>
   <div class='ocr_carea' id='block_1_56' title="bbox 534 5154 2104 5231">
    <p class='ocr_par' dir='ltr' id='par_1_56' title="bbox 534 5154 2104 5231">
     <span class='ocr_line' id='line_1_56' title="bbox 534 5154 2104 5231; baseline -0.01 -10"><span class='ocrx_word' id='word_1_400' title='bbox 534 5154 774 5221; x_wconf 58' lang='lat' dir='ltr'><strong>teretur.</strong></span> <span class='ocrx_word' id='word_1_401' title='bbox 807 5154 1060 5231; x_wconf 82' lang='lat' dir='ltr'><strong>Quartus</strong></span> <span class='ocrx_word' id='word_1_402' title='bbox 1083 5163 1346 5221; x_wconf 90' lang='lat' dir='ltr'><strong>decimus</strong></span> <span class='ocrx_word' id='word_1_403' title='bbox 1371 5154 1633 5231; x_wconf 81' lang='lat' dir='ltr'><strong>psalm_us</strong></span> <span class='ocrx_word' id='word_1_404' title='bbox 1652 5155 1833 5231; x_wconf 75' lang='lat' dir='ltr'><strong>lectus</strong></span> <span class='ocrx_word' id='word_1_405' title='bbox 1860 5159 1972 5231; x_wconf 89' lang='lat' dir='ltr'><strong>est,</strong></span> <span class='ocrx_word' id='word_1_406' title='bbox 2004 5154 2104 5224; x_wconf 90' lang='lat' dir='ltr'><strong>qui</strong></span> 
     </span>
    </p>
   </div>
   <div class='ocr_carea' id='block_1_57' title="bbox 534 5226 2103 5309">
    <p class='ocr_par' dir='ltr' id='par_1_57' title="bbox 534 5226 2103 5309">
     <span class='ocr_line' id='line_1_57' title="bbox 534 5226 2103 5309; baseline -0.01 -17"><span class='ocrx_word' id='word_1_407' title='bbox 534 5226 948 5309; x_wconf 64' lang='lat' dir='ltr'><strong>praescribitur.</strong></span> <span class='ocrx_word' id='word_1_408' title='bbox 1000 5235 1255 5290; x_wconf 78' lang='lat' dir='ltr'><strong>Psalmus</strong></span> <span class='ocrx_word' id='word_1_409' title='bbox 1294 5226 1759 5309; x_wconf 51' lang='lat' dir='ltr'><strong>David._David“</strong></span> <span class='ocrx_word' id='word_1_410' title='bbox 1775 5230 1977 5309; x_wconf 46' lang='lat' dir='ltr'><strong>autem.</strong></span> <span class='ocrx_word' id='word_1_411' title='bbox 2001 5241 2103 5307; x_wconf 81' lang='lat' dir='ltr'><strong>no-</strong></span> 
     </span>
    </p>
   </div>
   <div class='ocr_carea' id='block_1_58' title="bbox 536 5295 2103 5374">
    <p class='ocr_par' dir='ltr' id='par_1_58' title="bbox 536 5295 2103 5374">
     <span class='ocr_line' id='line_1_58' title="bbox 536 5295 2103 5374; baseline -0.009 -11"><span class='ocrx_word' id='word_1_412' title='bbox 536 5295 656 5363; x_wconf 76' lang='lat' dir='ltr'><strong>ster</strong></span> <span class='ocrx_word' id='word_1_413' title='bbox 683 5308 951 5362; x_wconf 88' lang='lat' dir='ltr'><strong>Christus</strong></span> <span class='ocrx_word' id='word_1_414' title='bbox 982 5311 1090 5373; x_wconf 91' lang='lat' dir='ltr'><strong>est,</strong></span> <span class='ocrx_word' id='word_1_415' title='bbox 1123 5309 1189 5359; x_wconf 88' lang='lat' dir='ltr'><strong>ut</strong></span> <span class='ocrx_word' id='word_1_416' title='bbox 1228 5320 1379 5374; x_wconf 70' lang='lat' dir='ltr'><strong>sazpe</strong></span> <span class='ocrx_word' id='word_1_417' title='bbox 1408 5300 1684 5374; x_wconf 78' lang='lat' dir='ltr'><strong>diximus.</strong></span> <span class='ocrx_word' id='word_1_418' title='bbox 1720 5296 1938 5374; x_wconf 75' lang='lat' dir='ltr'><strong>Deinde</strong></span> <span class='ocrx_word' id='word_1_419' title='bbox 1965 5295 2103 5367; x_wconf 84' lang='lat' dir='ltr'><strong>legi-</strong></span> 
     </span>
    </p>
   </div>
   <div class='ocr_carea' id='block_1_59' title="bbox 535 5369 2105 5439">
    <p class='ocr_par' dir='ltr' id='par_1_59' title="bbox 535 5369 2105 5439">
     <span class='ocr_line' id='line_1_59' title="bbox 535 5369 2105 5439; baseline -0.01 -4"><span class='ocrx_word' id='word_1_420' title='bbox 535 5397 669 5435; x_wconf 90' lang='lat' dir='ltr'><strong>mus</strong></span> <span class='ocrx_word' id='word_1_421' title='bbox 701 5380 759 5433; x_wconf 91' lang='lat' dir='ltr'><strong>in</strong></span> <span class='ocrx_word' id='word_1_422' title='bbox 812 5379 1037 5433; x_wconf 85' lang='lat' dir='ltr'><strong>Exodo:</strong></span> <span class='ocrx_word' id='word_1_423' title='bbox 1073 5369 1210 5439; x_wconf 82' lang='lat' dir='ltr'><strong>quia</strong></span> <span class='ocrx_word' id='word_1_424' title='bbox 1258 5369 1467 5439; x_wconf 83' lang='lat' dir='ltr'><strong>quarta</strong></span> <span class='ocrx_word' id='word_1_425' title='bbox 1521 5371 1748 5426; x_wconf 87' lang='lat' dir='ltr'><strong>decima</strong></span> <span class='ocrx_word' id='word_1_426' title='bbox 1795 5369 1888 5422; x_wconf 85' lang='lat' dir='ltr'><strong>die</strong></span> <span class='ocrx_word' id='word_1_427' title='bbox 1920 5384 2105 5439; x_wconf 85' lang='lat' dir='ltr'><strong>agnus</strong></span> 
     </span>
    </p>
   </div>
   <div class='ocr_carea' id='block_1_60' title="bbox 531 5393 2101 5519">
    <p class='ocr_par' dir='ltr' id='par_1_60' title="bbox 531 5393 2101 5519">
     <span class='ocr_line' id='line_1_60' title="bbox 535 5393 2101 5439; baseline -0.01 -4"><span class='ocrx_word' id='word_1_428' title='bbox 535 5397 669 5435; x_wconf 90' lang='lat' dir='ltr'><strong>mus</strong></span> <span class='ocrx_word' id='word_1_429' title='bbox 701 5396 759 5433; x_wconf 81' lang='lat' dir='ltr'><strong>1n</strong></span> <span class='ocrx_word' id='word_1_430' title='bbox 812 5393 1037 5433; x_wconf 69' lang='lat' dir='ltr'><strong>EXOGOZ</strong></span> <span class='ocrx_word' id='word_1_431' title='bbox 1115 5393 1210 5430; x_wconf 82' lang='lat' dir='ltr'><strong>ma</strong></span> <span class='ocrx_word' id='word_1_432' title='bbox 1300 5393 1467 5429; x_wconf 78' lang='lat' dir='ltr'><strong>uarta</strong></span> <span class='ocrx_word' id='word_1_433' title='bbox 1521 5393 1748 5426; x_wconf 80' lang='lat' dir='ltr'><strong>uecuua</strong></span> <span class='ocrx_word' id='word_1_434' title='bbox 1795 5393 1888 5422; x_wconf 75' lang='lat' dir='ltr'><strong>um</strong></span> <span class='ocrx_word' id='word_1_435' title='bbox 1920 5393 2101 5439; x_wconf 60' lang='lat' dir='ltr'><strong>agnus</strong></span> 
     </span>
     <span class='ocr_line' id='line_1_61' title="bbox 531 5393 2101 5519; baseline -0.01 -12"><span class='ocrx_word' id='word_1_436' title='bbox 531 5450 891 5507; x_wconf 88' lang='lat' dir='ltr'><strong>immolatur.</strong></span> <span class='ocrx_word' id='word_1_437' title='bbox 919 5394 1119 5519; x_wconf 53' lang='lat' dir='ltr'><strong>(Exog.</strong></span> <span class='ocrx_word' id='word_1_438' title='bbox 1146 5393 1343 5515; x_wconf 41' lang='lat' dir='ltr'><strong>1mg).</strong></span> <span class='ocrx_word' id='word_1_439' title='bbox 1379 5447 1593 5510; x_wconf 89' lang='lat' dir='ltr'><strong>Quarta</strong></span> <span class='ocrx_word' id='word_1_440' title='bbox 1624 5441 1849 5496; x_wconf 86' lang='lat' dir='ltr'><strong>decima</strong></span> <span class='ocrx_word' id='word_1_441' title='bbox 1873 5439 1971 5519; x_wconf 79' lang='lat' dir='ltr'><strong>die</strong></span> <span class='ocrx_word' id='word_1_442' title='bbox 2002 5440 2101 5519; x_wconf 56' lang='lat' dir='ltr'><strong>ini:</strong></span> 
     </span>
    </p>
   </div>
   <div class='ocr_carea' id='block_1_61' title="bbox 536 5508 2103 5591">
    <p class='ocr_par' dir='ltr' id='par_1_61' title="bbox 536 5508 2103 5591">
     <span class='ocr_line' id='line_1_62' title="bbox 536 5508 2103 5591; baseline -0.01 -13"><span class='ocrx_word' id='word_1_443' title='bbox 536 5523 807 5579; x_wconf 82' lang='lat' dir='ltr'><strong>molatur.</strong></span> <span class='ocrx_word' id='word_1_444' title='bbox 843 5508 1076 5591; x_wconf 77' lang='lat' dir='ltr'><strong>quando</strong></span> <span class='ocrx_word' id='word_1_445' title='bbox 1111 5508 1246 5591; x_wconf 81' lang='lat' dir='ltr'><strong>luna</strong></span> <span class='ocrx_word' id='word_1_446' title='bbox 1307 5508 1479 5588; x_wconf 69' lang='lat' dir='ltr'><strong>plena</strong></span> <span class='ocrx_word' id='word_1_447' title='bbox 1530 5519 1654 5591; x_wconf 42' lang='lat' dir='ltr'><strong>est,</strong></span> <span class='ocrx_word' id='word_1_448' title='bbox 1693 5511 1928 5591; x_wconf 73' lang='lat' dir='ltr'><strong>quando</strong></span> <span class='ocrx_word' id='word_1_449' title='bbox 1959 5508 2103 5563; x_wconf 89' lang='lat' dir='ltr'><strong>nihil</strong></span> 
     </span>
    </p>
   </div>
   <div class='ocr_carea' id='block_1_62' title="bbox 534 5583 2139 5660">
    <p class='ocr_par' dir='ltr' id='par_1_62' title="bbox 534 5583 2139 5660">
     <span class='ocr_line' id='line_1_63' title="bbox 534 5583 2139 5660; baseline -0.01 -11"><span class='ocrx_word' id='word_1_450' title='bbox 534 5598 697 5650; x_wconf 89' lang='lat' dir='ltr'><strong>deest</strong></span> <span class='ocrx_word' id='word_1_451' title='bbox 728 5594 797 5649; x_wconf 92' lang='lat' dir='ltr'><strong>de</strong></span> <span class='ocrx_word' id='word_1_452' title='bbox 830 5583 1073 5647; x_wconf 79' lang='lat' dir='ltr'><strong>lumine.</strong></span> <span class='ocrx_word' id='word_1_453' title='bbox 1108 5583 1473 5660; x_wconf 53' lang='lat' dir='ltr'><strong>V&#39;idete&#39;crgo</strong></span> <span class='ocrx_word' id='word_1_454' title='bbox 1504 5585 1658 5656; x_wconf 87' lang='lat' dir='ltr'><strong>quod</strong></span> <span class='ocrx_word' id='word_1_455' title='bbox 1682 5583 1960 5660; x_wconf 77' lang='lat' dir='ltr'><strong>Christus</strong></span> <span class='ocrx_word' id='word_1_456' title='bbox 1991 5597 2107 5660; x_wconf 80' lang='lat' dir='ltr'><strong>non</strong></span> <span class='ocrx_word' id='word_1_457' title='bbox 2134 5612 2139 5617; x_wconf 80' lang='lat'>~</span> 
     </span>
    </p>
   </div>
   <div class='ocr_carea' id='block_1_63' title="bbox 535 5652 2104 5732">
    <p class='ocr_par' dir='ltr' id='par_1_63' title="bbox 535 5652 2104 5732">
     <span class='ocr_line' id='line_1_64' title="bbox 535 5652 2104 5732; baseline -0.011 -9"><span class='ocrx_word' id='word_1_458' title='bbox 535 5664 897 5732; x_wconf 87' lang='lat' dir='ltr'><strong>immolatur,</strong></span> <span class='ocrx_word' id='word_1_459' title='bbox 958 5660 1072 5717; x_wconf 90' lang='lat' dir='ltr'><strong>nisi</strong></span> <span class='ocrx_word' id='word_1_460' title='bbox 1112 5660 1173 5715; x_wconf 91' lang='lat' dir='ltr'><strong>in</strong></span> <span class='ocrx_word' id='word_1_461' title='bbox 1230 5652 1484 5731; x_wconf 45' lang='lat' dir='ltr'><strong>perfecto</strong></span> <span class='ocrx_word' id='word_1_462' title='bbox 1527 5652 1594 5710; x_wconf 80' lang='lat' dir='ltr'><strong>et</strong></span> <span class='ocrx_word' id='word_1_463' title='bbox 1645 5655 1814 5725; x_wconf 90' lang='lat' dir='ltr'><strong>pleno</strong></span> <span class='ocrx_word' id='word_1_464' title='bbox 1863 5652 2104 5708; x_wconf 89' lang='lat' dir='ltr'><strong>lumine.</strong></span> 
     </span>
    </p>
   </div>
   <div class='ocr_carea' id='block_1_64' title="bbox 1961 306 2382 390">
    <p class='ocr_par' dir='ltr' id='par_1_64' title="bbox 1961 306 2382 390">
     <span class='ocr_line' id='line_1_65' title="bbox 1961 306 2382 390; baseline -0.005 0"><span class='ocrx_word' id='word_1_465' title='bbox 1961 306 2382 390; x_wconf 85' lang='lat' dir='ltr'><strong>APPENDIX.</strong></span> 
     </span>
    </p>
   </div>
   <div class='ocr_carea' id='block_1_65' title="bbox 3672 330 3751 389">
    <p class='ocr_par' dir='ltr' id='par_1_65' title="bbox 3672 330 3751 389">
     <span class='ocr_line' id='line_1_66' title="bbox 3672 330 3751 389; baseline 0 0"><span class='ocrx_word' id='word_1_466' title='bbox 3672 330 3751 389; x_wconf 73' lang='lat'><strong>904</strong></span> 
     </span>
    </p>
   </div>
   <div class='ocr_carea' id='block_1_66' title="bbox 2142 455 3758 535">
    <p class='ocr_par' dir='ltr' id='par_1_66' title="bbox 2142 455 3758 535">
     <span class='ocr_line' id='line_1_67' title="bbox 2142 455 3758 535; baseline 0.001 -21"><span class='ocrx_word' id='word_1_467' title='bbox 2142 470 2194 535; x_wconf 77' lang='grc' dir='ltr'>Α</span> <span class='ocrx_word' id='word_1_468' title='bbox 2295 458 2579 535; x_wconf 82' lang='lat' dir='ltr'><strong>Quoniam</strong></span> <span class='ocrx_word' id='word_1_469' title='bbox 2613 474 2748 529; x_wconf 83' lang='lat' dir='ltr'><strong>ergo</strong></span> <span class='ocrx_word' id='word_1_470' title='bbox 2789 459 2996 531; x_wconf 88' lang='lat' dir='ltr'><strong>quarta</strong></span> <span class='ocrx_word' id='word_1_471' title='bbox 3054 456 3295 535; x_wconf 79' lang='lat' dir='ltr'><strong>decima</strong></span> <span class='ocrx_word' id='word_1_472' title='bbox 3328 455 3416 510; x_wconf 89' lang='lat' dir='ltr'><strong>die</strong></span> <span class='ocrx_word' id='word_1_473' title='bbox 3442 455 3758 535; x_wconf 66' lang='lat' dir='ltr'><strong>immolandas</strong></span> 
     </span>
    </p>
   </div>
   <div class='ocr_carea' id='block_1_67' title="bbox 2295 527 3761 602">
    <p class='ocr_par' dir='ltr' id='par_1_67' title="bbox 2295 527 3761 602">
     <span class='ocr_line' id='line_1_68' title="bbox 2295 527 3761 602; baseline 0 -16"><span class='ocrx_word' id='word_1_474' title='bbox 2295 538 2384 587; x_wconf 88' lang='lat' dir='ltr'><strong>est</strong></span> <span class='ocrx_word' id='word_1_475' title='bbox 2406 531 2570 586; x_wconf 90' lang='lat' dir='ltr'><strong>vobis</strong></span> <span class='ocrx_word' id='word_1_476' title='bbox 2614 527 2825 602; x_wconf 67' lang='lat' dir='ltr'><strong>agnus;</strong></span> <span class='ocrx_word' id='word_1_477' title='bbox 2875 545 3031 583; x_wconf 86' lang='lat' dir='ltr'><strong>nunc</strong></span> <span class='ocrx_word' id='word_1_478' title='bbox 3062 528 3341 600; x_wconf 87' lang='lat' dir='ltr'><strong>propheta</strong></span> <span class='ocrx_word' id='word_1_479' title='bbox 3385 527 3608 598; x_wconf 82' lang='lat' dir='ltr'><strong>miratur,</strong></span> <span class='ocrx_word' id='word_1_480' title='bbox 3637 537 3680 585; x_wconf 86' lang='lat' dir='ltr'><strong>et</strong></span> <span class='ocrx_word' id='word_1_481' title='bbox 3699 530 3761 586; x_wconf 84' lang='lat' dir='ltr'><strong>in-</strong></span> 
     </span>
    </p>
   </div>
   <div class='ocr_carea' id='block_1_68' title="bbox 2295 606 2588 673">
    <p class='ocr_par' dir='ltr' id='par_1_68' title="bbox 2295 606 2588 673">
     <span class='ocr_line' id='line_1_69' title="bbox 2295 606 2588 673; baseline -0.003 -16"><span class='ocrx_word' id='word_1_482' title='bbox 2295 606 2553 673; x_wconf 86' lang='lat' dir='ltr'><strong>terrogat</strong></span> <span class='ocrx_word' id='word_1_483' title='bbox 2576 619 2588 656; x_wconf 88' lang='lat'><strong>:</strong></span> 
     </span>
    </p>
   </div>
   <div class='ocr_carea' id='block_1_69' title="bbox 2299 722 3763 797">
    <p class='ocr_par' dir='ltr' id='par_1_69' title="bbox 2299 722 3763 797">
     <span class='ocr_line' id='line_1_70' title="bbox 2299 722 3763 797; baseline 0.003 -21"><span class='ocrx_word' id='word_1_484' title='bbox 2299 725 2621 795; x_wconf 79' lang='lat' dir='ltr'><strong>«Domine,</strong></span> <span class='ocrx_word' id='word_1_485' title='bbox 2656 726 2787 797; x_wconf 90' lang='lat' dir='ltr'><strong>quis</strong></span> <span class='ocrx_word' id='word_1_486' title='bbox 2842 723 3130 779; x_wconf 87' lang='lat' dir='ltr'><strong>habitabit</strong></span> <span class='ocrx_word' id='word_1_487' title='bbox 3185 724 3239 778; x_wconf 91' lang='lat' dir='ltr'><strong>in</strong></span> <span class='ocrx_word' id='word_1_488' title='bbox 3300 722 3626 780; x_wconf 86' lang='lat' dir='ltr'><strong>tabernaculo</strong></span> <span class='ocrx_word' id='word_1_489' title='bbox 3658 728 3763 780; x_wconf 80' lang='lat' dir='ltr'><strong>tuo?</strong></span> 
     </span>
    </p>
   </div>
   <div class='ocr_carea' id='block_1_70' title="bbox 2222 811 3764 887">
    <p class='ocr_par' dir='ltr' id='par_1_70' title="bbox 2222 811 3764 887">
     <span class='ocr_line' id='line_1_71' title="bbox 2222 811 3764 887; baseline -0.001 -18"><span class='ocrx_word' id='word_1_490' title='bbox 2222 816 2337 871; x_wconf 88' lang='lat' dir='ltr'><strong>Vos</strong></span> <span class='ocrx_word' id='word_1_491' title='bbox 2365 815 2465 887; x_wconf 91' lang='lat' dir='ltr'><strong>qui</strong></span> <span class='ocrx_word' id='word_1_492' title='bbox 2495 815 2671 871; x_wconf 87' lang='lat' dir='ltr'><strong>vultis</strong></span> <span class='ocrx_word' id='word_1_493' title='bbox 2700 814 2963 869; x_wconf 86' lang='lat' dir='ltr'><strong>habitare</strong></span> <span class='ocrx_word' id='word_1_494' title='bbox 2995 813 3053 867; x_wconf 90' lang='lat' dir='ltr'><strong>in</strong></span> <span class='ocrx_word' id='word_1_495' title='bbox 3077 811 3439 868; x_wconf 84' lang='lat' dir='ltr'><strong>tabernaculo</strong></span> <span class='ocrx_word' id='word_1_496' title='bbox 3467 813 3670 879; x_wconf 85' lang='lat' dir='ltr'><strong>Domini,</strong></span> <span class='ocrx_word' id='word_1_497' title='bbox 3693 832 3764 868; x_wconf 64' lang='grc' dir='ltr'><strong>τως</strong></span> 
     </span>
    </p>
   </div>
   <div class='ocr_carea' id='block_1_71' title="bbox 2228 900 3765 976">
    <p class='ocr_par' dir='ltr' id='par_1_71' title="bbox 2228 900 3765 976">
     <span class='ocr_line' id='line_1_72' title="bbox 2228 900 3765 976; baseline -0.003 -16"><span class='ocrx_word' id='word_1_498' title='bbox 2228 905 2343 960; x_wconf 90' lang='lat' dir='ltr'><strong>dite</strong></span> <span class='ocrx_word' id='word_1_499' title='bbox 2373 922 2499 976; x_wconf 63' lang='lat' dir='ltr'><strong>quae</strong></span> <span class='ocrx_word' id='word_1_500' title='bbox 2534 903 2671 959; x_wconf 89' lang='lat' dir='ltr'><strong>dicit</strong></span> <span class='ocrx_word' id='word_1_501' title='bbox 2698 904 2982 958; x_wconf 88' lang='lat' dir='ltr'><strong>Dominus</strong></span> <span class='ocrx_word' id='word_1_502' title='bbox 3008 919 3019 958; x_wconf 92' lang='lat'><strong>:</strong></span> <span class='ocrx_word' id='word_1_503' title='bbox 3059 925 3085 949; x_wconf 89' lang='grc'><strong>‹‹</strong></span> <span class='ocrx_word' id='word_1_504' title='bbox 3117 902 3376 968; x_wconf 84' lang='lat' dir='ltr'><strong>Domine,</strong></span> <span class='ocrx_word' id='word_1_505' title='bbox 3405 900 3523 972; x_wconf 88' lang='lat' dir='ltr'><strong>quis</strong></span> <span class='ocrx_word' id='word_1_506' title='bbox 3549 901 3765 957; x_wconf 80' lang='lat' dir='ltr'><strong>habitabit</strong></span> 
     </span>
    </p>
   </div>
   <div class='ocr_carea' id='block_1_72' title="bbox 2225 978 3765 1061">
    <p class='ocr_par' dir='ltr' id='par_1_72' title="bbox 2225 978 3765 1061">
     <span class='ocr_line' id='line_1_73' title="bbox 2225 978 3765 1061; baseline -0.004 -11"><span class='ocrx_word' id='word_1_507' title='bbox 2225 995 2284 1050; x_wconf 90' lang='lat' dir='ltr'><strong>in</strong></span> <span class='ocrx_word' id='word_1_508' title='bbox 2314 993 2690 1050; x_wconf 89' lang='lat' dir='ltr'><strong>tabernaculo</strong></span> <span class='ocrx_word' id='word_1_509' title='bbox 2720 997 2821 1048; x_wconf 93' lang='lat' dir='ltr'><strong>tuo</strong></span> <span class='ocrx_word' id='word_1_510' title='bbox 2852 993 2911 1044; x_wconf 81' lang='lat'><strong>‘?»</strong></span> <span class='ocrx_word' id='word_1_511' title='bbox 2944 978 3401 1047; x_wconf 86' lang='lat' dir='ltr'><strong>Tabernaculum</strong></span> <span class='ocrx_word' id='word_1_512' title='bbox 3433 989 3516 1044; x_wconf 91' lang='lat' dir='ltr'><strong>hic</strong></span> <span class='ocrx_word' id='word_1_513' title='bbox 3543 1007 3626 1061; x_wconf 89' lang='lat' dir='ltr'><strong>pro</strong></span> <span class='ocrx_word' id='word_1_514' title='bbox 3647 998 3765 1046; x_wconf 62' lang='lat' dir='ltr'><strong>eter-</strong></span> 
     </span>
    </p>
   </div>
   <div class='ocr_carea' id='block_1_73' title="bbox 2224 1078 3761 1154">
    <p class='ocr_par' dir='ltr' id='par_1_73' title="bbox 2224 1078 3761 1154">
     <span class='ocr_line' id='line_1_74' title="bbox 2224 1078 3761 1154; baseline -0.003 -17"><span class='ocrx_word' id='word_1_515' title='bbox 2224 1084 2403 1138; x_wconf 87' lang='lat' dir='ltr'><strong>nitate</strong></span> <span class='ocrx_word' id='word_1_516' title='bbox 2448 1083 2789 1154; x_wconf 89' lang='lat' dir='ltr'><strong>accipimus,</strong></span> <span class='ocrx_word' id='word_1_517' title='bbox 2823 1081 3091 1154; x_wconf 86' lang='lat' dir='ltr'><strong>quamvis</strong></span> <span class='ocrx_word' id='word_1_518' title='bbox 3120 1079 3179 1134; x_wconf 90' lang='lat' dir='ltr'><strong>in</strong></span> <span class='ocrx_word' id='word_1_519' title='bbox 3214 1078 3339 1134; x_wconf 90' lang='lat' dir='ltr'><strong>aliis</strong></span> <span class='ocrx_word' id='word_1_520' title='bbox 3368 1078 3520 1134; x_wconf 89' lang='lat' dir='ltr'><strong>lociis</strong></span> <span class='ocrx_word' id='word_1_521' title='bbox 3547 1095 3681 1151; x_wconf 78' lang='lat' dir='ltr'><strong>opere</strong></span> <span class='ocrx_word' id='word_1_522' title='bbox 3702 1080 3761 1133; x_wconf 87' lang='lat' dir='ltr'><strong>in-</strong></span> 
     </span>
    </p>
   </div>
   <div class='ocr_carea' id='block_1_74' title="bbox 2223 1167 3765 1245">
    <p class='ocr_par' dir='ltr' id='par_1_74' title="bbox 2223 1167 3765 1245">
     <span class='ocr_line' id='line_1_75' title="bbox 2223 1167 3765 1245; baseline -0.005 -16"><span class='ocrx_word' id='word_1_523' title='bbox 2223 1173 2557 1245; x_wconf 85' lang='lat' dir='ltr'><strong>telligatur:</strong></span> <span class='ocrx_word' id='word_1_524' title='bbox 2593 1172 2731 1243; x_wconf 87' lang='lat' dir='ltr'><strong>quia</strong></span> <span class='ocrx_word' id='word_1_525' title='bbox 2760 1170 2854 1226; x_wconf 91' lang='lat' dir='ltr'><strong>hic</strong></span> <span class='ocrx_word' id='word_1_526' title='bbox 2886 1171 2944 1225; x_wconf 91' lang='lat' dir='ltr'><strong>in</strong></span> <span class='ocrx_word' id='word_1_527' title='bbox 2976 1167 3352 1225; x_wconf 82' lang='lat' dir='ltr'><strong>tabernaculo</strong></span> <span class='ocrx_word' id='word_1_528' title='bbox 3382 1169 3637 1238; x_wconf 65' lang='lat' dir='ltr'><strong>prensanti,</strong></span> <span class='ocrx_word' id='word_1_529' title='bbox 3660 1169 3765 1239; x_wconf 81' lang='lat' dir='ltr'><strong>quod</strong></span> 
     </span>
    </p>
   </div>
   <div class='ocr_carea' id='block_1_75' title="bbox 2223 1257 3764 1329">
    <p class='ocr_par' dir='ltr' id='par_1_75' title="bbox 2223 1257 3764 1329">
     <span class='ocr_line' id='line_1_76' title="bbox 2223 1257 3764 1329; baseline -0.005 -10"><span class='ocrx_word' id='word_1_530' title='bbox 2223 1269 2314 1319; x_wconf 87' lang='lat' dir='ltr'><strong>est</strong></span> <span class='ocrx_word' id='word_1_531' title='bbox 2368 1261 2644 1329; x_wconf 78' lang='lat' dir='ltr'><strong>Ecclesia,</strong></span> <span class='ocrx_word' id='word_1_532' title='bbox 2681 1260 2849 1315; x_wconf 88' lang='lat' dir='ltr'><strong>multi</strong></span> <span class='ocrx_word' id='word_1_533' title='bbox 2876 1259 3146 1314; x_wconf 87' lang='lat' dir='ltr'><strong>habitant</strong></span> <span class='ocrx_word' id='word_1_534' title='bbox 3175 1273 3410 1328; x_wconf 75' lang='lat' dir='ltr'><strong>corpore</strong></span> <span class='ocrx_word' id='word_1_535' title='bbox 3454 1261 3503 1311; x_wconf 87' lang='lat' dir='ltr'><strong>et</strong></span> <span class='ocrx_word' id='word_1_536' title='bbox 3544 1274 3637 1311; x_wconf 90' lang='lat' dir='ltr'><strong>non</strong></span> <span class='ocrx_word' id='word_1_537' title='bbox 3664 1257 3764 1312; x_wconf 83' lang='lat' dir='ltr'><strong>ﬁde:</strong></span> 
     </span>
    </p>
   </div>
   <div class='ocr_carea' id='block_1_76' title="bbox 2222 1345 3765 1423">
    <p class='ocr_par' dir='ltr' id='par_1_76' title="bbox 2222 1345 3765 1423">
     <span class='ocr_line' id='line_1_77' title="bbox 2222 1345 3765 1423; baseline -0.006 -16"><span class='ocrx_word' id='word_1_538' title='bbox 2222 1352 2361 1423; x_wconf 87' lang='lat' dir='ltr'><strong>quia</strong></span> <span class='ocrx_word' id='word_1_539' title='bbox 2402 1352 2495 1406; x_wconf 88' lang='lat' dir='ltr'><strong>hic</strong></span> <span class='ocrx_word' id='word_1_540' title='bbox 2525 1352 2666 1405; x_wconf 92' lang='lat' dir='ltr'><strong>dum</strong></span> <span class='ocrx_word' id='word_1_541' title='bbox 2713 1349 3014 1404; x_wconf 82' lang='lat' dir='ltr'><strong>inferiores</strong></span> <span class='ocrx_word' id='word_1_542' title='bbox 3045 1364 3274 1417; x_wconf 87' lang='lat' dir='ltr'><strong>sumus,</strong></span> <span class='ocrx_word' id='word_1_543' title='bbox 3309 1345 3470 1417; x_wconf 90' lang='lat' dir='ltr'><strong>quasi</strong></span> <span class='ocrx_word' id='word_1_544' title='bbox 3498 1347 3550 1400; x_wconf 93' lang='lat' dir='ltr'><strong>in</strong></span> <span class='ocrx_word' id='word_1_545' title='bbox 3577 1346 3765 1400; x_wconf 76' lang='lat' dir='ltr'><strong>taberna-</strong></span> 
     </span>
    </p>
   </div>
   <div class='ocr_carea' id='block_1_77' title="bbox 2222 1433 3761 1510">
    <p class='ocr_par' dir='ltr' id='par_1_77' title="bbox 2222 1433 3761 1510">
     <span class='ocr_line' id='line_1_78' title="bbox 2222 1433 3761 1510; baseline -0.005 -13"><span class='ocrx_word' id='word_1_546' title='bbox 2222 1442 2351 1498; x_wconf 90' lang='lat' dir='ltr'><strong>culo</strong></span> <span class='ocrx_word' id='word_1_547' title='bbox 2382 1440 2781 1508; x_wconf 88' lang='lat' dir='ltr'><strong>consistimus,</strong></span> <span class='ocrx_word' id='word_1_548' title='bbox 2811 1453 3117 1510; x_wconf 89' lang='lat' dir='ltr'><strong>usquequo</strong></span> <span class='ocrx_word' id='word_1_549' title='bbox 3173 1440 3305 1508; x_wconf 89' lang='lat' dir='ltr'><strong>post</strong></span> <span class='ocrx_word' id='word_1_550' title='bbox 3333 1434 3607 1490; x_wconf 86' lang='lat' dir='ltr'><strong>victoriam</strong></span> <span class='ocrx_word' id='word_1_551' title='bbox 3631 1433 3676 1487; x_wconf 87' lang='lat' dir='ltr'><strong>in</strong></span> <span class='ocrx_word' id='word_1_552' title='bbox 3697 1434 3761 1489; x_wconf 86' lang='lat' dir='ltr'><strong>do-</strong></span> 
     </span>
    </p>
   </div>
   <div class='ocr_carea' id='block_1_78' title="bbox 2223 1522 3764 1603">
    <p class='ocr_par' dir='ltr' id='par_1_78' title="bbox 2223 1522 3764 1603">
     <span class='ocr_line' id='line_1_79' title="bbox 2223 1522 3764 1603; baseline -0.007 -17"><span class='ocrx_word' id='word_1_553' title='bbox 2223 1549 2385 1586; x_wconf 90' lang='lat' dir='ltr'><strong>mum</strong></span> <span class='ocrx_word' id='word_1_554' title='bbox 2434 1529 2824 1603; x_wconf 89' lang='lat' dir='ltr'><strong>perveniatur.</strong></span> <span class='ocrx_word' id='word_1_555' title='bbox 2855 1526 3067 1581; x_wconf 88' lang='lat' dir='ltr'><strong>Aliter:</strong></span> <span class='ocrx_word' id='word_1_556' title='bbox 3121 1550 3146 1574; x_wconf 91' lang='grc'><em>‹‹</em></span> <span class='ocrx_word' id='word_1_557' title='bbox 3187 1524 3439 1591; x_wconf 88' lang='lat' dir='ltr'><strong>Domine,</strong></span> <span class='ocrx_word' id='word_1_558' title='bbox 3471 1523 3584 1592; x_wconf 85' lang='lat' dir='ltr'><strong>quis</strong></span> <span class='ocrx_word' id='word_1_559' title='bbox 3608 1522 3764 1577; x_wconf 83' lang='lat' dir='ltr'><strong>habita-</strong></span> 
     </span>
    </p>
   </div>
   <div class='ocr_carea' id='block_1_79' title="bbox 2209 1612 3762 1693">
    <p class='ocr_par' dir='ltr' id='par_1_79' title="bbox 2209 1612 3762 1693">
     <span class='ocr_line' id='line_1_80' title="bbox 2209 1612 3762 1693; baseline -0.008 -17"><span class='ocrx_word' id='word_1_560' title='bbox 2209 1622 2308 1693; x_wconf 43' lang='lat' dir='ltr'><strong>,bit</strong></span> <span class='ocrx_word' id='word_1_561' title='bbox 2354 1620 2411 1674; x_wconf 90' lang='lat' dir='ltr'><strong>in</strong></span> <span class='ocrx_word' id='word_1_562' title='bbox 2465 1616 2838 1674; x_wconf 89' lang='lat' dir='ltr'><strong>tabernaculo</strong></span> <span class='ocrx_word' id='word_1_563' title='bbox 2869 1615 3017 1672; x_wconf 84' lang='lat' dir='ltr'><strong>tuo?</strong></span> <span class='ocrx_word' id='word_1_564' title='bbox 3048 1637 3076 1663; x_wconf 89' lang='grc'><strong>››</strong></span> <span class='ocrx_word' id='word_1_565' title='bbox 3135 1614 3301 1680; x_wconf 89' lang='lat' dir='ltr'><strong>Quis,</strong></span> <span class='ocrx_word' id='word_1_566' title='bbox 3332 1612 3530 1684; x_wconf 88' lang='lat' dir='ltr'><strong>inquit,</strong></span> <span class='ocrx_word' id='word_1_567' title='bbox 3571 1614 3762 1667; x_wconf 82' lang='lat' dir='ltr'><strong>terrenus</strong></span> 
     </span>
    </p>
   </div>
   <div class='ocr_carea' id='block_1_80' title="bbox 2220 1699 3765 1782">
    <p class='ocr_par' dir='ltr' id='par_1_80' title="bbox 2220 1699 3765 1782">
     <span class='ocr_line' id='line_1_81' title="bbox 2220 1699 3765 1782; baseline -0.008 -17"><span class='ocrx_word' id='word_1_568' title='bbox 2220 1708 2432 1782; x_wconf 90' lang='lat' dir='ltr'><strong>poterit</strong></span> <span class='ocrx_word' id='word_1_569' title='bbox 2459 1706 2745 1780; x_wconf 87' lang='lat' dir='ltr'><strong>templum</strong></span> <span class='ocrx_word' id='word_1_570' title='bbox 2778 1706 2879 1761; x_wconf 91' lang='lat' dir='ltr'><strong>Dei</strong></span> <span class='ocrx_word' id='word_1_571' title='bbox 2908 1703 3080 1771; x_wconf 79' lang='lat' dir='ltr'><strong>effici,</strong></span> <span class='ocrx_word' id='word_1_572' title='bbox 3126 1707 3182 1758; x_wconf 91' lang='lat' dir='ltr'><strong>et</strong></span> <span class='ocrx_word' id='word_1_573' title='bbox 3228 1701 3485 1758; x_wconf 85' lang='lat' dir='ltr'><strong>habitare</strong></span> <span class='ocrx_word' id='word_1_574' title='bbox 3513 1701 3565 1755; x_wconf 90' lang='lat' dir='ltr'><strong>in</strong></span> <span class='ocrx_word' id='word_1_575' title='bbox 3607 1699 3765 1754; x_wconf 81' lang='lat' dir='ltr'><strong>civitate</strong></span> 
     </span>
    </p>
   </div>
   <div class='ocr_carea' id='block_1_81' title="bbox 2215 1787 3765 1868">
    <p class='ocr_par' dir='ltr' id='par_1_81' title="bbox 2215 1787 3765 1868">
     <span class='ocr_line' id='line_1_82' title="bbox 2215 1787 3765 1868; baseline -0.006 -16"><span class='ocrx_word' id='word_1_576' title='bbox 2215 1796 2461 1857; x_wconf 86' lang='lat' dir='ltr'><strong>viventis</strong></span> <span class='ocrx_word' id='word_1_577' title='bbox 2526 1799 2627 1852; x_wconf 85' lang='lat' dir='ltr'><strong>Dei</strong></span> <span class='ocrx_word' id='word_1_578' title='bbox 2674 1797 2858 1868; x_wconf 86' lang='lat' dir='ltr'><strong>(Hebr.</strong></span> <span class='ocrx_word' id='word_1_579' title='bbox 2918 1811 3017 1861; x_wconf 80' lang='lat' dir='ltr'><strong>xu,</strong></span> <span class='ocrx_word' id='word_1_580' title='bbox 3067 1792 3206 1864; x_wconf 81' lang='lat'><strong>22)?</strong></span> <span class='ocrx_word' id='word_1_581' title='bbox 3257 1792 3337 1847; x_wconf 91' lang='lat' dir='ltr'><strong>De</strong></span> <span class='ocrx_word' id='word_1_582' title='bbox 3382 1808 3490 1862; x_wconf 88' lang='lat' dir='ltr'><strong>qua</strong></span> <span class='ocrx_word' id='word_1_583' title='bbox 3543 1787 3765 1862; x_wconf 75' lang='lat' dir='ltr'><strong>Apostolus</strong></span> 
     </span>
    </p>
   </div>
   <div class='ocr_carea' id='block_1_82' title="bbox 2218 1880 3764 1958">
    <p class='ocr_par' dir='ltr' id='par_1_82' title="bbox 2218 1880 3764 1958">
     <span class='ocr_line' id='line_1_83' title="bbox 2218 1880 3764 1958; baseline -0.008 -15"><span class='ocrx_word' id='word_1_584' title='bbox 2218 1887 2405 1943; x_wconf 88' lang='lat' dir='ltr'><strong>multa</strong></span> <span class='ocrx_word' id='word_1_585' title='bbox 2434 1886 2713 1958; x_wconf 90' lang='lat' dir='ltr'><strong>loquitur.</strong></span> <span class='ocrx_word' id='word_1_586' title='bbox 2750 1907 2777 1935; x_wconf 83' lang='lat'><strong>«</strong></span> <span class='ocrx_word' id='word_1_587' title='bbox 2825 1887 2938 1939; x_wconf 90' lang='lat' dir='ltr'><strong>Aut</strong></span> <span class='ocrx_word' id='word_1_588' title='bbox 2992 1881 3125 1954; x_wconf 91' lang='lat' dir='ltr'><strong>quis</strong></span> <span class='ocrx_word' id='word_1_589' title='bbox 3183 1880 3499 1953; x_wconf 89' lang='lat' dir='ltr'><strong>requiescet</strong></span> <span class='ocrx_word' id='word_1_590' title='bbox 3542 1881 3593 1933; x_wconf 91' lang='lat' dir='ltr'><strong>in</strong></span> <span class='ocrx_word' id='word_1_591' title='bbox 3634 1884 3764 1932; x_wconf 82' lang='lat' dir='ltr'><strong>monte</strong></span> 
     </span>
    </p>
   </div>
   <div class='ocr_carea' id='block_1_83' title="bbox 2216 1965 3765 2043">
    <p class='ocr_par' dir='ltr' id='par_1_83' title="bbox 2216 1965 3765 2043">
     <span class='ocr_line' id='line_1_84' title="bbox 2216 1965 3765 2043; baseline -0.008 -11"><span class='ocrx_word' id='word_1_592' title='bbox 2216 1980 2417 2033; x_wconf 89' lang='lat' dir='ltr'><strong>sancto</strong></span> <span class='ocrx_word' id='word_1_593' title='bbox 2448 1976 2636 2031; x_wconf 84' lang='lat' dir='ltr'><strong>tuo?»</strong></span> <span class='ocrx_word' id='word_1_594' title='bbox 2669 1974 2830 2041; x_wconf 89' lang='lat' dir='ltr'><strong>Quis,</strong></span> <span class='ocrx_word' id='word_1_595' title='bbox 2865 1972 2964 2043; x_wconf 89' lang='lat' dir='ltr'><strong>ait,</strong></span> <span class='ocrx_word' id='word_1_596' title='bbox 2997 1972 3213 2043; x_wconf 87' lang='lat' dir='ltr'><strong>dignus</strong></span> <span class='ocrx_word' id='word_1_597' title='bbox 3247 1969 3359 2026; x_wconf 89' lang='lat' dir='ltr'><strong>erit</strong></span> <span class='ocrx_word' id='word_1_598' title='bbox 3388 1968 3664 2025; x_wconf 84' lang='lat' dir='ltr'><strong>conformis</strong></span> <span class='ocrx_word' id='word_1_599' title='bbox 3687 1965 3765 2021; x_wconf 80' lang='lat' dir='ltr'><strong>ﬁeri</strong></span> 
     </span>
    </p>
   </div>
   <div class='ocr_carea' id='block_1_84' title="bbox 2215 2059 3764 2139">
    <p class='ocr_par' dir='ltr' id='par_1_84' title="bbox 2215 2059 3764 2139">
     <span class='ocr_line' id='line_1_85' title="bbox 2215 2059 3764 2139; baseline -0.009 -17"><span class='ocrx_word' id='word_1_600' title='bbox 2215 2066 2457 2139; x_wconf 84' lang='lat' dir='ltr'><strong>imagini</strong></span> <span class='ocrx_word' id='word_1_601' title='bbox 2510 2063 2637 2120; x_wconf 84' lang='lat' dir='ltr'><strong>Filii</strong></span> <span class='ocrx_word' id='word_1_602' title='bbox 2676 2063 2776 2119; x_wconf 92' lang='lat' dir='ltr'><strong>Dei</strong></span> <span class='ocrx_word' id='word_1_603' title='bbox 2810 2064 2981 2135; x_wconf 83' lang='lat' dir='ltr'><strong>(Rom.</strong></span> <span class='ocrx_word' id='word_1_604' title='bbox 3014 2076 3133 2131; x_wconf 83' lang='lat' dir='ltr'><strong>VIII,</strong></span> <span class='ocrx_word' id='word_1_605' title='bbox 3165 2061 3281 2128; x_wconf 81' lang='lat'><strong>29),</strong></span> <span class='ocrx_word' id='word_1_606' title='bbox 3344 2059 3440 2131; x_wconf 92' lang='lat' dir='ltr'><strong>qui</strong></span> <span class='ocrx_word' id='word_1_607' title='bbox 3486 2074 3614 2129; x_wconf 72' lang='lat' dir='ltr'><strong>saepe</strong></span> <span class='ocrx_word' id='word_1_608' title='bbox 3653 2071 3764 2109; x_wconf 84' lang='lat' dir='ltr'><strong>mons</strong></span> 
     </span>
    </p>
   </div>
   <div class='ocr_carea' id='block_1_85' title="bbox 2214 2144 3766 2224">
    <p class='ocr_par' dir='ltr' id='par_1_85' title="bbox 2214 2144 3766 2224">
     <span class='ocr_line' id='line_1_86' title="bbox 2214 2144 3766 2224; baseline -0.008 -13"><span class='ocrx_word' id='word_1_609' title='bbox 2214 2155 2467 2211; x_wconf 86' lang='lat' dir='ltr'><strong>dicitur?</strong></span> <span class='ocrx_word' id='word_1_610' title='bbox 2501 2154 2599 2209; x_wconf 83' lang='lat' dir='ltr'><strong>Hic</strong></span> <span class='ocrx_word' id='word_1_611' title='bbox 2627 2152 2778 2224; x_wconf 80' lang='lat' dir='ltr'><strong>lapis</strong></span> <span class='ocrx_word' id='word_1_612' title='bbox 2808 2152 3037 2207; x_wconf 88' lang='lat' dir='ltr'><strong>excisus</strong></span> <span class='ocrx_word' id='word_1_613' title='bbox 3067 2150 3138 2205; x_wconf 91' lang='lat' dir='ltr'><strong>de</strong></span> <span class='ocrx_word' id='word_1_614' title='bbox 3169 2153 3368 2204; x_wconf 89' lang='lat' dir='ltr'><strong>monte</strong></span> <span class='ocrx_word' id='word_1_615' title='bbox 3408 2146 3523 2202; x_wconf 84' lang='lat' dir='ltr'><strong>sine</strong></span> <span class='ocrx_word' id='word_1_616' title='bbox 3552 2144 3766 2200; x_wconf 74' lang='lat' dir='ltr'><strong>manibus.</strong></span> 
     </span>
    </p>
   </div>
   <div class='ocr_carea' id='block_1_86' title="bbox 2215 2232 3762 2313">
    <p class='ocr_par' dir='ltr' id='par_1_86' title="bbox 2215 2232 3762 2313">
     <span class='ocr_line' id='line_1_87' title="bbox 2215 2232 3762 2313; baseline -0.009 -12"><span class='ocrx_word' id='word_1_617' title='bbox 2215 2245 2309 2300; x_wconf 91' lang='lat' dir='ltr'><strong>hic</strong></span> <span class='ocrx_word' id='word_1_618' title='bbox 2343 2245 2529 2300; x_wconf 84' lang='lat' dir='ltr'><strong>factus</strong></span> <span class='ocrx_word' id='word_1_619' title='bbox 2554 2247 2643 2299; x_wconf 90' lang='lat' dir='ltr'><strong>est</strong></span> <span class='ocrx_word' id='word_1_620' title='bbox 2672 2259 2841 2297; x_wconf 91' lang='lat' dir='ltr'><strong>mons</strong></span> <span class='ocrx_word' id='word_1_621' title='bbox 2871 2256 3142 2313; x_wconf 85' lang='lat' dir='ltr'><strong>magnus,</strong></span> <span class='ocrx_word' id='word_1_622' title='bbox 3176 2238 3271 2293; x_wconf 88' lang='lat' dir='ltr'><strong>hic</strong></span> <span class='ocrx_word' id='word_1_623' title='bbox 3302 2236 3548 2309; x_wconf 89' lang='lat' dir='ltr'><strong>implevit</strong></span> <span class='ocrx_word' id='word_1_624' title='bbox 3580 2232 3762 2289; x_wconf 84' lang='lat' dir='ltr'><strong>latitudi-</strong></span> 
     </span>
    </p>
   </div>
   <div class='ocr_carea' id='block_1_87' title="bbox 2216 2324 3766 2399">
    <p class='ocr_par' dir='ltr' id='par_1_87' title="bbox 2216 2324 3766 2399">
     <span class='ocr_line' id='line_1_88' title="bbox 2216 2324 3766 2399; baseline -0.01 -9"><span class='ocrx_word' id='word_1_625' title='bbox 2216 2352 2348 2390; x_wconf 90' lang='lat' dir='ltr'><strong>nem</strong></span> <span class='ocrx_word' id='word_1_626' title='bbox 2391 2332 2547 2388; x_wconf 88' lang='lat' dir='ltr'><strong>orbis</strong></span> <span class='ocrx_word' id='word_1_627' title='bbox 2604 2336 2772 2387; x_wconf 81' lang='lat' dir='ltr'><strong>terrm</strong></span> <span class='ocrx_word' id='word_1_628' title='bbox 2820 2330 2981 2399; x_wconf 85' lang='lat' dir='ltr'><strong>(Dan.</strong></span> <span class='ocrx_word' id='word_1_629' title='bbox 3014 2346 3076 2399; x_wconf 82' lang='grc' dir='ltr'><strong>ιι,</strong></span> <span class='ocrx_word' id='word_1_630' title='bbox 3108 2329 3197 2394; x_wconf 82' lang='grc'><strong>34,</strong></span> <span class='ocrx_word' id='word_1_631' title='bbox 3234 2326 3347 2398; x_wconf 84' lang='grc'><strong>35),</strong></span> <span class='ocrx_word' id='word_1_632' title='bbox 3390 2327 3447 2379; x_wconf 89' lang='lat' dir='ltr'><strong>in</strong></span> <span class='ocrx_word' id='word_1_633' title='bbox 3485 2325 3581 2379; x_wconf 91' lang='lat' dir='ltr'><strong>hoc</strong></span> <span class='ocrx_word' id='word_1_634' title='bbox 3607 2324 3766 2378; x_wconf 81' lang='lat' dir='ltr'><strong>sancto-</strong></span> 
     </span>
    </p>
   </div>
   <div class='ocr_carea' id='block_1_88' title="bbox 2137 1842 2185 1907">
    <p class='ocr_par' dir='ltr' id='par_1_88' title="bbox 2137 1842 2185 1907">
     <span class='ocr_line' id='line_1_89' title="bbox 2137 1842 2185 1907; baseline 0 0"><span class='ocrx_word' id='word_1_635' title='bbox 2137 1842 2185 1907; x_wconf 92' lang='lat' dir='ltr'><strong>B</strong></span> 
     </span>
    </p>
   </div>
   <div class='ocr_carea' id='block_1_89' title="bbox 2217 2408 3867 2492">
    <p class='ocr_par' dir='ltr' id='par_1_89' title="bbox 2217 2408 3867 2492">
     <span class='ocr_line' id='line_1_90' title="bbox 2217 2408 3867 2492; baseline -0.011 -13"><span class='ocrx_word' id='word_1_636' title='bbox 2217 2441 2344 2479; x_wconf 89' lang='lat' dir='ltr'><strong>rum</strong></span> <span class='ocrx_word' id='word_1_637' title='bbox 2370 2422 2578 2478; x_wconf 77' lang='lat' dir='ltr'><strong>animm</strong></span> <span class='ocrx_word' id='word_1_638' title='bbox 2600 2419 2995 2492; x_wconf 89' lang='lat' dir='ltr'><strong>requiescunt.</strong></span> <span class='ocrx_word' id='word_1_639' title='bbox 3030 2418 3093 2472; x_wconf 92' lang='lat' dir='ltr'><strong>In</strong></span> <span class='ocrx_word' id='word_1_640' title='bbox 3122 2417 3233 2471; x_wconf 89' lang='lat' dir='ltr'><strong>hoc</strong></span> <span class='ocrx_word' id='word_1_641' title='bbox 3265 2432 3400 2488; x_wconf 87' lang='lat' dir='ltr'><strong>ergo</strong></span> <span class='ocrx_word' id='word_1_642' title='bbox 3423 2412 3601 2469; x_wconf 89' lang='lat' dir='ltr'><strong>nullus</strong></span> <span class='ocrx_word' id='word_1_643' title='bbox 3625 2408 3765 2479; x_wconf 81' lang='lat' dir='ltr'><strong>accipit</strong></span> <span class='ocrx_word' id='word_1_644' title='bbox 3866 2480 3867 2489; x_wconf 10' lang='grc' dir='ltr'>χ</span> 
     </span>
    </p>
   </div>
   <div class='ocr_carea' id='block_1_90' title="bbox 2215 2502 3767 2585">
    <p class='ocr_par' dir='ltr' id='par_1_90' title="bbox 2215 2502 3767 2585">
     <span class='ocr_line' id='line_1_91' title="bbox 2215 2502 3767 2585; baseline -0.011 -17"><span class='ocrx_word' id='word_1_645' title='bbox 2215 2511 2497 2585; x_wconf 85' lang='lat' dir='ltr'><strong>requiem,</strong></span> <span class='ocrx_word' id='word_1_646' title='bbox 2533 2510 2647 2566; x_wconf 92' lang='lat' dir='ltr'><strong>nisi</strong></span> <span class='ocrx_word' id='word_1_647' title='bbox 2678 2509 2778 2580; x_wconf 92' lang='lat' dir='ltr'><strong>qui</strong></span> <span class='ocrx_word' id='word_1_648' title='bbox 2823 2505 3151 2580; x_wconf 83' lang='lat' dir='ltr'><strong>ingreditur</strong></span> <span class='ocrx_word' id='word_1_649' title='bbox 3181 2504 3312 2561; x_wconf 89' lang='lat' dir='ltr'><strong>sine</strong></span> <span class='ocrx_word' id='word_1_650' title='bbox 3332 2502 3574 2582; x_wconf 41' lang='lat' dir='ltr'><strong>.macula,</strong></span> <span class='ocrx_word' id='word_1_651' title='bbox 3601 2506 3645 2556; x_wconf 87' lang='lat' dir='ltr'><strong>et</strong></span> <span class='ocrx_word' id='word_1_652' title='bbox 3677 2513 3767 2568; x_wconf 81' lang='lat' dir='ltr'><strong>ope-</strong></span> 
     </span>
    </p>
   </div>
   <div class='ocr_carea' id='block_1_91' title="bbox 2215 2586 3769 2672">
    <p class='ocr_par' dir='ltr' id='par_1_91' title="bbox 2215 2586 3769 2672">
     <span class='ocr_line' id='line_1_92' title="bbox 2215 2586 3769 2672; baseline -0.011 -15"><span class='ocrx_word' id='word_1_653' title='bbox 2215 2609 2379 2658; x_wconf 87' lang='lat' dir='ltr'><strong>ratur</strong></span> <span class='ocrx_word' id='word_1_654' title='bbox 2402 2600 2735 2672; x_wconf 86' lang='lat' dir='ltr'><strong>justitiam,:</strong></span> <span class='ocrx_word' id='word_1_655' title='bbox 2771 2598 2872 2670; x_wconf 92' lang='lat' dir='ltr'><strong>qui</strong></span> <span class='ocrx_word' id='word_1_656' title='bbox 2917 2595 3201 2651; x_wconf 90' lang='lat' dir='ltr'><strong>immunis</strong></span> <span class='ocrx_word' id='word_1_657' title='bbox 3257 2598 3348 2649; x_wconf 90' lang='lat' dir='ltr'><strong>est</strong></span> <span class='ocrx_word' id='word_1_658' title='bbox 3394 2594 3463 2649; x_wconf 88' lang='lat' dir='ltr'><strong>ab</strong></span> <span class='ocrx_word' id='word_1_659' title='bbox 3514 2590 3647 2647; x_wconf 86' lang='lat' dir='ltr'><strong>omni</strong></span> <span class='ocrx_word' id='word_1_660' title='bbox 3687 2586 3769 2640; x_wconf 77' lang='lat' dir='ltr'><strong>labe</strong></span> 
     </span>
    </p>
   </div>
   <div class='ocr_carea' id='block_1_92' title="bbox 2216 2673 3767 2763">
    <p class='ocr_par' dir='ltr' id='par_1_92' title="bbox 2216 2673 3767 2763">
     <span class='ocr_line' id='line_1_93' title="bbox 2216 2673 3767 2763; baseline -0.014 -16"><span class='ocrx_word' id='word_1_661' title='bbox 2216 2690 2457 2763; x_wconf 91' lang='lat' dir='ltr'><strong>peccati,</strong></span> <span class='ocrx_word' id='word_1_662' title='bbox 2490 2694 2547 2745; x_wconf 91' lang='lat' dir='ltr'><strong>et</strong></span> <span class='ocrx_word' id='word_1_663' title='bbox 2572 2691 2859 2761; x_wconf 67' lang='lat' dir='ltr'><strong>praecepta</strong></span> <span class='ocrx_word' id='word_1_664' title='bbox 2886 2686 2985 2742; x_wconf 88' lang='lat' dir='ltr'><strong>Dci</strong></span> <span class='ocrx_word' id='word_1_665' title='bbox 3037 2683 3451 2740; x_wconf 89' lang='lat' dir='ltr'><strong>inviolabiliter</strong></span> <span class='ocrx_word' id='word_1_666' title='bbox 3494 2673 3767 2763; x_wconf 82' lang='lat' dir='ltr'><strong>custodierit.</strong></span> 
     </span>
    </p>
   </div>
   <div class='ocr_carea' id='block_1_93' title="bbox 2215 2762 3767 2849">
    <p class='ocr_par' dir='ltr' id='par_1_93' title="bbox 2215 2762 3767 2849">
     <span class='ocr_line' id='line_1_94' title="bbox 2215 2762 3767 2849; baseline -0.013 -13"><span class='ocrx_word' id='word_1_667' title='bbox 2215 2762 2398 2836; x_wconf 48' lang='lat' dir='ltr'><strong>Aliter</strong></span> <span class='ocrx_word' id='word_1_668' title='bbox 2420 2796 2433 2833; x_wconf 89' lang='lat'><strong>:</strong></span> <span class='ocrx_word' id='word_1_669' title='bbox 2459 2780 2607 2833; x_wconf 83' lang='lat' dir='ltr'><strong>«Aut</strong></span> <span class='ocrx_word' id='word_1_670' title='bbox 2636 2777 2770 2849; x_wconf 91' lang='lat' dir='ltr'><strong>quis</strong></span> <span class='ocrx_word' id='word_1_671' title='bbox 2800 2775 3129 2847; x_wconf 87' lang='lat' dir='ltr'><strong>requiescet</strong></span> <span class='ocrx_word' id='word_1_672' title='bbox 3149 2774 3207 2827; x_wconf 89' lang='lat' dir='ltr'><strong>in</strong></span> <span class='ocrx_word' id='word_1_673' title='bbox 3243 2776 3438 2828; x_wconf 88' lang='lat' dir='ltr'><strong>monte</strong></span> <span class='ocrx_word' id='word_1_674' title='bbox 3466 2772 3638 2825; x_wconf 87' lang='lat' dir='ltr'><strong>sancto</strong></span> <span class='ocrx_word' id='word_1_675' title='bbox 3662 2762 3767 2819; x_wconf 70' lang='lat' dir='ltr'><strong>tuo?»</strong></span> 
     </span>
    </p>
   </div>
   <div class='ocr_carea' id='block_1_94' title="bbox 2215 2850 3767 2941">
    <p class='ocr_par' dir='ltr' id='par_1_94' title="bbox 2215 2850 3767 2941">
     <span class='ocr_line' id='line_1_95' title="bbox 2215 2850 3767 2941; baseline -0.014 -14"><span class='ocrx_word' id='word_1_676' title='bbox 2215 2870 2340 2926; x_wconf 89' lang='lat' dir='ltr'><strong>Non</strong></span> <span class='ocrx_word' id='word_1_677' title='bbox 2369 2867 2532 2941; x_wconf 91' lang='lat' dir='ltr'><strong>prius</strong></span> <span class='ocrx_word' id='word_1_678' title='bbox 2580 2867 2639 2921; x_wconf 91' lang='lat' dir='ltr'><strong>in</strong></span> <span class='ocrx_word' id='word_1_679' title='bbox 2672 2872 2889 2937; x_wconf 90' lang='lat' dir='ltr'><strong>monte,</strong></span> <span class='ocrx_word' id='word_1_680' title='bbox 2923 2869 2979 2920; x_wconf 91' lang='lat' dir='ltr'><strong>et</strong></span> <span class='ocrx_word' id='word_1_681' title='bbox 3010 2868 3212 2936; x_wconf 89' lang='lat' dir='ltr'><strong>postea</strong></span> <span class='ocrx_word' id='word_1_682' title='bbox 3244 2863 3300 2916; x_wconf 92' lang='lat' dir='ltr'><strong>in</strong></span> <span class='ocrx_word' id='word_1_683' title='bbox 3333 2854 3681 2920; x_wconf 85' lang='lat' dir='ltr'><strong>tabernaculo,</strong></span> <span class='ocrx_word' id='word_1_684' title='bbox 3706 2850 3767 2905; x_wconf 71' lang='lat' dir='ltr'><strong>sed</strong></span> 
     </span>
    </p>
   </div>
   <div class='ocr_carea' id='block_1_95' title="bbox 2215 2946 3767 3032">
    <p class='ocr_par' dir='ltr' id='par_1_95' title="bbox 2215 2946 3767 3032">
     <span class='ocr_line' id='line_1_96' title="bbox 2215 2946 3767 3032; baseline -0.013 -17"><span class='ocrx_word' id='word_1_685' title='bbox 2215 2961 2379 3032; x_wconf 90' lang='lat' dir='ltr'><strong>prius</strong></span> <span class='ocrx_word' id='word_1_686' title='bbox 2410 2960 2470 3013; x_wconf 90' lang='lat' dir='ltr'><strong>in</strong></span> <span class='ocrx_word' id='word_1_687' title='bbox 2500 2953 2900 3024; x_wconf 88' lang='lat' dir='ltr'><strong>tabernaculo,</strong></span> <span class='ocrx_word' id='word_1_688' title='bbox 2933 2957 2989 3008; x_wconf 93' lang='lat' dir='ltr'><strong>et</strong></span> <span class='ocrx_word' id='word_1_689' title='bbox 3016 2952 3101 3007; x_wconf 91' lang='lat' dir='ltr'><strong>ita</strong></span> <span class='ocrx_word' id='word_1_690' title='bbox 3132 2951 3190 3005; x_wconf 90' lang='lat' dir='ltr'><strong>in</strong></span> <span class='ocrx_word' id='word_1_691' title='bbox 3225 2954 3440 3005; x_wconf 85' lang='lat' dir='ltr'><strong>monte.</strong></span> <span class='ocrx_word' id='word_1_692' title='bbox 3486 2946 3767 3003; x_wconf 73' lang='lat' dir='ltr'><strong>Tuber-nacu-</strong></span> 
     </span>
    </p>
   </div>
   <div class='ocr_carea' id='block_1_96' title="bbox 2216 3030 3769 3112">
    <p class='ocr_par' dir='ltr' id='par_1_96' title="bbox 2216 3030 3769 3112">
     <span class='ocr_line' id='line_1_97' title="bbox 2216 3030 3769 3112; baseline -0.014 -8"><span class='ocrx_word' id='word_1_693' title='bbox 2216 3030 2338 3104; x_wconf 81' lang='lat' dir='ltr'><strong>lum</strong></span> <span class='ocrx_word' id='word_1_694' title='bbox 2370 3064 2488 3103; x_wconf 88' lang='lat' dir='ltr'><strong>non</strong></span> <span class='ocrx_word' id='word_1_695' title='bbox 2518 3052 2606 3102; x_wconf 90' lang='lat' dir='ltr'><strong>est</strong></span> <span class='ocrx_word' id='word_1_696' title='bbox 2629 3046 2801 3100; x_wconf 82' lang='lat' dir='ltr'><strong>firma</strong></span> <span class='ocrx_word' id='word_1_697' title='bbox 2821 3044 3055 3112; x_wconf 88' lang='lat' dir='ltr'><strong>domus,</strong></span> <span class='ocrx_word' id='word_1_698' title='bbox 3078 3038 3515 3095; x_wconf 87' lang='lat' dir='ltr'><strong>tabernaculum</strong></span> <span class='ocrx_word' id='word_1_699' title='bbox 3535 3050 3631 3090; x_wconf 89' lang='lat' dir='ltr'><strong>non</strong></span> <span class='ocrx_word' id='word_1_700' title='bbox 3650 3030 3769 3085; x_wconf 77' lang='lat' dir='ltr'><strong>habet</strong></span> 
     </span>
    </p>
   </div>
   <div class='ocr_carea' id='block_1_97' title="bbox 2217 3125 3766 3201">
    <p class='ocr_par' dir='ltr' id='par_1_97' title="bbox 2217 3125 3766 3201">
     <span class='ocr_line' id='line_1_98' title="bbox 2217 3125 3766 3201; baseline -0.015 -7"><span class='ocrx_word' id='word_1_701' title='bbox 2217 3138 2663 3193; x_wconf 85' lang='lat' dir='ltr'><strong>fundamentum</strong></span> <span class='ocrx_word' id='word_1_702' title='bbox 2690 3152 2702 3190; x_wconf 92' lang='lat'><strong>:</strong></span> <span class='ocrx_word' id='word_1_703' title='bbox 2739 3134 2840 3189; x_wconf 90' lang='lat' dir='ltr'><strong>sed</strong></span> <span class='ocrx_word' id='word_1_704' title='bbox 2873 3132 2988 3186; x_wconf 90' lang='lat' dir='ltr'><strong>huc</strong></span> <span class='ocrx_word' id='word_1_705' title='bbox 3017 3128 3278 3201; x_wconf 85' lang='lat' dir='ltr'><strong>illucque</strong></span> <span class='ocrx_word' id='word_1_706' title='bbox 3310 3131 3572 3194; x_wconf 84' lang='lat' dir='ltr'><strong>mutatur,</strong></span> <span class='ocrx_word' id='word_1_707' title='bbox 3613 3125 3766 3176; x_wconf 87' lang='lat' dir='ltr'><strong>etcum</strong></span> 
     </span>
    </p>
   </div>
   <div class='ocr_carea' id='block_1_98' title="bbox 2136 3206 3768 3297">
    <p class='ocr_par' dir='ltr' id='par_1_98' title="bbox 2136 3206 3768 3297">
     <span class='ocr_line' id='line_1_99' title="bbox 2136 3206 3768 3297; baseline -0.014 -14"><span class='ocrx_word' id='word_1_708' title='bbox 2136 3217 2178 3283; x_wconf 87' lang='lat' dir='ltr'><strong>C</strong></span> <span class='ocrx_word' id='word_1_709' title='bbox 2214 3226 2674 3297; x_wconf 81' lang='lat' dir='ltr'><strong>transmigrante</strong></span> <span class='ocrx_word' id='word_1_710' title='bbox 2703 3221 2950 3295; x_wconf 87' lang='lat' dir='ltr'><strong>migrat:</strong></span> <span class='ocrx_word' id='word_1_711' title='bbox 2978 3220 3118 3291; x_wconf 90' lang='lat' dir='ltr'><strong>quia</strong></span> <span class='ocrx_word' id='word_1_712' title='bbox 3145 3214 3575 3274; x_wconf 88' lang='lat' dir='ltr'><strong>tabernaculum</strong></span> <span class='ocrx_word' id='word_1_713' title='bbox 3594 3226 3684 3266; x_wconf 90' lang='lat' dir='ltr'><strong>non</strong></span> <span class='ocrx_word' id='word_1_714' title='bbox 3706 3206 3768 3259; x_wconf 81' lang='lat' dir='ltr'><strong>ha-</strong></span> 
     </span>
    </p>
   </div>
   <div class='ocr_carea' id='block_1_99' title="bbox 2215 3297 3768 3378">
    <p class='ocr_par' dir='ltr' id='par_1_99' title="bbox 2215 3297 3768 3378">
     <span class='ocr_line' id='line_1_100' title="bbox 2215 3297 3768 3378; baseline -0.016 -6"><span class='ocrx_word' id='word_1_715' title='bbox 2215 3316 2312 3371; x_wconf 87' lang='lat' dir='ltr'><strong>bet</strong></span> <span class='ocrx_word' id='word_1_716' title='bbox 2341 3315 2812 3378; x_wconf 84' lang='lat' dir='ltr'><strong>fundamentum,</strong></span> <span class='ocrx_word' id='word_1_717' title='bbox 2855 3308 2955 3366; x_wconf 89' lang='lat' dir='ltr'><strong>sed</strong></span> <span class='ocrx_word' id='word_1_718' title='bbox 2989 3313 3077 3364; x_wconf 87' lang='lat' dir='ltr'><strong>est</strong></span> <span class='ocrx_word' id='word_1_719' title='bbox 3104 3308 3321 3363; x_wconf 88' lang='lat' dir='ltr'><strong>domus</strong></span> <span class='ocrx_word' id='word_1_720' title='bbox 3350 3306 3587 3361; x_wconf 87' lang='lat' dir='ltr'><strong>incerta:</strong></span> <span class='ocrx_word' id='word_1_721' title='bbox 3621 3297 3768 3353; x_wconf 86' lang='lat' dir='ltr'><strong>domus</strong></span> 
     </span>
    </p>
   </div>
   <div class='ocr_carea' id='block_1_100' title="bbox 2215 3381 3768 3462">
    <p class='ocr_par' dir='ltr' id='par_1_100' title="bbox 2215 3381 3768 3462">
     <span class='ocr_line' id='line_1_101' title="bbox 2215 3381 3768 3462; baseline -0.011 -2"><span class='ocrx_word' id='word_1_722' title='bbox 2215 3407 2411 3459; x_wconf 89' lang='lat' dir='ltr'><strong>autem</strong></span> <span class='ocrx_word' id='word_1_723' title='bbox 2470 3404 2641 3458; x_wconf 81' lang='lat' dir='ltr'><strong>ﬁrma</strong></span> <span class='ocrx_word' id='word_1_724' title='bbox 2688 3401 2867 3456; x_wconf 89' lang='lat' dir='ltr'><strong>habet</strong></span> <span class='ocrx_word' id='word_1_725' title='bbox 2916 3398 3320 3454; x_wconf 88' lang='lat' dir='ltr'><strong>fundamenta.</strong></span> <span class='ocrx_word' id='word_1_726' title='bbox 3372 3394 3527 3450; x_wconf 89' lang='lat' dir='ltr'><strong>Mons</strong></span> <span class='ocrx_word' id='word_1_727' title='bbox 3570 3404 3652 3462; x_wconf 86' lang='lat' dir='ltr'><strong>pro</strong></span> <span class='ocrx_word' id='word_1_728' title='bbox 3694 3381 3768 3437; x_wconf 67' lang='lat' dir='ltr'><strong>viil</strong></span> 
     </span>
    </p>
   </div>
   <div class='ocr_carea' id='block_1_101' title="bbox 2214 3493 2716 3565">
    <p class='ocr_par' dir='ltr' id='par_1_101' title="bbox 2214 3493 2716 3565">
     <span class='ocr_line' id='line_1_102' title="bbox 2214 3493 2716 3565; baseline -0.008 -17"><span class='ocrx_word' id='word_1_729' title='bbox 2214 3501 2428 3549; x_wconf 66' lang='lat' dir='ltr'><strong>aeterna</strong></span> <span class='ocrx_word' id='word_1_730' title='bbox 2458 3493 2716 3565; x_wconf 86' lang='lat' dir='ltr'><strong>ponitur.</strong></span> 
     </span>
    </p>
   </div>
   <div class='ocr_carea' id='block_1_102' title="bbox 2289 3577 3768 3671">
    <p class='ocr_par' dir='ltr' id='par_1_102' title="bbox 2289 3577 3768 3671">
     <span class='ocr_line' id='line_1_103' title="bbox 2289 3577 3768 3671; baseline -0.01 -16"><span class='ocrx_word' id='word_1_731' title='bbox 2289 3599 2454 3666; x_wconf 82' lang='lat' dir='ltr'><strong>«Qui</strong></span> <span class='ocrx_word' id='word_1_732' title='bbox 2500 3597 2828 3671; x_wconf 90' lang='lat' dir='ltr'><strong>ingreditur</strong></span> <span class='ocrx_word' id='word_1_733' title='bbox 2877 3595 3003 3651; x_wconf 90' lang='lat' dir='ltr'><strong>sine</strong></span> <span class='ocrx_word' id='word_1_734' title='bbox 3051 3592 3306 3648; x_wconf 87' lang='lat' dir='ltr'><strong>macula.</strong></span> <span class='ocrx_word' id='word_1_735' title='bbox 3335 3612 3360 3643; x_wconf 72' lang='grc' dir='ltr'><strong><em>η</em></strong></span> <span class='ocrx_word' id='word_1_736' title='bbox 3422 3594 3531 3644; x_wconf 91' lang='lat' dir='ltr'><strong>Hoc</strong></span> <span class='ocrx_word' id='word_1_737' title='bbox 3569 3586 3656 3651; x_wconf 81' lang='lat' dir='ltr'><strong>est,</strong></span> <span class='ocrx_word' id='word_1_738' title='bbox 3688 3577 3768 3633; x_wconf 69' lang='lat' dir='ltr'><strong>sine</strong></span> 
     </span>
    </p>
   </div>
   <div class='ocr_carea' id='block_1_103' title="bbox 2217 3678 3768 3759">
    <p class='ocr_par' dir='ltr' id='par_1_103' title="bbox 2217 3678 3768 3759">
     <span class='ocr_line' id='line_1_104' title="bbox 2217 3678 3768 3759; baseline -0.015 -13"><span class='ocrx_word' id='word_1_739' title='bbox 2217 3688 2562 3745; x_wconf 84' lang='lat' dir='ltr'><strong>mortalibus</strong></span> <span class='ocrx_word' id='word_1_740' title='bbox 2592 3685 2870 3759; x_wconf 85' lang='lat' dir='ltr'><strong>peccatis,</strong></span> <span class='ocrx_word' id='word_1_741' title='bbox 2932 3682 3069 3755; x_wconf 92' lang='lat' dir='ltr'><strong>quia</strong></span> <span class='ocrx_word' id='word_1_742' title='bbox 3124 3682 3253 3737; x_wconf 91' lang='lat' dir='ltr'><strong>sine</strong></span> <span class='ocrx_word' id='word_1_743' title='bbox 3313 3678 3543 3735; x_wconf 89' lang='lat' dir='ltr'><strong>minutis</strong></span> <span class='ocrx_word' id='word_1_744' title='bbox 3568 3686 3673 3728; x_wconf 85' lang='lat' dir='ltr'><strong>esse</strong></span> <span class='ocrx_word' id='word_1_745' title='bbox 3694 3679 3768 3721; x_wconf 82' lang='lat' dir='ltr'><strong>non</strong></span> 
     </span>
    </p>
   </div>
   <div class='ocr_carea' id='block_1_104' title="bbox 2218 3765 3767 3851">
    <p class='ocr_par' dir='ltr' id='par_1_104' title="bbox 2218 3765 3767 3851">
     <span class='ocr_line' id='line_1_105' title="bbox 2218 3765 3767 3851; baseline -0.015 -16"><span class='ocrx_word' id='word_1_746' title='bbox 2218 3794 2552 3851; x_wconf 89' lang='lat' dir='ltr'><strong>possumus.</strong></span> <span class='ocrx_word' id='word_1_747' title='bbox 2586 3776 2750 3832; x_wconf 89' lang='lat' dir='ltr'><strong>Unde</strong></span> <span class='ocrx_word' id='word_1_748' title='bbox 2780 3773 3029 3831; x_wconf 89' lang='lat' dir='ltr'><strong>dicitur:</strong></span> <span class='ocrx_word' id='word_1_749' title='bbox 3064 3772 3124 3827; x_wconf 90' lang='lat' dir='ltr'><strong>Si</strong></span> <span class='ocrx_word' id='word_1_750' title='bbox 3153 3768 3391 3826; x_wconf 78' lang='lat' dir='ltr'><strong>dicimus</strong></span> <span class='ocrx_word' id='word_1_751' title='bbox 3419 3766 3541 3839; x_wconf 84' lang='lat' dir='ltr'><strong>quia</strong></span> <span class='ocrx_word' id='word_1_752' title='bbox 3563 3765 3767 3851; x_wconf 43' lang='lat' dir='ltr'><strong>peccaturo</strong></span> 
     </span>
    </p>
   </div>
   <div class='ocr_carea' id='block_1_105' title="bbox 2213 3842 3767 3937">
    <p class='ocr_par' dir='ltr' id='par_1_105' title="bbox 2213 3842 3767 3937">
     <span class='ocr_line' id='line_1_106' title="bbox 2213 3842 3767 3937; baseline -0.012 -15"><span class='ocrx_word' id='word_1_753' title='bbox 2213 3885 2325 3924; x_wconf 80' lang='lat' dir='ltr'><strong>non</strong></span> <span class='ocrx_word' id='word_1_754' title='bbox 2355 3867 2639 3931; x_wconf 87' lang='lat' dir='ltr'><strong>habemus,</strong></span> <span class='ocrx_word' id='word_1_755' title='bbox 2671 3866 2785 3937; x_wconf 81' lang='lat' dir='ltr'><strong>ipse</strong></span> <span class='ocrx_word' id='word_1_756' title='bbox 2811 3879 2910 3918; x_wconf 80' lang='lat' dir='ltr'><strong>nos</strong></span> <span class='ocrx_word' id='word_1_757' title='bbox 2938 3861 3274 3928; x_wconf 78' lang='lat' dir='ltr'><strong>seducimus,</strong></span> <span class='ocrx_word' id='word_1_758' title='bbox 3299 3867 3349 3915; x_wconf 79' lang='lat' dir='ltr'><strong>et</strong></span> <span class='ocrx_word' id='word_1_759' title='bbox 3377 3858 3567 3913; x_wconf 81' lang='lat' dir='ltr'><strong>veritas</strong></span> <span class='ocrx_word' id='word_1_760' title='bbox 3596 3852 3643 3905; x_wconf 84' lang='lat' dir='ltr'><strong>in</strong></span> <span class='ocrx_word' id='word_1_761' title='bbox 3666 3842 3767 3899; x_wconf 69' lang='grc' dir='ltr'><strong>ηοῦἱε</strong></span> 
     </span>
    </p>
   </div>
   <div class='ocr_carea' id='block_1_106' title="bbox 2212 3933 3767 4025">
    <p class='ocr_par' dir='ltr' id='par_1_106' title="bbox 2212 3933 3767 4025">
     <span class='ocr_line' id='line_1_107' title="bbox 2212 3933 3767 4025; baseline 0.001 -14"><span class='ocrx_word' id='word_1_762' title='bbox 2212 3973 2323 4013; x_wconf 77' lang='lat' dir='ltr'><strong>non</strong></span> <span class='ocrx_word' id='word_1_763' title='bbox 2353 3959 2430 4012; x_wconf 83' lang='lat' dir='ltr'><strong>est</strong></span> <span class='ocrx_word' id='word_1_764' title='bbox 2458 3957 2508 4025; x_wconf 86' lang='lat' dir='ltr'><strong>(l</strong></span> <span class='ocrx_word' id='word_1_765' title='bbox 2531 3933 2763 4023; x_wconf 31' lang='lat' dir='ltr'><strong>Joansi,</strong></span> <span class='ocrx_word' id='word_1_766' title='bbox 2793 3951 2867 4024; x_wconf 89' lang='lat'><strong>8).</strong></span> <span class='ocrx_word' id='word_1_767' title='bbox 2909 3948 3011 4005; x_wconf 90' lang='lat' dir='ltr'><strong>Vel</strong></span> <span class='ocrx_word' id='word_1_768' title='bbox 3045 3949 3253 4004; x_wconf 85' lang='lat' dir='ltr'><strong>aliter:</strong></span> <span class='ocrx_word' id='word_1_769' title='bbox 3291 3970 3318 3999; x_wconf 85' lang='grc'><strong>‹‹</strong></span> <span class='ocrx_word' id='word_1_770' title='bbox 3377 3944 3479 4010; x_wconf 82' lang='lat' dir='ltr'><strong>Qlli</strong></span> <span class='ocrx_word' id='word_1_771' title='bbox 3522 3933 3767 4025; x_wconf 50' lang='grc' dir='ltr'><strong>ἰοετεέίίέτ</strong></span> 
     </span>
    </p>
   </div>
   <div class='ocr_carea' id='block_1_107' title="bbox 2214 4020 3765 4111">
    <p class='ocr_par' dir='ltr' id='par_1_107' title="bbox 2214 4020 3765 4111">
     <span class='ocr_line' id='line_1_108' title="bbox 2214 4020 3765 4111; baseline -0.015 -9"><span class='ocrx_word' id='word_1_772' title='bbox 2214 4048 2340 4103; x_wconf 90' lang='lat' dir='ltr'><strong>sine</strong></span> <span class='ocrx_word' id='word_1_773' title='bbox 2372 4020 2619 4101; x_wconf 80' lang='lat' dir='ltr'><strong>macula.</strong></span> <span class='ocrx_word' id='word_1_774' title='bbox 2675 4066 2696 4091; x_wconf 82' lang='lat'><strong><em>»</em></strong></span> <span class='ocrx_word' id='word_1_775' title='bbox 2726 4020 2930 4096; x_wconf 77' lang='lat' dir='ltr'><strong>Videte</strong></span> <span class='ocrx_word' id='word_1_776' title='bbox 2970 4037 3110 4111; x_wconf 90' lang='lat' dir='ltr'><strong>quid</strong></span> <span class='ocrx_word' id='word_1_777' title='bbox 3142 4035 3485 4109; x_wconf 81' lang='lat' dir='ltr'><strong>praecipitur.</strong></span> <span class='ocrx_word' id='word_1_778' title='bbox 3516 4030 3623 4086; x_wconf 87' lang='lat' dir='ltr'><strong>Non</strong></span> <span class='ocrx_word' id='word_1_779' title='bbox 3646 4020 3765 4111; x_wconf 41' lang='lat' dir='ltr'><strong>digiti</strong></span> 
     </span>
    </p>
   </div>
   <div class='ocr_carea' id='block_1_108' title="bbox 2214 4108 3765 4208">
    <p class='ocr_par' dir='ltr' id='par_1_108' title="bbox 2214 4108 3765 4208">
     <span class='ocr_line' id='line_1_109' title="bbox 2214 4108 3765 4208; baseline -0.019 -16"><span class='ocrx_word' id='word_1_780' title='bbox 2214 4136 2315 4208; x_wconf 91' lang='lat' dir='ltr'><strong>qui</strong></span> <span class='ocrx_word' id='word_1_781' title='bbox 2348 4133 2610 4208; x_wconf 90' lang='lat' dir='ltr'><strong>pervenit</strong></span> <span class='ocrx_word' id='word_1_782' title='bbox 2638 4131 2709 4187; x_wconf 90' lang='lat' dir='ltr'><strong>ad</strong></span> <span class='ocrx_word' id='word_1_783' title='bbox 2744 4130 2919 4185; x_wconf 82' lang='lat' dir='ltr'><strong>finem</strong></span> <span class='ocrx_word' id='word_1_784' title='bbox 2962 4130 3089 4183; x_wconf 87' lang='lat' dir='ltr'><strong>sine</strong></span> <span class='ocrx_word' id='word_1_785' title='bbox 3123 4108 3370 4193; x_wconf 82' lang='lat' dir='ltr'><strong>macula,</strong></span> <span class='ocrx_word' id='word_1_786' title='bbox 3403 4121 3496 4178; x_wconf 89' lang='lat' dir='ltr'><strong>sed</strong></span> <span class='ocrx_word' id='word_1_787' title='bbox 3531 4116 3613 4190; x_wconf 91' lang='lat' dir='ltr'><strong>qui</strong></span> <span class='ocrx_word' id='word_1_788' title='bbox 3635 4108 3765 4208; x_wconf 52' lang='lat' dir='ltr'><strong>adhuc</strong></span> 
     </span>
    </p>
   </div>
   <div class='ocr_carea' id='block_1_109' title="bbox 2213 4194 3766 4291">
    <p class='ocr_par' dir='ltr' id='par_1_109' title="bbox 2213 4194 3766 4291">
     <span class='ocr_line' id='line_1_110' title="bbox 2213 4194 3766 4291; baseline -0.014 -12"><span class='ocrx_word' id='word_1_789' title='bbox 2213 4227 2273 4280; x_wconf 91' lang='lat' dir='ltr'><strong>in</strong></span> <span class='ocrx_word' id='word_1_790' title='bbox 2305 4223 2509 4278; x_wconf 88' lang='lat' dir='ltr'><strong>itinere</strong></span> <span class='ocrx_word' id='word_1_791' title='bbox 2540 4224 2647 4291; x_wconf 87' lang='lat' dir='ltr'><strong>est,</strong></span> <span class='ocrx_word' id='word_1_792' title='bbox 2682 4223 2739 4275; x_wconf 85' lang='lat' dir='ltr'><strong>et</strong></span> <span class='ocrx_word' id='word_1_793' title='bbox 2796 4217 3087 4273; x_wconf 87' lang='lat' dir='ltr'><strong>maculam</strong></span> <span class='ocrx_word' id='word_1_794' title='bbox 3120 4232 3236 4271; x_wconf 88' lang='lat' dir='ltr'><strong>non</strong></span> <span class='ocrx_word' id='word_1_795' title='bbox 3286 4214 3472 4269; x_wconf 85' lang='lat' dir='ltr'><strong>habet.</strong></span> <span class='ocrx_word' id='word_1_796' title='bbox 3511 4206 3678 4291; x_wconf 60' lang='lat' dir='ltr'><strong>Dicere</strong></span> <span class='ocrx_word' id='word_1_797' title='bbox 3699 4194 3766 4250; x_wconf 74' lang='grc' dir='ltr'><strong>διί-</strong></span> 
     </span>
    </p>
   </div>
   <div class='ocr_carea' id='block_1_110' title="bbox 2215 4286 3867 4386">
    <p class='ocr_par' dir='ltr' id='par_1_110' title="bbox 2215 4286 3867 4386">
     <span class='ocr_line' id='line_1_111' title="bbox 2215 4286 3867 4386; baseline -0.013 -19"><span class='ocrx_word' id='word_1_798' title='bbox 2215 4312 2348 4386; x_wconf 90' lang='lat' dir='ltr'><strong>quis</strong></span> <span class='ocrx_word' id='word_1_799' title='bbox 2378 4314 2601 4384; x_wconf 89' lang='lat' dir='ltr'><strong>potest:</strong></span> <span class='ocrx_word' id='word_1_800' title='bbox 2627 4286 2759 4364; x_wconf 68' lang='lat' dir='ltr'><strong>Non</strong></span> <span class='ocrx_word' id='word_1_801' title='bbox 2788 4306 2974 4362; x_wconf 88' lang='lat' dir='ltr'><strong>habeo</strong></span> <span class='ocrx_word' id='word_1_802' title='bbox 3007 4304 3321 4371; x_wconf 86' lang='lat' dir='ltr'><strong>maculam,</strong></span> <span class='ocrx_word' id='word_1_803' title='bbox 3348 4316 3457 4355; x_wconf 90' lang='lat' dir='ltr'><strong>non</strong></span> <span class='ocrx_word' id='word_1_804' title='bbox 3477 4294 3571 4351; x_wconf 89' lang='lat' dir='ltr'><strong>feci</strong></span> <span class='ocrx_word' id='word_1_805' title='bbox 3590 4286 3796 4386; x_wconf 57' lang='lat' dir='ltr'><strong>malum,</strong></span> 
     </span>
    </p>
   </div>
   <div class='ocr_carea' id='block_1_111' title="bbox 2212 4375 3767 4465">
    <p class='ocr_par' dir='ltr' id='par_1_111' title="bbox 2212 4375 3767 4465">
     <span class='ocr_line' id='line_1_112' title="bbox 2212 4375 3767 4465; baseline -0.016 -7"><span class='ocrx_word' id='word_1_806' title='bbox 2212 4403 2336 4458; x_wconf 90' lang='lat' dir='ltr'><strong>Non</strong></span> <span class='ocrx_word' id='word_1_807' title='bbox 2363 4398 2580 4457; x_wconf 85' lang='lat' dir='ltr'><strong>sufﬁcit</strong></span> <span class='ocrx_word' id='word_1_808' title='bbox 2604 4397 2773 4453; x_wconf 90' lang='lat' dir='ltr'><strong>nobis</strong></span> <span class='ocrx_word' id='word_1_809' title='bbox 2803 4395 3025 4451; x_wconf 88' lang='lat' dir='ltr'><strong>malum</strong></span> <span class='ocrx_word' id='word_1_810' title='bbox 3047 4410 3165 4448; x_wconf 84' lang='lat' dir='ltr'><strong>non</strong></span> <span class='ocrx_word' id='word_1_811' title='bbox 3187 4392 3375 4447; x_wconf 88' lang='lat' dir='ltr'><strong>facere</strong></span> <span class='ocrx_word' id='word_1_812' title='bbox 3403 4385 3508 4443; x_wconf 90' lang='lat' dir='ltr'><strong>nisi</strong></span> <span class='ocrx_word' id='word_1_813' title='bbox 3537 4375 3767 4465; x_wconf 62' lang='grc' dir='ltr'><strong>ΐεοθτίωιξε</strong></span> 
     </span>
    </p>
   </div>
   <div class='ocr_carea' id='block_1_112' title="bbox 2213 4464 3767 4556">
    <p class='ocr_par' dir='ltr' id='par_1_112' title="bbox 2213 4464 3767 4556">
     <span class='ocr_line' id='line_1_113' title="bbox 2213 4464 3767 4556; baseline -0.017 -9"><span class='ocrx_word' id='word_1_814' title='bbox 2213 4496 2271 4547; x_wconf 87' lang='lat' dir='ltr'><strong>et</strong></span> <span class='ocrx_word' id='word_1_815' title='bbox 2300 4491 2542 4545; x_wconf 91' lang='lat' dir='ltr'><strong>bonum.</strong></span> <span class='ocrx_word' id='word_1_816' title='bbox 2581 4486 2837 4556; x_wconf 91' lang='lat' dir='ltr'><strong>Denique</strong></span> <span class='ocrx_word' id='word_1_817' title='bbox 2867 4483 3169 4554; x_wconf 86' lang='lat' dir='ltr'><strong>sequitur:</strong></span> <span class='ocrx_word' id='word_1_818' title='bbox 3200 4504 3226 4530; x_wconf 84' lang='lat'><strong>«</strong></span> <span class='ocrx_word' id='word_1_819' title='bbox 3274 4481 3343 4535; x_wconf 86' lang='lat' dir='ltr'><strong>Et</strong></span> <span class='ocrx_word' id='word_1_820' title='bbox 3382 4476 3627 4549; x_wconf 83' lang='lat' dir='ltr'><strong>operatur</strong></span> <span class='ocrx_word' id='word_1_821' title='bbox 3644 4464 3767 4556; x_wconf 54' lang='lat' dir='ltr'><strong>jusll&#39;</strong></span> 
     </span>
    </p>
   </div>
   <div class='ocr_carea' id='block_1_113' title="bbox 2411 4554 3768 4645">
    <p class='ocr_par' dir='ltr' id='par_1_113' title="bbox 2411 4554 3768 4645">
     <span class='ocr_line' id='line_1_114' title="bbox 2411 4554 3768 4645; baseline -0.021 -10"><span class='ocrx_word' id='word_1_822' title='bbox 2411 4601 2431 4627; x_wconf 76' lang='grc' dir='ltr'><strong>ο</strong></span> <span class='ocrx_word' id='word_1_823' title='bbox 2494 4583 2619 4633; x_wconf 91' lang='lat' dir='ltr'><strong>Non</strong></span> <span class='ocrx_word' id='word_1_824' title='bbox 2679 4554 2844 4641; x_wconf 53' lang='lat' dir='ltr'><strong>disit,</strong></span> <span class='ocrx_word' id='word_1_825' title='bbox 2878 4576 3152 4645; x_wconf 90' lang='lat' dir='ltr'><strong>operatur</strong></span> <span class='ocrx_word' id='word_1_826' title='bbox 3200 4554 3768 4645; x_wconf 62' lang='lat' dir='ltr'><strong>castitatem,operatur</strong></span> 
     </span>
    </p>
   </div>
   <div class='ocr_carea' id='block_1_114' title="bbox 2213 4640 3767 4741">
    <p class='ocr_par' dir='ltr' id='par_1_114' title="bbox 2213 4640 3767 4741">
     <span class='ocr_line' id='line_1_115' title="bbox 2213 4640 3767 4741; baseline -0.015 -15"><span class='ocrx_word' id='word_1_827' title='bbox 2213 4668 2586 4741; x_wconf 88' lang='lat' dir='ltr'><strong>sapientiam,</strong></span> <span class='ocrx_word' id='word_1_828' title='bbox 2619 4668 2892 4737; x_wconf 90' lang='lat' dir='ltr'><strong>operatur</strong></span> <span class='ocrx_word' id='word_1_829' title='bbox 2915 4640 3361 4716; x_wconf 29' lang='lat' dir='ltr'><strong>“fortitudinem.</strong></span> <span class='ocrx_word' id='word_1_830' title='bbox 3393 4655 3457 4710; x_wconf 87' lang='lat' dir='ltr'><strong>Et</strong></span> <span class='ocrx_word' id='word_1_831' title='bbox 3483 4640 3767 4741; x_wconf 48' lang='lat' dir='ltr'><strong>haiqtlidfm</strong></span> 
     </span>
    </p>
   </div>
   <div class='ocr_carea' id='block_1_115' title="bbox 2212 4726 3768 4828">
    <p class='ocr_par' dir='ltr' id='par_1_115' title="bbox 2212 4726 3768 4828">
     <span class='ocr_line' id='line_1_116' title="bbox 2212 4726 3768 4828; baseline -0.008 -15"><span class='ocrx_word' id='word_1_832' title='bbox 2212 4726 2459 4813; x_wconf 71' lang='lat' dir='ltr'><strong>virtutes</strong></span> <span class='ocrx_word' id='word_1_833' title='bbox 2490 4726 2723 4828; x_wconf 67' lang='lat' dir='ltr'><strong>optimas</strong></span> <span class='ocrx_word' id='word_1_834' title='bbox 2747 4756 2906 4807; x_wconf 89' lang='lat' dir='ltr'><strong>sunt.</strong></span> <span class='ocrx_word' id='word_1_835' title='bbox 2928 4748 3258 4821; x_wconf 82' lang='lat' dir='ltr'><strong>Sapientiae</strong></span> <span class='ocrx_word' id='word_1_836' title='bbox 3277 4744 3439 4803; x_wconf 88' lang='lat' dir='ltr'><strong>nobis</strong></span> <span class='ocrx_word' id='word_1_837' title='bbox 3455 4736 3677 4826; x_wconf 31' lang='lat' dir='ltr'><strong>prode“:</strong></span> <span class='ocrx_word' id='word_1_838' title='bbox 3696 4726 3768 4828; x_wconf 46' lang='grc' dir='ltr'><strong>(ον’</strong></span> 
     </span>
    </p>
   </div>
   <div class='ocr_carea' id='block_1_116' title="bbox 2214 4816 3763 4915">
    <p class='ocr_par' dir='ltr' id='par_1_116' title="bbox 2214 4816 3763 4915">
     <span class='ocr_line' id='line_1_117' title="bbox 2214 4816 3763 4915; baseline -0.025 -11"><span class='ocrx_word' id='word_1_839' title='bbox 2214 4848 2403 4905; x_wconf 89' lang='lat' dir='ltr'><strong>titudo</strong></span> <span class='ocrx_word' id='word_1_840' title='bbox 2436 4816 2604 4901; x_wconf 76' lang='lat' dir='ltr'><strong>nobis</strong></span> <span class='ocrx_word' id='word_1_841' title='bbox 2656 4841 2910 4915; x_wconf 89' lang='lat' dir='ltr'><strong>prodest,</strong></span> <span class='ocrx_word' id='word_1_842' title='bbox 2958 4816 3026 4894; x_wconf 77' lang='lat' dir='ltr'><strong>ut</strong></span> <span class='ocrx_word' id='word_1_843' title='bbox 3063 4831 3547 4909; x_wconf 87' lang='lat' dir='ltr'><strong>persecutionibus</strong></span> <span class='ocrx_word' id='word_1_844' title='bbox 3589 4816 3763 4877; x_wconf 78' lang='lat' dir='ltr'><strong>resista-</strong></span> 
     </span>
    </p>
   </div>
   <div class='ocr_carea' id='block_1_117' title="bbox 2216 4914 3763 5002">
    <p class='ocr_par' dir='ltr' id='par_1_117' title="bbox 2216 4914 3763 5002">
     <span class='ocr_line' id='line_1_118' title="bbox 2216 4914 3763 5002; baseline -0.013 -9"><span class='ocrx_word' id='word_1_845' title='bbox 2216 4955 2368 4994; x_wconf 88' lang='lat' dir='ltr'><strong>mus.</strong></span> <span class='ocrx_word' id='word_1_846' title='bbox 2405 4934 2621 4991; x_wconf 89' lang='lat' dir='ltr'><strong>Deinde</strong></span> <span class='ocrx_word' id='word_1_847' title='bbox 2650 4914 3036 5002; x_wconf 85' lang='lat' dir='ltr'><strong>temperantia</strong></span> <span class='ocrx_word' id='word_1_848' title='bbox 3066 4932 3124 4981; x_wconf 85' lang='lat' dir='ltr'><strong>et</strong></span> <span class='ocrx_word' id='word_1_849' title='bbox 3167 4925 3405 4982; x_wconf 86' lang='lat' dir='ltr'><strong>castitas</strong></span> <span class='ocrx_word' id='word_1_850' title='bbox 3436 4914 3583 4976; x_wconf 87' lang='lat' dir='ltr'><strong>nobis</strong></span> <span class='ocrx_word' id='word_1_851' title='bbox 3603 4914 3763 5002; x_wconf 28' lang='lat'><strong>‘03???</strong></span> 
     </span>
    </p>
   </div>
   <div class='ocr_carea' id='block_1_118' title="bbox 2216 4996 3764 5092">
    <p class='ocr_par' dir='ltr' id='par_1_118' title="bbox 2216 4996 3764 5092">
     <span class='ocr_line' id='line_1_119' title="bbox 2216 4996 3764 5092; baseline -0.024 -8"><span class='ocrx_word' id='word_1_852' title='bbox 2216 5026 2382 5084; x_wconf 65' lang='lat' dir='ltr'><strong>saria</strong></span> <span class='ocrx_word' id='word_1_853' title='bbox 2413 5028 2574 5089; x_wconf 89' lang='lat' dir='ltr'><strong>sunt,</strong></span> <span class='ocrx_word' id='word_1_854' title='bbox 2617 5037 2689 5077; x_wconf 87' lang='lat' dir='ltr'><strong>ne</strong></span> <span class='ocrx_word' id='word_1_855' title='bbox 2720 5019 3035 5092; x_wconf 88' lang='lat' dir='ltr'><strong>perdamus</strong></span> <span class='ocrx_word' id='word_1_856' title='bbox 3065 5015 3292 5071; x_wconf 87' lang='lat' dir='ltr'><strong>animas</strong></span> <span class='ocrx_word' id='word_1_857' title='bbox 3340 5014 3565 5085; x_wconf 79' lang='lat' dir='ltr'><strong>nostras.</strong></span> <span class='ocrx_word' id='word_1_858' title='bbox 3590 4996 3764 5092; x_wconf 42' lang='lat' dir='ltr'><strong>iustitia</strong></span> 
     </span>
    </p>
   </div>
   <div class='ocr_carea' id='block_1_119' title="bbox 2217 5076 3764 5185">
    <p class='ocr_par' dir='ltr' id='par_1_119' title="bbox 2217 5076 3764 5185">
     <span class='ocr_line' id='line_1_120' title="bbox 2217 5076 3764 5185; baseline -0.021 -13"><span class='ocrx_word' id='word_1_859' title='bbox 2217 5117 2343 5172; x_wconf 87' lang='lat' dir='ltr'><strong>sola</strong></span> <span class='ocrx_word' id='word_1_860' title='bbox 2371 5129 2586 5185; x_wconf 86' lang='lat' dir='ltr'><strong>magna</strong></span> <span class='ocrx_word' id='word_1_861' title='bbox 2605 5111 2791 5166; x_wconf 88' lang='lat' dir='ltr'><strong>virtus</strong></span> <span class='ocrx_word' id='word_1_862' title='bbox 2809 5113 2921 5173; x_wconf 88' lang='lat' dir='ltr'><strong>est,</strong></span> <span class='ocrx_word' id='word_1_863' title='bbox 2952 5110 3010 5162; x_wconf 89' lang='lat' dir='ltr'><strong>et</strong></span> <span class='ocrx_word' id='word_1_864' title='bbox 3039 5110 3226 5161; x_wconf 84' lang='lat' dir='ltr'><strong>mater</strong></span> <span class='ocrx_word' id='word_1_865' title='bbox 3248 5102 3516 5160; x_wconf 88' lang='lat' dir='ltr'><strong>omnium.</strong></span> <span class='ocrx_word' id='word_1_866' title='bbox 3545 5090 3681 5185; x_wconf 56' lang='lat' dir='ltr'><strong>Dicat</strong></span> 
     </span>
    </p>
   </div>
   <div class='ocr_carea' id='block_1_120' title="bbox 2217 5169 3762 5278">
    <p class='ocr_par' dir='ltr' id='par_1_120' title="bbox 2217 5169 3762 5278">
     <span class='ocr_line' id='line_1_121' title="bbox 2217 5169 3762 5278; baseline -0.015 -18"><span class='ocrx_word' id='word_1_867' title='bbox 2217 5206 2389 5278; x_wconf 89' lang='lat' dir='ltr'><strong>quis:</strong></span> <span class='ocrx_word' id='word_1_868' title='bbox 2423 5169 2721 5266; x_wconf 60' lang='lat' dir='ltr'><strong>Quomodo</strong></span> <span class='ocrx_word' id='word_1_869' title='bbox 2750 5169 2993 5254; x_wconf 82' lang='lat' dir='ltr'><strong>Justitia</strong></span> <span class='ocrx_word' id='word_1_870' title='bbox 3032 5196 3218 5266; x_wconf 86' lang='lat' dir='ltr'><strong>major</strong></span> <span class='ocrx_word' id='word_1_871' title='bbox 3249 5197 3333 5249; x_wconf 89' lang='lat' dir='ltr'><strong>est</strong></span> <span class='ocrx_word' id='word_1_872' title='bbox 3378 5169 3762 5278; x_wconf 67' lang='lat' dir='ltr'><strong>caeteris</strong></span> 
     </span>
    </p>
   </div>
   <div class='ocr_carea' id='block_1_121' title="bbox 2216 5260 3761 5350">
    <p class='ocr_par' dir='ltr' id='par_1_121' title="bbox 2216 5260 3761 5350">
     <span class='ocr_line' id='line_1_122' title="bbox 2216 5260 3761 5350; baseline -0.028 0"><span class='ocrx_word' id='word_1_873' title='bbox 2216 5260 2375 5350; x_wconf 69' lang='lat' dir='ltr'><strong>bus?</strong></span> <span class='ocrx_word' id='word_1_874' title='bbox 2404 5260 2629 5347; x_wconf 63' lang='lat' dir='ltr'><strong>Caetera</strong></span> <span class='ocrx_word' id='word_1_875' title='bbox 2658 5289 2902 5344; x_wconf 86' lang='lat' dir='ltr'><strong>virtutes</strong></span> <span class='ocrx_word' id='word_1_876' title='bbox 2931 5260 3245 5341; x_wconf 73' lang='lat' dir='ltr'><strong>habentem</strong></span> <span class='ocrx_word' id='word_1_877' title='bbox 3279 5276 3570 5336; x_wconf 83' lang='lat' dir='ltr'><strong>delectant:</strong></span> <span class='ocrx_word' id='word_1_878' title='bbox 3593 5260 3761 5334; x_wconf 73' lang='lat' dir='ltr'><strong>justitla</strong></span> 
     </span>
    </p>
   </div>
   <div class='ocr_carea' id='block_1_122' title="bbox 2216 5356 3758 5443">
    <p class='ocr_par' dir='ltr' id='par_1_122' title="bbox 2216 5356 3758 5443">
     <span class='ocr_line' id='line_1_123' title="bbox 2216 5356 3758 5443; baseline -0.019 -5"><span class='ocrx_word' id='word_1_879' title='bbox 2216 5401 2332 5439; x_wconf 90' lang='lat' dir='ltr'><strong>non</strong></span> <span class='ocrx_word' id='word_1_880' title='bbox 2364 5382 2656 5436; x_wconf 85' lang='lat' dir='ltr'><strong>delectant</strong></span> <span class='ocrx_word' id='word_1_881' title='bbox 2675 5376 3010 5440; x_wconf 87' lang='lat' dir='ltr'><strong>habentem,</strong></span> <span class='ocrx_word' id='word_1_882' title='bbox 3037 5373 3136 5428; x_wconf 89' lang='lat' dir='ltr'><strong>sed</strong></span> <span class='ocrx_word' id='word_1_883' title='bbox 3157 5371 3318 5428; x_wconf 83' lang='lat' dir='ltr'><strong>alios.</strong></span> <span class='ocrx_word' id='word_1_884' title='bbox 3350 5367 3403 5422; x_wconf 87' lang='lat' dir='ltr'><strong>Si</strong></span> <span class='ocrx_word' id='word_1_885' title='bbox 3434 5356 3634 5432; x_wconf 86' lang='lat' dir='ltr'><strong>sapiens</strong></span> <span class='ocrx_word' id='word_1_886' title='bbox 3650 5356 3758 5443; x_wconf 42' lang='grc' dir='ltr'><strong>ξυτξῄ</strong></span> 
     </span>
    </p>
   </div>
   <div class='ocr_carea' id='block_1_123' title="bbox 2217 5426 3758 5542">
    <p class='ocr_par' dir='ltr' id='par_1_123' title="bbox 2217 5426 3758 5542">
     <span class='ocr_line' id='line_1_124' title="bbox 2217 5426 3758 5542; baseline -0.042 4"><span class='ocrx_word' id='word_1_887' title='bbox 2217 5470 2502 5542; x_wconf 71' lang='lat' dir='ltr'><strong>SaPientia</strong></span> <span class='ocrx_word' id='word_1_888' title='bbox 2560 5485 2651 5523; x_wconf 91' lang='lat' dir='ltr'><strong>me</strong></span> <span class='ocrx_word' id='word_1_889' title='bbox 2700 5464 2976 5531; x_wconf 89' lang='lat' dir='ltr'><strong>delectat;</strong></span> <span class='ocrx_word' id='word_1_890' title='bbox 3035 5463 3082 5516; x_wconf 91' lang='lat' dir='ltr'><strong>si</strong></span> <span class='ocrx_word' id='word_1_891' title='bbox 3144 5461 3307 5515; x_wconf 88' lang='lat' dir='ltr'><strong>fortis</strong></span> <span class='ocrx_word' id='word_1_892' title='bbox 3362 5468 3501 5515; x_wconf 89' lang='lat' dir='ltr'><strong>sum,</strong></span> <span class='ocrx_word' id='word_1_893' title='bbox 3554 5426 3758 5542; x_wconf 52' lang='lat' dir='ltr'><strong>fortitugﬂ</strong></span> 
     </span>
    </p>
   </div>
   <div class='ocr_carea' id='block_1_124' title="bbox 2218 5530 3867 5627">
    <p class='ocr_par' dir='ltr' id='par_1_124' title="bbox 2218 5530 3867 5627">
     <span class='ocr_line' id='line_1_125' title="bbox 2218 5530 3867 5627; baseline 0.002 -10"><span class='ocrx_word' id='word_1_894' title='bbox 2218 5578 2347 5617; x_wconf 87' lang='lat' dir='ltr'><strong>mea</strong></span> <span class='ocrx_word' id='word_1_895' title='bbox 2377 5575 2471 5615; x_wconf 90' lang='lat' dir='ltr'><strong>me</strong></span> <span class='ocrx_word' id='word_1_896' title='bbox 2496 5558 2783 5621; x_wconf 82' lang='lat' dir='ltr'><strong>delectat;</strong></span> <span class='ocrx_word' id='word_1_897' title='bbox 2817 5552 2866 5608; x_wconf 89' lang='lat' dir='ltr'><strong>si</strong></span> <span class='ocrx_word' id='word_1_898' title='bbox 2894 5555 3056 5608; x_wconf 87' lang='lat' dir='ltr'><strong>fuero</strong></span> <span class='ocrx_word' id='word_1_899' title='bbox 3084 5560 3295 5627; x_wconf 57' lang='lat' dir='ltr'><strong>castus,</strong></span> <span class='ocrx_word' id='word_1_900' title='bbox 3328 5542 3547 5599; x_wconf 62' lang='lat' dir='ltr'><strong>039m”</strong></span> <span class='ocrx_word' id='word_1_901' title='bbox 3566 5530 3756 5627; x_wconf 54' lang='grc' dir='ltr'><strong>,Πηῖθ</strong></span> <span class='ocrx_word' id='word_1_902' title='bbox 3866 5530 3867 5589; x_wconf 19' lang='grc' dir='ltr'>Τ</span> 
     </span>
    </p>
   </div>
   <div class='ocr_carea' id='block_1_125' title="bbox 2218 5606 3753 5711">
    <p class='ocr_par' dir='ltr' id='par_1_125' title="bbox 2218 5606 3753 5711">
     <span class='ocr_line' id='line_1_126' title="bbox 2218 5606 3753 5711; baseline -0.027 -4"><span class='ocrx_word' id='word_1_903' title='bbox 2218 5650 2350 5707; x_wconf 85' lang='lat' dir='ltr'><strong>titia</strong></span> <span class='ocrx_word' id='word_1_904' title='bbox 2378 5665 2510 5705; x_wconf 91' lang='lat' dir='ltr'><strong>mea</strong></span> <span class='ocrx_word' id='word_1_905' title='bbox 2535 5649 2645 5705; x_wconf 87' lang='lat' dir='ltr'><strong>est.</strong></span> <span class='ocrx_word' id='word_1_906' title='bbox 3025 5618 3260 5711; x_wconf 76' lang='lat' dir='ltr'><strong>justitia</strong></span> <span class='ocrx_word' id='word_1_907' title='bbox 3284 5606 3414 5690; x_wconf 26' lang='lat' dir='ltr'><strong>[non</strong></span> <span class='ocrx_word' id='word_1_908' title='bbox 3461 5618 3651 5699; x_wconf 78' lang='lat' dir='ltr'><strong>prodest</strong></span> <span class='ocrx_word' id='word_1_909' title='bbox 3687 5606 3753 5658; x_wconf 66' lang='grc'><strong>11³⁸</strong></span> 
     </span>
    </p>
   </div>
  </div>
