3964 6190
154 292 280 352 905

151 510 328 566 aliter
359 527 372 563 :
413 530 439 558 ‹‹
472 510 540 563 Et
569 514 850 579 operatur
871 509 1188 579 justitiam,
1225 531 1253 559 ››
1297 510 1403 563 hoc
1434 515 1525 564 est
1553 510 1810 564 custodit

157 599 461 663 mandata,
498 603 561 651 ut
615 597 758 652 illud
795 614 806 651 :
857 601 922 652 Si
967 600 1047 652 vis
1097 598 1166 652 ad
1217 601 1383 653 vitam
1414 601 1615 664 venire,
1649 616 1811 654 serva

154 688 422 744 mandata
455 686 664 758 (Matth.
698 704 810 752 χιχ,
847 689 952 757 17).

233 802 252 825 ι
292 777 398 840 Qui
433 775 694 847 loquitur
722 777 1023 830 veritatem
1069 775 1127 829 in
1179 776 1350 830 corde
1398 793 1526 831 suo.
1562 799 1588 823 ››
1641 775 1808 830 Multi

154 867 484 938 loquuntur
512 864 813 919 veritatem
859 865 916 918 in
963 863 1154 930 labiis,
1191 867 1290 919 sed
1339 881 1451 920 non
1503 866 1560 919 in
1614 866 1804 931 corde,

150 956 254 1027 qui
289 955 559 1009 videntur
587 970 724 1008 vera
755 953 965 1023 dicere,
1003 954 1102 1009 sed
1137 970 1237 1008 cor
1278 971 1410 1008 cum
1465 953 1637 1008 labiis
1691 971 1805 1008 non

1339 284 1832 347 BREVIABIUM
1882 281 1964 342 IN
2008 285 2394 348 PSALMOS.

150 421 453 491 bentibus,
487 421 588 475 sed
622 419 842 475 caeteris
875 419 1106 474 miseris
1140 436 1254 474 non
1299 419 1672 476 habentibus.
1704 419 1808 474 Vel
1841 413 1898 479 Α

3453 293 3571 354 906

2001 445 2026 471 «
2060 423 2355 477 Timentes
2385 425 2576 477 autem
2609 421 2924 477 Dominum
2972 423 3326 494 magniﬁcat.
3365 446 3392 473 »
3445 423 3563 480 Vox

1919 511 2188 565 Ecclesiae
2215 529 2226 566 :
2261 511 2365 574 Qui
2395 511 2603 566 timent
2632 509 2940 565 Dominum
2973 511 3179 566 timore
3209 517 3430 579 sancto,
3459 518 3570 568 Do-

1920 602 2118 655 minus
2149 617 2248 656 eos
2281 601 2636 672 magniﬁcat.
2659 599 2842 655 Aliter
2871 599 2942 654 ad
2973 616 3213 654 sensum
3247 601 3526 656 moralem
3553 619 3566 655 :

1921 711 1950 738 «
1984 691 2282 746 Timentes
2338 696 2533 744 autem
2598 689 2909 744 Dominum
2968 687 3330 759 magniﬁcat.
3372 710 3399 736 n
3449 689 3570 744 Scit

1919 778 2075 833 enim
2107 779 2166 833 in
2207 779 2300 833 his
2347 778 2610 833 habitare
2660 779 2865 843 Deum,
2899 777 3052 832 sicut
3099 777 3180 831 ait
3228 776 3516 833 Dominus
3554 796 3567 832 :

1920 867 2026 931 Qui
2056 884 2158 922 vos
2189 866 2399 939 diligit,
2435 883 2528 922 me
2558 865 2752 939 diligit
2790 868 2942 935 (Luc.
2974 884 3030 936 χ,
3067 866 3173 937 16).

1997 981 2016 1004 α
2053 957 2159 1021 Qui
2183 957 2347 1026 jurat
2374 955 2636 1027 proximo
2670 973 2798 1025 suo,
2845 961 2903 1010 et
2945 973 3061 1011 non
3107 954 3342 1027 decipit.
3374 979 3403 1005 »
3459 957 3571 1011 Iste

147 1048 451 1099 consonat.
487 1043 670 1096 Aliter
703 1059 716 1095 :
771 1044 877 1110 Qui
925 1044 1170 1114 loquitur
1216 1045 1504 1098 veritatem
1547 1045 1607 1097 in
1649 1043 1808 1097 corde
1911 1046 2036 1115 jam
2069 1046 2262 1100 minor
2292 1050 2381 1100 est
2421 1062 2455 1099 a
2493 1045 2864 1116 perfectione,
2897 1049 2952 1099 et
2981 1045 3029 1100 si
3061 1045 3212 1101 bona
3241 1045 3398 1111 facit,
3432 1045 3572 1116 quia

141 1151 268 1200 suo,
303 1138 365 1188 ut
395 1149 529 1187 vera
559 1133 631 1186 de
661 1133 901 1186 veritate
931 1132 1162 1204 cogitet,
1199 1133 1298 1202 qui
1347 1137 1435 1187 est
1483 1131 1750 1187 Christus
1789 1148 1800 1184 :

157 1239 264 1278 nec
314 1239 374 1276 se
422 1220 849 1276 assertionibus
879 1220 1164 1276 haereticis
1198 1222 1457 1286 misceat,
1489 1238 1619 1291 quae
1650 1220 1806 1275 falsae

155 1328 394 1382 semper
424 1309 802 1365 inveniuntur
833 1326 899 1366 ac
930 1327 1142 1366 vacuae.
1171 1310 1331 1364 Unde
1361 1309 1578 1364 Paulus
1611 1309 1756 1363 dixit
1791 1326 1802 1364 :

154 1398 330 1454 Corde
377 1397 622 1452 creditur
677 1395 747 1451 ad
795 1397 1116 1465 justitiam;
1165 1413 1256 1451 ore
1303 1401 1491 1450 autem
1537 1397 1807 1467 confessio

156 1488 222 1557 ﬁt
253 1487 326 1541 ad
356 1485 595 1540 salutem
627 1484 802 1556 (Rom.
838 1503 891 1552 χ,
930 1487 1033 1557 10),
1090 1510 1116 1534 ‹‹
1148 1485 1253 1548 Qui
1296 1502 1410 1540 non
1443 1484 1560 1556 egit
1605 1485 1806 1539 dolum

155 1576 219 1630 in
255 1575 455 1648 lingua
485 1592 608 1629 sua.
645 1598 664 1622 ι›
704 1575 828 1629 Non
858 1574 1097 1645 protulit
1129 1573 1327 1630 dolose
1361 1573 1684 1628 doctrinam
1719 1590 1808 1628 ca-

156 1663 445 1719 tholicam
466 1663 535 1717 ad
561 1662 967 1734 decipiendum
997 1682 1009 1730 ;
1035 1664 1134 1718 sed
1163 1680 1288 1746 qua:
1321 1661 1555 1718 locutus
1575 1668 1664 1717 est
1686 1680 1804 1726 ore,

1917 1141 1975 1188 et
2006 1133 2055 1187 si
2086 1151 2186 1205 pro
2209 1135 2548 1204 juramento
2579 1150 2694 1188 non
2728 1133 2960 1204 decipit,
2994 1140 3191 1189 tamen
3228 1135 3570 1205 vituperan-

1918 1228 2014 1277 tur
2044 1240 2148 1294 pro
2179 1222 2276 1277 illo
2308 1228 2593 1294 praecepto
2627 1238 2741 1293 quo
2773 1221 2988 1277 dicitur
3023 1240 3034 1277 :
3070 1241 3183 1279 non
3211 1223 3414 1294 jurare
3444 1240 3569 1278 om-

1918 1311 2076 1381 nino,
2110 1328 2296 1382 neque
2344 1326 2446 1382 per
2497 1309 2730 1378 coelum,
2783 1327 2971 1381 neque
3021 1329 3124 1384 per
3171 1318 3435 1368 terram:
3491 1313 3569 1367 sit

1918 1406 2114 1455 autem
2148 1415 2339 1454 sermo
2377 1404 2568 1454 vester
2599 1417 2611 1454 :
2670 1400 2791 1466 Est,
2839 1405 2929 1454 est
2961 1415 2972 1454 :
3030 1401 3173 1465 Non,
3208 1418 3321 1456 non
3352 1401 3565 1469 (Matth.

1918 1491 2214 1560 v,‘34-37).
2249 1489 2396 1554 Quia
2423 1488 2540 1544 ista
2571 1489 2863 1544 sententia
2893 1489 3280 1559 perfectorum
3315 1495 3426 1555 est,
3450 1506 3564 1545 non

1909 1580 2130 1649 jurare.
2157 1578 2301 1643 Quia
2331 1579 2528 1633 anima
2560 1579 2796 1649 quando
2827 1578 3120 1648 promittit
3154 1578 3248 1632 Dei
3281 1583 3567 1650 prazcepta

1918 1667 2231 1731 custodire,
2255 1665 2304 1720 si
2339 1666 2642 1738 proximus
2676 1683 2888 1738 corpus
2920 1671 3008 1722 est
3041 1684 3053 1721 :
3105 1672 3244 1721 tunc
3275 1666 3441 1721 illum
3475 1668 3570 1721 de-

155 1751 472 1824 complevit
501 1769 692 1824 Opere.
730 1751 831 1806 llle
863 1751 1058 1806 dolose
1089 1752 1224 1822 agit,
1258 1752 1358 1822 qui
1401 1751 1558 1806 aliud
1593 1752 1808 1823 cogitat
1836 1781 1885 1845 Β
1918 1757 2078 1828 cipit,
2111 1757 2162 1812 si
2191 1755 2300 1810 hoc
2347 1755 2503 1827 quod
2552 1755 2856 1826 promittit,
2891 1772 3008 1811 non
3057 1756 3343 1811 observat.
3401 1779 3427 1806 ι(
3460 1755 3570 1820 Qui

153 1847 216 1897 et
242 1841 401 1896 aliud
429 1841 608 1909 dicit;
644 1840 797 1895 sicut
821 1841 1107 1912 Propheta
1137 1841 1253 1896 ait:
1289 1841 1524 1896 Prohibe
1553 1842 1807 1910 linguam
1836 1840 1877 1845 ”
1917 1844 2225 1917 pecuniam
2257 1860 2424 1898 suam
2459 1860 2573 1898 non
2605 1843 2767 1898 dedit
2797 1843 2868 1898 ad
2903 1861 3168 1899 usuram.
3206 1865 3226 1894 ιι
3281 1844 3404 1899 Etsi
3451 1862 3566 1900 non

150 1935 310 1985 tuam
366 1949 399 1985 a
453 1932 621 2000 malo,
669 1939 720 1985 et
776 1932 936 1986 labia
992 1937 1088 1986 tua
1143 1948 1215 1985 ne
1273 1932 1569 2001 loquantur
1623 1931 1807 1986 dolum

157 2021 334 2091 (Psal.
365 2038 561 2089 χχχιιι,
599 2020 707 2090 14).

231 2133 259 2160 ι(
291 2109 404 2164 Nec
434 2109 569 2164 fecit
597 2107 860 2181 proximo
889 2126 995 2164 suo
1027 2109 1272 2165 malum.
1307 2133 1334 2163 ››
1391 2110 1495 2173 Qui
1529 2109 1665 2164 facit
1696 2108 1803 2164 mi-

153 2189 561 2266 sericordiam,
596 2198 719 2270 ipse
750 2203 839 2254 est
867 2198 1189 2270 proximus.
1225 2199 1490 2254 Christus
1520 2199 1805 2254 Dominus

153 2288 297 2344 fecit
331 2287 811 2354 misericordiam,
847 2293 910 2342 ut
941 2305 1047 2343 nos
1097 2306 1204 2343 sua
1253 2289 1526 2360 passione
1555 2287 1807 2343 redime-

157 2383 247 2432 ret
274 2393 286 2430 :
326 2378 494 2447 cujus
517 2377 840 2432 doctrinam
865 2377 1065 2432 nullus
1097 2379 1155 2433 in
1189 2377 1409 2433 i'nalum
1430 2381 1634 2444 vertat,
1659 2377 1811 2432 sicut

158 2465 420 2520 haeretici
471 2465 709 2521 faciunt.
764 2467 1073 2521 Proximus
1125 2472 1344 2534 noster,
1395 2467 1586 2522 omnis
1635 2466 1809 2520 homo

156 2555 534 2610 Christianus
565 2560 672 2610 est.
698 2555 847 2624 Quod
876 2557 980 2611 tibi
1000 2573 1104 2611 non
1141 2557 1218 2611 vis
1244 2559 1391 2626 ﬁeri,
1412 2558 1516 2612 alii
1542 2572 1612 2610 ne
1639 2557 1810 2626 facias

160 2644 373 2714 (Matth.
411 2661 510 2714 v11,
545 2645 652 2715 12).
711 2645 779 2699 Et
819 2644 956 2699 alibi
1001 2645 1184 2700 dicit:
1241 2647 1446 2714 Diliges
1493 2647 1813 2715 proximum

162 2742 321 2787 tuum
349 2735 491 2787 sicut
517 2735 757 2804 teipsum
805 2734 1021 2805 (Matth.
1053 2752 1192 2800 χχιι,
1225 2735 1336 2805 39).
1380 2735 1448 2788 Et
1477 2733 1688 2788 iterum
1720 2733 1810 2787 di-

167 2823 249 2876 cit
284 2840 296 2876 :
333 2823 560 2877 Declina
586 2840 620 2877 a
649 2824 814 2892 malo,
839 2829 889 2877 et
918 2826 1008 2893 fac
1040 2823 1239 2878 bonum
1269 2825 1439 2894 (Psal.
1468 2839 1666 2888 χχχιιι,
1702 2823 1810 2893 15).

168 2910 420 2974 Quidam
456 2916 662 2982 putant
708 2912 1037 2984 proximum
1088 2929 1215 2968 esse
1255 2913 1516 2979 fratrem,
1547 2915 1648 2966 aut
1675 2911 1814 2965 vici-

169 3016 340 3064 num,
373 3005 473 3055 aut
512 3005 843 3072 cognatum,
879 3007 980 3056 aut
1009 3003 1531 3073 consanguineum.
1565 3001 1675 3055 Sed
1707 3000 1815 3054 Do-

169 3090 374 3144 minus
407 3095 602 3145 noster
631 3091 797 3145 docet
847 3091 902 3144 in
954 3090 1264 3162 Evangelio
1315 3090 1374 3144 in
1417 3107 1485 3145 ea
1522 3088 1816 3161 parabole,

1918 1938 2113 2007 peccet
2141 1933 2275 2005 quis
2305 1950 2370 1988 eo
2401 1933 2556 2004 quod
2591 1938 2879 2005 quantum
2911 1933 3031 1999 dat,
3064 1937 3293 1990 tantum
3342 1933 3567 2004 recipit,

1917 2029 2114 2079 tamen
2147 2021 2422 2095 perfectio
2456 2038 2570 2076 non
2604 2027 2693 2077 est
2726 2039 2739 2078 :
2774 2021 2914 2092 quia
2941 2021 3162 2076 dictum
3194 2026 3284 2076 est
3311 2039 3323 2074 :
3355 2023 3572 2088 Frange

1919 2114 2182 2168 esurienti
2227 2128 2425 2182 panem
2479 2120 2633 2166 tuum
2685 2111 2813 2178 (Isa.
2845 2127 2998 2175 LVIII,
3030 2111 3106 2181 7).
3161 2111 3226 2165 Et
3256 2111 3464 2165 beatius
3492 2118 3571 2166 est

1919 2203 2106 2270 magis
2137 2201 2287 2268 dare,
2322 2216 2488 2273 quam
2519 2203 2769 2270 accipere
2801 2200 2936 2270 (Act.
2969 2217 3060 2265 χχ,
3093 2200 3202 2270 35).
3255 2197 3568 2272 Usquequo

1920 2291 1990 2346 ad
2024 2290 2198 2346 istam
2233 2289 2512 2361 pervenit,
2543 2289 2738 2343 minor
2766 2293 2854 2344 est
2885 2305 2917 2343 a
2947 2289 3317 2360 perfectione.
3341 2289 3526 2343 Aliter
3554 2303 3567 2345 :

1921 2381 2174 2434 Pecunia
2196 2379 2425 2434 Domini
2449 2384 2536 2434 est
2566 2378 2902 2450 praedicatio
2929 2394 2942 2431 :
2977 2377 3147 2432 multi
3170 2377 3377 2433 nolunt
3402 2376 3568 2432 illam

1921 2470 2155 2538 donare,
2189 2468 2238 2523 si
2271 2467 2476 2522 exinde
2518 2467 2770 2539 pretium
2816 2484 2930 2522 non
2981 2467 3288 2538 recipiunt.
3344 2465 3566 2521 Tamen

1920 2557 2056 2612 licet
2092 2557 2309 2611 victum
2360 2562 2417 2611 et
2462 2557 2739 2611 vestitum
2771 2557 2841 2610 de
2871 2555 3002 2628 ipsa
3031 2555 3440 2627 praedicatione
3471 2572 3564 2610 ac-

1923 2647 2114 2718 cipere
2165 2647 2337 2716 (sicut
2383 2650 2622 2700 sanctus
2668 2644 2882 2700 Paulus
2933 2645 3073 2698 dicit
3121 2644 3278 2715 (Tim.
3329 2659 3404 2708 vr,
3458 2645 3564 2713 8):

1925 2735 2177 2806 amplius
2199 2735 2404 2790 exinde
2437 2733 2581 2788 nihil
2612 2733 2846 2802 habere,
2871 2733 3024 2788 sicut
3044 2733 3186 2787 dicit
3212 2751 3224 2788 :
3260 2731 3366 2798 Qui
3394 2732 3572 2786 Evan-

1926 2824 2143 2896 gelium
2175 2823 2512 2895 praedicant,
2547 2822 2616 2877 de
2663 2821 2973 2894 Evangelio
3020 2821 3207 2875 vivere
3257 2820 3302 2890 (l
3333 2820 3458 2874 Cor.
3492 2837 3569 2889 ιχ,

1930 2913 2037 2982 14).
2071 2913 2140 2966 Et
2169 2912 2452 2966 Dominus
2485 2911 2566 2965 ait
2599 2928 2612 2966 :
2660 2913 2878 2981 Dignus
2905 2919 2984 2965 est
3015 2911 3300 2981 aperarius
3331 2909 3446 2964 cibo
3476 2924 3573 2963 suo

1930 3000 2141 3072 (Matth.
2175 3018 2229 3067 χ,
2267 3000 2373 3073 10).
2429 3001 2539 3054 Sed
2589 2998 2688 3070 qui
2743 2999 2874 3070 plus
2907 2998 3197 3070 requirere
3228 2997 3573 3069 voluerit,in

1932 3107 2172 3146 usuram
2207 3093 2530 3161 reputatur.
2557 3088 2719 3143 Unde
2743 3087 2957 3144 Paulus
2989 3088 3166 3142 dicit:
3202 3088 3263 3142 Si
3294 3089 3439 3142 vobis
3469 3087 3578 3158 spi-

163 3179 267 3232 ubi
304 3178 542 3249 quidam
587 3178 889 3233 descendit
937 3181 1008 3234 de
1051 3178 1375 3236 Jerusalem
1426 3179 1486 3234 in
1533 3178 1764 3234 Jericho
1798 3194 1809 3232 :
1845 3162 1887 3228 C
1923 3180 2155 3234 ritualia
2182 3179 2594 3247 seminavimus,
2625 3194 2887 3248 magnum
2916 3182 2993 3232 est
3023 3180 3074 3234 si
3101 3185 3280 3233 vestra
3323 3178 3578 3232 carnalia

160 3268 448 3322 Sacerdos
479 3268 769 3332 transivit,
804 3269 996 3323 Levita
1035 3269 1323 3334 transivit,
1356 3273 1412 3322 et
1444 3285 1556 3322 non
1588 3273 1675 3323 est
1706 3267 1812 3321 mi-

161 3361 410 3412 sertus:
463 3357 871 3412 Samaritanus
921 3356 1212 3423 transivit,
1262 3362 1319 3412 et
1369 3358 1646 3412 misertus
1705 3361 1810 3412 est.

165 3447 238 3500 Et
272 3446 591 3518 interrogat
620 3452 821 3517 postea
850 3445 1136 3501 Dominus
1167 3451 1222 3502 et
1252 3446 1427 3502 dicit:
1464 3447 1592 3515 Quis
1621 3449 1816 3502 horum

156 3538 456 3607 proximus
498 3537 649 3606 fuit?
698 3536 910 3590 Statim
959 3535 1193 3600 dicitur,
1225 3536 1322 3607 qui
1378 3537 1521 3591 bene
1564 3535 1717 3592 fecit.
1749 3537 1818 3590 Et

167 3625 352 3679 infert
382 3624 665 3679 Dominus
699 3643 714 3676 :
763 3626 860 3692 Ite,
893 3633 942 3679 et
977 3641 1060 3679 vos
1093 3626 1352 3680 similiter
1381 3627 1547 3695 facite
1577 3626 1724 3696 (Luc.
1761 3642 1815 3694 χ,

423 3714 638 3768 Omnes
669 3730 805 3786 ergo
838 3713 1107 3769 homines
1147 3715 1314 3769 nobis
1364 3714 1607 3785 proximi
1659 3718 1816 3782 sunt,

169 3808 229 3858 et
262 3802 407 3856 nulli
441 3803 724 3858 debemus
756 3803 978 3857 malum
1012 3805 1218 3858 facere.
1275 3827 1300 3852 ‹‹
1337 3807 1404 3856 Et
1439 3803 1851 3874 opprobrium'

170 3909 295 3946 non
329 3891 567 3963 accepit,
602 3915 628 3941 »
683 3897 791 3946 etc.
828 3891 1143 3962 Nunquam
1175 3909 1207 3945 a
1238 3892 1361 3946 suis
1392 3891 1616 3957 vicinis,
1649 3891 1820 3961 quasi

169 3981 388 4035 noxius
419 3985 744 4035 accusatur.
779 4003 805 4029 ‹‹
835 3979 1128 4034 Timentes
1151 3984 1343 4034 autem
1369 3980 1680 4034 Dominum
1704 3980 1820 4050 glo-

167 4069 384 4122 rificat.
425 4091 444 4115 ιι
502 4068 625 4122 Non
675 4067 880 4122 divites
913 4067 1221 4139 gloriﬁcat,
1256 4084 1368 4123 non
1402 4073 1685 4141 potentes,
1719 4069 1819 4123 sed

167 4175 274 4214 eos
301 4162 530 4212 tantum
557 4157 655 4229 qui
684 4158 997 4212 Dominum
1026 4159 1254 4212 timent.
1291 4182 1316 4207 ‹‹
1347 4159 1414 4212 Et
1443 4158 1821 4230 opprobrium

167 4264 291 4301 non
319 4247 541 4316 accepit
564 4247 844 4301 adversus
868 4247 1165 4317 proximos
1190 4264 1348 4300 suos.
1376 4269 1403 4294 ››
1430 4245 1821 4318 Opprobrium

161 4335 550 4389 detractionis
600 4334 670 4388 de
721 4335 896 4389 fratre
948 4339 1086 4388 tunc
1139 4350 1251 4388 non
1303 4335 1545 4405 accepit,
1579 4335 1627 4388 si
1661 4333 1823 4405 prius

169 4440 294 4477 non
329 4423 510 4476 credit
542 4422 641 4476 illa
672 4427 988 4493 antequam
1024 4423 1246 4493 probet.
1282 4430 1362 4476 Ac
1393 4422 1440 4476 si
1472 4422 1628 4476 dicat
1660 4439 1672 4475 :
1717 4421 1821 4485 Qui

165 4513 290 4566 ista
323 4511 579 4566 custodit
607 4529 732 4582 qua:
765 4511 1037 4582 superius
1069 4510 1234 4581 dixit,
1269 4510 1364 4565 ille
1395 4515 1483 4566 est
1526 4511 1650 4565 sine
1703 4528 1823 4566 ma-

166 4600 333 4666 cula,
369 4604 424 4654 et
471 4603 744 4671 operatur
781 4599 1100 4670 justitiam.
1135 4599 1203 4652 Et
1250 4597 1358 4654 iste
1395 4599 1622 4654 habitat
1650 4598 1706 4654 in
1741 4604 1825 4654 ta-

171 4688 522 4755 bernaculo,
555 4696 610 4744 et
658 4688 984 4760 requiescet
1015 4689 1071 4743 in
1104 4693 1300 4742 monte
1333 4693 1534 4743 sancto
1567 4693 1687 4756 tuo,
1721 4687 1830 4744 hoc

174 4783 291 4844 est,
328 4777 387 4831 in
420 4777 537 4833 vita
568 4783 801 4833 aeterna.

248 4890 278 4916 ‹‹
316 4866 407 4919 Ad
456 4865 707 4921 nihilum
762 4867 1049 4921 deductus
1099 4870 1186 4920 est
1236 4865 1293 4920 in
1345 4871 1658 4938 conspectu
1707 4867 1834 4935 ejus

168 4955 504 5026 malignus.
533 4979 560 5003 ››
587 4956 646 5009 In
673 4954 1016 5025 illliusjusti
1039 4959 1352 5026 conspectu
1378 4955 1663 5011 diabolus.
1689 4956 1833 5010 Nam

171 5048 235 5100 in
300 5044 560 5100 Ecclesia
609 5044 943 5116 quicunque
993 5043 1184 5099 malus
1235 5048 1343 5111 est,
1404 5044 1461 5098 in
1522 5049 1833 5115 conspectu

169 5134 371 5190 sancti
401 5151 504 5204 pro
537 5133 716 5188 nihilo
740 5139 1132 5205 computatur.
1154 5134 1236 5188 Ad
1274 5133 1520 5187 nihilum
1553 5134 1838 5188 deductus

173 5229 293 5292 est,
324 5221 465 5293 quia
497 5225 647 5293 apud
685 5223 857 5278 talem
891 5226 1158 5277 sanctum
1191 5240 1292 5293 pro
1327 5222 1508 5276 nihilo
1543 5223 1792 5276 habetur
1824 5239 1835 5277 :

171 5317 331 5369 dum
366 5311 612 5382 angelus
645 5313 770 5379 fuit,
796 5318 852 5366 et
880 5313 1078 5382 refuga
1108 5313 1294 5366 factus
1317 5317 1444 5379 est;
1479 5316 1536 5365 et
1558 5312 1712 5366 sicut
1736 5312 1844 5365 fuit

167 5403 382 5456 factus
432 5415 499 5453 ex
548 5399 748 5466 nihilo,
785 5405 984 5470 postea
1033 5417 1210 5470 quam
1255 5402 1408 5455 bona
1450 5400 1721 5471 perdidit,
1756 5417 1842 5454 re-

166 5493 400 5545 dactus
433 5493 520 5542 est
551 5489 620 5543 ad
659 5487 930 5542 nihilum.
958 5489 1026 5542 Et
1055 5488 1198 5542 dum
1232 5487 1377 5542 nihil
1409 5493 1516 5555 est,
1543 5488 1844 5544 fortissimi

170 5577 384 5635 sancti
424 5593 539 5632 non
571 5593 706 5633 eum
739 5579 969 5633 timent.

517 5703 784 5768 ΡΑιυιιοι..
830 5703 1056 5768 XXVI.

1923 3277 2193 3323 metamus
2224 3268 2270 3334 (I
2300 3265 2419 3320 Cor.
2456 3283 2530 3336 ιχ,
2566 3266 2702 3336 11)?
2735 3271 2814 3320 Ac
2846 3265 2894 3321 si
2925 3265 3079 3321 dicat
3114 3292 3125 3320 :
3176 3266 3300 3320 Non
3332 3270 3420 3320 est
3450 3281 3575 3319 ma-

1926 3373 2108 3430 gnum
2135 3355 2412 3410 adversus
2443 3354 2541 3409 illa
2571 3355 2903 3426 spiritualia
2929 3373 3056 3426 qua;
3077 3354 3242 3410 vobis
3265 3353 3575 3409 annuntia-

1927 3463 2107 3501 mus:
2167 3445 2429 3499 Habentes
2476 3453 2656 3499 autem
2709 3447 2937 3510 victum,
2983 3445 3068 3500 his
3121 3445 3358 3500 contenti
3403 3445 3577 3498 simus

1928 3536 1972 3606 (Ι
2003 3535 2135 3589 Tim.
2167 3551 2243 3604 v1,
2275 3535 2350 3606 8).
2403 3533 2566 3588 Sicut
2611 3533 2766 3588 enim
2815 3532 3062 3588 visibilis
3103 3533 3349 3605 pecunia
3378 3532 3576 3605 prohi-

1929 3625 2099 3679 betur
2128 3623 2200 3677 ad
2233 3639 2476 3677 usuram
2508 3621 2655 3689 dari,
2691 3638 2761 3676 ne
2793 3623 2843 3677 is
2876 3621 2976 3694 qui
3010 3623 3365 3688 commodat,
3390 3621 3578 3694 magis

1930 3711 2140 3783 spoliet
2172 3728 2184 3764 :
2221 3711 2301 3765 ita
2333 3715 2389 3765 et
2418 3711 2660 3765 verbum
2694 3710 2818 3777 Dei,
2853 3712 3006 3782 quod
3040 3715 3129 3766 est
3160 3727 3374 3782 magna
3404 3727 3578 3782 pecu-

1931 3802 2047 3866 nia,
2063 3817 2177 3856 non
2201 3807 2432 3855 tantum
2455 3800 2740 3856 divitibus
2770 3800 2870 3873 qui
2894 3806 3146 3872 pascunt
3166 3805 3223 3856 et
3245 3804 3578 3863 munerant,

1930 3907 2130 3946 verum
2164 3889 2340 3946 etiam
2371 3888 2776 3962 indigentibus
2805 3894 2860 3945 et
2892 3890 3247 3962 pauperibus
3279 3889 3461 3960 gratis
3484 3889 3584 3942 de-

1933 3981 2029 4035 bet
2057 3978 2345 4034 insinuari
2380 3995 2393 4032 :
2447 3978 2688 4032 Domino
2721 3979 2803 4034 sic
2835 3979 3061 4034 dicente
3078 3996 3106 4032 .:
3163 3977 3338 4032 Gratis
3369 3978 3578 4047 accepi-

1935 4071 2054 4135 stis,
2084 4070 2258 4138 gratis
2309 4067 2434 4121 date
2487 4067 2704 4137 (Matth.
2738 4084 2792 4132 χ,
2828 4068 2904 4135 8).
2965 4090 2990 4116 «
3026 4067 3094 4120 Et
3133 4083 3377 4120 munera
3408 4081 3584 4136 super

1939 4158 2303 4212 innocentem
2340 4171 2452 4209 non
2494 4155 2738 4225 accepit,
2771 4179 2792 4206 ι
2854 4160 2917 4208 ut
2947 4172 3062 4209 non
3095 4154 3444 4209 conturbent
3483 4154 3581 4225 ju-

1935 4246 2151 4302 dicium
2181 4243 2464 4313 veritatis,
2500 4260 2741 4298 munera
2771 4243 3098 4298 offerentes.
3132 4243 3203 4297 Et
3233 4242 3400 4298 aliter
3435 4261 3447 4297 :
3502 4241 3584 4298 Ne

1935 4334 2148 4392 similis
2178 4334 2344 4388 Judze
2375 4331 2663 4387 efficiatur
2695 4349 2706 4386 :
2762 4333 2881 4404 qui,
2917 4338 3150 4404 accepto
3183 4332 3410 4403 argenti
3442 4349 3583 4402 pon-

1935 4427 2090 4494 dere,
2123 4421 2381 4477 vendidit
2425 4422 2792 4476 innocentem
2846 4421 3063 4487 (Matth.
3096 4439 3245 4488 χχνι,
3282 4422 3389 4491 15).
3425 4420 3588 4474 Sicut

1941 4512 2224 4586 propheta
2253 4509 2441 4565 dicit:
2501 4511 2609 4577 Qui
2659 4512 2866 4566 excutit
2916 4527 3115 4565 manus
3155 4527 3281 4565 suas
3329 4509 3395 4564 ab
3439 4509 3590 4563 omni

1939 4617 2168 4657 munere
2210 4602 2336 4667 (Isa.
2371 4616 2569 4667 χχχιιι,
2607 4599 2716 4669 15),
2765 4599 2874 4654 iste
2914 4601 2973 4654 in
3003 4598 3244 4655 excelsis
3276 4597 3584 4653 habitabit.

2013 4713 2040 4739 ‹‹
2075 4688 2180 4756 Qui
2212 4687 2350 4742 facit
2372 4685 2512 4755 hac,
2532 4703 2645 4741 non
2669 4687 3131 4742 commovebitur
3151 4687 3208 4740 in
3232 4691 3534 4741 aeternum.
3559 4706 3585 4733 »

1942 4784 2072 4834 Haec
2111 4777 2309 4833 omnia
2351 4775 2504 4830 sicut
2553 4774 2858 4848 allegorice
2892 4776 3147 4846 retineri,
3180 4777 3263 4830 ita
3294 4780 3351 4830 et
3382 4790 3588 4830 secun-

1943 4869 2084 4923 dum
2112 4867 2369 4922 litteram
2394 4864 2658 4936 exposita
2679 4865 2959 4920 custodiri
2985 4865 3195 4920 debent
3216 4865 3272 4918 in
3304 4862 3586 4918 moribus.

1945 4961 2077 5023 Quae
2135 4957 2184 5010 si
2243 4955 2376 5026 quis
2435 4953 3024 5026 irreprehensibiliter
3077 4952 3438 5022 custodierit,
3474 4968 3592 5006 non

1946 5045 2138 5101 solum
2192 5062 2226 5098 a
2275 5042 2665 5098 commotione
2719 5043 2913 5097 seterni
2942 5042 3158 5112 judicis
3189 5058 3432 5096 securus
3461 5039 3594 5111 erit,

1946 5149 2146 5189 verum
2193 5136 2250 5186 et
2293 5133 2467 5186 etiam
2518 5131 2713 5202 ipsum
2750 5136 3007 5186 montem
3041 5129 3598 5200 tabernaculumque

1951 5223 2178 5277 caeleste
2204 5220 2503 5291 possidere
2527 5220 2845 5274 merebitur
2867 5220 2925 5274 in
2947 5220 3174 5274 Christo
3197 5220 3334 5274 Jesu
3353 5218 3597 5273 Domino

1953 5315 2151 5366 nostro
2187 5326 2198 5363 :
2259 5308 2351 5362 cui
2387 5313 2473 5362 est
2504 5308 2690 5362 honor
2721 5313 2776 5362 et
2807 5309 2994 5378 gloria
3022 5325 3153 5362 cum
3189 5307 3600 5370 mternoPatre

1953 5403 2008 5454 et
2039 5396 2261 5469 Spiritu
2297 5401 2498 5450 sancto
2531 5395 2587 5447 in
2621 5394 2833 5449 seacula
2864 5394 3231 5449 saeculorum.
3263 5403 3474 5448 Amen.

2525 5482 2854 5537 PSALMUS
2908 5484 3053 5537 XV.‘

1959 5577 2127 5632 Tituli
2176 5573 2460 5644 inscriptio
2507 5573 2613 5644 ipsi
2651 5571 2845 5627 David.
2877 5571 3054 5628 Tituli
3088 5571 3389 5642 inscriptio
3421 5569 3479 5624 in
3511 5572 3602 5623 tu-

3207 5697 3284 5758 29
