3964 6190
489 361 606 421 907

1982 359 2147 417 APPJ

2266 358 2404 417 ΠΧ.
2708 386 2711 387 ν
3695 361 3780 418 908

564 488 763 555 mulis,
797 492 853 543 et
882 487 942 541 in
972 476 1258 559 sepulcris
1288 491 1395 557 est,
1430 504 1557 559 quae
1590 493 1955 543 mortuorum
2008 503 2134 542 cor-
2169 494 2222 556 Α
2250 487 2598 542 recordabar
2630 502 2642 539 :
2697 485 2838 557 quia
2892 482 3289 540 crescentibus
3344 482 3563 549 meritis,
3614 486 3785 541 nomina

564 578 705 632 pora
732 564 951 615 tenent.
990 558 1093 632 Pro
1124 576 1239 630 quo
1270 558 1477 630 Aquila
1506 565 1563 613 et
1594 559 2006 631 Symmachus,
2038 560 2135 611 hu-

563 631 753 687 milem
798 635 851 685 et
896 631 1201 702 simplicem
1246 631 1763 702 immaculatumque
1791 635 2133 702 posuerunt,

450 762 465 771 I
568 703 969 775 signiﬁcantes
1002 700 1293 775 psalmum
1316 704 1398 775 ad
1431 700 1724 775 Christum
1758 700 1987 773 p'rOprie
2018 716 2141 771 per-

565 773 753 830 tinere
786 774 1073 828 dicentem
1111 789 1122 827 :
1178 773 1376 827 Discite
1419 790 1453 825 a
1481 790 1566 827 me
1596 773 1728 843 quia
1755 774 1908 827 mitis
1936 788 2057 827 sum
2076 775 2141 843 et

568 844 796 900 humilis
862 844 1045 909 corde,
1105 848 1155 897 et
1218 854 1531 897 mansuetus
1596 842 1812 913 (Matth.
1880 859 1966 909 x1,
2025 842 2137 912 29).

567 916 860 982 Psalmus,
896 921 965 983 ut,
997 914 1274 979 diximus,
1308 914 1460 985 regis
1494 914 1675 968 nostri
1707 930 1927 979 vocem,
1962 930 2139 984 quam

568 989 628 1042 in
679 991 982 1057 assumpto
1032 985 1269 1040 homine
1323 986 1562 1056 profert,
1595 986 1721 1057 sine
1752 985 2142 1057 diminutione

570 1058 783 1113 retinet
830 1056 1065 1113 deitatis
1113 1057 1355 1111 missam
1411 1074 1444 1111 a
1494 1057 1674 1111 Patre.
1710 1056 1909 1121 David,
1942 1056 1998 1110 id
2032 1059 2142 1115 est.

573 1132 697 1209 ipse
723 1130 1023 1209 Christus.
1054 1130 1162 1209 iste
1184 1128 1467 1209 psalmus
1500 1128 1571 1209 ad
1602 1128 1935 1209 passionem
1966 1126 2142 1197 perti—

573 1200 688 1257 net.
722 1202 865 1255 Tres
895 1205 1033 1254 sunt
1066 1200 1241 1269 tituli,
1273 1200 1374 1269 qui
1406 1200 1747 1269 scribuntur
1779 1216 1811 1256 :.
1838 1215 2011 1262 unus,
2046 1214 2144 1269 su-

572 1290 675 1345 per
703 1271 967 1345 tumulos
994 1267 1359 1324 mortuorum
1386 1287 1399 1322 :
1435 1268 1620 1345 alius,
1640 1269 1697 1323 in
1732 1269 2039 1345 liminibus
2070 1267 2147 1345 ci-

571 1339 786 1422 vitatis,
817 1342 905 1422 vel
938 1343 1247 1422 domorum
1270 1359 1297 1422 Δε
1344 1341 1574 1422 tertius,
1608 1340 1938 1422 innvictoria
1970 1339 2142 1422 regis.

572 1415 677 1469 Hic
707 1431 843 1486 ergo
862 1414 944 1486 (de
974 1413 1143 1486 titulo
1164 1412 1424 1486 Avictorize
1458 1412 1610 1486 regis
1641 1412 1780 1486 dicit
1805 1428 1817 1465 :
1855 1412 2008 1465 sicut
2036 1412 2148 1465 iste

574 1503 673 1541 rex
703 1482 831 1550 fuit,
860 1485 968 1539 hoc
999 1489 1086 1538 est
1116 1484 1403 1550 Christus,
1427 1488 1483 1537 et
1512 1482 1622 1536 fuit
1652 1482 1935 1553 scriptum
1967 1497 2145 1552 super

574 1562 751 1627 caput
780 1558 908 1627 ejus
940 1555 1010 1627 in
1033 1554 1257 1627 pascha;
1278 1560 1409 1624 post
1438 1553 1757 1627 victoriam,
1786 1554 1842 1607 id
1876 1556 1982 1619 est,
2014 1556 2148 1627 post

573 1623 793 1692 victum
812 1623 1142 1693 diabolum,
1168 1623 1466 1696 redempto
1498 1623 1756 1696 humano
1788 1623 2145 1696 genere,’tri-

573 1700 686 1753 bus
717 1696 938 1768 linguis
973 1713 984 1750 :
1025 1696 1082 1751 id
1116 1701 1225 1768 est,
1257 1694 1472 1768 Graece,
1502 1694 1887 1765 Hebraice,'et
1921 1694 2141 1749 Latine.

573 1768 738 1823 Unde
766 1766 831 1822 et
853 1766 1070 1822 Pilatus
1099 1767 1244 1821 dixit
1277 1784 1289 1821 :
1323 1766 1474 1835 Quod
1501 1767 1718 1837 scripsi,
1739 1768 1938 1835 scripsi
1967 1767 2145 1837 (Joan.

574 1857 691 1903 xxx,
748 1838 860 1909 22).
918 1840 997 1893 Et.
1027 1840 1211 1909 posuit
1266 1854 1428 1907 super
1481 1846 1647 1908 caput
1705 1839 1875 1909 ipsius
1925 1853 2145 1893 causam

574 1857 709 1921 x1x,_
748 1857 1211 1921 '41)..Lt.p08uu
1266 1857 1428 1907 super
1481 1857 1647 1908 caput
1705 1857 1875 1909 tpSluS
1925 1857 2147 1893 causam

578 1909 798 1965 Christi.
834 1912 929 1967 Hic
954 1913 1031 1965 est
1073 1926 1175 1965 rex
1215 1908 1532 1965 Iudaeorum
1576 1910 1796 1981 (Matth.
1829 1926 2002 1975 xxvu,
2034 1909 2147 1979 37).

582 2020 609 2051 α
639 1999 929 2055 Conserva
951 2014 1063 2064 me,
1086 1997 1350 2065 Domine,
1377 1996 1656 2069 quoniam
1680 1997 1739 2053 in
1765 2001 1822 2053 te
1845 1996 2093 2069 speravi.
2123 2018 2151 2045 »

504 2087 627 2143 Vox
674 2086 885 2143 Christi
939 2091 1011 2141 ad
1064 2090 1295 2143 Patrem
1350 2086 1407 2142 in
1459 2086 1750 2157 passione,
1793 2085 1852 2140 in
1908 2101 2154 2158 persona

509 2176 767 2232 hominis
816 2176 1126 2248 assumpti.
1160 2180 1239 2231 Ac
1292 2175 1340 2231 si
1391 2175 1591 2230 dicat:
1641 2178 1686 2229 A
1737 2175 1919 2245 Patre,
1961 2192 1995 2229 a
2038 2190 2152 2245 quo

509 2265 677 2332 exivi,
712 2266 773 2319 in
804 2265 1074 2336 passione
1105 2265 1444 2320 custodiar:
1480 2262 1616 2335 quia
1648 2269 1708 2317 tu
1743 2280 1804 2318 es
1836 2281 1967 2335 spes
2001 2279 2150 2317 mea.

514 2374 541 2405 α
570 2352 696 2409 Dixi
728 2353 995 2423 Domino,
1020 2357 1171 2406 Deus
1203 2368 1370 2406 meus
1400 2368 1462 2407 es
1494 2357 1577 2406 tu.
1603 2371 1632 2402 ι
1668 2351 1937 2407 Ostendit
1967 2368 2029 2406 se
2056 2351 2155 2405 ho-

509 2441 731 2495 minem
782 2441 841 2493 in
895 2440 1227 2494 humilitate
1278 2440 1493 2504 carnis,
1528 2456 1662 2494 cum
1707 2440 1950 2509 aequalis
1988 2439 2065 2493 sit
2094 2438 2151 2491 in

509 2528 933 2599 omnipotentis
960 2528 1286 2598 majestatis
1312 2546 1324 2582 :
1353 2527 1491 2599 quia
1516 2529 1563 2582 si
1588 2527 1848 2595 dixisset,
1870 2527 2156 2582 Dominus

508 2632 677 2672 meus
707 2632 769 2671 es
797 2620 860 2670 tu
897 2634 909 2671 :
963 2615 1173 2670 Filium
1219 2616 1505 2670 minorem
1537 2617 2017 2681 demonstrasset,
2052 2615 2153 2670 Pa-

504 2708 656 2759 trem
696 2704 1001 2774 majorem.
1040 2703 1348 2776 Propterea
1394 2703 1586 2759 dixit‘:
1647 2724 1673 2754 α
1704 2704 1830 2759 Dixi
1882 2704 2149 2770 Domino,

510 2793 667 2849 Deus
698 2809 866 2848 meus
897 2810 959 2847 es
989 2797 1052 2847 tu
1087 2815 1115 2841 ››
1151 2809 1162 2846 :
1211 2792 1350 2864 quia
1376 2793 1433 2846 in
1464 2791 1768 2848 divinitate
1798 2792 2037 2864 aequalis
2066 2799 2157 2847 est

508 2882 685 2937 Patri.
739 2905 767 2931 ιι
802 2881 949 2946 Quia
998 2881 1287 2936 bonorum
1341 2897 1604 2937 meorum
1665 2898 1781 2937 non
1840 2881 2153 2953 indiges.»

507 2971 788 3027 Eamdem
819 2968 1033 3025 lineam
1066 2977 1121 3025 et
1152 2970 1211 3024 in
1242 2970 1352 3025 Job
1384 2969 1663 3042 scriptam
1693 2969 1967 3040 legimus.
2015 2970 2156 3037 Quid

500 3060 752 3132 prodest,
778 3061 829 3113 si
856 3068 914 3113 tu
943 3060 1247 3131 simplicem
1275 3060 1456 3129 facias
1484 3060 1636 3114 viam
1665 3064 1814 3113 tuam
1846 3059 1989 3129 (Job.
2015 3075 2151 3123 xxn,

507 3150 611 3219 3)?
655 3148 933 3203 Universa
961 3148 1143 3219 igitur
1174 3149 1327 3203 bona
1356 3164 1483 3218 quae
1514 3147 1799 3203 Dominus
1826 3147 2154 3202 secundum

508 3236 759 3291 formam
792 3236 940 3291 servi
973 3236 1031 3291 in
1064 3252 1237 3292 carne
1267 3236 1617 3291 monstravit
1649 3253 1661 3291 :
1696 3253 1811 3291 non
1844 3236 2002 3290 Patri
2034 3251 2159 3307 pro-
2188 3225 2232 3292 C

507 3329 666 3391 sunt,
701 3325 803 3381 sed
855 3325 1050 3397 generi
1107 3324 1413 3380 humano:
1471 3348 1498 3374 «
1532 3325 1818 3388 Quoniam
1872 3324 2158 3378 bonorum

506 3430 772 3470 meorum
804 3430 918 3468 non
951 3429 1107 3485 eges.
1143 3436 1172 3462 ››
1218 3412 1341 3467 Vox
1373 3412 1607 3469 Christi.
1641 3412 1775 3475 Quae
1820 3416 1960 3467 sunt
2007 3412 2161 3467 bona

508 3501 771 3558 Christi?
820 3504 939 3556 Hoc
987 3505 1096 3565 est,
1146 3500 1489 3571 incarnatio,
1536 3499 1752 3572 passio,
1788 3500 2159 3566 resurrectio,

509 3595 569 3645 et
605 3588 929 3660 redemptio
982 3593 1201 3644 nostra.
1236 3588 1337 3644 Vel
1370 3588 1534 3644 aliter
1567 3606 1581 3643 :
1638 3590 1796 3644 Bona
1842 3591 2001 3658 sunt,
2031 3588 2161 3643 cmli

508 3682 567 3732 et
620 3693 748 3748 quae
802 3676 860 3731 in
909 3677 994 3732 eis
1044 3683 1202 3743 sunt,
1244 3682 1302 3732 et
1347 3683 1503 3732 terra
1552 3678 1726 3745 bona,
1757 3682 1811 3732 et
1851 3693 1977 3749 quae
2008 3677 2066 3732 in
2098 3694 2167 3733 ea

511 3769 673 3832 sunt,
708 3780 835 3835 quae
872 3766 1020 3819 Deus
1053 3766 1292 3820 creavit.
1328 3766 1459 3820 Haec
1488 3765 1658 3820 Pater
1700 3782 1804 3821 nec
1852 3772 2165 3838 postquam

508 3854 663 3909 facta
692 3858 850 3920 sunt,
875 3852 1166 3925 indiguit:
1206 3870 1312 3909 nec
1343 3858 1534 3909 antea.
1561 3854 1681 3909 Ista
1700 3855 1855 3910 Patri
1884 3871 1998 3910 non
2028 3860 2170 3910 sunt

510 3959 681 4015 opus,
716 3959 819 3998 nec
852 3942 1200 3998 necessaria.
1232 3943 1340 3997 Sed
1384 3942 1527 3997 cui?

580 4055 609 4082 ι(
644 4031 874 4089 Sanctis
905 4032 1006 4103 qui
1036 4031 1096 4085 in
1126 4035 1281 4086 terra
1312 4039 1453 4087 sunt
1480 4033 1631 4103 ejus.
1667 4054 1695 4081 »
1732 4031 1863 4087 Istis
1893 4032 2017 4088 haec
2047 4049 2168 4088 om-

509 4121 608 4177 nia
637 4110 776 4177 sunt
804 4120 1154 4177 necessaria.
1190 4143 1217 4169 ‹‹
1256 4125 1319 4174 In
1352 4124 1508 4175 terra
1539 4124 1678 4176 sunt
1706 4120 1856 4191 ejus,
1892 4144 1919 4169 »
1968 4121 2024 4175 id
2057 4126 2166 4186 est,

508 4211 569 4265 in
617 4209 889 4265 Ecclesia.
948 4233 974 4259 ‹‹
1010 4208 1343 4264 Miriﬁcavit
1393 4226 1599 4265 omnes
1649 4208 1981 4265 voluntates
2030 4226 2169 4265 suas

508 4299 662 4353 inter
707 4296 860 4353 illos.
897 4322 923 4346 ››
977 4298 1247 4353 Christus
1295 4316 1399 4371 per
1440 4303 1673 4353 sanctos
1714 4315 1857 4353 suos
1888 4298 2171 4370 mysteria

509 4403 619 4442 sua
651 4386 984 4441 miriﬁcavit
1017 4404 1029 4440 :
1065 4386 1173 4441 hoc
1205 4392 1315 4456 est,
1349 4387 1761 4458 magniﬁcavit.

581 4499 608 4525 ‹‹
645 4473 1044 4547 ΜυΙιίριίοειιω
1080 4480 1221 4531 sunt
1250 4474 1623 4531 inﬁrmitates
1653 4492 1854 4531 eorum
1892 4493 1904 4529 :
1963 4479 2164 4547 postea

2248 575 2445 630 addita
2499 580 2641 630 sunt
2694 591 2859 645 nova,
2893 574 3046 629 sicut
3092 571 3386 627 Abraham
3432 570 3564 639 (Gen.
3601 589 3704 637 xvu,
3731 576 3784 641 5).

2248 665 2401 719 sicut
2449 669 2503 718 et
2549 668 2691 719 Sara
2743 663 2906 732 (Ibid.
2956 663 3067 733 15),
3117 662 3272 716 sicut
3321 664 3479 715 Petro
3506 661 3650 730 (Joan.
3675 664 3785 726 1,112;

2248 757 2306 808 et
2336 752 2599 824 reliquis,
2632 752 2769 823 quia
2818 756 2991 806 antea
3042 749 3191 806 servi
3246 748 3479 821 peccati,
3519 750 3605 804 sed
3648 755 3789 820 postea

2250 841 2423 896 amici
2456 857 2471 895 :
2527 840 2681 896 sicut
2713 840 2997 896 Dominus
3028 838 3174 895 dixit
3206 856 3220 893 :
3270 839 3391 893 Jam
3433 853 3533 892 non
3565 837 3704 891 dicam
3732 854 3791 892 vos

2249 946 2445 998 servos,
2475 929 2565 984 sed
2613 931 2816 984 amicos
2867 930 3055 1000 (Joan.
3103 945 3197 993 xv,
3238 927 3326 993 14,
3369 927 3470 995 15).
3524 927 3580 981 Et
3622 932 3790 981 sanctus

2252 1018 2471 1073 Paulus
2504 1020 2712 1083 fuerat,
2746 1018 2982 1088 quando
3013 1016 3246 1071 dicebat
3278 1031 3291 1069 :
3342 1016 3550 1069 Fuimus
3572 1014 3790 1085 aliquando

2251 1112 2301 1163 et
2330 1123 2426 1162 nos
2455 1108 2632 1175 stulti,
2662 1116 2713 1162 et
2743 1106 3018 1162 increduli
3041 1108 3182 1160 sicut
3221 1109 3273 1160 et
3314 1105 3494 1161 caeleri
3517 1120 3533 1155 :
3578 1104 3651 1158 sed
3686 1106 3791 1157 m-

2254 1197 2553 1251 ricordiam
2573 1197 2671 1250 Dei
2696 1196 3191 1251 consecutissumus
3213 1194 3424 1261 (Tit.m,
3444 1193 3513 1257 3).
3535 1192 3593 1245 Et
3616 1192 3789 1245 iterum:

2255 1285 2361 1341 Sed
2390 1286 2565 1340 abluti
2593 1287 2723 1339 estis
2744 1302 2766 1345 ,'
2795 1285 2891 1339 sed
2919 1284 3256 1353 sancti/irati
3281 1283 3406 1337 estis
3435 1281 3480 1351 (ι
3511 1280 3618 1336 Cor.
3642 1297 3701 1345 γι,
3726 1282 3789 1346 ll).

2335 1430 2360 1460 ‹‹
2392 1408 2675 1464 Dominus
2709 1426 2842 1480 pars
2875 1407 3232 1463 hmrcditatis
3264 1423 3423 1461 meae.
3458 1430 3478 1456 ι
3533 1405 3631 1460 Vox
3654 1402 3790 1458 Christi

2256 1498 2329 1553 ad
2364 1498 2616 1553 Patrem.
2649 1497 2967 1553 Haereditas
2998 1495 3237 1565 Christi,
3269 1494 3515 1550 Ecclesia
3551 1497 3641 1562 est,
3664 1491 3790 1547 etDo-

2258 1586 2455 1641 minus
2479 1590 2568 1641 est
2595 1602 2729 1657 pars
2758 1585 3018 1657 corporis
3050 1585 3163 1640 sui.
3194 1585 3302 1639 Pro
3335 1587 3490 1655 parte
3516 1579 3720 1635 hominis
3738 1594 3790 1631 as-

2259 1674 2481 1747 sumpti
2516 1675 2656 1731 dicit
2684 1692 2697 1733 :
2744 1675 2880 1746 quia
2912 1673 3009 1729 ille
3038 1673 3265 1744 accepit
3295 1673 3366 1727 de
3397 1675 3576 1727 nostro
3602 1668 3788 1723 humani-

2258 1769 2462 1830 tatem,
2494 1768 2552 1819 et
2592 1780 2701 1819 nos
2757 1763 2827 1818 de
2879 1778 2986 1818 suo
3040 1760 3551 1817 immortalitatem.
3588 1762 3643 1813 Et
3675 1757 3791 1811 cultu

918 1840 997 1893 Et!
1019 1840 1428 1923 _P05“it,51_‘P37'
1481 1846 1662 1923 σαρξί,
1705 1839 1875 1923 ξῖζδίιιδ
1925 1853 2151 1923 εααίεηι
2183 1858 2229 1923 Β
2261 1854 2385 1907 mei.
2420 1853 2609 1917 Quare
2639 1850 2782 1906 dixit
2811 1850 3052 1906 calicem
3076 1850 3104 1904 ?
3155 1850 3307 1913 Quia
3338 1865 3436 1922 per
3463 1845 3666 1904 calicem
3701 1842 3789 1898 acci-

2260 1941 2348 2013 pit
2403 1940 2812 2013 unusquisque
2868 1941 3039 2011 juxta
3103 1954 3443 1995 mensuram
3496 1953 3509 1991 :
3563 1934 3647 1990 sed
3694 1931 3791 1988 Chri-

2260 2034 2389 2086 stus
2421 2028 2733 2103 plusquam
2765 2029 3030 2084 membra
3061 2044 3170 2083 sua
3203 2044 3217 2084 :
3273 2032 3341 2083 ut
3380 2025 3457 2082 ait
3482 2024 3699 2081 Paulus:
3732 2021 3791 2088 Qui

2262 2124 2339 2174 est
2364 2120 2762 2189 primogenitus
2793 2120 2856 2173 in
2884 2118 3079 2172 multis
3114 2116 3385 2186 fratribus
3433 2116 3591 2185 (Rom.
3617 2128 3706 2175 vni,

2264 2230 2292 2258 ‹‹
2326 2208 2412 2262 Tu
2445 2224 2508 2262 es
2537 2207 2636 2279 qui
2668 2207 2941 2262 restitues
2984 2205 3385 2261 hereditatem
3432 2217 3604 2258 meam
3646 2197 3788 2253 mihi.»

2263 2297 2382 2352 Hoc
2411 2301 2500 2352 est
2530 2295 2685 2367 quod
2715 2295 2776 2350 in
2806 2295 3115 2367 Evangelio
3146 2294 3365 2349 dicitur
3396 2310 3409 2348 :
3452 2293 3602 2347 Nemo
3625 2287 3728 2343 venit
3754 2282 3791 2336 al

2262 2402 2370 2450 me,
2399 2385 2512 2439 nisi
2557 2385 2721 2439 Pater
2768 2400 2920 2439 meus
2971 2384 3208 2438 traxerit
3257 2398 3381 2437 eum
3427 2378 3493 2435 ad
3524 2377 3790 2448 δευοαιιῑε

2264 2474 2371 2544 44).
2406 2473 2743 2529 Secundum
2776 2471 3104 2538 historiam,
3136 2469 3358 2526 Christi
3388 2467 3659 2524 hereditas
3679 2458 3793 2517 Judaei

2264 2562 2521 2632 fuerunt,
2555 2561 2627 2616 ad
2680 2577 2826 2632 quos
2880 2559 3147 2615 Christus
3195 2558 3373 2615 venit.
3408 2557 3513 2612 Sed
3554 2561 3665 2610 tunc
3685 2546 3790 2604 dissi-

2263 2655 2402 2721 pata
2430 2654 2539 2719 est,
2570 2649 2805 2720 quando
2834 2665 2969 2704 eum
3002 2648 3420 2704 crucifixerunt
3449 2664 3462 2704 :
3507 2644 3591 2701 sed
3620 2638 3794 2697 restitue-

2262 2743 2359 2793 tur
2388 2738 2448 2793 in
2480 2738 2697 2806 futuro,
2721 2755 2855 2793 cum
2890 2736 3189 2809 plenitudo
3213 2735 3471 2809 gentium
3491 2722 3792 2789 subintraveril

2264 2828 2439 2899 (Rom.
2463 2810 2550 2890 9x1,
2581 2828 2692 2897 25).
2744 2825 2927 2881 Aliter
2958 2843 2972 2881 :
3026 2825 3322 2881 Restituet
3351 2829 3496 2880 Deus
3522 2821 3660 2876 Pater
3678 2816 3791 2870 liere-

2263 2915 2504 2971 ditatem
2533 2914 2769 2983 Christi,
2803 2915 3038 2986 quando
3068 2913 3285 2970 electos
3316 2929 3470 2977 suos,
3500 2922 3675 2979 corpus
3709 2916 3790 2957 san-

2265 3008 2366 3057 cta:
2404 3002 2667 3058 Ecclesia:
2714 3004 2785 3058 ad
2836 3002 3000 3058 illam
3050 3002 3441 3074 integritatem
3487 2992 3735 3055 attraxerit,
3755 2992 3789 3039 ut
3862 3028 3863 3073 ἦ

2264 3097 2399 3163 post
2423 3091 2909 3148 resurrectionem
2928 3090 3181 3163 acceptis
3207 3090 3535 3163 corporibus
3550 3079 3791 3169 suis,incor-

2268 3161 2424 3253 rupti
2458 3186 2514 3236 et
2544 3180 2905 3236 immortales
2936 3161 3135 3235 vivant
3170 3197 3183 3235 :
3223 3161 3363 3252 quia
3390 3177 3538 3234 illam
3565 3161 3795 3229 immortali

2271 3273 2451 3325 tatem
2482 3269 2542 3324 in
2572 3270 2756 3324 Adam
2789 3269 3187 3341 perdiderunt.

2341 3398 2369 3425 «
2404 3376 2594 3431 Funes
2660 3374 2995 3431 ceciderunt
3064 3373 3213 3430 mihi
3278 3374 3338 3430 in
3403 3367 3723 3445 praeclaris.»
3764 3356 3795 3409 In

2271 3464 2530 3535 optimis.
2557 3467 2665 3518 Pro
2689 3480 2805 3519 uno
2831 3463 3027 3533 Israel,
3054 3464 3315 3520 universi
3342 3462 3491 3519 orbis
3514 3450 3797 3543 haeredit'lltfn

2273 3555 2647 3606 consecutus.
2708 3550 2898 3607 Funes
2956 3552 3013 3605 in
3072 3551 3410 3607 haereditate
3465 3547 3679 3601 dantur:
3717 3545 3793 3604 1m!

2274 3639 2429 3710 quod
2461 3639 2626 3706 dixit,
2680 3661 2707 3688 «
2740 3639 3078 3695 ceciderunt
3108 3639 3260 3695 mihi
3290 3640 3350 3694 in
3380 3630 3651 3710 praeclaris,
3679 3649 3698 3673 ν
3730 3629 3799 3673 ω’

2275 3728 2542 3782 tumdem
2591 3732 2699 3797 est,
2746 3744 2812 3783 ac
2865 3728 2913 3783 si
2969 3726 3145 3794 dicat,
3188 3728 3252 3784 in
3308 3720 3797 3800 patriarchis,elpf°‘

2277 3817 2470 3889 phetis
2513 3822 2687 3888 atque
2736 3816 3064 3889 apostolis:
3112 3815 3203 3873 vel
3255 3825 3623 3892 quoscumque
3646 3802 3795 3859 advoca'

2277 3905 2423 3960 verit
2481 3905 2669 3972 Pater,
2730 3904 3002 3961 Christus
3067 3921 3272 3962 secum
3338 3902 3544 3974 recipit.
3591 3893 3797 3962 Proplcm

2279 3994 2444 4062 dixit,
2477 3996 2538 4050 in
2565 3995 2877 4063 praclaris,
2911 3995 3133 4051 sanctis
3161 3994 3252 4051 vel
3283 3990 3564 4067 apostolis.

2352 4124 2379 4151 ‹‹
2412 4101 2761 4157 Benedicam
2793 4100 3108 4158 Dominum
3154 4103 3257 4173 qui
3305 4098 3501 4157 tribuit
3540 4088 3656 4150 mihi
3695 4075 3793 4173 intel'

2278 4188 2518 4244 lectum.
2546 4212 2574 4239 »
2605 4190 2727 4245 Vox
2754 4190 2961 4262 capitis
2991 4207 3126 4246 cum
3160 4163 3454 4246 membris.
3487 4176 3677 4239 Tribuit
3696 4163 3795 4267 inid:
3852 4196 3853 4267 ὲ

2278 4276 2492 4333 lectum
2524 4260 2892 4333 discernendi
2928 4278 3079 4334 inter
3106 4278 3330 4334 bonum
3360 4280 3416 4332 et
3442 4270 3632 4329 malum
3658 4280 3668 4316 :
3705 4260 3793 4312 illi"
3852 4260 3853 4334 l

2279 4383 2520 4422 sensum
2569 4372 2626 4423 et
2678 4366 2982 4423 litteram:
3041 4368 3194 4422 inter
3243 4367 3423 4423 Deum
3464 4366 3515 4416 et
3549 4351 3792 4443 Ρτοῖίφωῖ

2280 4455 2429 4511 inter
2469 4455 2659 4511 lucem
2707 4460 2766 4511 et
2811 4456 3102 4512 tenebras.
3163 4478 3191 4506 ι(
3225 4452 3549 4511 Benedicam
3583 4440 3793 4512 Dominum

583 4518 608 4525 ..
645 4518 1044 4547 ,πατηηηυ
1080 4518 1221 4531 νυ...
1250 4518 1623 4531 ...............,.,
1654 4518 1854 4531 νων...
1892 4518 1904 4529 .
1963 4518 2147 4547 γυνη.

511 4563 996 4621 acceleraverunt.
1023 4586 1050 4613 »
1083 4563 1296 4620 Gentes
1328 4565 1397 4620 de
1424 4562 1640 4632 quibus
1671 4580 1827 4619 nunc
1850 4564 2147 4619 Ecclesian

2281 4544 2379 4615 qui
2413 4542 2559 4598 mihi
2590 4544 2798 4646 tribuit
2828 4542 3210 4644 intellectum.
3244 4567 3273 4595 »
3301 4541 3427 4643 .Qui
3472 4518 3794 4646 sapientiidgg

511 4669 845 4727 congrego:
901 4658 1218 4724 antequam
1271 4651 1427 4708 idola
1468 4668 1670 4708 eorum
1701 4651 2163 4723 multiplicaren-

512 4749 629 4813 tur,
675 4742 857 4799 Deum
921 4740 1271 4797 naturaliter
1324 4746 1623 4796 noverant.
1684 4741 1794 4796 Sed
1859 4746 2168 4812 postquam

515 4830 908 4903 multiplicata
944 4835 1083 4885 sunt
1124 4828 1301 4897 idola,
1335 4829 1489 4900 quod
1521 4830 1904 4901 Septuaginta
1932 4829 2172 4898 inﬁrmi-

515 4926 651 4977 tates
682 4919 1043 4992 interpretati
1078 4923 1218 4975 sunt
1250 4935 1263 4972 :
1298 4917 1703 4989 relinquentes
1732 4934 1818 4984 ea,
1855 4918 1925 4972 ad
1960 4935 2050 4972 me
2080 4935 2169 4973 ce-

516 5008 751 5065 lerrime
782 5013 923 5064 sunt
953 5008 1191 5064 reversi.

591 5118 620 5147 ‹‹
650 5097 776 5152 Non
831 5097 1196 5169 congregabo
1249 5094 1652 5151 conventicula
1689 5110 1891 5150 eorum
1931 5095 2001 5149 de
2031 5111 2168 5150 san-

516 5185 876 5258 guinibus.o>
912 5186 1058 5247 Quia
1089 5184 1419 5257 spiritualis
1450 5188 1539 5240 est
1569 5184 1771 5255 religio
1802 5183 1943 5238 Novi
1972 5184 2169 5239 Testa-

516 5274 718 5329 menti.
754 5296 780 5324 ‹‹
805 5278 919 5329 Nec
942 5290 1168 5329 memor
1191 5290 1289 5329 ero
1318 5272 1625 5327 nominum
1654 5288 1853 5327 eorum
1881 5288 1982 5344 per
2012 5271 2167 5327 labia

512 5366 885 5419 mea.Mutam
896 5380 964 5417 ur
980 5362 1195 5434 quippe
1212 5363 1270 5416 in
1289 5362 1536 5416 lavacro:
1554 5367 1609 5416 et
1625 5366 1694 5416 ex
1705 5359 1841 5416 ﬁliis
1863 5359 2164 5416 hominum

508 5456 788 5507 vocamur
811 5450 912 5505 lilii
942 5451 1058 5505 Dei.
1087 5470 1115 5502 ι
1131 5449 1245 5505 Nec
1268 5466 1493 5504 memor
1512 5466 1609 5505 ero
1631 5448 1939 5505 nominum
1961 5465 2164 5504 eorum

510 5555 615 5613 per
639 5538 794 5595 labia
812 5554 959 5593 mea.
978 5560 1005 5587 ››
1025 5537 1145 5594 Vox
1164 5537 1398 5593 Christi.
1416 5538 1529 5593 Nec
1551 5553 1775 5593 memor
1795 5554 1892 5593 ero
1913 5536 2162 5593 istorum

514 5627 910 5701 apostolorum
945 5626 1273 5690 nominum,
1306 5642 1432 5696 qua:
1463 5625 1627 5698 prius
1658 5630 1792 5681 ante
1837 5625 2011 5681 ﬁdem
2058 5626 2161 5681 ha-

513 5719 788 5789 buerunt,
815 5714 1050 5788 quando
1082 5712 1487 5770 inﬁdelitatem
1520 5713 1875 5769 habuerunt.
1909 5712 2015 5770 Illa
2044 5731 2160 5771 non

2278 4608 2387 4700 est,
2422 4650 2537 4688 non
2598 4633 2823 4705 indiget
2880 4632 3008 4705 ipsa
3065 4631 3395 4705 sapientia:
3443 4625 3533 4683 sed
3572 4608 3792 4707 εθιξξιιξβυφ

2282 4720 2429 4776 illud
2488 4702 2920 4793 accipiendum:
2951 4722 3106 4793 quod
3136 4702 3236 4776 _in
3301 4712 3579 4786 Evangelio
3625 4702 3789 4793 dicitur}

2278 4814 2436 4866 Iesus
2485 4791 2814 4882 proficiebat
2861 4791 3039 4877 aetate,
3080 4810 3349 4881 sapientia
3399 4808 3449 4861 et
3491 4797 3641 4872 gratia
3674 4791 3788 4882 απαξ

2280 4900 2385 4954 Deo
2432 4877 2500 4954 et-
2530 4877 2842 4955 hominibus
2872 4900 3025 4970 (Luc.
3060 4916 3122 4966 Il,
3142 4877 3265 4968 ‘52).
3323 4920 3344 4945 α
3380 4899 3594 4960 Insuper
3614 4884 3658 4970 βξ

2281 4988 2353 5043 ad
2387 4992 2616 5043 noctem
2648 4967 3065 5060 increpuerunt
3094 5001 3188 5043 me
3218 4967 3381 5042 renes
3412 4978 3529 5037 mei.
3562 4998 3583 5021 υ
3614 4967 3788 5061 ’Νοξίθξλ

2279 5082 2514 5147 tempus
2541 5056 2835 5150 significat
2865 5075 3159 5149 passionis
3193 5093 3207 5131 :
3261 5076 3321 5130 in
3348 5086 3455 5143 quo
3485 5056 3690 5150 ίηίέῗτίοτί
3710 5056 3788 5150 erit

2278 5128 2515 5221 dit—arcet
2542 5128 2848 5221 satis};
2865 5128 3155 5221 nisi;
3173 5128 3465 5236 sagas...
3520 5172 3539 5199 ι
3566 5148 3743 5227 ιοευρετ
3759 5128 3791 5236 cf

2278 5270 2467 5324 usque
2505 5254 2578 5308 ad
2619 5260 2844 5310 noctem
2896 5233 3310 5327 increpuerunt
3356 5263 3439 5304 me
3484 5251 3622 5297 ι’θηθθ
3660 5233 3782 5327 me:

2284 5303 2464 5324 ,ηπ
2507 5303 2578 5308 π
2620 5303 2844 5310 _-,,__
2896 5303 3053 5311 __-_-
3105 5303 3308 5311 _-___,
3358 5303 3363 5304 ,

2281 5340 2699 5398 Delectationes
2728 5343 2993 5399 carnales
3023 5303 3164 5399 tunc
3203 5358 3293 5398 me
3322 5329 3602 5404 increpanl,
3627 5303 3780 5404 ρυιηδῗθ

2275 5430 2420 5485 mihi
2486 5437 2809 5504 suggerunt
2869 5437 2933 5487 ut
2989 5448 3241 5504 peccem,
3298 5399 3508 5501 quanth
3561 5399 3779 5504 ἀθίθῴξῗΐ

2272 5536 2425 5575 caro.
2460 5490 2716 5576 Sedunisi
2756 5525 2819 5575 tu
2866 5490 3077 5577 fuisses
3127 5538 3161 5577 a
3206 5514 3428 5581 dextris,
3457 5502 3651 5565 forsitan
3673 5490 3773 5542 mill“

2272 5625 2481 5664 marer.

2342 5736 2371 5765 ‹‹
2400 5714 2781 5773 Providebam
2812 5716 3131 5800 Dominum
3158 5715 3219 5799 in
3247 5707 3527 5782 conspectu
3550 5701 3649 5752 ωθο
3668 5686 3764 5736 θθαν
