3964 6190
159 390 285 449 909

158 625 196 664 a
225 606 446 662 dextris
477 611 567 661 est
597 605 741 660 mihi
772 623 844 661 ne
898 622 1280 661 commovear.
1316 629 1343 656 ››
1374 610 1453 663 Ac
1501 609 1550 662 si
1611 609 1764 664 dicat
1797 627 1810 663 :

157 698 313 752 Situ
361 712 477 750 non
539 695 753 750 fuisses
811 712 845 749 a
899 694 1136 765 dextris,
1189 696 1430 751 forsitan
1486 703 1815 754 commotus

161 788 356 842 essem
387 784 458 839 de
489 784 603 838 ﬁde
634 784 706 839 ad
758 782 1183 851 infidelitatem,
1229 786 1299 840 de
1358 786 1510 841 bono
1566 787 1639 842 ad
1692 803 1814 841 ma-

161 874 317 929 lum.

236 986 263 1012 ‹‹
300 963 540 1034 Pr0pter
578 960 688 1015 hoc
736 958 997 1015 latatum
1057 966 1146 1016 est
1201 979 1300 1017 cor
1348 979 1567 1031 meum,
1628 986 1649 1012 ι
1704 968 1813 1017 etc.

160 1052 408 1122 Propter
437 1048 927 1105 resurrectionem
959 1048 1192 1105 latatus
1223 1067 1377 1117 sum,
1399 1052 1537 1123 quia
1567 1068 1666 1121 per
1685 1067 1812 1106 eam

158 1138 445 1194 liberatus
476 1144 566 1192 est
596 1137 878 1203 mundus,
912 1136 1099 1192 Aliter
1131 1154 1143 1191 :
1183 1160 1210 1187 ‹‹
1246 1145 1493 1211 Propter
1520 1140 1629 1195 hoc
1657 1139 1814 1195 lata-

158 1233 293 1282 tum
344 1231 432 1281 est
476 1242 575 1281 cor
630 1241 852 1291 meum,
902 1231 959 1281 et
987 1226 1299 1282 exsultavit
1340 1227 1545 1300 lingua
1576 1245 1722 1285 mea.
1788 1250 1814 1276 »

160 1316 405 1387 Propter
436 1314 617 1380 istud,
652 1315 809 1386 quod
863 1331 957 1369 me
1006 1316 1271 1385 adjuvas,
1303 1333 1402 1372 cor
1434 1334 1631 1372 meum
1661 1317 1815 1372 lata-

161 1410 282 1471 tur,
315 1404 518 1475 lingua
550 1419 680 1459 mea
711 1404 989 1474 praedicat
1032 1420 1043 1458 :
1078 1427 1106 1454 «
1167 1405 1412 1477 Insuper
1440 1413 1497 1461 et
1525 1422 1657 1461 caro
1688 1423 1818 1462 mea

160 1492 493 1564 requiescet
521 1492 580 1546 in
612 1508 736 1563 spe.
772 1514 801 1541 »
832 1491 955 1546 Vox
986 1492 1222 1547 Christi.
1259 1494 1365 1549 Pro
1416 1511 1667 1566 persona
1696 1511 1818 1549 cor-

163 1581 327 1653 poris
358 1579 651 1651 requiscet
682 1581 740 1634 in
775 1596 898 1652 spe.
934 1587 1013 1636 Ac
1063 1581 1113 1636 si
1142 1582 1299 1638 dicat
1331 1600 1344 1637 :
1378 1583 1656 1654 Ecclesia,
1690 1600 1816 1654 qua

164 1675 259 1726 est
290 1686 422 1725 caro
453 1686 603 1737 mea,
636 1670 809 1725 modo
840 1670 1152 1740 requiescit
1210 1672 1279 1726 in
1330 1688 1471 1744 spe;
1502 1672 1562 1727 id
1615 1678 1723 1740 est,
1757 1673 1817 1727 in

167 1776 277 1831 spe
301 1758 745 1814 resurrectionis
770 1775 782 1812 :
810 1764 875 1813 ut
902 1759 997 1814 ubi
1024 1765 1201 1831 caput
1226 1762 1819 1832 pracessit,membra

168 1851 512 1920 sequantur.

239 1961 268 1988 ‹‹
302 1937 588 2002 Quoniam
621 1953 736 1991 non
771 1936 1140 2009 derelinquas
1199 1939 1455 1995 animam
1520 1957 1711 1995 meam
1760 1941 1818 1994 in

159 2027 417 2082 inferno.
472 2049 500 2076 ››
549 2027 667 2082 Non
713 2026 1055 2097 derelinques
1084 2045 1102 2081 .·
1135 2028 1273 2098 quia
1318 2033 1625 2101 propterea
1681 2028 1819 2084 illuc

158 2115 489 2182 descendit,
543 2119 607 2170 ut
653 2114 864 2170 electos
919 2132 1057 2171 suos
1087 2117 1295 2173 exinde
1326 2117 1580 2188 ejiceret,
1612 2124 1668 2172 et
1696 2119 1819 2172 dia-

160 2204 369 2261 bolum
400 2204 626 2275 ligaret.
662 2203 933 2259 Diabolus
966 2210 1137 2260 antea
1193 2223 1255 2261 se
1310 2206 1507 2261 taliter
1538 2208 1820 2277 jactabat’,

162 2300 236 2349 ut
260 2293 464 2348 omnia
516 2309 696 2365 regna
743 2292 949 2347 mundi
975 2293 1215 2349 haberet
1264 2295 1469 2366 (Matth.
1506 2313 1579 2365 xv,
1611 2296 1687 2367 9),
1721 2296 1822 2351 sed

165 2383 351 2438 modo
383 2399 497 2437 non
530 2380 723 2437 solum
772 2381 939 2436 illum
973 2386 1172 2438 tenere
1203 2400 1318 2438 non
1349 2384 1559 2454 potuit,
1593 2386 1694 2439 sed
1730 2402 1824 2457 po—

165 2472 298 2528 tius
330 2488 365 2526 a
393 2470 616 2525 Christo
673 2469 891 2543 ligatus
940 2471 1299 2541 perhibetur.
1354 2474 1461 2528 Nec
1511 2473 1666 2528 dabis
1695 2490 1823 2528 san-

168 2570 329 2616 ctum
356 2566 516 2613 tuum
554 2559 739 2614 videre
765 2562 1189 2629 corruptionem.
1251 2562 1552 2624 Quomodo
1611 2563 1752 2617 dicit
1809 2581 1821 2617 :

173 2649 311 2705 Non
333 2648 500 2703 dabis
531 2649 723 2703 videre
754 2649 1253 2720 corrumptionem
1284 2668 1297 2705 :
1329 2651 1469 2705 dum
1497 2650 1635 2706 alibi
1661 2652 1823 2706 dicit:

174 2743 322 2809 Qua
370 2737 588 2792 utilitas
620 2739 679 2790 in
723 2739 992 2808 sanguine
1049 2754 1171 2793 «meo
1213 2738 1340 2793 dum
1398 2739 1722 2796 descendero
1767 2744 1829 2795 in

174 2827 591 2897 corruptionem
620 2827 793 2896 (Psai.
826 2843 979 2892 xxix,
1016 2828 1101 2897 10)
1122 2827 1149 2881 ?
1202 2828 1327 2884 Non
1358 2829 1429 2882 de
1458 2830 1828 2900 corruptione

176 2914 445 2986 corporis
475 2913 687 2969 Christi
719 2914 778 2969 in
810 2915 1077 2986 sepulcro
1136 2917 1278 2971 dicit
1306 2935 1319 2984 ;
1352 2918 1453 2972 sed
1486 2918 1556 2973 de
1596 2923 1826 2973 catero-

176 3020 318 3059 rum
350 3008 708 3058 sanctorum.

260 3114 286 3141 ‹‹
319 3091 498 3146 Notas
531 3091 676 3146 mihi
708 3092 890 3147 fecisti
924 3092 1047 3147 vias
1082 3093 1232 3147 vita.
1269 3116 1295 3141 ››
1326 3094 1448 3147 Vox
1500 3094 1703 3165 capitis
1726 3111 1829 3166 pro

175 3197 445 3252 corpore.
480 3181 593 3234 Via
624 3181 773 3247 vita,
805 3182 1084 3237 mandata
1104 3181 1317 3237 Christi
1373 3189 1512 3237 sunt
1544 3200 1557 3237 :
1596 3190 1658 3237 ut
1688 3183 1828 3238 scri-

1340 388 1844 451 BHEVIARIUM
1889 390 1965 448 ΙΝ
2012 390 2391 452 PSALMOS.

156 536 283 592 per.
314 541 342 566 ››
376 516 558 572 Filius
606 515 1117 583 Patrem,Ecclesia
1146 516 1445 573 Christum
1467 520 1813 583 :«Quoniam
1843 522 1896 587 Α
1997 521 2271 588 Judaos;
2303 527 2362 577 et
2388 538 2456 577 ex

3453 398 3573 458 910

2506 540 2752 594 persona
2800 524 3065 579 Ecclesia
3114 531 3317 582 contra
3343 526 3571 583 hareti-

1997 608 2135 669 gos._
2160 594 2474 669 Exponunt
2520 595 2762 669 Hebrai.
2788 596 2959 669 ,quoid
3008 598 3241 669 quando
3274 599 3569 669 psalmum

1997 663 2178 741 David
2210 667 2483 730 cantavit,
2518 663 2872 741 quia_dixit':
2906 663 3175 741 Ecca—adit
3212 663 3457 736 Domine,
3478 672 3571 741 ju-

1995 737 2208 810 stitiam
2237 753 2417 810 meam
2453 754 2472 797 ;
2518 755 2620 809 pro
2664 738 2793 807 ipsa
2840 738 3292 810 prasnmptione
3340 737 3570 810 qua'se

1996 807 2256 880 exaudiri
2288 825 2393 879 pro
2424 807 2535 863 sua
2562 810 2800 880 justitia
2842 807 3125 880 jactabat‘,
3177 807 3483 867 cecidisset
3508 812 3569 866 in

1998 893 2240 932 crimen.

1999 1007 2025 1031 ‹‹
2097 985 2336 1052 Exaudi,
2399 987 2638 1042 Domine
2696 987 2991 1057 justitiam
3060 1004 3273 1043 meam.
3328 1008 3357 1037 η
3394 989 3570 1044 Juxta

1928 1072 2086 1139 LXX,
2122 1075 2264 1129 Deus
2284 1075 2540 1144 justitia,
2574 1074 2663 1130 vel
2711 1075 2865 1131 Deus
2900 1076 3096 1146 justus
3138 1081 3367 1132 natura.
3400 1077 3570 1141 Nam,

1926 1163 2165 1231 Exaudi,
2225 1163 2385 1233 Deus,
2453 1164 2739 1233 justitiam
2816 1182 2999 1219 meam
3055 1166 3094 1230 ¹,
3164 1164 3257 1219 hic
3325 1182 3575 1237 persona

1926 1249 2141 1305 Christi
2172 1251 2346 1306 da‘tur
2376 1251 2620 1324 intelligi
2666 1270 2679 1306 :
2721 1273 2748 1304 α
2778 1253 3019 1320 Exaudi,
3063 1259 3236 1321 Deus,
3276 1253 3574 1324 justitiam

1929 1356 2118 1394 meam
2145 1358 2159 1407 ;
2196 1362 2222 1387 »
2254 1357 2359 1394 vox
2388 1340 2604 1396 Christi
2638 1343 2694 1397 in
2727 1342 3017 1412 passione,
3061 1348 3118 1396 et
3146 1358 3255 1397 vox
3308 1343 3574 1398 Ecclesia

1928 1428 1987 1483 in
2020 1428 2415 1484 tribulatione.
2464 1428 2568 1484 Vel
2593 1430 2886 1500 justitiam
2918 1431 3061 1485 dicit
3093 1431 3349 1487 Ecclesia
3381 1448 3572 1499 suam,

1929 1522 1986 1571 et
2017 1532 2132 1571 non
2164 1533 2331 1571 suam
2368 1534 2380 1571 :
2415 1517 2564 1580 Quid
2615 1520 2787 1586 [Fort.
2841 1519 3000 1590 quia]
3050 1535 3238 1582 suam.
3293 1520 3343 1574 si
3374 1519 3579 1590 implet

1930 1606 2207 1660 mandata
2264 1604 2366 1660 Dei
2408 1606 2466 1660 in
2515 1623 2706 1677 opere.
2739 1608 2863 1662 Non
2915 1625 3084 1663 suam
3135 1626 3147 1662 :
3202 1608 3339 1678 quia
3382 1616 3416 1663 a
3470 1614 3579 1663 Deo

1929 1694 2123 1759 datur,
2156 1711 2271 1749 non
2304 1711 2337 1748 a
2366 1710 2445 1750 se.
2485 1717 2512 1745 «
2546 1695 2787 1763 Exaudi,
2816 1696 3306 1767 Deus,justitiam
3328 1713 3578 1763 meam;»

1930 1783 2069 1853 quia
2095 1783 2202 1837 tibi
2237 1800 2422 1854 usque
2451 1784 2521 1838 ad
2555 1789 2800 1839 mortem
2832 1784 3111 1840 obediens
3144 1785 3246 1839 fui.
3278 1806 3307 1834 «
3337 1775 3581 1840 Intende

1848 1891 1897 1955 Β
1927 1871 2396 1944 deprecationem
2431 1889 2643 1937 meam,
2698 1894 2727 1922 ››
2780 1872 3110 1928 Diﬂ'erentia
3149 1877 3240 1928 est
3266 1872 3419 1929 inter
3447 1890 3581 1929 ora-

1930 1960 2148 2015 tionem
2206 1965 2264 2014 et
2312 1961 2805 2032 deprecationem.
2864 1960 3059 2016 Oratio
3102 1966 3442 2016 sanctorum
3492 1967 3583 2017 est

1931 2067 2034 2122 pro
2066 2049 2312 2118 devotis,
2361 2054 2425 2104 ut
2457 2054 2824 2120 perseverent
2882 2050 2941 2103 in
2987 2050 3158 2105 bono.
3222 2050 3579 2120 Deprecatio,

1932 2156 2036 2210 pro
2068 2138 2318 2210 peccatis
2349 2138 2497 2206 suis,
2527 2138 2613 2193 vel
2660 2137 2931 2193 aliorum.
2983 2139 3183 2194 Totius
3236 2143 3327 2194 est
3373 2139 3584 2210 depre-

1933 2228 2103 2282 catio.

2011 2340 2033 2367 ιι
2068 2316 2318 2371 Auribus
2364 2316 2593 2387 percipe
2642 2318 2962 2372 orationem
3012 2333 3223 2372 meam.
3270 2338 3299 2366 »
3326 2318 3443 2372 Hoc
3471 2322 3582 2383 est,

1934 2406 1995 2460 in
2041 2405 2150 2460 hoc
2206 2406 2361 2475 quod
2412 2420 2573 2477 rogo,
2624 2428 2652 2454 «
2688 2405 2933 2460 auribus
2980 2406 3211 2476 percipe
3260 2404 3585 2483 orationem

1940 2510 2155 2549 meam.
2192 2516 2220 2542 »
2251 2493 2389 2548 Orat
2417 2493 2574 2548 enim
2608 2510 2723 2548 non
2752 2493 3067 2549 diminutio
3092 2493 3348 2564 deitatis,
3381 2493 3482 2548 sed
3504 2492 3589 2547 in-

1936 2582 2188 2637 ﬁrmitas
2219 2581 2431 2636 carnis.
2466 2604 2492 2630 ι(
2538 2582 2663 2636 Non
2695 2581 2753 2635 in
2798 2580 2968 2637 labiis
2998 2581 3238 2637 dolosis.
3278 2604 3306 2631 »
3337 2583 3449 2637 Sed
3484 2598 3589 2653 per

1942 2671 2261 2742 puritatem
2292 2687 2420 2741 qua
2452 2669 2558 2725 tibi
2590 2675 2681 2725 est
2710 2670 2943 2741 placita.

2010 2781 2039 2809 ‹‹
2092 2766 2167 2814 De
2216 2758 2377 2813 vultu
2417 2764 2518 2813 tuo
2542 2759 2836 2829 judicium
2872 2775 3069 2814 meum
3103 2760 3362 2830 prodeat.
3395 2780 3422 2811 ο
3457 2760 3584 2815 Non

1939 2848 1997 2902 in
2051 2847 2224 2902 labiis
2256 2847 2493 2902 dolosis.
2527 2850 2606 2901 Ac
2637 2848 2684 2902 si
2718 2848 2875 2902 dicat
2924 2864 2936 2900 :
2992 2847 3209 2902 Exaudi
3260 2847 3584 2902 orationem

1941 2953 2157 3000 meam,
2191 2937 2330 3007 quia
2358 2952 2422 2991 ex
2453 2940 2571 2991 toto
2603 2936 2775 2991 corde
2805 2953 2904 2991 oro
2950 2952 2963 2990 :
3007 2952 3121 2991 non
3171 2937 3324 2990 sicut
3364 2935 3449 2989 illi
3480 2936 3582 3007 qui

1939 3025 1998 3079 in
2031 3024 2200 3079 labiis
2232 3024 2471 3092 dolosis,
2505 3025 2644 3096 quia
2674 3024 2833 3079 aliud
2864 3024 3270 3095 loquuntur,et
3294 3024 3455 3079 aliud
3487 3024 3584 3080 ha-

1941 3115 2077 3170 bent
2107 3114 2164 3167 in
2198 3114 2388 3179 corde,
2438 3112 2556 3168 sive
2588 3112 2860 3180 haretici,
2923 3114 3044 3168 sive
3100 3113 3282 3168 Judai
3348 3130 3360 3167 :
3422 3136 3442 3162 ι
3508 3114 3583 3167 De

1941 3204 2104 3259 vultu
2138 3208 2239 3257 tuo
2262 3201 2556 3272 judicium
2588 3218 2783 3257 meum
2835 3202 3094 3273 prodeat,
3144 3218 3259 3257 non
3302 3201 3360 3256 in
3391 3200 3586 3268 labiis,

178 3277 357 3343 ptum
388 3274 515 3325 est:
551 3270 616 3325 Si
642 3272 723 3325 vis
775 3270 846 3325 ad
874 3272 1044 3325 vitam
1076 3271 1309 3341 ingredi,
1371 3288 1527 3326 serva
1568 3273 1832 3326 mandata

1986 3253 2196 3347 sua;
2214 3253 2286 3340 l."
2304 3253 2675 3346 agiagi;
2693 3253 2783 3345 ἔᾷ
2828 3253 3094 3345 ιεᾼέτέὦῖ
3110 3253 3258 3353 ea;
3286 3253 3593 3361 (iiii—Talia;

178 3359 397 3432 (Matth.
441 3376 536 3414 xxx
594 3360 703 3429 17).
761 3358 1091 3430 Adimplebis
1147 3376 1234 3414 me
1290 3361 1485 3414 latitia
1529 3377 1653 3415 cum
1686 3362 1836 3415 vultu

178 3458 299 3505 tuo.
334 3448 497 3502 Tunc
527 3446 638 3502 erit
668 3447 843 3519 plena
871 3447 1095 3514 latitia,
1131 3464 1265 3503 cum
1307 3449 1631 3504 adunatum
1665 3450 1838 3505 fuerit

179 3553 403 3609 corpus
459 3535 724 3591 Ecclesia
782 3535 842 3590 in
900 3552 1144 3609 regnum
1208 3538 1348 3592 Dei:
1384 3527 1655 3603 hoc'est,
1714 3555 1839 3593 cum

181 3623 480 3680 tradiderit
515 3641 748 3693 regnum
801 3624 907 3679 Deo
943 3626 1096 3679 "atri
1121 3641 1225 3680 suo
1278 3646 1297 3680 :
1355 3634 1484 3681 tunc
1539 3628 1647 3682 erit
1704 3628 1840 3682 Deus

184 3713 381 3769 omnia
412 3714 471 3766 in
497 3715 749 3767 omnibus
810 3713 857 3783 (I
903 3713 1022 3768 Cor.
1054 3731 1146 3784 xv,
1178 3716 1268 3781 24,
1327 3716 1441 3783 28).
1500 3738 1521 3764 ι
1582 3715 1838 3771 Delecta-

185 3801 386 3856 tiones
415 3800 474 3855 in
520 3801 756 3855 dextera
798 3806 901 3857 tua
948 3818 1137 3873 usque
1189 3803 1249 3857 in
1282 3803 1480 3858 tinem.
1534 3826 1561 3852 »
1606 3809 1844 3859 Dextera

189 3888 403 3957 Patris,
464 3888 645 3944 Filius
694 3895 801 3944 est.
869 3914 889 3939 α
953 3890 1261 3946 Delectatio
1316 3891 1444 3946 vita
1503 3897 1729 3947 aterna
1783 3893 1838 3946 in

189 3980 463 4045 dextera;
492 4000 521 4028 »
552 3978 612 4031 id
644 3983 751 4046 est,
782 3978 843 4033 in
868 3979 1259 4050 prosperitate
1289 3997 1416 4051 qua
1446 3980 1587 4035 Filio
1620 3981 1795 4035 datur
1829 3999 1842 4035 :

192 4090 223 4117 ‹‹
262 4065 458 4138 Usque
487 4067 547 4121 in
578 4068 755 4122 finem
787 4087 802 4135 ;
846 4089 875 4117 ››
919 4084 982 4122 ac
1016 4069 1064 4123 si
1097 4069 1269 4135 dicat,
1327 4069 1455 4124 sine
1505 4070 1617 4124 fine
1649 4086 1662 4123 :
1710 4069 1847 4141 quia

193 4154 338 4209 ﬁnis
366 4153 510 4226 legis
541 4154 809 4211 Christus
840 4157 1013 4211 estad
1042 4156 1339 4225 justitiam
1373 4158 1530 4212 omni
1564 4159 1844 4213 credenti:

191 4242 343 4316 quia
398 4242 699 4314 plenitudo
750 4243 895 4315 legis
954 4244 1231 4315 charitas,
1290 4250 1348 4300 et
1407 4246 1539 4301 linis
1580 4245 1847 4318 pracepti

192 4331 482 4387 Charitas.
541 4331 719 4387 Aliter
775 4350 788 4385 :
852 4354 880 4382 «
941 4333 1364 4389 Delectationes
1394 4334 1451 4388 in
1486 4336 1720 4390 dextera
1749 4341 1852 4389 tua

194 4435 394 4491 usque
449 4420 506 4475 in
567 4420 765 4475 ﬁnem.
802 4442 829 4469 »
861 4425 926 4475 In
972 4420 1075 4477 illa
1103 4421 1429 4477 delectabili
1461 4423 1718 4494 potentia
1751 4428 1852 4477 tua

195 4525 334 4581 qua
366 4513 560 4563 tecum
592 4509 782 4565 sancti
839 4515 979 4565 sunt
1036 4509 1356 4582 regnaturi,
1390 4526 1514 4581 qua
1547 4510 1706 4565 nullo
1738 4512 1853 4566 ﬁne

197 4596 593 4653 concluditur.
647 4597 810 4654 Unde
838 4615 938 4655 eos
994 4599 1376 4670 deprecamur
1405 4603 1506 4653 aut
1536 4600 1607 4653 ab
1638 4599 1730 4655 his
1757 4617 1854 4654 ne-
1886 4614 1934 4678 D
1966 4596 2120 4674 die“:

199 4703 503 4760 quaquam
538 4687 841 4758 disjuncti,
868 4688 917 4742 si
950 4704 1066 4742 non
1098 4703 1390 4743 meremur
1420 4688 1613 4742 vestiri
1651 4689 1855 4759 gloria,

198 4793 324 4833 non
358 4776 740 4832 excludamur
769 4794 803 4832 a
830 4776 1157 4832 venia.Tibi
1188 4779 1276 4831 est
1305 4776 1460 4830 enim
1493 4792 1626 4831 cum
1647 4781 1859 4831 aterno

198 4869 378 4919 Patre
410 4869 468 4919 et
496 4865 719 4936 Spiritu
777 4869 982 4920 sancto
1014 4864 1201 4919 honor
1230 4868 1287 4918 et
1310 4862 1495 4935 gloria
1554 4865 1611 4917 in
1645 4864 1858 4920 sacula

195 4952 579 5010 saculorum.
613 4956 819 5009 Amen.

800 5042 1033 5101 PSALM
1042 5042 1125 5098 US
1181 5041 1323 5097 XVI.

199 5133 422 5188 Sextus
451 5130 714 5187 decimus
748 5130 1012 5203 psalmus
1070 5130 1391 5203 orationem
1442 5130 1703 5185 continet
1733 5147 1861 5203 per-

278 5219 438 5257 sona
472 5202 784 5258 Dominica
815 5204 1127 5272 conjuncto
1157 5202 1269 5257 sibi
1302 5217 1565 5272 corpore,
1599 5202 1753 5272 quod
1777 5207 1866 5257 est

279 5272 560 5328 Ecclesia.
623 5274 808 5330 Oratio
866 5273 1060 5329 David.
1111 5273 1195 5327 Ad
1226 5278 1345 5328 tres
1379 5288 1658 5343 personas
1689 5272 1863 5328 intel-

280 5344 509 5416 ligitur.
561 5346 688 5400 [lac
717 5344 901 5400 oratio
944 5345 1005 5400 in
1037 5349 1291 5416 quatuor
1321 5342 1566 5416 psalmis
1594 5342 1863 5416 habetur.

283 5414 398 5471 iste
429 5416 700 5487 psalmus
732 5420 1003 5472 cantatur
1032 5414 1101 5471 ex
1130 5432 1380 5487 persona
1408 5414 1623 5470 Christi
1664 5421 1871 5471 contra

292 5596 305 5627 ¹
345 5594 586 5650 Minime
639 5611 773 5652 vero
828 5610 1007 5666 meam
1065 5593 1290 5666 addunt
1333 5594 1738 5666 Septuaginta,
1773 5594 1869 5666 qui

220 5671 462 5721 tantum
502 5668 721 5724 habent
778 5664 1108 5737 εἱσάκουσον,
1167 5663 1347 5737 Κύριε,
1410 5661 1522 5732 ’τῆς
1558 5661 1874 5717 ’δπκαιοὰῦο

1944 3382 2165 3437 habent
2193 3379 2416 3444 dolosa,
2478 3396 2567 3434 me
2588 3379 2879 3449 judicent,
2914 3379 3013 3434 sed
3048 3378 3179 3433 illos
3208 3384 3272 3433 tu
3296 3378 3504 3448 judica
3534 3378 3593 3431 in

1945 3472 2161 3525 futuro.
2210 3468 2499 3539 Propheta
2545 3484 2659 3522 non
2692 3466 2968 3538 optando,
3004 3467 3104 3521 sed
3164 3467 3596 3538 pronuntiando

1948 3559 2107 3614 dicit.
2143 3562 2259 3612 Hoc
2292 3556 2552 3611 ostendit
2580 3557 2735 3627 quod
2768 3555 3031 3611 facturus
3081 3560 3171 3611 est
3222 3555 3508 3610 Dominus
3539 3554 3600 3609 in

1940 3647 2165 3719 judicio
2200 3664 2212 3700 :
2252 3668 2277 3698 ιι
2326 3644 2490 3700 Oculi
2522 3645 2634 3699 mei
2691 3644 2924 3700 videant
2983 3645 3337 3716 aquitatem.
3378 3668 3398 3692 ι
3430 3642 3599 3699 Oculi

1950 3734 2190 3804 Christi,
2239 3733 2425 3789 sancti
2476 3732 2901 3805 pradicatores,
2949 3733 3205 3800 videant,
3256 3731 3315 3785 id
3365 3739 3475 3797 est,
3520 3732 3604 3785 in-

1950 3823 2241 3895 telligant,
2275 3823 2634 3894 aequitatem,
2665 3822 2722 3875 id
2754 3826 2863 3885 est,
2889 3820 3303 3891 aqualitatem,
3335 3826 3401 3875 ut
3425 3819 3610 3890 justi-

1954 3911 2099 3967 tiam
2135 3927 2310 3982 quam
2343 3909 2677 3982 pradicant,
2701 3925 2808 3981 ope
2838 3909 3137 3981 impleant.

2026 4024 2051 4049 ‹‹
2090 4000 2353 4055 Probasti
2387 4016 2486 4054 cor
2518 4015 2738 4065 meum,
2770 3999 2949 4067 Deus,
2978 4002 3035 4053 et
3070 3995 3317 4053 visitasti
3350 3999 3539 4050 nocte.
3576 4015 3606 4043 ››

1955 4090 2145 4144 Etiam
2193 4089 2252 4143 in
2304 4088 2597 4159 angustiis
2644 4104 2739 4141 me
2791 4085 3052 4159 probasti
3111 4084 3248 4155 quia
3296 4082 3501 4153 tristis,
3551 4086 3610 4137 et

1954 4178 2112 4233 velut
2144 4178 2200 4231 in
2233 4177 2487 4248 quadam
2541 4192 2818 4247 pressura
2862 4191 2995 4230 sum
3046 4172 3235 4227 noctis
3265 4172 3606 4227 tenebrosa.

1959 4289 1988 4316 ‹‹
2040 4266 2304 4321 Probasti
2354 4281 2455 4320 cor
2500 4280 2719 4329 meum,
2797 4264 2969 4318 Deus.
3026 4287 3046 4313 ι)
3105 4262 3227 4316 Vox
3277 4260 3489 4316 Christi
3538 4260 3611 4315 ad

1962 4356 2215 4409 Patrem.
2250 4354 2515 4408 Probasti
2572 4351 2865 4407 Christum
2900 4352 2960 4405 in
3007 4350 3299 4422 passione,
3331 4354 3389 4405 et
3418 4348 3615 4405 Eccle-

1965 4443 2116 4497 siam
2150 4442 2207 4495 in
2262 4440 2661 4495 tribulatione.
2728 4461 2755 4488 ‹‹
2787 4439 2925 4511 Igne
2950 4454 3068 4493 'me
3097 4437 3463 4493 examinasti.
3494 4458 3522 4486 »
3552 4435 3615 4490 1d

1962 4536 2070 4597 est,
2104 4546 2205 4600 per
2235 4530 2422 4600 ipsam
2481 4528 2918 4583 tribulationem
2968 4532 3204 4599 peccata
3252 4542 3381 4580 mea
3410 4525 3617 4579 confu-

2178 4641 2205 4666 «
2260 4618 2328 4671 Et
2376 4634 2489 4671 non
2543 4621 2632 4671 est
2686 4615 2921 4671 inventa
2975 4616 3033 4669 in
3084 4632 3177 4670 me
3208 4612 3509 4685 iniquitas.
3546 4610 3621 4666 Ut

1971 4725 2085 4762 non
2116 4706 2389 4777 loquatur
2420 4722 2484 4760 os
2517 4721 2714 4760 meum
2768 4720 2943 4777 opera
2992 4704 3320 4759 hominum.
3356 4725 3384 4751 »
3416 4699 3621 4766 Qualia

1971 4801 2112 4851 sunt
2140 4812 2317 4867 opera
2344 4795 2651 4849 hominum
2684 4794 2712 4847 ?
2736 4793 3040 4849 Vanitates
3071 4809 3219 4864 quas
3254 4791 3367 4862 ipsi
3398 4794 3617 4845 amant:

1967 4884 2058 4940 vel
2108 4885 2337 4939 diversa
2383 4884 2636 4955 negotia,
2691 4882 2806 4938 ista
2853 4887 2994 4938 sunt
3040 4880 3348 4936 hominum
3397 4894 3620 4949 opera;

1972 4974 2125 5028 sicut
2154 4974 2212 5027 in
2255 4972 2561 5043 Evangelio
2594 4970 2874 5026 Dominus
2906 4970 3049 5025 dicit
3080 4971 3232 5041 (Luc.
3264 4985 3379 5023 xw.
3415 4967 3622 5037 18-20).

1972 5062 2134 5127 Quod
2167 5060 2212 5116 si
2249 5062 2319 5116 de
2347 5060 2521 5116 verbo
2552 5059 2736 5115 otioso
2778 5059 3040 5114 redditur
3085 5058 3232 5113 ratio
3275 5057 3486 5125 (Matth.
3518 5071 3623 5122 xu,

1972 5151 2060 5221 36)
2090 5166 2102 5205 ε
2136 5154 2356 5221 quanto
2389 5148 2577 5220 magis
2610 5148 2680 5203 de
2709 5146 2984 5217 operibus
3013 5146 3345 5212 hominum,
3396 5160 3523 5217 qua
3558 5159 3630 5199 ex

1974 5238 2101 5310 ipso
2134 5254 2314 5293 sensu
2342 5237 2613 5293 studiose
2642 5237 2983 5307 loquuntur.

2052 5350 2078 5376 ‹‹
2114 5327 2355 5397 Propter
2381 5328 2557 5381 verba
2588 5324 2880 5379 labiorum
2936 5329 3176 5380 tuorum
3208 5340 3313 5396 ego
3344 5321 3634 5378 custodivi

1978 5416 2104 5470 vias
2135 5416 2332 5470 duras.
2389 5438 2415 5464 ‹‹
2478 5414 2717 5485 Propter
2748 5412 3181 5485 praedictionem
3214 5417 3272 5468 et
3299 5416 3539 5485 propter
3566 5427 3634 5465 ea

1982 5615 2080 5662 νης
2119 5611 2131 5649 :
2168 5594 2333 5666 quin,
2365 5597 2622 5666 utpvetus
2654 5591 3003 5666 scholiastes
3034 5598 3216 5661 notat,
3269 5593 3382 5664 ipsi
3409 5594 3635 5648 veteres

1986 5661 2355 5738 interpretes,
2386 5662 2446 5718 τὸ
2483 5684 2587 5736 μου
2621 5661 2682 5716 οὺ
2714 5664 3040 5739 πρσὲθηκαν.
