3964 6190
481 394 595 455 911

1980 386 2402 456 ΑΡΡΕΝΒΙΧ.

3715 394 3799 459 ﬂii

485 542 609 597 qum
640 520 1065 596 promittuntur
1110 522 1170 578 in
1219 523 1399 591 caelis,
1450 526 1733 581 custodivi
1776 526 1898 581 vias
1924 527 2121 582 duras.
2157 529 2209 593 Α
2241 530 2378 581 sunt
2407 526 2522 581 duo
2552 526 3267 597 Testamenta,protegunt
3286 522 3583 580 Ecclesiam
3603 543 3631 581 a
3657 527 3801 598 milvo,

484 613 780 677 Quomodo
812 612 953 668 dicit
980 612 1076 667 hic
1107 613 1304 679 duras,
1338 614 1480 669 dum
1539 616 1597 669 in
1628 614 1938 687 Evangelio
1995 615 2131 670 dici-

482 709 580 758 tur
613 720 625 757 :
657 705 865 775 Iugum
900 718 1081 757 meum
1136 719 1300 758 suave
1337 712 1436 768 est,
1498 712 1549 758 et
1586 720 1723 759 onus
1784 720 1961 759 meum
2015 705 2129 759 leue

483 792 705 859 (Matth.
787 791 953 863 30)?
1028 796 1211 847 Suave
1288 796 1377 846 est
1432 791 1761 847 volentibus
1830 808 1843 846 :
1912 793 2127 847 durum

484 885 573 935 est
605 879 957 935 nolentibus.
1008 880 1282 943 Quamvis
1331 880 1543 934 durum
1594 880 1859 936 videatur
1896 897 2023 936 esse
2055 882 2124 936 ad

484 973 718 1025 sanctos
748 974 984 1041 propter
1020 968 1378 1039 corporalem
1438 956 1897 1037 tribulationem,
1932 973 2125 1024 tamen

485 1074 660 1114 suave
716 1063 824 1123 est,
884 1057 1023 1129 quia
1060 1058 1274 1112 habent
1317 1075 1480 1129 spem
1528 1058 1657 1112 vita
1706 1063 1978 1114 aeternae:
2023 1058 2126 1113 Vel

486 1147 651 1202 aliter
682 1164 694 1200 :
735 1172 755 1195 »
793 1147 1031 1220 Pr0pter
1081 1148 1255 1201 verba
1282 1146 1569 1201 labiorum
1602 1154 1835 1201 tuorum
1888 1164 1992 1219 ego
2024 1164 2125 1202 cu-

482 1236 693 1291 stodivi
721 1236 845 1291 vias
875 1237 1071 1292 duras.
1112 1256 1139 1287 »
1173 1239 1252 1291 Ac
1283 1235 1333 1289 si
1374 1236 1529 1291 dicat
1578 1252 1590 1289 :
1641 1236 1880 1290 Timens
1930 1238 2127 1291 futura

484 1325 793 1396 supplicia,
828 1342 955 1397 quae
987 1325 1132 1397 legis
1163 1312 1699 1395 transgressoribus
1729 1324 2124 1380 comminatus

480 1430 563 1480 es,
603 1414 765 1469 duris
797 1431 891 1470 me
938 1414 1239 1469 laboribus
1272 1414 1521 1481 exercui,
1578 1419 1633 1467 et
1663 1414 1883 1482 subjecn
1916 1430 2127 1484 corpus

479 1503 686 1557 animae
718 1502 1009 1575 potestati.
1141 1571 1147 1577 .

549 1614 576 1641 ‹‹
610 1592 826 1647 Perﬁce
856 1609 1094 1663 gressus
1126 1608 1286 1647 meos
1313 1591 1373 1645 in
1414 1591 1640 1647 semitis
1667 1592 1806 1646 tuis.
1844 1613 1871 1640 ››
1901 1591 2122 1648 Sensus

476 1698 638 1736 meos
670 1682 731 1735 in
769 1680 1061 1736 mandatis
1092 1680 1211 1735 tuis
1243 1679 1471 1751 perﬁce.
1507 1680 1629 1734 Vox
1658 1680 1942 1735 Ecclesiae.
1976 1683 2122 1745 Quia

475 1786 510 1825 a
540 1774 654 1824 Deo
687 1775 774 1824 est
802 1768 1076 1840 incipere,
1127 1774 1183 1823 et
1235 1786 1268 1823 a
1315 1768 1430 1823 Deo
1480 1772 1570 1823 est
1624 1768 1812 1823 ﬁnire.
1848 1770 2117 1837 Gressus,

2241 614 2348 669 hoc
2373 618 2479 682 est,
2513 631 2546 669 a
2571 612 2821 669 diabolo.
2844 635 2872 663 ‹‹
2908 620 2948 669 Α
2980 613 3123 668 facie
3156 613 3471 685 impiorum
3501 615 3589 684 qui
3614 631 3690 669 me
3717 617 3805 670 atti-

2238 707 2464 758 xerunt.
2502 726 2529 752 »
2558 703 2743 758 Judaei
2773 701 3066 758 Christum
3113 701 3173 756 in
3204 701 3496 774 passione,
3533 707 3584 757 et
3609 701 3803 759 haeretici

2242 791 2578 847 Ecclesiam.

2311 903 2339 929 «
2366 880 2592 935 Inimici
2625 880 2738 935 mei
2772 880 3031 935 animam
3064 895 3257 934 meam
3290 877 3757 935 circumdederunt.
3780 903 3800 932 ι

2234 967 2421 1023 Judaei
2453 969 2747 1024 Christum
2784 969 2841 1023 in
2872 969 3166 1039 passione,
3205 966 3477 1023 Animam
3529 967 3630 1021 dixi
3656 968 3717 1040 [Γ.
3741 971 3802 1023 di-

2235 1056 2362 1128 xit],
2394 1074 2508 1113 non
2557 1074 2810 1130 corpus:
2845 1057 2984 1129 quia
3024 1055 3297 1112 diabolus
3339 1054 3398 1110 in
3450 1054 3627 1110 anima
3651 1057 3801 1112 intrin-

2237 1161 2405 1201 secus
2438 1146 2623 1202 nescit
2653 1147 2793 1218 quid
2850 1145 3061 1219 cogitet
3090 1145 3287 1213 homo,
3351 1144 3463 1199 nisi
3508 1161 3600 1215 per
3624 1146 3800 1200 exterio-

2236 1252 2327 1290 res
2358 1241 2553 1291 motus
2585 1235 2893 1308 intelligat,
2929 1239 2985 1290 et
3014 1234 3073 1288 in
3128 1251 3244 1305 quo
3293 1248 3711 1304 mumquemque
3733 1235 3801 1288 de-

2231 1323 2431 1379 lectari
2461 1324 2632 1391 videt,
2658 1324 2917 1380 diversas
2946 1323 3358 1396 suggestiones
3388 1321 3573 1377 infert.
3603 1322 3727 1376 Istud
3750 1323 3798 1377 ad

2234 1412 2550 1469 Ecclesiam
2583 1413 2889 1484 pertinet,«
2920 1412 3167 1484 Adipem
3201 1427 3382 1467 suum
3413 1409 3796 1466 conclusernnt.»

2232 1502 2379 1565 Quid
2415 1518 2520 1574 per
2546 1501 2799 1574 adipem,
2841 1500 2953 1557 nisi
2987 1500 3211 1556 malitia
3240 1500 3573 1555 Judaeorum
3596 1499 3794 1571 designa-

2231 1591 2373 1645 tur?
2402 1592 2536 1655 Quae
2560 1591 2618 1645 in
2647 1589 2843 1646 Veteri
2871 1591 3248 1646 Testamento
3264 1589 3495 1661 adipem
3525 1588 3797 1642 manducare

2233 1678 2578 1751 prohibetur
2618 1696 2631 1735 :
2674 1680 2814 1751 quia
2871 1696 2972 1735 cor
3025 1695 3230 1735 eorum
3290 1678 3655 1733 incrassatum
3700 1686 3792 1731 erat.

2233 1769 2394 1824 Unde
2424 1769 2571 1824 dixit
2621 1769 2681 1824 in
2734 1769 2970 1824 Cantico
3019 1767 3458 1824 Deuteronomii
3491 1784 3504 1822 :
3533 1770 3797 1823 lucramur:

476 1874 706 1913 sensus.
747 1878 774 1910 α
805 1857 876 1913 Ut
906 1874 1021 1913 non
1074 1850 1413 1913 moveantur
1460 1856 1705 1928 vestigia
1761 1874 1909 1913 mea.
1945 1880 1974 1907 ››
2030 1859 2116 1914 Ab
2150 1892 2198 1958 B
2229 1862 2309 1912 est
2372 1848 2643 1926 dilectus;
2704 1860 2753 1913 et
2810 1858 3184 1913 recalcitravit
3261 1858 3441 1929 (Deut.
3522 1872 3671 1921 xxxn,
3723 1854 3791 1921 15}.

477 1946 567 2001 his
616 1963 867 2017 quorum
899 1947 1042 2002 moti
1086 1950 1225 2003 sunt
1270 1947 1446 2018 pedes
1500 1964 1514 2001 :
1548 1946 1607 2000 id
1653 1950 1743 2002 est
1786 1947 2122 2018 quicunque
2150 1942 2197 1958 ”
2232 1947 2461 2012 Quare?
2492 1946 2637 2010 Quia
2680 1947 3043 2002 incrassatus
3071 1948 3198 2001 erat
3231 1946 3303 2000 de
3334 1943 3567 2014 malitia,
3596 1949 3646 1999 et
3670 1942 3792 1998 incal-

473 2035 625 2091 male
657 2037 936 2092 fecerunt.

544 2149 572 2176 ‹‹
604 2127 720 2198 Ego
747 2126 1011 2185 clamavi.
1045 2148 1073 2176 ››
1108 2130 1216 2181 etc.
1248 2126 1435 2189 Quare
1466 2126 1629 2192 dixit,
1663 2127 1945 2181 clamavi?
1975 2127 2122 2193 Quia

472 2215 717 2270 credidit
738 2233 841 2287 per
870 2216 1081 2282 ﬁdem;
1117 2221 1422 2287 propterea
1452 2216 1616 2284 dixit,
1649 2236 1669 2263 α
1699 2217 1816 2288 Ego
1848 2216 2115 2272 clamavi.

470 2304 693 2358 Inclina
733 2321 933 2359 aurem
985 2309 1148 2359 tuam
1202 2304 1370 2369 mihi,
1407 2326 1437 2355 »
1472 2309 1581 2359 etc.
1613 2304 1881 2360 Christus
1913 2322 2113 2361 aurem

466 2392 734 2459 inclinat,
769 2393 1005 2463 quando
1037 2393 1312 2447 exaudire
1360 2392 1654 2463 dignatur.
1696 2394 1805 2447 Per
1833 2394 2114 2449 similitu-

467 2480 664 2534 dinem
724 2480 945 2534 inﬁrmi
991 2486 1175 2551 rogat,
1252 2480 1351 2551 qui
1397 2481 1455 2534 in
1506 2482 1653 2536 lecto
1683 2488 1792 2552 est,
1827 2487 1891 2537 ut
1922 2483 2115 2537 veniat

466 2564 750 2636 medicus,
783 2572 840 2623 et
869 2575 1036 2623 sanet
1065 2568 1435 2623 inﬁrmitates
1492 2587 1650 2625 suas.
1700 2572 1791 2625 Sic
1838 2575 1896 2625 et
1924 2588 2112 2643 genus

462 2656 791 2712 humanum
822 2658 1123 2712 inﬁrmum
1156 2663 1280 2713 erat
1304 2675 1315 2712 :
1338 2659 1822 2739 quandojacebat
1850 2659 1908 2713 in
1939 2659 2107 2731 lecto,

460 2745 521 2800 id
571 2751 661 2802 est
707 2752 961 2819 peccato.
1017 2747 1277 2819 Rogabat
1326 2753 1390 2802 ut
1436 2747 1658 2803 veniret
1704 2764 1876 2803 verus
1924 2749 2109 2804 medi-

460 2852 584 2902 cus,
609 2834 710 2907 qui
740 2840 827 2892 est
857 2835 1128 2891 Christus
1156 2834 1215 2890 in
1247 2839 1503 2903 oarne,et
1532 2841 1766 2891 sanaret
1796 2835 2107 2908 languores

457 2941 620 2981 suos.
794 2912 809 2917 ’

536 3034 559 3064 ι
619 3014 862 3068 Miriﬁca
916 3013 1347 3069 misericordias
1389 3017 1546 3082 tuas,
1602 3014 1861 3071 Domine.
1908 3037 1935 3065 »
1993 3020 2101 3070 etc.

461 3102 759 3174 Numquid
794 3106 964 3158 antea
994 3119 1111 3158 non
1147 3103 1375 3158 fuerant
1404 3103 1723 3159 miriﬁcataa
1754 3104 1782 3158 ‘?
1821 3104 1932 3159 Sed
1962 3108 2103 3159 tunc

463 3190 797 3246 miriﬁcavit
842 3191 1277 3247 misericordias
1330 3208 1513 3247 suas:
1550 3194 1780 3263 quando
1835 3209 1937 3264 per
1965 3210 2101 3247 san-

462 3283 587 3335 ctos
652 3280 944 3352 apostolos
982 3286 1039 3336 et
1085 3285 1321 3337 sanctos
1379 3298 1517 3337 suos
1583 3282 1957 3339 inﬁrmitates
1997 3265 2175 3336 cu-C
2214 3286 2271 3336 et
2352 3282 2713 3338 divinitatem
2789 3298 2903 3337 non
2982 3279 3416 3337 intellexerunt.
3480 3276 3569 3332 Vel
3630 3270 3769 3329 oculos

457 3369 644 3425 rabet.

531 3478 560 3507 ‹‹
591 3464 637 3511 Α
669 3458 1082 3514 resistentibus
1115 3460 1360 3514 dexteris
1390 3463 1525 3513 tuae.
1571 3481 1599 3507 ››
1631 3459 1831 3514 Salvos
1865 3459 2007 3515 facis
2064 3477 2100 3515 a

455 3545 863 3602 resistentibus
918 3547 1161 3602 dexterae
1220 3552 1332 3603 tua;
1380 3548 1684 3620 tripliciter
1730 3567 1743 3617 ;
1802 3549 2097 3605 daemones

452 3633 633 3687 Deum
685 3652 697 3689 :
745 3635 954 3706 Judaei,
1012 3636 1306 3692 Christum
1351 3655 1365 3693 :
1409 3637 1685 3706 haeretici,
1754 3637 2091 3693 Ecclesiam.

452 3743 479 3769 ‹‹
532 3720 769 3776 Custodi
814 3738 926 3787 me,
979 3723 1243 3790 Domine,
1295 3728 1360 3778 ut
1388 3724 1671 3795 pupillam
1704 3724 1877 3779 oculi.
1911 3746 1939 3774 »
1973 3726 2093 3781 Vox

447 3808 735 3866 Ecclesiae.
782 3811 1000 3865 Oculus
1042 3811 1387 3882 intelligitur
1431 3829 1643 3882 corpus
1691 3803 1977 3879 Ecclesia,
2035 3819 2093 3869 et

446 3898 672 3971 pupilla
718 3899 1022 3955 humilitas
1087 3900 1323 3966 Christi,
1389 3917 1489 3973 per
1536 3902 1706 3972 cujus
1756 3903 2088 3974 exemplum

442 3988 713 4058 vivimus,
760 3994 817 4045 et
863 3989 1144 4045 videmus.
1202 3990 1318 4045 Hoc
1367 3990 1655 4061 supplicet
1705 3992 1979 4059 Ecclesia,
2022 3998 2087 4047 ut

442 4079 630 4149 possit
653 4078 815 4134 illam
847 4078 1238 4134 humilitatem
1272 4080 1577 4135 observare
1606 4095 1783 4150 quam
1816 4080 2082 4138 Christus

438 4169 653 4224 docuit.
689 4168 835 4232 Quia
864 4169 913 4223 si
963 4185 1065 4241 per
1096 4167 1378 4240 pupillam
1440 4185 1554 4223 non
1586 4169 1917 4224 custoditur
1945 4187 2080 4225 ocu-

438 4257 553 4323 lus,
624 4273 996 4329 nequaquam
1046 4259 1223 4313 videt.
1284 4257 1429 4321 Quia
1471 4258 1622 4313 oculi
1672 4259 2079 4330 praedicatores

2231 2035 2459 2091 citravit
2516 2052 2529 2090 :
2596 2034 2733 2107 quia
2791 2034 3027 2091 nolebat
3084 2033 3370 2090 mandata
3404 2033 3501 2090 Dei
3545 2033 3789 2089 obserme.

2229 2124 2485 2181 Dilectus
2516 2143 2549 2181 a
2577 2126 2693 2181 Deo
2722 2126 2833 2180 fuit
2862 2124 3113 2196 populus
3140 2122 3459 2179 Judaicus:
3491 2123 3615 2194 quia
3638 2135 3791 2175 meum

2228 2214 2492 2270 divinum
2523 2213 2673 2288 pluit
2702 2214 2821 2271 illis
2851 2215 3044 2287 (Exod.
3075 2231 3192 2279 xvr,
3230 2213 3319 2284 13)
3374 2231 3387 2269 :
3436 2212 3579 2284 quod
3620 2209 3675 2266 ad
3718 2223 3785 2263 nos

2226 2305 2495 2375 pertinet,
2529 2302 2668 2378 quia
2695 2304 3125 2359 manducamus
3156 2302 3480 2357 Christum.
3527 2301 3624 2356 Sed
3658 2295 3784 2353 Judai

2225 2398 2701 2467 contempserunt
2731 2393 3079 2465 semetipsos
3113 2411 3126 2447 :
3162 2391 3277 2447 hoc
3326 2397 3433 2459 est,
3471 2389 3785 2462 obligaverunt

2224 2500 2285 2538 se
2308 2483 2366 2537 in
2400 2483 2643 2538 malitia.
2681 2505 2706 2536 α
2732 2483 2809 2538 Os
2839 2499 3042 2538 eorum
3065 2481 3335 2538 locutum
3368 2485 3456 2537 est
3478 2477 3782 2550 superbiam.»

2222 2571 2298 2627 Os
2328 2570 2645 2645 impiorum
2677 2590 2689 2627 :
2724 2571 2862 2643 quia
2892 2575 3094 2628 contra
3115 2570 3418 2626 Christum
3448 2575 3503 2625 et
3530 2572 3699 2623 contra
3718 2564 3781 2618 Ec-

2219 2660 2457 2716 clesiam
2490 2661 2726 2716 faciunt.

2294 2772 2315 2801 α
2366 2749 2741 2822 Projicientes
2790 2766 2883 2805 me
2928 2766 3085 2805 nunc
3132 2749 3628 2804 circumdederunt
3666 2756 3778 2797 me:

2217 2836 2416 2893 oculos
2469 2855 2609 2894 suos
2658 2842 2991 2894 statuerunt
3055 2837 3355 2893 declinare
3418 2838 3474 2892 in
3521 2840 3711 2889 terram.
3757 2850 3773 2873 ι

2214 2927 2452 2989 Quando
2483 2926 2748 2983 Christus
2776 2944 2989 2998 passus
3037 2930 3148 2995 est,
3179 2925 3379 2982 omnis
3407 2930 3553 2980 terra
3584 2916 3774 2977 tremuit,

2213 3020 2269 3070 et
2336 3016 2528 3071 sidera
2585 3016 2897 3071 obscurata
2953 3019 3111 3081 sunt,
3151 3020 3216 3070 et
3273 3019 3447 3087 petrae
3482 3012 3650 3067 scissa
3680 3008 3772 3060 sunt

2212 3103 2420 3175 (Matth.
2455 3122 2628 3171 xxvu,
2667 3105 2873 3173 51-52).
2925 3104 3037 3160 Sed
3089 3103 3282 3159 ,Πιάωί
3329 3100 3518 3159 oculos
3545 3099 3595 3154 in
3619 3103 3769 3152 terram

2212 3197 2562 3257 statuerunt,
2594 3191 2731 3265 quia
2778 3193 3077 3249 hominem
3129 3190 3327 3247 solum
3363 3184 3766 3246 existimaverunt

2214 3387 2352 3427 suos
2381 3371 2439 3425 in
2473 3376 2686 3426 terram
2732 3373 3065 3427 statuerunt
3098 3388 3111 3425 :
3145 3369 3289 3440 quia
3335 3370 3407 3425 de
3439 3364 3649 3423 terrenis
3671 3356 3766 3415 actio

2211 3460 2322 3515 bus
2370 3460 2723 3532 cogitabant,
2776 3458 2878 3515 sed
2927 3459 2996 3514 de
3028 3458 3367 3515 coelestibus
3404 3472 3513 3513 non
3541 3450 3763 3509 mediban-

2209 3552 2325 3603 tur.

2283 3660 2302 3686 α
2356 3638 2750 3709 Susceperunt
2798 3653 2890 3693 me
2942 3637 3094 3693 sicut
3140 3636 3233 3693 leo
3282 3638 3510 3709 paratus
3563 3629 3622 3685 ad
3663 3639 3759 3698 ρων

2204 3726 2361 3793 dam,
2400 3749 2419 3775 ιο
2457 3731 2564 3781 etc.
2599 3727 2760 3782 Sicut
2817 3725 2906 3782 leo
2958 3729 3201 3797 paratus
3234 3724 3420 3781 estad
3452 3710 3757 3794 praedam,sic

2200 3820 2584 3887 susceperunt
2611 3814 2795 3871 Judaei
2825 3815 3122 3871 Christum
3166 3813 3228 3870 in
3262 3814 3521 3886 passione
3551 3826 3561 3862 :
3590 3802 3755 3863 ειςέεατ

2197 3905 2408 3961 catulus
2440 3906 2629 3960 leonis.
2666 3909 2793 3970 Leo,
2844 3904 3114 3959 diabolus
3164 3920 3177 3957 :
3231 3901 3471 3969 catulus,
3502 3898 3634 3953 ﬁlius

2200 3992 2616 4050 Antichristus.
2668 3992 2766 4048 Vel
2810 3992 2987 4048 aliud.
3044 3994 3176 4060 Leo,
3230 3989 3492 4048 diabolus
3538 4004 3549 4040 :
3594 3988 3638 4038 et
3684 3975 3747 4030 ﬁlii

2195 4084 2325 4155 ejus
2368 4083 2576 4139 Judaei.
2628 4083 2690 4137 In
2750 4082 3097 4150 absconditis,
3149 4082 3209 4137 in
3277 4094 3471 4137 eorum
3528 4067 3746 4163 cordibus.

2193 4172 2360 4243 quasi
2409 4171 2468 4226 in
2517 4171 2785 4227 obscuro.
2821 4169 3121 4238 Diabolus,
3153 4170 3245 4226 vel
3277 4168 3525 4239 membra
3549 4161 3672 4216 illius
3706 4161 3744 4205 in

2191 4261 2407 4332 quibus
2437 4258 2704 4315 diabolus
2734 4258 2981 4326 habitat,
3014 4258 3382 4331 appellantur
3426 4254 3540 4309 loca
3562 4248 3743 4305 abscon-

3872 3038 3873 3091 l

3869 3136 3871 3187 l

3868 3248 3869 3283 ι

3866 3344 3867 3381 ι

3864 3420 3865 3477 l

3861 3526 3863 3573 Α

3859 3598 3861 3669 4

3858 3674 3859 3712 ι

435 4344 865 4417 intelliguntur,
894 4363 997 4418 per
1026 4346 1307 4418 pupillam
1342 4363 1551 4402 sensus
1580 4347 1925 4419 spiritualis.
1962 4349 2079 4404 Hoc
2188 4349 2329 4405 dita.

432 4439 600 4507 rogat
628 4450 840 4506 corpus
877 4436 1085 4490 Christi
1144 4453 1271 4508 quae
1304 4442 1393 4491 est
1450 4436 1724 4502 Ecclesia,
1770 4441 1833 4492 ut
1882 4442 2075 4493 custo-

430 4524 629 4579 diatur
656 4540 867 4580 sensus
900 4524 1365 4596 praedicatorum,
1400 4524 1500 4595 qui
1546 4531 1635 4581 est
1664 4525 1869 4581 oculus
1924 4544 1945 4584 :

428 4613 689 4684 rapiatdr
718 4614 777 4669 in
828 4612 1167 4669 inﬁdelitate
1198 4613 1621 4668 haereticorum.

499 4724 528 4752 ‹‹
557 4703 676 4757 Sub
706 4702 918 4757 umbra
947 4702 1171 4757 alarum
1203 4707 1438 4757 tuarum
1472 4710 1703 4775 prolege
1736 4720 1845 4758 me.
1892 4722 1925 4752 ››
1952 4703 2067 4758 Un-

421 4791 531 4847 bra
577 4793 807 4847 duabus
864 4792 1041 4846 rebus
1081 4795 1309 4846 constat
1350 4810 1362 4846 :
1406 4790 1627 4846 lumine
1682 4797 1739 4847 et
1807 4808 2064 4864 corpore.

424 4880 535 4935 Per
562 4881 783 4947 lumen,
820 4880 1095 4935 divinitas
1127 4897 1140 4935 :
1185 4897 1287 4951 per
1316 4896 1548 4951 corpus,
1608 4880 1946 4936 humanitas
1976 4882 2067 4935 in-

2260 4461 2287 4489 «
2332 4439 2609 4510 Exsurge,
2663 4437 2921 4504 Domine,
2975 4437 3221 4509 praeveni
3267 4452 3384 4502 eos,
3433 4455 3458 4481 ››
3525 4432 3617 4483 etc.
3661 4417 3739 4510 v.0?

2003 4543 2073 4581 ne
2184 4525 2398 4583 Christi
2464 4505 2724 4598 loquitur
2783 4527 2853 4581 ad
2922 4505 3336 4593 divinitatem,
3405 4524 3463 4576 ut
3521 4505 3737 4598 ρθτνθηῖδὲ

2101 4634 2150 4699 D
2182 4616 2390 4671 animae
2420 4633 2561 4683 suae,
2607 4632 2679 4670 ne
2709 4615 2970 4686 rapiatur
2998 4631 3032 4669 a
3063 4613 3325 4687 principe
3370 4605 3595 4667 diabolo,
3629 4590 3734 4699 ςιξοά

2181 4705 2263 4760 ita
2294 4710 2351 4760 et
2380 4706 2532 4759 fecit.
2567 4702 2851 4759 Praevenit
2908 4720 3064 4772 eum,
3119 4707 3177 4759 et
3208 4698 3457 4773 alligavit
3486 4738 3498 4763 ,
3527 4697 3574 4748 et
3598 4687 3651 4744 ad
3675 4687 3734 4735 in-

2181 4796 2408 4849 fernum
2451 4792 2709 4848 deduxit.
2758 4793 3040 4848 Veniebat
3067 4790 3334 4847 diabolus
3365 4780 3560 4856 aliquid
3585 4776 3639 4831 de
3660 4782 3730 4824 suo

2180 4881 2472 4952 requirere
2519 4880 2578 4934 in
2628 4878 2875 4948 Christo,
2924 4881 3023 4936 sed
3080 4878 3139 4935 in
3187 4896 3252 4935 eo
3308 4874 3443 4932 nihil
3473 4858 3727 4961 invenitrﬂJt

420 4968 721 5041 telligitur.
756 4969 921 5025 Unde
949 4974 1007 5026 et
1066 4948 1259 5025 Mariae
1289 4948 1504 5024 dicitur
1535 4985 1548 5022 :
1581 4969 1820 5040 Spiritus
1846 4974 2069 5025 sanctus
2179 4948 2325 5025 dixit
2354 4970 2415 5024 in
2447 4968 2756 5041 Evangelio
2792 4985 2804 5024 :
2845 4972 3004 5026 Venit
3028 4971 3280 5042 princeps
3334 4963 3483 5035 hujus
3505 4948 3728 5042 munt“:

3679 5030 3721 5085 Et

415 5039 757 5128 superveniet
812 5061 873 5113 in
930 5067 999 5125 te,
1059 5065 1113 5113 et
1172 5060 1346 5113 virtus
1401 5039 1669 5113 Altissimi
1722 5060 2066 5115 obumbrabit
2177 5062 2240 5115 in
2302 5074 2388 5113 me
2428 5074 2539 5113 non
2589 5039 2797 5113 invenit
2844 5039 3146 5131 quidquam
3191 5039 3366 5129 (Joan.
3413 5065 3513 5105 xxv.
3555 5039 3643 5107 30l-

415 5145 518 5200 titn'
544 5146 693 5217 (Luc.
726 5164 767 5212 ι,
799 5149 909 5219 35).
943 5148 1062 5202 Sub
1112 5146 1225 5202 ista
1273 5146 1483 5201 umbra
1541 5152 1777 5221 protege
1827 5163 1941 5215 me,
2002 5152 2066 5203 ut
2174 5152 2377 5204 sancta
2424 5146 2683 5202 Ecclesia
2749 5151 2915 5219 rogat
2959 5151 3272 5219 antequam
3321 5131 3667 5223 supplaniﬁiur

412 5248 506 5287 me
537 5210 651 5289 non
684 5210 883 5306 rapiat,
906 5235 1138 5289 milvus.
1177 5234 1242 5289 Et
1298 5236 1407 5289 sub
1449 5210 1680 5290 duabus
1707 5210 2064 5292 "Testamen-
2173 5234 2425 5302 diabolo,
2455 5239 2512 5291 et
2542 5235 2599 5291 in
2631 5234 2761 5307 ejus
2805 5210 3057 5307 insidiis,
3089 5210 3190 5309 qui
3238 5235 3370 5289 sunt
3390 5210 3614 5283 haeretici
3637 5228 3647 5264 ι
3672 5210 3713 5309 ξεί

410 5325 604 5376 torum
639 5293 769 5389 alis:
813 5323 871 5377 id
918 5327 1025 5390 est,
1085 5323 1344 5393 ipsorum
1398 5323 1679 5378 doctrinis
1713 5324 1929 5394 quibus
1984 5324 2060 5378 vi-
2170 5325 2363 5379 veniat
2392 5293 2716 5380 catholicds
2746 5328 2963 5392 noster,
2994 5293 3213 5394 qui‘est
3270 5317 3528 5378 Christus,
3554 5293 3711 5394 tif“It

408 5411 582 5475 vitur,
616 5416 673 5466 et
704 5386 1054 5477 custoditur,
1088 5386 1154 5466 ac
1184 5411 1400 5482 tegitur
1440 5412 1591 5466 sicut
1622 5386 1839 5485 geli-ina
1869 5429 1882 5467 :
1916 5413 2055 5484 quia
2167 5417 2353 5468 vertat
2378 5412 2624 5468 astutias
2653 5411 2897 5482 inimici,
2931 5386 2989 5467 id
3009 5386 3140 5477 -est,
3189 5403 3527 5489 supplanteb

404 5517 509 5572 per
538 5500 819 5573 gallinam
852 5499 1196 5571 intelligitur
1226 5500 1512 5570 sapientia
1543 5484 1641 5555 Dei
1671 5502 1875 5556 Patris.
1910 5501 2056 5564 Quia
2166 5502 2425 5557 animam
2460 5517 2647 5555 meam
2681 5501 2753 5554 ab
2786 5501 2988 5573 impio,
3019 5499 3276 5573 gladium
3307 5500 3459 5549 tuum
3485 5484 3545 5541 ab
3571 5484 3704 5573 inlati:

402 5567 570 5645 sicut
587 5589 807 5661 gallina
837 5589 946 5645 sub
970 5567 1079 5644 alis
1107 5567 1311 5658 pullos
1328 5604 1472 5644 suos
1496 5590 1803 5645 abscondit
1823 5594 2057 5661 propter
2164 5590 2248 5646 cis
2280 5605 2490 5645 manus
2519 5593 2650 5644 tuae.
2684 5609 2714 5639 ι)
2749 5567 2889 5657 Oro,
2941 5567 3202 5662 gladium
3254 5595 3446 5641 manus
3482 5579 3582 5662 tu?
3606 5567 3699 5662 {"16

399 5654 636 5754 milvos,
686 5678 770 5738 sic
818 5682 876 5735 et
922 5654 1212 5748 sapientia
1267 5675 1482 5747 divina,
1514 5680 1571 5731 et
1599 5677 1725 5733 duae
1759 5654 1885 5748 alae,
1924 5654 2051 5748 quae
2161 5680 2232 5736 ab
2266 5677 2523 5735 inimicis
2543 5677 2684 5745 tuis,
2719 5654 2995 5741 inimicus
3025 5679 3181 5743 enim
3210 5668 3416 5745 accepit
3437 5654 3695 5737 Domum
