3964 6190
233 350 356 413 913

1444 347 1942 413 BREVIARIUM
1985 350 2065 410 IN
2108 348 2495 412 PSALMOS.

3537 349 3660 411 9M

232 489 303 539 ut
331 486 568 555 propter
597 486 836 555 peccata
863 498 969 540 nos
1000 480 1226 555 puniat.
1256 484 1412 546 Quos
1443 484 1660 539 tradidi
1717 484 1881 539 Sata-
1912 485 1965 551 Α
1994 483 2271 554 reliquias
2301 499 2439 539 suas
2479 483 2738 555 parvulis
2789 483 2934 552 suis,
2988 484 3308 541 clamantes
3340 495 3355 539 :
3415 484 3656 555 Sanguis

231 589 349 639 me,
408 578 473 627 ut
531 572 766 628 discant
803 589 916 628 non
963 572 1395 643 blasphemare,
1457 572 1539 628 ait
1580 571 1896 643 Apostolus

232 666 289 732 (1
321 662 451 716 Tim.
484 676 521 730 I,
555 660 666 729 20).
710 661 851 715 Erue
899 662 1156 716 animam
1202 676 1381 715 meam
1426 660 1494 714 ab
1537 660 1725 731 impio.
1774 664 1896 715 Vox

229 750 445 807 Christi
470 750 542 805 ad
595 753 777 805 Deum
818 752 1049 805 Patrem
1097 750 1382 821 loquitur,
1432 748 1543 805 hoc
1591 754 1701 820 est,
1755 765 1893 806 erue

227 839 493 897 animam
551 853 743 894 meam
801 855 834 894 a
886 839 1139 894 diabolo.
1200 838 1265 893 Et
1318 853 1426 894 vox
1485 836 1751 894 Ecclesiae
1818 840 1889 894 ad

225 928 530 984 Christum
562 927 672 983 hoc
701 926 1252 998 rogat,utliberetur
1281 943 1316 983 a
1358 926 1610 989 diabolo,
1669 926 1756 982 vel
1815 927 1888 982 ab

224 1016 538 1081 haereticis,
561 1016 718 1072 etab
752 1032 1103 1087 unoquoque
1156 1016 1391 1071 homine
1449 1015 1624 1071 malo.
1663 1037 1684 1066 α
1750 1016 1890 1073 Fra-

225 1123 421 1162 meam
451 1110 616 1161 tuam
648 1106 720 1160 ab
752 1104 1007 1179 inimicis
1037 1121 1250 1160 manus
1280 1110 1413 1160 tum.
1447 1126 1477 1155 ››
1518 1105 1759 1161 Framea
1813 1105 1886 1160 de

224 1194 473 1263 Christo,
517 1198 575 1248 et
625 1194 697 1248 de
752 1192 1009 1249 Ecclesia
1069 1192 1437 1265 intelligitur.
1486 1197 1726 1249 Framea
1789 1194 1884 1249 Dei

220 1285 437 1351 Patris,
467 1283 667 1339 anima
698 1282 912 1339 Christi
941 1283 1126 1353 est,de
1155 1298 1273 1354 qua
1302 1282 1439 1338 facit
1475 1283 1701 1352 justam
1758 1284 1881 1337 vin-

220 1375 460 1429 dictam.
498 1370 779 1428 Diabolus
810 1373 1030 1427 framea
1050 1372 1177 1442 ejus
1203 1376 1309 1440 est,
1360 1372 1431 1427 de
1488 1386 1606 1442 qua
1663 1370 1883 1427 framea

215 1462 535 1518 vindictam
571 1461 712 1516 facit
741 1461 801 1514 in
834 1460 1077 1515 mundo.

292 1641 603 1710 «Domine,
636 1658 670 1696 a
715 1639 920 1711 paucis
967 1657 1001 1696 a
1046 1644 1202 1695 terra
1250 1638 1440 1694 divide
1491 1655 1613 1707 eos,
1676 1662 1705 1689 »
1764 1643 1873 1695 etc.

212 1733 342 1786 Vox
366 1729 651 1785 Ecclesia.
690 1753 717 1778 «
754 1733 791 1784 Α
826 1728 1052 1802 paucis,
1085 1746 1120 1783 a
1164 1733 1342 1784 terra.
1396 1749 1424 1778 ››
1486 1727 1624 1784 Vult
1680 1727 1874 1783 Eccle-

213 1819 304 1874 sia
321 1818 576 1891 separari
614 1836 647 1874 a
694 1818 1052 1883 carnalibus,
1083 1822 1141 1872 et
1170 1834 1203 1872 a
1237 1816 1477 1884 zizania,
1528 1821 1586 1873 et
1624 1834 1657 1872 a
1691 1816 1874 1890 paleis

213 1912 349 1963 ante
403 1908 556 1962 diem
599 1908 831 1979 judicii,
885 1907 984 1962 sed
1036 1907 1163 1961 sine
1226 1922 1403 1962 causa
1454 1905 1593 1978 quia
1648 1922 1683 1961 a
1756 1910 1870 1961 Deo

210 1996 438 2070 accepit
466 2012 840 2067 responsum,
872 1996 1024 2051 sicut
1057 1996 1336 2051 Dominus
1393 1994 1538 2050 dixit
1582 1994 1642 2050 in
1690 1995 1872 2050 Evan-

209 2085 409 2159 gelio:
472 2085 652 2140 Sinite
707 2094 942 2156 utraque
994 2099 1233 2140 crescere
1288 2100 1458 2156 usque
1510 2082 1581 2139 ad
1644 2100 1869 2139 messem

210 2174 419 2246 (Matth.
452 2192 576 2240 xm,
609 2174 721 2245 30),
778 2174 888 2230 hoc
946 2178 1055 2241 est,
1116 2190 1306 2245 usque
1356 2173 1417 2228 in
1467 2173 1621 2230 diem
1660 2172 1867 2244 judicii

206 2261 355 2325 Quia
401 2262 494 2317 hic
554 2261 808 2319 Ecclesia
866 2261 1176 2319 commista
1229 2266 1317 2317 est
1357 2278 1491 2316 cum
1547 2261 1865 2334 peccatori-

204 2352 527 2423 bus,rogat
557 2368 659 2423 pro
691 2351 806 2405 illis
828 2351 927 2423 qui
972 2350 1368 2422 praedestinati
1427 2354 1587 2421 sunt,
1648 2354 1715 2405 ut
1769 2367 1863 2406 ve-

200 2440 392 2505 niant,
426 2443 482 2494 et
512 2445 852 2512 separentur
882 2440 954 2494 ab
988 2438 1105 2494 illis
1135 2438 1236 2511 qui
1287 2457 1401 2496 non
1452 2443 1589 2495 sunt
1644 2440 1863 2512 praede-

204 2528 431 2594 stinati,
470 2533 531 2583 ut
561 2528 795 2595 dicitur,
828 2527 992 2584 Multi
1024 2528 1233 2594 vocati,
1292 2528 1457 2601 pauci
1507 2544 1639 2583 vero
1696 2528 1861 2583 electi

196 2603 420 2672 (Matth.
454 2634 591 2683 XXII,
630 2618 737 2679 14).
788 2616 1113 2688 Supplanta
1162 2634 1259 2673 eos
1304 2617 1401 2688 qui
1454 2616 1513 2670 in
1562 2616 1862 2689 impietate

198 2710 365 2773 sunt,
400 2710 467 2760 ut
496 2704 590 2760 hic
622 2705 921 2761 emendari
948 2705 1325 2770 debeant,aut
1354 2706 1412 2760 in
1464 2705 1657 2760 futuro
1723 2722 1859 2777 sup-

200 2794 540 2866 plantentur
569 2793 628 2849 in
652 2793 927 2849 vindicta.
967 2816 987 2842 α
1044 2798 1123 2850 De
1179 2792 1535 2849 absconditis
1584 2792 1702 2849 tuis
1768 2794 1861 2848 ad-

197 2882 483 2954 impletus
515 2886 604 2939 est
623 2886 825 2939 venter
853 2899 1080 2938 eorum.
1117 2881 1493 2954 nTripliciter
1540 2880 1635 2938 hic
1692 2882 1859 2937 intel-

196 2971 404 3049 ligitur
450 2977 667 3028 venter.
720 2976 953 3040 Venter,
1015 2972 1279 3039 castitas,
1346 2971 1713 3044 intelligitur,
1800 2976 1865 3027 ut

197 3060 346 3115 dicit
396 3060 783 3116 Eucherius‘.
845 3064 912 3115 Et
969 3060 1309 3132 angelorum
1352 3065 1552 3116 venter
1607 3059 1862 3131 repletus

198 3148 315 3203 fuit
348 3149 639 3221 mysteriis
673 3149 765 3204 Dei
800 3154 1115 3220 antequam
1148 3148 1516 3215 cecidissent,
1549 3152 1607 3204 et
1632 3148 1862 3204 Judan-

191 3254 329 3292 rum
359 3242 558 3293 venter
587 3238 659 3293 de
688 3237 1166 3310 mysteriislegis,
1198 3242 1257 3293 et
1284 3238 1685 3293 haereticorum
1714 3253 1850 3293 ven-
1881 3226 1927 3291 C

190 3330 286 3381 ter
312 3327 383 3381 de
415 3326 708 3399 mysteriis
737 3326 1024 3382 Ecclesiae.

150 3510 176 3530 '
271 3504 583 3560 «Saturati
645 3509 787 3561 sunt
840 3503 1000 3559 filiis.
1063 3526 1091 3554 »
1137 3504 1322 3559 Judaei
1381 3505 1631 3560 saturati
1693 3508 1853 3568 sunt,

186 3592 332 3664 quia
363 3592 741 3664 multiplicati
768 3597 905 3647 sunt
934 3592 993 3647 in
1018 3592 1415 3664 procreatione
1459 3592 1732 3662 filiorum,
1796 3598 1853 3648 et

186 3683 249 3736 in
273 3682 451 3737 rebus
482 3681 699 3737 saeculi.
732 3681 976 3745 Quando
1007 3681 1147 3736 dicit
1176 3683 1216 3751 ³,
1243 3683 1484 3737 saturati
1539 3687 1667 3736 sunt
1722 3698 1853 3753 por-

186 3772 338 3835 cina,
372 3770 481 3825 hoc
512 3770 853 3825 Judszorum
885 3770 1321 3825 immunditiam
1355 3770 1648 3842 designat.
1688 3793 1708 3819 σι
1761 3771 1851 3825 Di-

187 3859 483 3914 miserunt
513 3858 792 3931 reliquias
824 3875 964 3913 suas
1007 3858 1268 3930 parvulis
1327 3858 1488 3921 suis,
1522 3881 1550 3910 ››
1598 3859 1715 3914 Hoc
1764 3864 1853 3914 est
1916 3928 1923 3933 η

186 3946 356 4002 illam
380 3948 607 4018 justam
638 3948 957 4003 vindictam
991 3964 1116 4019 quae
1146 3946 1265 4002 illis
1291 3948 1552 4003 debetur.
1610 3968 1632 3995 ε
1694 3948 1853 4003 Reli-

184 4041 448 4107 querunt
479 4035 760 4108 reliquias
791 4053 929 4092 suas
980 4035 1239 4108 parvulis
1297 4037 1421 4093 suis
1462 4053 1474 4091 :
1509 4057 1535 4088 ι
1578 4037 1687 4093 hoc
1741 4041 1848 4105 est,

184 4126 425 4197 quando
456 4126 729 4180 dixerunt
761 4144 774 4180 :
807 4126 1043 4196 Sanguis
1071 4128 1190 4198 ejus
1217 4142 1383 4197 super
1410 4142 1524 4193 nos,
1583 4131 1635 4181 et
1689 4143 1854 4198 super

184 4215 335 4285 filios
388 4218 600 4271 nostros
649 4214 861 4286 (Matth.
912 4232 1103 4281 xxvu,.
1144 4215 1256 4287 25).
1318 4216 1386 4271 Et
1443 4215 1848 4271 hereticorum

184 4303 295 4358 ﬁlii
329 4302 601 4359 similiter
629 4304 1175 4360 condemnationem
1206 4304 1526 4360 habebunt.
1558 4304 1664 4369 Qui
1713 4308 1853 4360 sunt

183 4392 450 4463 reliquie:
479 4409 683 4449 eorum
715 4392 743 4447 ?
782 4393 1049 4463 Ipsorum
1101 4393 1398 4465 discipuli,
1460 4393 1559 4464 qui
1620 4394 1690 4447 de
1747 4393 1850 4449 illa

182 4480 346 4536 mala
374 4480 640 4537 doctrina
669 4496 872 4536 eorum
905 4481 1230 4553 regenerati
1278 4487 1435 4536 sunt.
1500 4503 1527 4530 ‹‹
1587 4481 1846 4537 Saturati

2004 574 2124 643 ejus
2153 589 2315 644 super
2340 589 2437 628 nos
2456 580 2507 627 et
2534 588 2697 643 super
2722 573 2865 641 ﬁlios
2896 580 3124 628 nostros.

2074 685 2103 711 ‹‹
2137 662 2253 733 Ego
2285 667 2479 717 autem
2509 678 2643 716 cum
2666 660 2902 731 justitia
2957 662 3247 732 apparebo
3304 662 3363 717 in
3417 679 3657 735 conspe-

2002 755 2097 805 ctu
2128 755 2248 806 tuo.
2287 773 2315 801 ››
2356 750 2479 806 Vox
2528 750 2811 806 Ecclesiae.
2849 771 2877 800 «
2924 754 3067 805 Cum
3118 750 3395 820 justitia:
3457 774 3483 801 »
3545 751 3654 808 hoc

2000 844 2108 907 est,
2133 841 2410 895 mandata
2438 843 2539 895 tua
2570 840 2945 911 adimplere.«
2978 839 3282 910 Apparebo
3313 838 3371 894 in
3403 856 3654 911 conspe-

2000 933 2133 983 ctuo
2164 932 2265 984 tuo
2300 944 2312 983 :
2346 950 2374 979 »
2409 928 2518 984 hoc
2560 934 2651 984 est
2696 929 2757 984 in
2813 927 3124 999 praesentia
3155 931 3259 983 tua
3314 926 3375 983 in
3433 927 3649 984 futuro.

1998 1017 2269 1073 Saliabor.
2324 1016 2546 1072 Caelesti
2606 1017 2933 1073 refectione.
2994 1041 3021 1065 «ι
3097 1019 3240 1070 Cum
3317 1016 3654 1088 apparuerit

1995 1104 2181 1176 gloria
2208 1109 2328 1160 tua.
2366 1126 2393 1153 ››
2427 1104 2606 1159 Filius
2628 1108 2784 1171 tuus,
2818 1104 2919 1175 qui
2959 1108 3049 1160 est
3076 1101 3259 1172 salus,
3292 1107 3347 1157 et
3401 1102 3538 1169 vita,
3595 1107 3652 1158 et

1996 1199 2331 1250 sanctorum
2362 1194 2625 1249 omnium
2659 1192 2862 1264 gloria,
2898 1192 3037 1263 quia
3055 1192 3319 1247 Christus
3348 1195 3405 1247 et
3427 1196 3433 1201 “
3455 1191 3648 1260 Salus,

1993 1286 2050 1337 et
2078 1281 2263 1353 gloria
2291 1283 2557 1338 diciturm
2592 1283 2709 1353 Ego
2733 1286 2929 1336 autem
2958 1281 3015 1335 in
3031 1280 3268 1352 justitia
3295 1280 3647 1351 apparebo,»

1991 1370 2215 1427 devicta
2235 1376 2441 1427 morte.
2485 1392 2512 1424 α
2545 1373 2604 1426 In
2638 1374 2952 1441 conspectu
2984 1375 3083 1424 tuo
3131 1369 3409 1440 satiabor,
3443 1391 3470 1419 ››
3533 1386 3643 1424 cm-

1989 1458 2076 1515 los
2125 1461 2466 1515 ascendens.
2512 1482 2539 1509 ‹‹
2589 1464 2731 1514 Cum
2794 1458 3131 1530 apparuerit
3193 1456 3379 1530 gloria
3443 1463 3564 1523 tua,
3612 1479 3641 1507 ››

1987 1548 2212 1603 sanctis
2255 1552 2311 1603 et
2358 1547 2553 1602 electis
2611 1547 2728 1601 tuis
2785 1547 2887 1617 qui
2937 1562 3040 1617 per
3097 1561 3191 1600 me
3245 1544 3639 1611 crediderunt,

1985 1637 2123 1707 quia
2151 1653 2348 1693 meum
2379 1639 2463 1692 est
2496 1636 2650 1707 quod
2681 1634 2799 1690 illis
2827 1637 2918 1690 est
2955 1632 3297 1705 praestitum.
3331 1634 3476 1688 Nam
3535 1650 3641 1705 ego

1985 1726 2043 1781 in
2076 1726 2195 1782 illis
2225 1742 2383 1792 sum,
2414 1729 2471 1781 et
2500 1725 2612 1797 ipsi
2643 1723 2703 1781 in
2743 1740 2837 1780 me
2884 1727 3099 1791 tecum.
3141 1722 3259 1778 Nos
3313 1739 3446 1779 vero
3504 1740 3538 1778 a
3584 1728 3641 1779 te

1985 1815 2289 1887 redempti,
2324 1814 2564 1869 Domine
2594 1813 2756 1878 Jesu,
2799 1817 3024 1868 tantam
3078 1811 3400 1885 potentiam
3454 1811 3635 1884 pieta-

1981 1908 2219 1976 temque
2249 1906 2573 1974 cernentes,
2597 1900 2890 1974 supplices
2934 1917 3265 1971 exoramus,
3316 1905 3381 1955 ut
3420 1901 3638 1957 exami-

1981 1976 2102 2049 nati
2133 1992 2329 2049 divino
2360 1992 2514 2065 igne,
2548 2007 2663 2045 non
2694 1989 2881 2045 simus
2935 1989 3331 2044 humanorum
3392 2006 3636 2060 operum

1978 2082 2357 2147 detractores,
2379 2081 2478 2137 sed
2501 2083 2559 2134 in
2592 2083 2648 2135 te
2679 2077 2920 2134 stabiles
2946 2077 3163 2148 fixique
3195 2082 3353 2132 tuam
3386 2076 3635 2149 gloriam

1967 2170 2192 2242 jugiter
2220 2167 2569 2225 extollamus
2609 2168 2669 2223 in
2714 2182 2907 2241 opere,
2975 2166 3340 2240 proferamus
3380 2164 3439 2219 in
3498 2165 3633 2232 fide,

1973 2258 2283 2315 laudemus
2314 2258 2373 2314 in
2407 2274 2563 2314 voce.
2595 2258 2801 2313 Amen.

2530 2364 2852 2419 PSALMUS
2892 2361 3066 2418 XVII.

1972 2461 2036 2513 In
2064 2456 2256 2525 ﬁnem;
2275 2470 2376 2526 pro
2404 2469 2571 2526 puero
2606 2454 2846 2526 Domino
2868 2450 3078 2526 David:
3112 2464 3239 2523 qua:
3285 2451 3495 2526 locutus
3540 2447 3642 2505 est

2040 2522 2463 2582 Domino'verba
2493 2525 2693 2579 cantici
2721 2523 2972 2592 hujus,in
3001 2522 3093 2575 die
3123 2538 3230 2592 qua
3259 2523 3469 2592 eripuit
3496 2539 3623 2578 eum

2041 2599 2307 2653 Dominus
2337 2596 2402 2651 de
2434 2612 2604 2650 manu
2655 2596 2911 2647 omnium
2968 2593 3327 2647 inimicorum
3375 2594 3511 2663 ejus,
3544 2598 3621 2650 ἐι

2042 2671 2110 2724 de
2142 2668 2491 2745 manusaul.
2533 2668 2717 2745 Totus
2915 2663 3331 2745 psalmussub
3360 2680 3631 2745 persona

2044 2741 2219 2794 David
2254 2739 2322 2793 ad
2357 2738 2653 2792 Christum
2683 2736 2952 2807 pertinet.
2978 2735 3396 2807 DavidCbristi
3422 2740 3625 2807 typum

2042 2817 2220 2876 tenet,
2253 2809 2352 2880 qui
2379 2814 2467 2864 est
2491 2825 2665 2880 manu
2688 2805 2919 2880 fortis,
2957 2807 3028 2861 de
3085 2805 3253 2873 cujus
3285 2805 3508 2880 semine
3533 2814 3628 2880 est

2044 2887 2241 2937 noster
2272 2876 2470 2947 David,
2504 2879 2604 2951 qui
2647 2876 2735 2951 est
2791 2876 3075 2951 Christus.
3133 2880 3324 2951 _Puero
3348 2877 3623 2951 __Domini,

2041 2953 2149 3008 hoc
2181 2957 2291 3016 est,
2316 2951 2411 3006 Dei
2436 2943 2643 3020 Patris,
2680 2949 2833 3004 sicut
2861 2947 2941 3001 ait
2985 2943 3286 3020 propheta.
3348 2943 3627 3017 Magnum

2043 3036 2133 3080 est
2162 3024 2270 3078 tibi
2298 3023 2486 3078 vocari
2521 3018 2708 3076 filium
2763 3018 2997 3076 meum.
3041 3018 3267 3073 Etenim
3321 3033 3451 3073 ecce
3499 3033 3627 3089 ego,

2042 3101 2099 3176 et
2126 3094 2431 3176 pueri‘mei
2467 3109 2613 3176 quos
2645 3091 2805 3176 dedit
2836 3089 2981 3176 mihi
3013 3094 3181 3176 Deus:
3243 3089 3311 3145 Et
3345 3089 3630 3176 propheta

2044 3159 2263 3221 Isaias:
2298 3169 2448 3219 Puer
2476 3159 2649 3218 datus
2695 3169 2784 3217 est
2849 3160 3038 3231 nobis,
3101 3159 3258 3215 filius
3315 3159 3489 3215 natus
3538 3165 3630 3215 est

2039 3237 2227 3292 nobis.
2262 3237 2398 3304 Quae
2430 3234 2640 3290 loculus
2668 3236 2746 3287 est
2776 3233 3002 3304 Domino
3031 3232 3214 3304 _verba
3266 3233 3471 3304 cantici
3524 3232 3627 3286 hu-

2030 3312 2143 3381 jus.
2172 3309 2243 3381 Et
2272 3302 2451 3363 David
2478 3305 2802 3361 secundum
2836 3302 3153 3381 historiam.
3177 3303 3619 3381 cantavit_istud

2034 3372 2326 3436 canticum
2393 3395 2525 3434 cum
2586 3380 3030 3449 persequeretur
3104 3373 3175 3429 ab
3232 3372 3509 3449 inimicis,
3567 3378 3626 3430 et

2034 3452 2320 3521 Christus,
2353 3445 3205 3521 quiestq'caputnostrumtet
3259 3445 3331 3500 ad
3389 3448 3620 3521 Patrem

2034 3514 2389 3577 cantavit'in'
2423 3514 2694 3593 passione
2723 3537 2735 3573 :
2765 3589 2777 3593 _
2798 3515 3052 3572 Ecclesia
3102 3516 3189 3593 in,
3218 3514 3621 3593 persecutione

2036 3594 2259 3665 Eripuit
2287 3586 2870 3665 eum'Dominus,hoc
2901 3593 3009 3653 est,
3031 3592 3117 3665 _et
3177 3586 3350 3665 David
3400 3603 3434 3641 a
3469 3602 3618 3665 _per-

2034 3657 2331 3721 secutione
2380 3663 2539 3731 Saul,
2591 3667 2648 3717 et
2693 3660 2987 3715 Christum
3028 3658 3086 3714 in
3149 3657 3422 3731 passione
3465 3662 3617 3712 Deus

2033 3741 2205 3809 Pater
2242 3729 2564 3809 eripuit‘de
2614 3750 2790 3787 manu
2828 3731 3228 3809 inimicorum
3264 3729 3420 3809 "hoc
3486 3734 3616 3809 ,θεῖε

2034 3808 2105 3862 de
2132 3799 2729 3869 manu'Judaeorum,
2785 3808 2844 3857 et
2901 3802 2972 3857 de
3025 3817 3204 3855 manu
3262 3800 3423 3856 Saul.
3483 3799 3617 3856 Saul

2032 3879 2294 3950 appetitio
2324 3877 2762 3950 interpretatur,
2805 3873 2943 3945 quia
3000 3877 3201 3950 contra
3232 3870 3617 3950 “voluntatem

2038 3941 2141 4023 D'e'i
2174 3941 2537 4023 expetierunt
2590 3963 2723 4023 eum
2751 3941 2758 3945 ⁷
2786 3941 3002 4023 regem.
3049 3943 3173 4023 _lste
3217 3941 3618 4023 _S.a_ul“tyrum

2032 4011 2471 4077 diaboligessit.
2512 4018 2611 4074 Isti
2641 4011 3157 4073 inimici'membra
3200 4011 3417 4067 diaboli
3455 4011 3617 4067 sunt

2031 4093 2088 4147 id
2120 4096 2226 4164 est,
2259 4084 2469 4164 Iudaei
2494 4090 2592 4163 qui
2658 4088 2943 4164 persecuti
3003 4090 3141 4164 sunt
3178 4084 3533 4164 .Christum,_
3562 4087 3620 4138 et

2032 4156 2347 4233 daemones,
2392 4160 2475 4217 vel
2504 4156 2768 4215 membra
2786 4174 2982 4213 eorum
3033 4156 3135 4226 qui
3182 4158 3617 4227 persequuntur

2032 4234 2368 4290 Ecclesium.

2036 4347 2056 4372 ι
2096 4323 2341 4394 Diligam
2372 4327 2427 4376 te
2459 4319 2722 4384 Domine,
2752 4317 2937 4371 virtus
2963 4330 3110 4370 mea.
3147 4336 3175 4365 »
3215 4313 3326 4369 Alii
3383 4315 3610 4381 dicunt,

1959 4434 1986 4461 ‹‹
2021 4411 2303 4466 fortitudo
2336 4427 2486 4474 mea,
2522 4431 2548 4456 ››
2580 4407 2680 4462 sed
2715 4423 2898 4460 unum
2947 4410 3037 4459 est
3086 4404 3296 4475 virtus,
3342 4408 3399 4459 et
3454 4403 3615 4459 forti-

1958 4500 2120 4555 tudo.
2153 4501 2333 4554 Totus
2372 4497 2465 4552 hic
2517 4497 2782 4567 psalmus
2823 4494 2933 4550 sub
2986 4510 3235 4566 persona
3293 4493 3491 4556 David,
3542 4491 3616 4546 ad

181 4573 331 4625 sunt
360 4568 517 4635 filiis,
552 4574 609 4625 et
634 4568 1001 4658 reliquerunt
1034 4568 1271 4624 residua
1308 4569 1576 4658 parvulis
1636 4570 1781 4626 suis.
1818 4592 1846 4619 »
1875 4593 1924 4657 D
1955 4588 2252 4643 Christum
2284 4587 2550 4658 pertinet,
2588 4583 2688 4656 qui
2736 4587 2825 4638 est
2879 4598 3014 4636 vera
3058 4579 3354 4636 fortitudo.
3388 4602 3415 4629 α
3474 4577 3613 4633 pili-

182 4659 433 4730 Propter
488 4656 932 4729 ambiguitatem
984 4658 1160 4723 verbi,
1222 4657 1458 4728 quidam
1514 4675 1617 4729 pro
1685 4659 1843 4726 filiis,

178 4746 488 4819 porcinam
522 4747 806 4818 scriptum
840 4745 1219 4817 arbitrantur,
1254 4747 1406 4817 quod
1438 4747 1842 4819 Symmachus,

175 4835 485 4891 Hebraaam
539 4834 872 4906 exprimens
915 4834 1242 4903 veritatem,
1302 4834 1622 4901 transtulit,
1672 4836 1846 4891 Satu-

174 4924 474 4981 rabuntur
522 4922 678 4991 filiis,
747 4927 804 4980 et
876 4923 1210 4995 relinquent
1280 4924 1513 4979 residua
1587 4923 1846 4996 parvulis

173 5011 331 5067 suis.
366 5012 675 5068 »Saturati
703 5017 845 5068 sunt
874 5012 1034 5078 ﬁliis,
1068 5016 1125 5067 et
1154 5011 1511 5068 dimiserunt
1567 5011 1845 5083 reliquias

174 5118 345 5168 suas,
409 5101 866 5167 immunditiam,
919 5105 977 5157 et
1033 5100 1427 5173 iniquitatem,
1504 5100 1845 5156 conculcan-

174 5195 267 5246 tes
301 5191 651 5262 margaritas
672 5206 1011 5246 sermonum
1051 5194 1308 5245 tuorum.
1369 5192 1437 5244 Et
1491 5188 1846 5244 dimiserunt

252 5332 270 5365 ¹
306 5331 490 5394 Quem
520 5331 724 5402 laudat
750 5331 1070 5387 Eucherius
1102 5348 1218 5386 uno
1269 5331 1385 5386 fere
1443 5329 1655 5385 saeculo
1712 5335 1844 5402 post

174 5403 602 5473 Hieronymum
644 5401 877 5457 claruit.

251 5474 274 5507 ³
309 5477 398 5528 Ita
426 5474 583 5528 enim
614 5489 768 5539 vero,
799 5496 819 5521 ι
872 5473 1122 5528 Saturati
1178 5478 1318 5527 sunt

177 5544 378 5615 suilla,
408 5550 603 5600 vetera
628 5545 894 5615 quasdam
929 5545 1135 5598 Latina
1165 5544 1520 5615 exemplaria
1540 5560 1608 5599 ex
1647 5544 1841 5598 Grzeco

174 5614 483 5739 legebant,
516 5616 613 5672 ubi
646 5614 745 5687 pro
777 5615 931 5682 υἱῶν,
999 5615 1152 5684 filiis,
1210 5614 1427 5670 lectum
1485 5614 1617 5680 ὺῶν,
1664 5617 1843 5686 porcis

176 5702 250 5739 ve
334 5683 516 5739 ὒείων,
579 5692 643 5739 ut
688 5686 1007 5739 hodiernus
1064 5703 1297 5739 ouoaue
1352 5686 1587 5739 Graecus
1651 5691 1842 5739 textus

176 5683 275 5759 vel
334 5683 517 5758 ὒείωέι,
579 5683 663 5741 ut_
688 5686 1007 5759 hodiernus
1064 5683 1842 5759 (ιυοᾳυθ-ῦῐδεᾳυελίθχῐῃε

177 5757 362 5813 habet
385 5756 654 5830 porciuis,
688 5759 807 5814 sive
832 5756 1098 5828 porcinaf
1127 5756 1373 5813 Consule
1419 5756 1727 5829 epistolam
1779 5756 1838 5812 S.

1418 5473 1639 5537 orcina,
1680 5495 1708 5521 η
1751 5471 1842 5527 vel

1955 4680 2199 4749 gamte,
2232 4674 2415 4729 virtus
2442 4689 2587 4728 mea.
2618 4694 2644 4723 ››
2680 4670 2800 4725 Vox
2826 4670 3061 4725 Christi.
3097 4691 3125 4717 «
3158 4668 3358 4722 Virtus
3392 4683 3522 4721 mea
3553 4684 3612 4733 ;»

1955 4767 2064 4821 hoc
2104 4770 2211 4832 est,
2267 4762 2588 4818 divinitas:
2640 4761 2827 4815 virtus
2876 4757 3130 4814 hominis
3178 4755 3488 4826 assumpti.
3550 4758 3617 4809 Et

1954 4853 2213 4909 Ecclesia
2242 4852 2429 4907 virtus
2460 4850 2673 4905 Christi
2701 4853 2809 4913 est,
2839 4848 2936 4919 qui
2968 4847 3149 4901 dicit;
3180 4868 3205 4894 «
3240 4844 3489 4916 Diligam
3536 4846 3615 4909 te,

1954 4942 2255 4998 Domine.«
2290 4941 2344 4994 Si
2378 4958 2487 4995 vox
2506 4938 2716 4994 Christi
2750 4942 2858 5002 est,
2883 4953 3014 4990 cum
3056 4934 3175 4989 sint
3232 4948 3438 4997 unum,
3490 4948 3609 4986 una

1955 5036 2012 5086 et
2041 5030 2375 5085 substantia
2400 5027 2745 5093 divinitatis,
2777 5025 2914 5097 quia
2936 5025 3158 5078 dictum
3190 5025 3279 5077 est
3309 5038 3321 5075 :
3359 5020 3480 5075 Una
3512 5037 3611 5091 po-

1952 5125 2152 5186 testas,
2188 5135 2306 5173 una
2335 5116 2625 5184 voluntas,
2660 5132 2776 5169 una
2809 5115 3085 5182 majestas
3134 5110 3342 5173 Patris,
3372 5113 3430 5165 et
3476 5107 3604 5164 Filii

1952 5213 2011 5264 et
2038 5207 2291 5279 Spiritus
2324 5206 2549 5263 sancti:
2586 5203 2877 5276 quomodo
2926 5201 3086 5271 dicit,
3137 5224 3163 5249 ‹‹
3225 5199 3471 5271 Diligam
3532 5203 3610 5263 te,

1950 5330 2178 5386 Paulini
2237 5332 2328 5396 50,
2387 5330 2457 5384 ad
2522 5330 2931 5395 Augustinum;
3006 5330 3069 5397 et
3140 5322 3454 5397 Augustini
3537 5323 3609 5377 ad

1952 5403 2226 5457 eumdem
2277 5394 2400 5471 1719,
2436 5418 2491 5454 n.
2526 5402 2554 5454 4
2588 5394 2644 5455 et
2673 5416 2797 5469 seq.
2830 5398 2993 5463 Quod
3050 5394 3386 5471 Symmachi
3424 5395 3610 5471 inter-

1996 5473 2335 5528 retationem
2387 5466 2633 5554 spectat,
2697 5466 2841 5524 mss.
2914 5466 3267 5539 exemplaria
3334 5466 3611 5547 pleraque

1949 5490 2154 5599 {scunt
2208 5542 2339 5599 υἱοὶ.
2422 5560 2483 5598 1n
2550 5559 2689 5597 casu
2752 5546 2926 5599 recto.
3013 5540 3418 5595 saturabuntur
3475 5538 3605 5599 ﬁlii,

1973 5550 2154 5615 egunt
2208 5542 2339 5604 υἱοὶ,
2422 5538 2483 5598 in
2550 5559 2689 5615 casu
2752 5546 2926 5615 recto,
3013 5538 3605 5615 saturabuntuaﬁlii,

1952 5607 2449 5691 quemadmodum
2499 5612 2984 5691 etiauLAgellius
3040 5612 3111 5667 ad
3155 5607 3604 5691 .S'yrnma‘chum.

1955 5680 2131 5758 atque
2183 5686 2490 5751 Eusebius,
2548 5690 2604 5740 et
2657 5680 3063 5745 Theodoritus,
3120 5680 3334 5751 aliique
3392 5683 3607 5733 testan-

1950 5764 2066 5813 tur.
