3964 6190
359 268 477 330 915
1849 266 2271 330 ΑΡΡΕΝΠῘΧ.
3601 272 3685 332 9ιῦ

360 400 624 457 Domine.
658 420 687 450 ››
719 400 888 454 Pater
916 400 1130 455 dicitur
1155 414 1221 456 eo
1253 402 1407 471 quod
1460 401 1635 456 habet
1690 401 1898 461 ﬁlium.
1959 406 2015 455 et
2046 405 2100 469 Α
2130 417 2327 457 meum
2359 403 2625 472 clamaxi,
2658 406 2715 457 et
2742 401 3035 455 exaudivit
3055 401 3125 455 dc
3153 401 3367 471 templo
3409 406 3579 458 sancto
3621 400 3695 460 suo

364 490 545 547 Filius
593 488 808 544 dicitur
841 505 907 544 eo
966 490 1120 559 quod
1184 489 1396 544 habeat
1458 494 1710 555 Patrem,
1769 490 2021 561 Spiritus
2131 507 2327 545 vocem
2362 507 2573 545 meam.
2612 511 2639 539 »
2671 489 2981 561 Templum
3015 505 3229 560 corpus
3258 489 3603 557 Dominicum,
3627 495 3697 547 ubi

367 582 607 634 sanctus
669 593 775 632 nec
824 582 995 632 Pater
1032 583 1143 645 est,
1186 595 1288 633 nec
1358 577 1556 643 Filius,
1614 580 1713 633 sed
1789 579 2022 633 dilectio

372 685 549 739 quam
580 666 758 721 habet
785 671 954 721 Pater
973 666 1031 721 in
1052 665 1215 737 Filio,
1240 671 1296 721 et
1325 667 1505 721 Filius
1540 667 1600 723 in
1648 672 1834 721 Patre.
1862 667 2024 721 Unde

370 755 592 811 Paulus
623 755 925 827 apostolus
957 755 1103 809 dixit
1137 772 1151 810 :
1198 757 1343 823 Quia
1389 756 1631 810 charitas
1673 757 1771 811 Dei
1817 754 2027 828 difusa

372 850 451 901 est
480 846 541 899 in
567 844 818 900 cordibus
847 846 1054 899 nostris
1079 861 1180 915 per
1210 844 1476 915 Spiritum
1504 850 1755 899 sanctum
1785 846 1880 915 qui
1926 844 2024 899 da-

375 944 463 989 tus
491 938 571 988 est
598 935 756 988 nobis
787 933 959 1003 (Rom.
991 950 1048 999 ν,
1078 934 1155 1003 5).
1184 956 1211 983 ‹‹
1246 934 1529 988 Dominus
1589 934 2027 988 firmamentum

375 1039 594 1078 meum.
623 1044 651 1071 »
684 1021 805 1077 Vox
832 1021 1063 1087 Christi,
1097 1028 1152 1076 et
1180 1039 1286 1076 vox
1316 1022 1602 1077 Ecclesiae.
1665 1022 2028 1077 Firmamen-

374 1115 526 1182 tum,
558 1111 711 1166 sicut
740 1111 820 1165 ait
849 1110 1167 1181 Propheta:
1208 1113 1394 1165 Turris
1422 1111 1775 1181 fortitudinis
1796 1128 1830 1165 a
1884 1113 2029 1181 facie

376 1201 598 1256 inimici
627 1200 798 1271 (Psal.
832 1216 923 1265 Lx,
954 1199 1027 1269 4).
1051 1222 1079 1248 ‹‹
1114 1200 1181 1254 Et
1210 1199 1498 1271 refugium
1570 1216 1786 1254 meum.
1823 1222 1852 1249 »
1911 1200 2033 1253 Vox

376 1289 609 1354 Christi,
651 1293 708 1343 et
750 1304 859 1342 vox
899 1287 1182 1342 Ecclesiae.
1238 1310 1266 1336 »
1323 1288 1633 1359 Refugium
1680 1288 1894 1344 Christi
1970 1288 2030 1342 in

378 1380 570 1447 Patre,
603 1380 660 1431 et
689 1376 982 1448 refugium
1012 1375 1278 1431 Ecclesiae
1308 1376 1368 1429 in
1415 1376 1662 1431 Christo.
1696 1399 1723 1425 «
1768 1377 1839 1430 Et
1890 1375 2032 1430 libe-

380 1469 540 1519 rator
570 1480 756 1531 meus,
791 1487 818 1513 »
842 1463 899 1518 in
924 1463 1317 1518 tribulatione.

456 1576 659 1625 «Deus
681 1586 867 1636 meus,
903 1590 930 1619 »
965 1571 1068 1641 qui
1093 1586 1180 1624 me
1201 1570 1431 1624 creasti.
1472 1591 1500 1617 «
1530 1570 1778 1640 Adjutor
1810 1586 2030 1637 meus,»

383 1661 454 1714 de
485 1642 949 1715 necessitatibus.
986 1679 1015 1706 «
1046 1658 1301 1729 Sperabo
1330 1657 1391 1712 in
1439 1674 1596 1725 eum,
1646 1680 1674 1707 »
1721 1659 1783 1713 in
1840 1658 2034 1730 ipsum

383 1751 569 1802 totam
602 1762 766 1818 spem
798 1762 1033 1818 ponam.

462 1873 491 1901 «
517 1856 815 1907 Protector
845 1868 1033 1922 meus,
1064 1874 1092 1902 »
1121 1853 1223 1924 qui
1253 1870 1345 1907 me
1368 1853 1647 1925 protegis,
1697 1853 1786 1909 vel
1844 1854 2042 1909 defen-

388 1942 500 1997 dis.
534 1965 562 1991 «
596 1946 662 1995 Et
691 1957 872 1996 cornu
904 1941 1109 1996 salutis
1139 1958 1301 2009 mete,
1336 1964 1364 1991 »
1394 1958 1566 1998 cornu
1607 1945 1808 1998 salutis
1840 1968 1854 2000 :
1903 1942 2044 2015 quia

390 2031 793 2086 inﬁrmitatem
827 2036 1092 2086 nostram
1150 2031 1520 2087 confortavit.
1559 2031 1706 2096 Quia
1756 2037 1889 2086 ante
1942 2033 2042 2087 ad-

388 2125 627 2175 ventum
657 2118 869 2174 Christi
898 2119 1158 2174 Ecclesia
1182 2119 1482 2175 inﬁrmata
1510 2125 1633 2176 erat
1683 2137 1786 2193 per
1842 2137 2044 2193 pecca-

391 2214 543 2276 tum,
568 2209 666 2263 sed
701 2211 903 2278 postea
933 2208 1255 2262 confortata
1284 2225 1387 2279 per
1403 2209 1720 2277 Christum,
1758 2210 1913 2264 sicut
1963 2210 2044 2264 ait

388 2296 672 2368 prOpheta
706 2314 718 2350 :
750 2298 941 2351 Erexit
969 2313 1141 2351 cornu
1193 2298 1352 2351 nobis
1408 2297 1603 2352 salutis
1657 2303 1858 2353 nostra
1916 2299 2045 2368 (Luc

395 2401 434 2450 1,
466 2383 575 2454 69).
610 2389 692 2436 Ac
722 2382 771 2437 si
803 2384 957 2437 dicat
987 2399 1001 2437 :
1036 2383 1205 2438 Dedit
1233 2384 1401 2439 nobis
1450 2401 1695 2456 regnum
1753 2386 1919 2456 forte,
1974 2388 2046 2440 'ut

390 2469 535 2524 illud
570 2488 583 2524 :
616 2471 681 2523 Et
709 2472 841 2540 fecit
862 2487 960 2525 nos
989 2487 1218 2539 regnum
1278 2474 1380 2527 Deo
1428 2476 1594 2529 Patri
1653 2490 1749 2528 suo
1789 2475 1968 2545 (Apoc.
2001 2492 2043 2541 1,

384 2560 461 2630 6).
496 2559 621 2613 Non
651 2574 789 2630 ergo
822 2559 881 2613 in
904 2576 1083 2614 cornu
1117 2559 1259 2615 illud
1292 2563 1599 2632 superbiae,
1633 2563 1733 2618 sed
1767 2563 1825 2617 in
1861 2579 2041 2618 cornu

388 2646 597 2703 salutis
627 2652 764 2715 tuae,
796 2648 1156 2718 adjutorium
1189 2649 1402 2705 habere
1433 2651 1684 2705 conﬁdo.
1747 2673 1775 2701 «
1836 2650 2044 2706 Susce-

389 2740 519 2808 ptor
548 2753 736 2792 meus.
794 2758 822 2787 ››
878 2724 1198 2809 Susceptus
1245 2742 1334 2793 est
1371 2738 1638 2795 Christus
1682 2756 1716 2793 a
1762 2740 1930 2795 Patre
1984 2739 2043 2793 in

387 2826 775 2893 humanitate,
800 2831 857 2881 ot
886 2825 1138 2882 Ecclesia
1172 2827 1498 2900 suscipitur
1529 2829 1588 2883 in
1623 2828 1756 2885 fide.

462 2974 490 3001 ‹‹
524 2952 797 3007 Laudans
823 2950 1102 3006 invocabo
1136 2950 1470 3007 Dominum.
1510 2973 1538 3000 »
1568 2952 1725 3008 Justi
1750 2951 1996 3007 laudant
2031 2978 2045 3020 ;

391 3040 531 3111 quia
562 3040 633 3095 de
663 3039 940 3095 omnibus
970 3038 1141 3094 malis
1161 3039 1428 3095 liberavit
1459 3056 1578 3108 eos,
1621 3058 1724 3113 pro
1769 3058 1834 3097 eo
1890 3042 2045 3113 quod

391 3128 696 3199 sequitur:
730 3150 759 3178 «
795 3128 861 3183 Et
880 3128 952 3183 ab
984 3128 1239 3183 inimicis
1273 3129 1421 3184 meis
1460 3130 1657 3185 salvus
1705 3147 1822 3186 ero.
1871 3152 1898 3180 »
1944 3131 2043 3185 In—
2084 3132 2126 3197 C

391 3216 586 3272 vocavi
634 3215 971 3283 Dominum,
1028 3216 1296 3272 Christus
1342 3217 1627 3274 invocavit
1689 3219 1873 3274 Deum
1939 3223 2043 3275 Pa-

389 3310 562 3361 trem.
612 3304 872 3360 Ecclesia
909 3304 1229 3360 Christum.
1262 3327 1289 3355 ‹‹
1330 3306 1397 3360 Et
1455 3307 1529 3361 ab
1584 3306 1841 3361 inimicis
1898 3307 2045 3363 meis

391 3393 590 3448 salvus
623 3409 741 3462 ero,
784 3414 812 3443 ‹‹
862 3391 1129 3448 Christus
1182 3410 1214 3447 a
1260 3393 1501 3450 Judaiis.
1560 3399 1618 3449 et
1671 3394 1930 3451 Ecclesia
1972 3398 2046 3451 ab

396 3480 705 3538 haereticis.

480 3608 508 3634 «
539 3585 1065 3641 Circumdederunt
1094 3603 1186 3642 me
1235 3588 1491 3659 gemitus
1550 3589 1776 3644 mortis.
1841 3611 1870 3640 «
1928 3591 2051 3646 Vox

399 3673 635 3741 Christi,
674 3678 729 3727 et
753 3690 861 3728 vox
892 3673 1174 3729 Ecclesiae.
1209 3676 1734 3733 Circumdederunt
1753 3678 2053 3734 Christum

400 3762 487 3817 illi
515 3762 616 3834 qui
654 3762 713 3816 in
745 3762 973 3818 inferno
1004 3767 1334 3835 gemebant,
1360 3767 1457 3836 qui
1492 3766 1549 3820 in
1583 3767 1809 3823 inferno
1865 3774 2050 3834 erant,

400 3855 473 3907 et‘
506 3850 762 3907 Ecclesia
811 3850 1101 3906 similiter.
1163 3876 1189 3901 «
1254 3853 1322 3906 Et
1377 3859 1667 3910 torrentes
1719 3856 2053 3927 iniquitatis

403 3940 899 3995 conturbaverunt
929 3956 1042 3994 me.
1079 3962 1105 3988 »
1137 3941 1449 3996 Torrentss
1479 3958 1664 4012 aquas
1720 3943 1862 3999 dicit
1926 3961 2053 4014 quae

403 4033 831 4101 pertranseunt.
865 4029 1117 4085 Torrens
1140 4029 1354 4084 dicitur
1384 4030 1483 4101 qui
1506 4047 1622 4085 non
1655 4031 1725 4087 de
1755 4032 1910 4087 fonte
1955 4049 2053 4087 ne-

400 4136 515 4191 que
544 4119 616 4175 de
643 4119 772 4173 viva
794 4136 965 4190 aqua,
997 4119 1097 4173 sed
1126 4135 1159 4173 a
1198 4117 1431 4190 pluviis,
1489 4119 1577 4174 vel
1634 4121 1705 4175 de
1758 4121 2056 4175 montibus

399 4209 460 4263 in
492 4207 672 4264 valles
719 4208 1039 4275 descendit,
1091 4212 1147 4262 et
1204 4207 1261 4261 in
1302 4224 1462 4263 mare
1520 4209 1695 4263 vadit.
1750 4210 1897 4274 Quid
1956 4226 2060 4281 per

401 4298 713 4365 torrentes,
746 4295 859 4351 nisi
891 4296 1192 4352 universas
1223 4302 1423 4369 gentes
1455 4297 1764 4367 signiﬁcat,
1797 4315 1923 4370 quze
1958 4315 2060 4370 per

405 4389 667 4441 montem
696 4384 890 4439 carnis
921 4384 977 4439 in
1022 4401 1180 4440 mare
1214 4386 1373 4440 istud
1425 4387 1840 4442 descendunt?
1895 4386 2059 4442 Unde

2134 579 2404 635 exaudita
2450 584 2539 634 est
2567 578 2905 633 humanitas
2952 594 2986 632 a
3027 576 3351 643 divinitate,
3404 583 3454 632 et
3508 579 3702 636 Ecclesia

2135 667 2402 722 similiter
2429 685 2462 722 a
2490 668 2739 722 Christo.
2775 668 2838 722 In
2868 665 3106 736 templo,
3142 666 3205 720 in
3237 671 3431 721 sancta
3467 667 3701 724 Ecclesia:

2135 757 2205 811 Et
2234 756 2413 811 aliud.
2446 757 2507 811 In
2539 757 2711 811 corde
2745 772 2870 811 meo
2900 755 3055 826 quod
3086 753 3499 810 sanctiﬁcavit:
3542 759 3588 810 in
3621 774 3701 829 quo

2136 845 2352 916 templo
2393 849 2594 899 sancto
2634 844 2944 899 inhabitat.
3005 866 3035 893 «
3084 848 3152 897 Et
3208 842 3422 898 clamor
3482 860 3616 900 meus
3660 847 3703 900 in

2138 938 2448 1005 conspectu
2483 935 2612 1003 ejus
2637 933 2902 988 introivit
2922 933 2982 987 in
3015 948 3189 987 aures
3206 932 3353 1002 ejus.
3384 938 3549 987 Aures
3571 934 3703 1002 ejus,»

2139 1022 2247 1077 hoc
2275 1026 2382 1089 est,
2415 1022 2501 1077 vis
2522 1021 2858 1077 auditionis.
2893 1021 2996 1075 Vis
3025 1020 3308 1075 fortitudo
3338 1024 3440 1086 est,
3471 1037 3567 1091 qua
3612 1039 3705 1076 san-

2140 1111 2212 1165 oti
2228 1111 2452 1165 fortiter
2482 1111 2890 1182 deprecantur,
2929 1110 3069 1180 quia
3117 1107 3343 1163 dictum
3399 1113 3480 1163 est
3526 1111 3706 1181 Regnum

2140 1202 2405 1255 caelorum
2448 1201 2560 1254 vim
2605 1200 2837 1270 patitur,
2879 1202 2931 1253 et
3003 1198 3234 1253 violenti
3306 1196 3557 1268 diripiunt
3614 1199 3709 1251 illud

2141 1288 2349 1359 (Matth.
2382 1306 2461 1355 x1,
2494 1288 2602 1358 12).

2215 1435 2243 1462 ‹‹
2276 1412 2580 1467 Commota
2601 1416 2708 1479 est,
2739 1415 2796 1468 et
2821 1411 3173 1468 contremuit
3203 1415 3375 1467 terra.
3407 1434 3432 1462 »
3455 1412 3708 1467 Secundum

2144 1501 2451 1555 historiam
2512 1501 2732 1556 factum
2792 1501 2946 1557 fuit:
3011 1501 3248 1571 quando
3308 1502 3518 1572 Moyses
3565 1499 3709 1570 accipit

2144 1589 2331 1662 legem
2361 1590 2419 1644 in
2437 1594 2634 1645 monte
2663 1589 2803 1645 Sina
2833 1589 3022 1660 (Exod.
3055 1606 3174 1657 χιι,
3206 1590 3315 1661 16).
3366 1612 3394 1638 ‹‹
3446 1589 3599 1644 Terra
3639 1594 3711 1642 tre-

2147 1680 2317 1745 muit,
2353 1701 2380 1728 »
2413 1679 2567 1750 quod
2597 1677 2987 1751 praeﬁguravit
3013 1678 3352 1751 passionem
3381 1676 3586 1742 Christi,
3623 1677 3713 1748 quia

2065 1770 2115 1835 B
2143 1767 2203 1823 in
2234 1767 2506 1840 passione
2534 1767 2748 1822 Christi
2791 1768 2983 1822 omnis
3041 1771 3201 1821 terra
3257 1767 3502 1833 tremuit,
3550 1764 3711 1837 quando

2152 1874 2299 1913 nova
2324 1856 2416 1912 lex
2445 1857 2583 1911 data
2611 1860 2700 1911 est
2717 1855 2929 1928 populo
2952 1855 3308 1911 Christiano.
3344 1855 3538 1910 Aliter:
3566 1853 3714 1908 «Com-

2153 1950 2313 2001 mota
2341 1950 2430 2000 est
2455 1949 2629 2012 terra,
2666 1967 2694 1993 ››
2719 1946 2949 2016 quando
2990 1945 3058 1998 de
3102 1943 3443 1999 infidelitate
3491 1944 3549 1998 ad
3596 1942 3713 1996 ﬁdem

2154 2039 2453 2094 venerunt.
2487 2038 2543 2088 et
2574 2034 2946 2089 credentibus
2968 2032 3245 2099 terrenis,
3277 2033 3481 2088 factum
3534 2035 3605 2086 est
3641 2046 3715 2083 εαξ-
3822 2094 3823 2097 η

2153 2123 2299 2178 lum.
2340 2145 2360 2171 σι
2398 2122 2801 2177 Fundamenta
2831 2121 3121 2177 montium
3157 2122 3488 2177 conturbata
3522 2123 3641 2184 sunt,
3679 2121 3714 2169 et

2153 2216 2447 2267 commota
2476 2215 2632 2265 sunt.
2674 2233 2695 2258 »
2746 2210 2846 2265 llic
2880 2216 3108 2266 montes
3170 2210 3405 2282 superbi
3462 2207 3713 2279 intelligun-

2153 2306 2269 2355 tur.
2297 2300 2700 2355 Fundamenta
2728 2315 2957 2367 eorum,
2977 2300 3276 2355 dmmones
3320 2303 3484 2354 sunt:
3530 2298 3643 2351 sicut
3679 2298 3713 2347 et

2155 2388 2539 2443 fundamenta
2563 2392 2925 2455 sanctorum,
2958 2386 3257 2459 propheta
3288 2392 3343 2442 et
3371 2385 3587 2458 apostoli
3610 2387 3713 2436 sunt.

2155 2476 2316 2531 Unde
2346 2476 2486 2530 dicit
2513 2479 2753 2530 sanctus
2782 2474 2996 2530 Paulus
3021 2492 3034 2529 :
3066 2474 3359 2545 .Ediﬁcati
3397 2489 3545 2545 super
3582 2469 3714 2544 funda-

2152 2569 2343 2619 menta
2370 2565 2757 2635 prophetarum
2785 2567 2837 2618 et
2893 2564 3265 2636 apostolorum
3315 2563 3510 2634 (Ephes.
3564 2577 3609 2629 ιι,
3642 2558 3713 2619 90‘.-

2152 2653 2533 2709 Fundamenla
2563 2654 2834 2708 montium
2871 2652 3198 2707 conturbata
3243 2661 3392 2717 sunt,
3442 2655 3486 2706 et
3530 2654 3713 2703 commota

2152 2747 2305 2807 sunt,
2337 2757 2537 2796 eorum
2571 2742 2850 2812 superbia
2883 2741 2983 2812 qui
3014 2742 3072 2796 in
3103 2740 3219 2797 hoc
3249 2740 3456 2795 mundo
3498 2736 3715 2794 conﬁdunt

2158 2831 2421 2897 Quoniam
2452 2830 2628 2884 iratus
2659 2838 2737 2885 est
2768 2832 2843 2884 eis
2900 2830 3059 2885 Deus.
3118 2833 3243 2885 Hoc
3300 2832 3403 2895 est,
3452 2826 3525 2882 eis
3570 2820 3716 2878 monti-

2156 2920 2291 2986 bus,
2320 2918 2408 2974 vel
2443 2918 2913 2990 persecutoribus
2946 2917 3285 2991 :dissipans
3323 2933 3473 2989 spem
3526 2908 3716 2967 mundia-

2156 2965 2291 2986 ’ν’-’θ’
2334 2965 2408 2974 ’ν’
2443 2965 2912 2990 r"""'""'"'“'"'"
2946 2965 2958 2972 '
2987 2965 3285 2991 “"V'r'uv
3323 2965 3473 2989 -ι---
3527 2965 3568 2967 ᾧ

2156 3007 2303 3063 lium
2333 3008 2723 3079 voluptatum.
3818 2965 3824 3079 ί

3316 3144 3417 3197 etc.
3473 3138 3717 3193 Fumusex
3820 3138 3824 3166 ι

2156 3230 2392 3286 duabus
2415 3229 2589 3284 rebus
2621 3228 2723 3296 ﬁt;
2784 3245 2852 3283 ex
2909 3228 3044 3300 igne
3080 3234 3139 3283 et
3201 3245 3370 3301 aqua.
3424 3227 3520 3281 Per
3557 3223 3714 3277 fumum

2153 3308 2445 3389 lacrymze
2477 3316 2825 3383 excitantur,
2888 3321 2945 3372 et
3009 3333 3112 3388 per
3182 3318 3369 3387 ignem
3431 3304 3713 3383 compunctio

2157 3407 2351 3462 cordis
2382 3404 2749 3477 intelligitur,
2784 3411 2841 3460 et
2868 3420 2972 3477 per
3000 3404 3313 3477 lacrymas,
3364 3419 3519 3475 aqua.
3567 3422 3589 3448 ί(
3629 3401 3713 3450 Car
3734 3400 3747 3419 ⁸

2157 3496 2342 3550 bones
2374 3493 2640 3549 succensi
2670 3498 2810 3549 sunt
2838 3494 2911 3548 ab
2933 3509 3019 3549 eo.
3056 3516 3084 3543 »
3141 3494 3290 3559 Quid
3347 3510 3443 3565 per
3486 3489 3708 3546 carbones.

2159 3583 2278 3638 nisi
2307 3587 2475 3638 bona:
2493 3586 2716 3637 natura:
2731 3598 2917 3655 genus
2947 3581 3298 3651 humanum,
3330 3580 3627 3639 exstinctum
3647 3585 3711 3643 per

2161 3672 2367 3740 Adam,
2403 3671 2460 3725 in
2493 3671 2743 3725 adventu
2776 3670 2988 3726 Christi
3020 3670 3410 3727 illuminatum
3450 3685 3538 3740 per
3580 3660 3711 3733 bapti-

2162 3777 2356 3815 smum
2390 3759 2509 3815 sive
2539 3776 2641 3832 per
2688 3759 3091 3830 paenitentiam
3141 3756 3511 3834 designatur?
3555 3748 3711 3809 Exstin-
3816 3743 3824 4083 (

2163 3854 2426 3922 guuntur
2454 3850 2738 3903 carbones
2760 3850 2832 3905 ab
2863 3865 3038 3920 aqua,
3071 3866 3199 3921 quae
3239 3854 3325 3905 est
3368 3844 3645 3919 cupiditas:
3678 3837 3711 3887 et

2162 3938 2576 3993 illuminantur
2605 3954 2705 4009 per
2725 3938 2995 4010 gratiam,
3062 3955 3193 4009 quae
3232 3942 3319 3994 est
3365 3934 3589 4007 Spiritus
3630 3938 3714 3979 san-

2165 4032 2318 4082 ctus.

2244 3162 2267 3190 ι
2302 3141 2575 3196 Ascendit
2597 3141 2797 3195 fumus
2828 3141 2889 3195 in
2921 3140 3010 3196 ira
3036 3142 3190 3212 ejus,
3231 3164 3260 3191 »

2163 3854 2426 3922 guuntur
2454 3850 2738 3903 carbones
2760 3850 2832 3905 ab
2863 3865 3038 3920 aqua,
3071 3866 3199 3921 quae
3239 3854 3325 3905 est
3368 3844 3645 3919 cupiditas:
3678 3837 3711 3887 et

2162 3938 2576 3993 illuminantur
2605 3954 2705 4009 per
2725 3938 2995 4010 gratiam,
3062 3955 3193 4009 quae
3232 3942 3319 3994 est
3365 3934 3589 4007 Spiritus
3630 3938 3714 3979 san-

2165 4032 2318 4082 ctus.

2165 4229 2225 4284 in
2254 4228 2365 4283 alio
2396 4228 2621 4300 psalmo
2654 4229 2768 4283 ait:
2801 4229 3083 4284 Descendit
3110 4231 3247 4284 sicut
3301 4227 3478 4296 pluvia
3509 4224 3558 4277 in
3599 4213 3712 4307 vellit:

2168 4316 2342 4388 (Psal.
2396 4334 2542 4383 Lxx1,
2584 4317 2689 4388 6):
2745 4317 2885 4387 quia
2938 4316 3219 4373 humilem
3274 4332 3335 4372 se
3388 4311 3553 4375 nobis,
3597 4308 3639 4360 et
3676 4313 3709 4388 ιιξ

2169 4382 2356 4459 iorma
2380 4382 2533 4461 servi
2581 4382 2873 4459 occultum
2923 4406 3191 4477 praebuit,
3242 4410 3299 4461 et
3349 4403 3602 4457 latentem.

2242 4163 2269 4189 ‹‹
2303 4140 2608 4195 lnclinavit
2637 4140 2810 4195 caelos
2839 4145 2894 4195 et
2925 4140 3247 4197 descendit.
3280 4162 3306 4192 »
3341 4140 3447 4195 Hoc
3484 4137 3572 4199 est,
3611 4122 3711 4199 quod

2254 4228 2365 4283 alio
2396 4228 2621 4300 psalmo
2654 4229 2768 4283 ait:
2801 4229 3083 4284 Descendit
3110 4231 3247 4284 sicut
3301 4227 3478 4296 pluvia
3496 4224 3558 4321 oin
3599 4213 3712 4332 cf":
3821 4134 3824 4332 ι

406 4474 695 4565 scriptum
742 4477 834 4565 est
865 4492 902 4565 :_
945 4473 1229 4565 Geneg'atio
1270 4475 1423 4529 vadit
1478 4477 1527 4529 et
1581 4478 1856 4565 generatio
1913 4477 2060 4565 venit
2089 4492 2135 4556 D
2167 4492 2320 4549 aliud
2359 4512 2371 4548 ε
2404 4492 2563 4560 οωιί,
2598 4492 2787 4565 angeli
2818 4469 3081 4548 incfinati
3112 4469 3270 4564 δυἠι,
3300 4488 3508 4564 quando
3548 4469 3710 4565 Gabriel

407 4564 602 4636 (Eccle.
639 4581 678 4630 1,
728 4563 807 4634 4).
863 4563 931 4618 Et
988 4562 1153 4618 aliter
1183 4585 1212 4611 «
1271 4567 1338 4617 Et
1394 4567 1683 4620 torrentes
1732 4564 2059 4636 iniquitatis

406 4653 905 4709 conturbaverunt
934 4667 1047 4707 me.
1072 4673 1100 4701 »
1124 4653 1328 4706 Turba:
1357 4651 1717 4724 iniquorum,
1750 4670 1878 4725 quae
1911 4644 2062 4708 sicut

408 4745 695 4798 torrentes
716 4741 776 4796 in
807 4740 1000 4811 hieme
1028 4741 1449 4806 intumescunt,
1484 4743 1754 4813 protinus
1802 4743 2059 4799 deﬂuen-

411 4836 517 4887 tes.

480 4938 509 4967 «
544 4916 779 4974 Dolores
810 4917 1021 4973 inferni
1052 4917 1562 4974 circumdederunt
1593 4935 1703 4974 me.
1761 4942 1788 4968 ››
1847 4924 1911 4974 In
1969 4920 2062 4977 die

409 5004 868 5073 detrahentium,
902 5022 1029 5077 qua:
1064 5010 1307 5062 mortem
1359 5006 1703 5063 internalem
1747 5013 2063 5079 operantur

408 5118 437 5144 ‹‹
474 5098 883 5149 Praevenernnt
911 5111 1003 5149 me
1049 5094 1241 5166 laquei
1293 5096 1516 5151 mortis.
1568 5118 1595 5145 »
1654 5097 2063 5151 Praevenerunt

405 5182 703 5237 Christum
734 5181 956 5237 inimici
990 5183 1048 5237 in
1081 5183 1353 5255 passione
1384 5188 1519 5238 ante
1566 5184 1882 5240 vindictam
1934 5201 2060 5239 cru-

407 5272 511 5338 cis,
545 5270 756 5342 laqueis
784 5272 998 5335 mortis,
1033 5287 1180 5342 quos
1232 5271 1375 5326 mihi
1433 5272 1744 5327 adversarii
1799 5274 2059 5327 intende-

409 5362 576 5415 bant.

486 5488 515 5517 «
545 5467 617 5522 Et
640 5465 700 5521 in
733 5464 1110 5521 tribulatione
1150 5482 1280 5521 mea
1336 5466 1593 5522 invocavi
1661 5468 1995 5524 Dominum.
2029 5489 2058 5517 »

417 5556 765 5612 Humanitas
795 5554 1083 5609 invocavit
1105 5552 1490 5625 divinitatem,
1524 5560 1581 5610 et
1608 5556 1863 5611 Ecclesia
1903 5555 2063 5610 Chri-

420 5662 592 5704 sum:
626 5661 743 5701 non
777 5642 897 5701 oris
918 5658 1076 5708 voce,
1103 5642 1205 5696 sed
1263 5642 1475 5698 Cordis.
1541 5665 1562 5693 ι
1625 5645 1694 5698 Et
1731 5645 1802 5698 ad
1869 5644 2053 5702 Deum

2171 4512 2320 4549 auuo
2359 4512 2371 4548 :
2404 4512 2563 4560 UCBll,
2598 4512 2787 4565 angeli
2818 4512 3081 4548 inclinati
3112 4512 3270 4564 sunt,
3300 4512 3508 4564 quuuuu
3548 4512 3710 4570 unm-lv-

2171 4583 2242 4637 ad
2276 4582 2521 4636 Mariam
2542 4582 2719 4651 venit,
2753 4586 2809 4636 et
2839 4581 3138 4637 descendit
3167 4581 3440 4643 Christus,
3467 4566 3648 4629 etvenit
3672 4576 3707 4655 id
3821 4512 3824 4694 ι

2175 4687 2399 4694 --μ--.μ
2437 4670 2568 4694 ιι..-
2621 4687 2639 4694 -
2684 4671 2750 4694 rm
2806 4686 2924 4694 -,-,.
2984 4671 2996 4694 \
3050 4670 3147 4694 17-1
3184 4661 3527 4694 -In-_.nm1.‘
3581 4652 3707 4694 ειηΡῇ

2171 4687 2403 4726 carnem
2436 4670 2590 4741 (Luc.
2621 4687 2661 4735 1,
2684 4671 2774 4735 26,
2799 4686 2945 4741 seqq.
2982 4671 3018 4741 ).
3050 4670 3152 4727 Vel
3183 4670 3345 4726 aliter
3373 4684 3385 4721 :
3411 4661 3546 4726 Coeli,
3581 4652 3707 4741 sancti

2171 4758 2440 4830 apostoli,
2460 4757 2545 4814 vel
2604 4758 2930 4814 imitatores
2977 4774 3200 4815 eorum.
3255 4735 3705 4830 Inclinaveruutall

2171 4828 2481 4903 altitudine
2513 4865 2526 4902 :
2560 4847 2671 4903 hoc
2699 4853 2809 4911 est,
2841 4848 2911 4902 de
2940 4846 3428 4920 contemplatione,
3459 4842 3513 4893 ut
3533 4828 3707 4890 doceant

2170 4936 2396 5004 brutos,
2426 4935 2693 4990 inﬁrmos
2713 4935 2772 4990 in
2803 4935 3059 4991 Ecclesia
3079 4940 3307 5008 propter
3322 4926 3703 5008 compassiouem.

2171 5026 2332 5096 proxi
2342 5000 2593 5079 morum.
2616 5023 2719 5078 Vel
2752 5025 2821 5078 ad
2856 5000 3221 5095 conjugatos,
3241 5028 3303 5077 ut
3328 5020 3533 5076 sanctus
3553 5000 3703 5098 Paulus
3818 5009 3824 5093 l

2171 5114 2253 5168 ait
2287 5130 2299 5167 :
2337 5115 2442 5167 Vir
2468 5112 2658 5167 reddat
2687 5112 2931 5168 debitum
2958 5115 3142 5181 uxori,
3174 5121 3222 5169 et
3248 5125 3377 5166 uxor
3392 5101 3600 5193 similiter
3625 5098 3702 5142 ιίνσ

2172 5207 2220 5273 (1
2254 5202 2375 5257 Cor.
2409 5219 2510 5267 v11,
2561 5202 2636 5272 3).
2696 5225 2725 5251 «
2786 5201 2854 5255 Et
2895 5200 3082 5273 caligo
3142 5202 3248 5258 sub
3302 5195 3511 5270 pedibus
3555 5192 3700 5273 9109f

2172 5261 2528 5345 invisibilem
2559 5261 2951 5344 substantiam
2981 5261 3099 5360 Diei,
3130 5296 3188 5345 et
3204 5261 3517 5360 judiciorum
3541 5261 3697 5363 Oef-ill"?

2172 5379 2482 5450 significat.
2544 5377 2638 5434 Vel
2699 5378 2887 5434 aliud:
2948 5400 2975 5427 ‹‹
3161 5353 3334 5448 caligo
3383 5368 3477 5424 sub
3523 5353 3693 5432 pedibus

2170 5468 2318 5539 ejus.
2356 5490 2383 5517 »
2417 5467 2623 5537 Caligo,
2657 5466 2765 5522 hoc
2786 5472 2900 5534 est,
2932 5467 3289 5539 prolunditas
3328 5451 3688 5539 Scriptorum!!!1

2171 5527 2347 5628 q'uam
2379 5527 2719 5612 deditvDeus
2768 5527 3015 5628 pedibus
3073 5557 3217 5622 suis,
3267 5550 3359 5623 qui
3407 5527 3522 5600 έυυί
3558 5527 3684 5628 (sane?

2169 5644 2301 5712 διιίί
2331 5646 2389 5700 id
2421 5648 2528 5714 est,
2574 5645 2840 5701 Ecclesiae
2875 5662 2887 5698 :
2945 5645 3083 5720 quia
3136 5645 3195 5701 in
3239 5653 3396 5697 sensu
3438 5623 3680 5686 sanctorum
