3964 6190
200 326 323 384 917

204 541 342 596 illos
375 539 666 612 praesidet.

286 653 313 679 ‹‹
356 630 420 684 Et
451 628 716 684 ascendit
746 645 922 699 super
950 628 1284 684 Cherubim.
1323 652 1342 676 ι
1398 629 1513 682 Hoc
1545 632 1652 692 est,
1685 644 1863 698 super

211 717 640 790 plenitudinem
673 716 945 786 scientiae,
981 716 1251 772 Christus
1284 717 1548 772 ascendit
1576 733 1711 771 cum
1744 733 1863 771 cor-

207 825 350 880 pore
408 823 514 862 suo
563 822 742 876 super
773 822 978 860 omnes
1022 804 1282 877 angelos,
1343 810 1399 859 et
1456 804 1858 876 archangelos.

207 894 543 957 Cherubim,
592 896 1025 966 interpretatur,
1075 894 1358 964 plenitudo
1405 895 1674 955 scientiae,
1735 910 1862 964 quae

208 990 301 1039 est
363 983 654 1038 Charitas:
717 982 854 1054 quia
910 983 1210 1054 plenitudo
1260 983 1405 1055 legis
1461 988 1552 1038 est
1607 981 1858 1045 dilectio,

209 1072 321 1127 hoc
379 1077 466 1126 est.
521 1071 797 1125 charitas.
855 1071 1120 1126 Christus
1173 1087 1350 1143 super
1408 1071 1515 1126 hoc
1575 1069 1859 1135 ascendit,

205 1161 361 1215 sicut
417 1160 476 1213 in
523 1159 835 1230 Evangelia
869 1161 991 1230 ipse
1035 1160 1316 1214 Dominus
1366 1160 1545 1214 dicit:
1605 1159 1863 1230 Majorem

201 1251 532 1303 charitatem
583 1265 739 1303 nemo
788 1250 966 1313 habet,
1019 1265 1185 1320 quam
1214 1254 1273 1303 ut
1304 1251 1549 1303 animam
1577 1265 1738 1302 suam
1762 1263 1865 1318 po-

201 1343 304 1392 nat
344 1340 466 1410 quis
513 1355 611 1408 pro
659 1339 854 1393 amicis
899 1340 1012 1393 suis
1063 1340 1242 1409 (Joan.
1293 1356 1388 1403 xv,
1424 1339 1532 1408 13).
1569 1337 1729 1400 Quod
1785 1337 1864 1390 ita

204 1427 476 1483 Christus
509 1427 663 1492 fecit,
697 1428 795 1498 qui
829 1427 1087 1482 animam
1112 1444 1281 1482 suam
1311 1444 1410 1498 pro
1445 1427 1650 1481 amicis
1681 1425 1859 1480 dedit.

204 1519 272 1572 Et
305 1518 526 1580 volavit,
569 1522 679 1572 etc.
740 1517 1073 1572 Secundum
1123 1516 1422 1572 historiam
1485 1515 1640 1586 quod
1700 1514 1863 1585 prius

207 1611 324 1671 est,
356 1605 569 1660 volavit
602 1623 779 1678 super
809 1622 1033 1677 pennas
1064 1609 1374 1660 ventorum
1404 1623 1415 1658 :
1450 1605 1588 1674 quia
1616 1603 1866 1658 velocior

212 1700 307 1750 est
339 1700 543 1750 ventus
573 1694 851 1750 omnibus
883 1694 1195 1760 creaturis,
1227 1697 1282 1748 et
1307 1693 1584 1748 Dominus
1616 1690 1867 1746 velocior

218 1789 311 1838 est
379 1790 566 1850 vento,
629 1784 766 1854 quia
816 1787 1077 1854 penetrat
1137 1798 1322 1852 usque
1382 1782 1452 1835 ad
1501 1782 1644 1835 lines
1704 1784 1944 1882 terrzeB

216 1872 434 1942 (Ephes.
487 1888 564 1942 1x,
613 1872 691 1943 9),
755 1876 811 1927 et
857 1872 1054 1927 omnia
1101 1871 1357 1926 suaviter
1402 1869 1662 1942 disponit
1717 1869 1863 1940 (Sap.

213 1977 340 2026 vni,
376 1962 446 2032 1).
482 1963 627 2027 Quia
657 1961 806 2016 ultra
835 1966 1070 2016 ventum
1121 1960 1247 2032 ipse
1276 1965 1386 2030 est,
1419 1959 1547 2014 ideo
1593 1957 1861 2014 velocior.

215 2052 289 2106 Et
318 2051 388 2105 ad
423 2038 703 2106 moralem
728 2067 968 2106 sensum
993 2068 1003 2102 :
1039 2049 1296 2104 animam
1329 2048 1658 2120 significare
1685 2046 1867 2101 voluit

215 2143 584 2205 vento,sicut
617 2144 824 2193 ventus
856 2140 964 2194 iste
991 2138 1302 2194 invisibilis
1331 2143 1439 2203 est,
1472 2137 1554 2192 ita
1581 2142 1638 2191 et
1668 2136 1867 2191 anima

214 2228 439 2284 Ventus
491 2235 681 2284 movet
728 2245 958 2300 corpus,
1030 2233 1085 2281 et
1134 2226 1334 2281 anima
1400 2235 1589 2281 movet
1654 2241 1864 2296 corpus

204 2317 502 2372 similiter.
535 2319 644 2372 Sed
675 2335 780 2372 cur
799 2323 1036 2372 ventum
1066 2315 1381 2387 appellavit
1408 2315 1667 2371 animam
1688 2315 1715 2368 ?
1744 2319 1863 2368 Hoc

205 2413 326 2469 est,
360 2407 499 2476 quia
519 2407 670 2461 Deus
700 2406 1018 2461 insufﬂavit
1049 2405 1106 2459 in
1140 2406 1332 2460 Adam
1365 2405 1518 2475 (Gen.
1545 2422 1607 2469 ιι,
1639 2405 1714 2474 7).
1737 2404 1862 2457 Non

209 2493 373 2564 quod
406 2494 722 2564 corporalis
752 2494 832 2548 sit
865 2495 1012 2548 Deus
1047 2495 1246 2548 Pater:
1283 2493 1382 2548 sed
1408 2498 1547 2547 tunc
1592 2492 1861 2545 insuma-

207 2582 317 2644 vit,
350 2583 587 2652 quando
619 2583 876 2636 animam
911 2581 1086 2649 dedit,
1131 2587 1195 2636 ut
1238 2583 1337 2649 ait,
1392 2581 1670 2653 propheta
1705 2597 1716 2634 :
1759 2584 1860 2638 Tu.

209 2672 462 2735 Domine,
517 2687 668 2726 creas
716 2687 932 2726 omnem
989 2674 1181 2740 ﬂatum
1225 2673 1423 2743 (Amos.
1475 2689 1548 2735 ιν,
1599 2670 1704 2739 13).
1756 2673 1864 2722 Per

214 2758 339 2812 haec
369 2758 754 2832 intelligimus
778 2776 982 2815 omnes
1003 2761 1233 2815 animas
1255 2778 1288 2814 a
1320 2765 1431 2815 Deo
1463 2775 1590 2814 esse
1639 2762 1864 2812 creatas

213 2872 244 2896 «
282 2848 349 2901 Et
378 2847 590 2902 volavit
623 2864 636 2903 :
669 2848 880 2904 volavit
927 2866 1103 2920 super
1160 2867 1380 2921 pennas
1434 2854 1780 2913 ventorum;
1835 2869 1861 2896 ››

216 2937 331 2991 hoc
360 2942 466 3005 est,
502 2939 744 2993 virtutes
779 2942 1114 2993 sanctarum
1148 2939 1497 3004 animarum,
1532 2937 1669 3007 quia
1699 2936 1862 2990 Chri-

213 3031 346 3081 stus
373 3025 620 3082 velocior
668 3033 758 3082 est
797 3033 988 3092 vento,
1039 3031 1097 3081 et
1127 3027 1304 3082 levior
1334 3044 1509 3098 quam
1560 3025 1775 3094 anima,
1808 3028 1866 3078 et

211 3116 550 3187 praecelsior
583 3115 808 3188 angelis
839 3119 895 3171 et
926 3116 1166 3170 sanctis.

289 3228 316 3252 ‹‹
354 3204 554 3258 Posuit
607 3181 877 3260 tenebras
925 3204 1238 3259 latibulum
1272 3221 1469 3268 suum,
1506 3226 1532 3251 »
1565 3208 1673 3258 etc.
1710 3202 1861 3258 Lati-
1895 3181 1936 3246 (ἶ

210 3293 423 3348 bulum
483 3294 743 3364 seipsum
795 3293 940 3348 dixit
984 3292 1040 3347 in
1092 3292 1428 3364 Scripturis.
1464 3315 1490 3340 α
1528 3293 1588 3345 In
1622 3291 1863 3345 circuitu

211 3382 346 3452 ejus
377 3381 821 3437 tabernaculum
865 3383 1014 3452 ejus.
1046 3405 1066 3430 ιι
1104 3382 1370 3437 Christus
1395 3382 1450 3435 in
1487 3381 1668 3434 Maria
1699 3379 1867 3450 quasi

210 3487 472 3541 sponsus
518 3471 577 3525 in
629 3471 888 3526 thalamo
935 3472 1122 3539 (I'sal.
1182 3488 1341 3536 xvm,
1397 3471 1492 3538 6),
1542 3474 1599 3525 et
1654 3485 1866 3540 corpus

212 3559 411 3613 Mariae
480 3560 644 3630 quasi
707 3559 1178 3614 tabernaculum.
1231 3560 1526 3613 Tenebras
1585 3558 1758 3612 dicit:
1800 3573 1866 3611 eo

213 3649 372 3719 quod
407 3648 574 3703 nobis
623 3649 873 3703 obscura
924 3655 1013 3702 est
1059 3649 1406 3713 incarnatio,
1446 3648 1530 3702 vel
1583 3647 1867 3700 Nativitas

213 3739 367 3806 ejus.
402 3738 731 3792 Tenebrosa
762 3753 915 3807 aqua
965 3737 1024 3790 in
1075 3737 1334 3791 nubibus
1375 3737 1546 3792 aeris.
1586 3760 1611 3783 ››
1673 3736 1868 3790 Nubes

215 3827 514 3897 prophetae
565 3831 743 3882 sunt:
797 3832 853 3881 et
897 3843 1070 3896 aqua,
1125 3825 1393 3880 doctrina
1445 3842 1668 3893 eorum,
1731 3824 1868 3894 quia

214 3916 482 3969 obscurae
515 3922 654 3970 sunt
684 3915 994 3986 Scriptura:
1037 3914 1472 3985 prophetarum.
1525 3913 1670 3979 Quia
1717 3913 1869 3967 sicut

215 4005 406 4058 nubes
433 4004 688 4075 pluviam
719 4008 971 4075 portant,
1005 4008 1064 4057 et
1094 4008 1310 4058 terram
1345 4002 1568 4057 aridam
1600 4001 1865 4073 irrigant,

212 4094 300 4148 sic
324 4098 379 4147 et
400 4093 687 4164 prophetae
711 4110 814 4164 per
842 4109 1045 4148 eorum
1079 4092 1403 4148 doctrinam
1430 4091 1869 4163 irrigantcorda

213 4181 402 4236 arida.
1675 4175 1678 4177 ἓ

297 4291 320 4317 ι
356 4275 474 4324 Prae
506 4272 735 4342 fulgure
777 4272 834 4325 in
880 4276 1194 4344 conspectu
1225 4273 1354 4341 ejus
1404 4270 1588 4325 nubes
1619 4269 1866 4323 transie-

216 4366 377 4414 runt.
411 4383 438 4408 »ι
473 4361 749 4431 Fulgura,
812 4359 1166 4414 illuminatio
1197 4360 1450 4430 Spiritus
1483 4359 1704 4413 Sancti.
1740 4359 1867 4428 Ipse

215 4451 408 4504 nubes
440 4449 660 4504 scilicet
693 4449 1006 4520 prophetae,
1039 4449 1402 4503 transierunt
1441 4448 1497 4501 in
1530 4447 1745 4501 Judaeis
1795 4446 1865 4500 ad

215 4544 448 4611 gentes,
504 4537 724 4608 Spiritu
775 4542 975 4591 sancto
1017 4538 1419 4608 gubernante.
1468 4540 1576 4590 Per
1636 4535 1870 4605 fulgura
1902 4548 1946 4611 ι)

215 4627 401 4698 ignis,
437 4626 808 4698 compunctio
840 4625 1034 4680 cordis
1062 4625 1428 4696 intelligitur.
1470 4647 1497 4674 ‹‹
1532 4624 1784 4691 Grando,
1817 4629 1873 4678 et

217 4717 506 4770 carbones
555 4716 728 4786 ignis.
765 4737 792 4764 »
845 4715 905 4769 In
949 4716 1256 4786 grandine,
1312 4715 1586 4769 verbera:
1621 4713 1679 4765 in
1714 4713 1868 4783 igne,

215 4804 528 4859 charitatis
586 4803 851 4858 accensio
909 4804 1275 4858 ostenditur:
1331 4803 1547 4873 quibus
1612 4800 1869 4856 fidelium

216 4891 402 4944 corda
431 4896 739 4946 moventur
769 4892 840 4945 ad
874 4892 1342 4963 cognoscendum
1382 4893 1582 4945 Deum.

294 5003 321 5025 ‹‹
369 4979 435 5033 Et
483 4979 737 5034 intonuit
786 4981 855 5034 de
898 4979 1035 5034 czelo
1085 4980 1386 5035 Dominus.
1423 5002 1450 5028 ›ι
1488 4981 1593 5033 Per
1639 4983 1871 5033 sanctos

214 5084 365 5122 suos
417 5069 709 5123 intonuit:
745 5069 915 5139 quasi
965 5070 1037 5125 de
1067 5070 1210 5124 cmlo
1239 5087 1342 5140 per
1364 5070 1661 5138 justorum
1699 5067 1874 5121 corda

215 5156 639 5227 evangelizavit
667 5197 680 5210 .
715 5177 740 5207 «
772 5157 840 5211 Et
869 5158 1204 5213 Altissimus
1236 5159 1394 5212 dedit
1423 5175 1615 5211 vocem
1642 5173 1871 5210 suam.»

221 5246 332 5299 Per
381 5244 769 5316 evangelistas
819 5246 1084 5301 maltiam
1137 5248 1456 5302 humanam
1504 5244 1870 5316 disperdidit.

218 5334 545 5389 Altissimus
575 5350 753 5389 vocem
785 5351 943 5389 suam
971 5336 1152 5391 dedit:
1215 5337 1320 5390 hoc
1364 5341 1470 5401 est,
1515 5333 1872 5406 prmdicatio-

222 5441 381 5494 nem,
438 5431 502 5478 ut
549 5424 632 5478 ait
684 5423 1004 5493 Propheta:
1055 5427 1162 5480 V0.1:
1208 5426 1442 5480 tonitrui
1500 5425 1587 5478 tui
1644 5425 1703 5476 in
1757 5426 1874 5476 rota

223 5514 395 5581 (Psal.
445 5529 628 5567 Lxxvn
662 5512 851 5581 11,49),
894 5512 950 5566 id
999 5519 1107 5583 est,
1159 5514 1492 5585 praedicatio
1541 5528 1744 5566 eorum
1815 5510 1872 5563 in

225 5607 348 5656 toto
383 5603 624 5657 mundo.

1389 318 1886 380 BREVIABIUM
1930 318 2010 377 IN
2059 321 2443 382 PSALMOS.

202 455 283 510 ibi
316 458 407 509 est
427 451 798 524 profunditas
824 452 1282 522 Scripturarum,
1310 457 1367 505 et
1389 450 1653 505 Christus
1687 467 1862 521 super
1891 451 1944 515 Α

3414 344 3418 348 ‘
3503 325 3624 384 918

2053 473 2078 497 ‹‹
2112 453 2180 505 Et
2201 452 2360 506 misit
2394 453 2636 523 sagittas
2669 469 2827 517 suas,
2859 457 2916 507 et
2955 453 3258 524 dissipavit
3285 470 3406 509 eos.
3452 477 3480 504 ››
3512 455 3622 509 Mi-

1971 539 2048 592 sit
2079 540 2255 594 verba
2285 557 2390 593 sua
2415 545 2616 594 sancta
2669 539 2836 612 quasi
2885 540 3147 611 sagittas,
3200 558 3324 612 quae
3374 541 3625 612 pleniter

1972 633 2028 682 et
2088 627 2256 682 malis
2309 634 2367 682 et
2424 628 2591 682 bonis
2657 628 2990 699 pradicant.
3050 629 3233 684 Bonos
3291 635 3623 686 remunerat

1973 721 2142 785 Deus,
2177 717 2224 770 si
2261 717 2484 771 iaciunt
2515 734 2526 770 :
2563 722 2620 771 et
2653 716 2839 771 malos
2889 717 3152 784 conterit,
3187 718 3234 771 si
3269 718 3536 785 audiunt,
3565 724 3624 774 et

1971 822 2087 860 non
2123 805 2365 860 faciunt.
2401 806 2565 860 Unde
2599 809 2836 860 sanctus
2863 804 3178 875 Apostolus
3201 805 3318 859 ait:
3352 806 3459 860 Alii
3491 807 3620 877 qui-

1972 894 2102 948 dem
2136 911 2344 949 sumus
2379 895 2522 949 odor
2543 894 2670 947 vitae
2706 893 2763 948 in
2799 895 3000 957 vitam,
3035 899 3089 948 et
3123 893 3219 947 alii
3241 893 3383 948 odor
3412 894 3619 948 mortis

1969 981 2029 1035 in
2081 987 2328 1036 mortem
2385 985 2456 1053 (II
2501 985 2626 1038 Cor.
2679 1001 2738 1045 II,
2795 983 2898 1052 16).
2948 982 3102 1036 Odor
3130 982 3256 1036 vita:
3316 987 3455 1037 sunt
3502 982 3615 1048 his,

1971 1071 2070 1141 qui
2101 1072 2351 1124 audiunt
2381 1077 2436 1126 et
2497 1072 2735 1140 faciunt,
2797 1078 2853 1125 et
2907 1071 3049 1127 odor
3098 1070 3302 1125 mortis
3358 1075 3494 1125 sunt
3527 1071 3619 1126 his

1972 1160 2071 1230 qui
2131 1160 2380 1213 audiunt
2451 1168 2507 1214 et
2567 1177 2678 1214 non
2741 1161 2962 1214 faciunt
3008 1160 3152 1223 Quia
3211 1160 3618 1230 praedicatores

1974 1249 2244 1304 nesciunt
2271 1249 2368 1318 qui
2404 1253 2542 1302 sunt
2573 1249 3008 1320 praedestinati:
3044 1254 3238 1303 tamen
3274 1248 3620 1305 ﬁducialiter

1973 1338 2303 1408 praedicant.
2370 1357 2395 1387 (ι
2450 1338 2515 1390 Et
2549 1337 2779 1409 fulgura
2812 1336 3237 1409 multiplicavit,
3299 1343 3356 1391 et
3385 1343 3620 1392 contur-

1973 1427 2130 1481 bavit
2182 1442 2300 1480 eos.
2335 1449 2364 1476 «
2403 1425 2670 1498 Fulgura,
2706 1426 3006 1492 miracula,
3042 1431 3216 1498 atque
3248 1425 3480 1481 claritas
3510 1427 3623 1480 vir-

1971 1516 2114 1569 tutis
2165 1532 2303 1569 suae.
2353 1538 2379 1563 ‹‹
2413 1515 2791 1569 Conturbavit
2821 1514 2970 1570 illos.
3001 1538 3028 1562 ››
3073 1516 3177 1570 Per
3207 1514 3309 1569 illa
3338 1515 3622 1570 miracula

1973 1604 2368 1675 apostolorum
2397 1603 2731 1675 compuncti
2775 1609 2934 1668 sunt,
2965 1611 3022 1658 et
3071 1603 3153 1657 illi
3204 1604 3302 1674 qui
3350 1603 3623 1658 dixerunt

1973 1693 2044 1747 ad
2094 1693 2328 1746 Petrum
2357 1710 2369 1758 ;
2421 1691 2566 1762 Quid
2612 1694 2900 1763 faciemus,
2952 1693 3066 1746 viri
3093 1693 3305 1761 fratres
3329 1696 3356 1745 ?
3385 1694 3451 1746 Et
3483 1693 3617 1746 ille:

1972 1783 2382 1846 Pcenitentiam,
2434 1783 2632 1852 inquit,
2667 1783 2811 1851 agite
2834 1800 2852 1835 :
2881 1789 2930 1836 et
2964 1781 3272 1850 baptisetur
3318 1782 3616 1850 unusquis-

1975 1886 2077 1941 que
2107 1879 2342 1924 vestrum
2373 1869 2505 1937 (Act.
2543 1887 2607 1934 ιι,
2637 1870 2728 1934 37,
2758 1871 2869 1940 38).

2049 2008 2076 2033 «
2129 1987 2198 2040 Et
2254 1989 2653 2057 apparuerunt
2701 1985 2887 2040 fontes
2941 1999 3266 2055 aquarum.
3326 2005 3346 2031 ιι
3405 1984 3615 2038 Fontes

1973 2074 2243 2146 apostoli,
2276 2074 2444 2146 quasi
2475 2073 2646 2144 aquis
2677 2075 2746 2128 de
2791 2091 2906 2128 uno
2941 2074 3093 2128 fonte
3134 2071 3311 2144 potati
3345 2075 3503 2126 sunt.
3542 2075 3616 2124 De

1974 2180 2090 2218 uno
2121 2163 2278 2218 fonte
2309 2163 2408 2233 qui
2441 2167 2531 2217 est
2561 2162 2846 2228 Christus,
2881 2161 3074 2216 satiati
3104 2161 3339 2215 fuerunt
3367 2157 3615 2232 apostoli

1974 2252 2126 2307 sicut
2155 2251 2212 2306 in
2247 2251 2556 2323 Evangelio
2589 2251 2772 2304 dixit:
2826 2252 2932 2318 Qui
2968 2250 3166 2305 biberit
3194 2265 3393 2321 aquam
3439 2264 3611 2320 quam

1972 2357 2064 2411 ego
2110 2340 2254 2394 dabo
2300 2342 2352 2394 ei
2398 2356 2508 2415 n_on
2555 2341 2704 2394 sitiet
2751 2341 2810 2393 in
2855 2343 3122 2392 (sternam
3165 2340 3342 2408 (Joan.
3392 2354 3465 2405 ιν,
3501 2338 3610 2406 13).

1972 2431 2042 2484 Et
2079 2429 2280 2484 aliter:
2317 2452 2343 2476 ‹‹
2377 2429 2588 2483 Fontes
2632 2443 2944 2498 aquarum,
2995 2450 3022 2475 ››
3060 2426 3164 2489 illi,
3219 2427 3318 2497 qui
3361 2442 3464 2496 per
3518 2425 3620 2478 ba-

1973 2518 2172 2589 ptismi
2225 2523 2656 2572 sacramentum
2714 2516 2845 2570 facti
2889 2519 3025 2569 sunt
3059 2513 3458 2586 peccatoribus
3492 2514 3620 2566 fons

1973 2623 2134 2676 aqua:
2184 2606 2322 2659 vivze
2354 2605 2621 2661 salientis
2668 2605 2722 2658 in
2770 2605 2947 2658 vitam
2981 2609 3277 2657 aeternam.
3319 2623 3340 2650 α
3368 2604 3436 2657 Et
3465 2619 3620 2657 reve-

1974 2695 2089 2750 lata
2121 2702 2262 2750 sunt
2295 2697 2678 2750 fundamenta
2712 2695 2870 2749 orbis
2927 2700 3110 2748 terrae.
3148 2717 3175 2742 »
3211 2693 3505 2763 Prophetas
3536 2698 3622 2748 at-

1973 2802 2084 2856 que
2121 2786 2366 2857 apostoli
2402 2803 2578 2856 super
2609 2801 2753 2856 quos
2777 2784 3040 2838 omnium
3074 2782 3462 2838 Ecclesarium
3497 2783 3624 2836 fun-

1978 2876 2252 2930 damenta
2317 2874 2616 2928 locantur.
2677 2873 2950 2928 Revelata
3027 2877 3165 2926 sunt
3241 2872 3624 2926 fundamenta

1976 2964 2135 3020 orbis
2165 2969 2354 3029 terrae,
2389 2963 2710 3018 secundum
2754 2961 3080 3026 historiam,
3132 2961 3365 3031 quando
3399 2960 3455 3014 in
3489 2977 3622 3030 pas-

1973 3053 2136 3108 sione
2167 3053 2358 3106 velum
2393 3051 2592 3122 templi
2650 3051 2900 3105 scissum
2954 3053 3043 3104 est
3091 3049 3402 3103 desursum
3435 3065 3621 3119 usque

1975 3143 2272 3210 deorsum,
2305 3146 2362 3195 et
2385 3139 2486 3194 illa
2516 3156 2644 3210 quae
2674 3139 2730 3192 in
2765 3137 2983 3209 templo
3002 3142 3166 3192 erant
3198 3141 3616 3208 apparuerunt.

1976 3233 2045 3286 Et
2101 3231 2170 3285 ad
2229 3245 2465 3284 sensum
2501 3231 2570 3284 de
2620 3229 2811 3282 littera
2859 3243 3067 3282 sensus
3104 3225 3454 3297 spiritualis,
3486 3227 3624 3297 quia

1982 3320 2134 3390 quod
2166 3319 2381 3372 ibidem
2418 3317 2634 3372 latebat
2664 3317 2722 3370 in
2756 3317 2962 3387 figura,
2996 3314 3273 3370 omnibus
3304 3314 3494 3385 patuit
3525 3331 3628 3386 per

1981 3407 2275 3480 mysteria.

2052 3545 2079 3572 «
2113 3523 2196 3576 Ab
2229 3522 2623 3594 increpatione
2671 3525 2790 3590 tua,
2825 3520 3089 3584 Domine,
3134 3521 3206 3575 ab
3237 3521 3625 3592 inspiratione

1977 3611 2220 3683 spiritus
2250 3611 2346 3664 ira:
2378 3617 2544 3664 tum.»
2566 3611 2741 3664 ——«Ab
2773 3610 3168 3680 increpatione
3201 3613 3322 3679 tua,
3349 3609 3624 3664 Domine»

1979 3718 2110 3756 cum
2144 3701 2366 3755 diceres
2411 3717 2422 3754 :
2454 3701 2574 3754 Nisi
2602 3716 2692 3754 vos
2724 3701 2896 3753 Filius
2930 3700 3264 3769 liberaverit,
3308 3699 3628 3754 moriemini

1977 3794 2034 3844 in
2059 3792 2293 3860 peccatis
2325 3791 2516 3842 vestris
2547 3789 2722 3857 (Joan.
2755 3805 2877 3855 vm,
2911 3789 3022 3854 24).
3059 3809 3085 3835 ‹‹
3126 3789 3207 3842 Ab
3240 3788 3624 3859 inspiratione

1978 3879 2220 3950 spiritus
2252 3877 2348 3931 irae
2380 3883 2544 3944 tum,»
2585 3877 2928 3947 promittens
2953 3877 3009 3930 in
3043 3875 3134 3931 his
3157 3876 3625 3948 appropinquare

1980 3984 2223 4039 regnum
2253 3968 2371 4022 Dei.

2051 4097 2078 4124 ‹‹
2123 4074 2278 4128 Misit
2308 4075 2377 4128 de
2409 4089 2642 4127 summo
2685 4078 2741 4126 et
2772 4073 2991 4142 accepit
3022 4087 3132 4124 me.
3171 4093 3198 4120 ››
3229 4069 3502 4124 Vocando
3533 4086 3624 4123 me

1978 4188 2006 4212 ‹‹
2040 4165 2109 4218 Et
2160 4163 2483 4232 assumpsit
2543 4178 2634 4216 me
2693 4161 2762 4214 de
2826 4159 3200 4214 multitudine
3257 4173 3624 4228 aquarum.»

1982 4251 2426 4307 Adversantium
2475 4249 2844 4320 populorum.
2907 4247 3008 4302 Vel
3039 4246 3244 4302 aliter:
3288 4269 3316 4294 ‹‹
3365 4246 3524 4301 Misit
3555 4246 3624 4300 de

1980 4356 2234 4404 summo,
2269 4344 2324 4392 et
2354 4338 2577 4408 accepit
2607 4353 2719 4405 me,
2754 4341 2810 4390 et
2839 4335 3162 4406 assumpsit
3192 4351 3284 4390 me
3315 4336 3386 4390 de
3425 4333 3623 4389 multi-

1979 4429 2179 4484 tudine
2210 4443 2518 4497 aquaruni.
2557 4449 2582 4473 ››
2615 4425 2768 4480 Deus
2803 4425 2965 4478 Pater
2995 4424 3160 4479 misit
3181 4424 3391 4479 Filium
3424 4441 3626 4488 suum,

1981 4518 2132 4572 sicut
2178 4517 2396 4570 dictum
2431 4520 2552 4569 est:
2595 4515 2821 4569 Verbum
2873 4530 3004 4568 caro
3049 4517 3260 4582 factum
3306 4519 3404 4579 est,
3438 4518 3486 4566 et
3527 4518 3626 4566 lia-

1985 4608 2177 4661 bitavit
2228 4607 2290 4659 in
2339 4605 2493 4658 nobis
2541 4605 2718 4674 (Joan.
2753 4621 2796 4668 ι,
2854 4604 2977 4670 li).
3032 4602 3189 4657 Misit
3244 4618 3499 4672 sponsus
3556 4601 3622 4654 ad

1983 4711 2259 4767 sponsam
2285 4711 2297 4747 :
2329 4710 2528 4748 verum
2550 4709 2829 4764 sponsum
2857 4692 3054 4760 junxit
3088 4707 3317 4762 sponsae
3342 4708 3354 4744 :
3389 4690 3496 4745 hoc
3515 4694 3626 4758 est,

1981 4800 2212 4839 carnem
2252 4783 2307 4835 in
2342 4789 2504 4835 utero
2549 4780 2791 4851 virginis
2821 4780 3034 4834 Mariae.
3067 4780 3405 4850 Assumpsit
3435 4795 3526 4833 me
3558 4780 3628 4832 de

1983 4871 2359 4927 multitudine
2419 4885 2748 4940 aquarum;
2785 4891 2812 4915 ››
2871 4868 2928 4921 id
2988 4872 3096 4932 est,
3131 4869 3201 4922 de
3251 4867 3627 4921 multitudine

1983 4960 2178 5033 p0puli
2232 4959 2485 5014 Ecclesia
2535 4956 2773 5012 collecta
2820 4963 2926 5010 est.
2961 4959 3136 5028 Aquae
3172 4955 3391 5024 multae,
3428 4957 3626 5028 populi

1985 5049 2150 5103 multi
2185 5051 2364 5119 (Apoc.
2400 5064 2536 5110 xvu,
2569 5047 2676 5114 15).

2059 5181 2084 5203 ‹‹
2120 5155 2345 5224 Eripuit
2374 5170 2462 5207 me
2485 5154 2555 5206 de
2587 5151 2841 5206 inimicis
2874 5152 3020 5207 meis
3050 5153 3443 5208 fortissimis.»
3479 5157 3628 5207 Deus

1987 5249 2156 5298 Pater
2186 5244 2401 5306 eripuit
2427 5243 2724 5296 Christum
2759 5260 2790 5294 a
2832 5242 3071 5308 Judaais,
3104 5248 3156 5297 et
3207 5242 3521 5298 Ecclesiam
3553 5242 3626 5296 ab

1986 5333 2290 5387 haereticis.
2326 5355 2352 5379 ‹‹
2402 5333 2470 5385 Et
2500 5332 2570 5384 ab
2622 5331 2692 5384 iis
2744 5330 2842 5400 qui
2876 5331 3123 5386 oderunt
3165 5348 3276 5402 me,
3310 5333 3449 5404 quia
3491 5348 3626 5386 con-

1987 5422 2174 5476 fortati
2212 5426 2350 5474 sunt
2372 5437 2548 5491 super
2579 5435 2690 5474 me.
2726 5441 2752 5468 ››
2786 5420 3043 5474 Oderunt
3070 5421 3254 5475 Judaei
3289 5420 3630 5488 Dominum,

1985 5518 2043 5566 et
2087 5509 2340 5565 haeretici
2389 5509 2722 5564 Ecclesiam.
2756 5509 2901 5573 Quia
2931 5511 3238 5566 confortati
3287 5515 3425 5566 sunt
3455 5525 3632 5580 super

1991 5616 2103 5668 me,
2137 5599 2303 5669 quasi
2333 5597 2561 5653 vincere
2585 5596 2932 5668 potuissent.
