3964 6190
428 347 546 407 919

1920 344 2319 407 APPENDIX
2331 389 2345 404 .

3644 357 3724 416 930

501 501 529 527 α
564 479 970 532 Praevenerunt
1000 493 1111 532 me.
1151 499 1180 527 »
1212 479 1285 533 Ut
1313 478 1583 549 superius
1621 477 1900 544 diximus,
1933 481 2068 532 ante
2099 480 2156 544 Α
2186 477 2265 533 ris
2296 479 2450 549 quod
2502 477 2718 534 electus
2765 495 2847 546 es,
2892 482 2955 534 ut
2999 479 3212 534 Paulus
3243 478 3409 534 dixit:
3451 482 3726 553 Comprehen-

426 566 744 621 vindictam
776 567 984 626 crucis.
1018 587 1046 616 κ
1092 567 1158 621 Et
1187 567 1376 622 factus
1420 573 1510 622 est
1561 566 1840 621 Dominus
1885 570 2072 637 prote-

426 659 550 712 ctor
579 671 767 710 meus.
803 677 831 704 ››
865 655 1019 710 Deus
1052 656 1215 711 Pater
1263 655 1474 711 Filium
1507 673 1681 710 suum
1715 654 1983 727 protexit,
2017 659 2074 709 et

427 744 608 801 Filius
642 743 960 799 Ecclesiam
991 760 1183 799 suam.

499 875 528 902 ‹‹
564 851 774 906 Eduxit
826 867 919 906 me
957 851 1015 904 in
1066 851 1402 907 latitudine.
1441 873 1468 899 ››
1504 851 1712 905 Eduxit
1754 850 2074 906 Ecclesium

429 941 500 997 de
530 939 924 1012 tribulatione,
953 940 1120 1011 quasi
1153 941 1223 994 de
1255 940 1527 1012 angustia
1548 941 1668 994 :«In
1704 939 2072 994 latitudinez»

431 1048 559 1102 quae
600 1034 688 1085 est
716 1046 852 1101 spes
883 1029 1084 1101 futuri,
1117 1029 1204 1084 vel
1244 1030 1634 1084 remuneratio
1665 1029 1796 1083 vitae
1828 1034 2072 1084 aeternae.

432 1145 459 1170 ‹‹
494 1118 730 1174 Salvum
763 1135 855 1174 me
901 1119 1050 1185 fecit,
1087 1119 1364 1190 quoniam
1394 1118 1578 1174 voluit
1608 1136 1719 1173 me.
1758 1142 1786 1167 «
1819 1123 1942 1172 Vox
1974 1119 2074 1172 Ec-

431 1209 640 1277 clesia,
671 1209 768 1280 qui
801 1225 893 1263 me
920 1209 1123 1278 voluit,
1158 1214 1222 1262 ut
1252 1208 1545 1263 exhiberet
1593 1207 1702 1262 sibi
1737 1207 2072 1262 Ecclesium.

431 1322 461 1348 «
493 1299 776 1363 Quoniam
805 1297 986 1352 voluit
1018 1313 1128 1352 me.
1167 1320 1194 1346 »
1226 1296 1533 1351 Voluntate
1565 1296 1820 1368 propria,
1853 1301 1910 1350 et
1961 1313 2075 1352 non

430 1403 500 1442 ex
558 1404 684 1442 meo
743 1385 949 1441 merito
1007 1401 1099 1440 me
1161 1385 1421 1450 vocavit,
1477 1384 1703 1439 dicente
1752 1384 2072 1455 Apostolo:

433 1477 621 1531 Gratia
650 1477 781 1530 estis
811 1475 1011 1530 saluati
1050 1491 1146 1546 per
1191 1474 1390 1544 ﬁdem:
1425 1478 1473 1528 et
1514 1474 1611 1528 hoc
1655 1489 1766 1528 non
1813 1490 1882 1528 ea:
1929 1475 2076 1529 vobis

429 1565 646 1638 (Ephes.
680 1583 742 1631 II,
773 1567 848 1633 8).

505 1678 524 1702 ιι
562 1655 631 1709 Et
652 1654 931 1708 retribuet
957 1652 1102 1706 mihi
1127 1652 1409 1706 Dominus
1441 1652 1762 1708 secundum
1781 1651 2075 1722 justitiam

381 1749 383 1752 ‘
430 1759 647 1808 meam,
679 1747 735 1796 et
755 1742 1080 1796 secundum
1111 1740 1463 1796 inocentiam
1497 1757 1779 1794 manuum
1811 1757 2074 1796 mearum

431 1830 710 1886 retribuet
760 1830 924 1884 mihi.
951 1852 977 1879 »
1029 1830 1163 1893 Quae
1196 1834 1388 1884 autem
1440 1829 1788 1900 sitjustitia,
1821 1834 1877 1885 et
1909 1830 2074 1885 inno-
2108 1854 2158 1918 B

429 1919 622 1974 centia
654 1935 937 1974 manuum
978 1920 1126 1990 ejus,
1175 1919 1312 1973 audi
1371 1919 1525 1989 quod
1579 1918 1876 1988 sequitur.
1928 1919 2074 1984 Quia

428 2009 641 2080 inquit,
675 2007 979 2075 custodivi,
1014 2011 1079 2062 ut
1105 2008 1210 2063 viae
1243 2007 1346 2062 Dei
1377 2007 1804 2073 custodiantur,
1837 2012 1896 2062 et
1923 2007 2070 2063 nihil

428 2098 606 2170 impie
638 2099 708 2153 de
738 2114 804 2152 eo
831 2115 964 2154 cum
992 2097 1276 2153 hazreticis
1306 2097 1614 2152 sentiatur.

507 2229 528 2254 α
555 2205 697 2269 Quia
728 2205 1014 2260 custodivi
1043 2205 1166 2260 vias
1191 2204 1444 2259 Domini.
1480 2225 1508 2252 »
1536 2203 1596 2258 Id
1628 2207 1738 2276 est,
1772 2221 1881 2262 sua
1912 2221 2074 2260 man-

430 2296 584 2350 data.
621 2319 646 2344 ‹‹
681 2295 797 2349 Nec
825 2294 1004 2366 impie
1033 2293 1187 2366 gessi
1217 2311 1252 2349 a
1278 2293 1391 2348 Deo
1423 2309 1572 2348 meo.
1599 2314 1627 2342 »
1650 2297 1724 2348 Ut
1745 2294 1817 2348 ad
1849 2293 2072 2349 idolum

431 2389 824 2439 converterem
857 2384 1114 2438 laudem.

501 2493 529 2520 «
563 2470 846 2532 Quoniam
877 2469 1074 2524 omnia
1095 2470 1324 2539 judicia
1343 2471 1471 2541 ejus
1508 2471 1566 2524 in
1598 2473 1910 2540 conspectu
1945 2487 2071 2526 meo

430 2562 570 2613 sunt
599 2573 849 2628 semper.
887 2580 914 2605 »
946 2559 1206 2622 Quatuor
1236 2564 1374 2612 sunt
1406 2558 1636 2628 judicia
1665 2558 1802 2613 Dei:
1857 2559 1971 2614 duo
2003 2561 2072 2614 de

427 2645 724 2717 praesenti,
757 2649 813 2700 et
841 2645 956 2700 duo
989 2645 1060 2700 de
1092 2646 1306 2701 futuro.
1342 2651 1404 2700 In
1439 2646 1730 2718 praesenti,
1773 2647 2069 2718 prosperi-

428 2739 520 2790 tas
577 2733 888 2800 malorum,
939 2740 995 2789 et
1027 2734 1324 2790 tribulatio
1371 2741 1730 2790 sanctorum.
1758 2737 1821 2790 In
1854 2737 2068 2802 futuro,

425 2824 818 2881 remuneratio
857 2829 1217 2892 sanctorum,
1250 2830 1306 2880 et
1346 2825 1758 2880 condamnatio
1807 2831 2070 2897 peccato--

423 2930 577 2968 rum.
611 2911 866 2968 Ecclesia
897 2913 1150 2968 adhaeret
1190 2913 1440 2979 Christo,
1491 2913 1628 2984 quia
1657 2913 1923 2969 Christus
1955 2932 2069 2970 non

423 3002 560 3058 fecit
593 3006 934 3074 peccatum:
970 3018 1075 3057 nec
1117 3001 1388 3058 inventus
1433 3008 1522 3058 est
1567 3003 1627 3056 in
1673 3019 1770 3058 ore
1809 3005 1937 3073 ejus
1968 3004 2068 3059 do-

424 3090 518 3146 lus
565 3091 614 3160 (I
656 3094 805 3146 Petr.
855 3107 917 3156 ιι,
947 3089 1058 3160 22).
1109 3089 1174 3144 Et
1221 3089 1472 3144 Ecclesia
1520 3089 1748 3144 Christo
1794 3090 2065 3157 adhaeret,

426 3201 455 3229 «
489 3179 765 3250 quoniam
813 3179 1012 3234 omnia
1032 3179 1261 3250 judicia
1299 3180 1427 3250 ejus
1469 3180 1528 3235 in
1574 3188 1886 3252 conspectu
1940 3199 2069 3237 meo
2102 3215 2144 3281 α

426 3272 566 3322 sunt
604 3283 854 3340 semper.
888 3269 958 3322 Et
979 3268 1246 3338 justitias
1293 3269 1420 3338 ejus
1461 3286 1574 3324 non
1607 3269 1791 3341 repuli
1825 3287 1858 3324 a
1890 3287 2002 3325 me.
2039 3292 2066 3320 »

426 3358 538 3425 Sed
570 3357 876 3428 amplexus
905 3374 1038 3413 sum
1071 3374 1190 3413 eas.

489 3469 516 3498 ι)
554 3447 618 3501 Et
647 3463 744 3502 ero
775 3447 1193 3501 immaculatus
1225 3463 1360 3501 cum
1411 3464 1500 3513 eo,
1532 3452 1589 3502 et
1629 3448 1945 3503 observabo
1977 3466 2070 3504 me

421 3537 492 3590 ab
525 3535 834 3606 iniquitate
858 3551 1040 3590 mea.»
1067 3536 1455 3591 Perseverabo
1479 3537 1540 3591 in
1563 3535 1664 3591 illa
1714 3537 2066 3592 innocentia.

420 3624 481 3678 in
513 3640 628 3694 qua
659 3627 901 3678 vocatus
934 3641 1087 3678 sum.
1135 3645 1162 3672 ‹‹
1193 3624 1262 3678 Et
1287 3625 1606 3680 observabo
1637 3641 1728 3680 me
1757 3627 1828 3680 ab
1862 3625 2070 3697 iniqui-

419 3715 538 3766 tate
573 3727 724 3781 mea,
750 3731 777 3765 ιο
804 3712 862 3766 id
885 3717 992 3782 est,
1025 3729 1140 3768 non
1175 3719 1479 3769 convertar
1508 3714 1578 3768 ad
1607 3713 1768 3768 illam
1796 3714 2074 3786 iniquita-

423 3805 563 3865 tem,
598 3799 698 3860 ubi
731 3798 893 3870 prius
924 3801 1007 3854 fui
1040 3801 1101 3855 in
1133 3800 1502 3858 infidelitate.

492 3906 595 3960 «Et
625 3906 910 3961 retribuet
941 3906 1085 3960 mihi
1113 3906 1396 3962 Dominus
1427 3908 1749 3963 secundum
1775 3910 2072 3980 justitiam

424 4011 638 4062 meam,
671 3998 728 4049 et
777 3995 1106 4050 secundum
1139 3995 1456 4066 puritatem
1490 4013 1774 4051 manuum
1809 4015 2073 4053 mearum

421 4084 482 4139 iu
531 4087 846 4156 conspectu
891 4083 1194 4140 oculorum
1243 4085 1391 4155 ejus.
1427 4107 1455 4134 ‹‹
1491 4089 1598 4141 Per
1634 4085 1854 4154 oculos,
1902 4103 2075 4158 aspe-

425 4178 554 4227 ctus
577 4171 899 4228 divinitatis
930 4172 1314 4244 intelligitur:
1351 4173 1488 4245 quia
1511 4174 1638 4245 ipse
1670 4175 1877 4246 aspicit
1911 4175 2079 4246 quid-

425 4261 566 4332 quid
588 4266 860 4331 operatur
880 4261 1054 4318 homo
1076 4264 1136 4317 in
1160 4263 1454 4318 mandatis
1477 4264 1670 4318 Dei.ln
1693 4264 2077 4320 retributione

426 4349 755 4418 beatorum,
789 4351 890 4421 qui
912 4367 1040 4406 eam
1065 4368 1164 4422 per
1203 4351 1569 4424 altitudinem
1597 4353 1722 4424 spei
1753 4354 2073 4409 considero.

498 4455 699 4510 «Cum
757 4460 958 4510 sancto
1007 4461 1246 4512 sanctus
1277 4458 1412 4529 eris,
1448 4481 1476 4506 ››
1534 4475 1669 4514 cum
1699 4477 1766 4514 eo
1814 4460 1913 4530 qui
1961 4466 2078 4514 ate

428 4543 848 4600 sanctificatur.
900 4566 930 4594 «
962 4545 1031 4600 Et
1067 4562 1199 4600 cum
1233 4547 1354 4601 viro
1403 4547 1732 4614 innocente,
1795 4549 2076 4604 innocens

425 4635 600 4701 eris,»
628 4649 760 4688 cum
785 4651 850 4690 eo
877 4634 978 4705 qui
1009 4651 1126 4689 non
1158 4636 1481 4707 corruperit
1500 4636 1654 4691 vitiis
1673 4637 1855 4691 vitam
1882 4655 2073 4692 suam.

499 4763 527 4789 «
563 4740 794 4795 Etcum
843 4739 1044 4808 electo,
1096 4739 1318 4795 electus
1365 4741 1502 4807 eris,
1543 4762 1570 4790 »
1600 4758 1732 4796 cum
1766 4741 1864 4796 illo
1900 4760 2073 4814 quem

425 4830 764 4902 przescitum
792 4829 931 4885 scis.
969 4852 997 4878 ‹‹
1027 4830 1095 4883 Et
1143 4846 1276 4884 cum
1310 4845 1599 4900 perverso,
1633 4831 2012 4898 subverteris,
2048 4855 2075 4881 »ι

429 4936 563 4974 cum
593 4919 882 4984 haeretico,
919 4918 1021 4990 qui
1069 4917 1220 4974 male
1251 4917 1627 4989 intelligendo
1674 4921 1947 4989 pervertit
1989 4922 2074 4974 di-

428 5007 565 5061 vina
620 5007 888 5078 eloquia:
945 5008 1097 5062 sicut
1143 5007 1280 5062 alibi
1336 5007 1555 5062 Judaeis
1616 5007 1740 5078 ipse
1796 5010 2076 5065 Dominus

430 5095 726 5166 loquitur:
757 5097 815 5152 Si
848 5097 1208 5153 incesseritis
1242 5113 1506 5168 perverse
1538 5114 1734 5152 coram
1771 5115 1884 5165 me,
1919 5100 2074 5155 ince-

431 5184 565 5238 dam
598 5189 654 5239 et
683 5201 784 5254 ego
817 5202 1123 5256 perversus
1153 5186 1336 5240 vobis.
1370 5208 1398 5233 «
1432 5186 1575 5239 Cum
1606 5192 1804 5241 sancto
1837 5193 2078 5244 sanctus

431 5273 568 5328 eris.
605 5296 632 5322 »
664 5275 773 5341 Tu,
825 5275 1072 5338 Christe,
1132 5281 1370 5330 sanctus
1403 5279 1611 5329 natura
1658 5292 1754 5330 es:
1807 5293 1977 5347 quem
2014 5283 2075 5332 tu

431 5361 908 5426 sanctiﬁcaveris,
970 5363 1041 5417 ab
1090 5363 1188 5418 illo
1243 5363 1632 5436 cognosceris,
1687 5365 1964 5435 quoniam
2014 5370 2074 5419 tu

431 5455 670 5506 sanctus
701 5467 783 5506 es.
834 5453 954 5506 Vox
985 5452 1281 5524 propheta:
1331 5452 1400 5506 ad
1433 5453 1765 5508 Christum:
1801 5455 1980 5517 Quem
2014 5460 2074 5508 tu

428 5541 797 5597 innocentem
840 5542 1065 5611 feceris,
1112 5542 1184 5595 ab
1240 5540 1336 5595 illo
1389 5543 1780 5613 cognosceris,
1827 5543 1980 5614 quod
2015 5549 2073 5596 tn

427 5631 712 5686 innocens
765 5647 867 5686 es:
924 5630 1064 5701 quia
1112 5629 1257 5684 nulli
1318 5645 1530 5696 noces,
1588 5630 1717 5685 ideo
1775 5631 2074 5686 innocens.

429 5719 609 5781 Quem
643 5724 705 5773 tu
737 5719 1003 5791 elegeris,
1036 5723 1101 5774 ut
1125 5719 1202 5772 sit
1232 5716 1488 5772 electus:
1532 5719 1603 5771 ab
1635 5718 1732 5771 illo
1763 5735 2072 5789 cognosce-

2183 567 2280 620 der
2319 571 2501 621 autem
2551 585 2584 621 a
2639 584 2742 638 quo
2789 570 3205 640 comprehensus
3266 585 3382 622 sum
3439 571 3626 642 (Philip.
3674 593 3728 642 in,

2187 657 2292 727 12).
2330 657 2585 712 Perversi
2612 657 2904 724 dicuntur,
2934 659 3032 728 qui
3063 658 3132 712 de
3164 657 3492 712 rectitudine
3511 659 3728 718 declinant

2186 745 2256 798 ad
2302 745 2764 816 perversitatem,
2798 750 2863 798 ut
2891 745 3180 814 diabolus,
3233 750 3286 799 et
3331 745 3513 812 Judas,
3542 755 3585 801 et
3608 749 3735 804 bare-

2184 833 2305 897 tici,
2353 839 2409 888 et
2441 851 2645 889 omnes
2695 834 2954 906 superbi.
2989 834 3224 898 Quoties
3258 838 3403 888 Deus
3439 834 3554 889 facit
3573 836 3734 907 justam

2185 922 2524 988 vindictam,
2557 923 2997 995 reprehendunt
3025 923 3216 990 illum,
3250 939 3379 977 cum
3415 923 3557 995 eligit
3581 943 3733 996 paupe-

2186 1027 2300 1076 res,
2350 1015 2406 1064 et
2445 1013 2719 1083 reprobat
2763 1016 3046 1083 potentes,
3097 1027 3231 1066 cum
3281 1010 3436 1082 eligit
3480 1012 3733 1083 piscatores,

2186 1099 2338 1153 sicut
2388 1101 2641 1166 Petrum,
2675 1105 2730 1154 et
2779 1099 3015 1171 reliquit
3055 1100 3300 1155 nobiles.
3338 1101 3443 1154 Hoc
3481 1117 3734 1171 perversum

2185 1187 2419 1242 videtur
2446 1205 2574 1243 esse
2604 1190 2757 1259 apud
2791 1205 3110 1260 perversos,
3159 1194 3224 1243 ut
3254 1188 3522 1260 propheta
3548 1189 3638 1242 ait:
3665 1193 3739 1246 Via?

2188 1278 2404 1332 Domini
2424 1282 2588 1333 recta?
2612 1279 2998 1349 (05ee,x1v,10)
3020 1294 3034 1332 :
3057 1279 3157 1333 sed
3182 1278 3285 1330 viae
3308 1281 3496 1332 vestrae
3515 1294 3734 1348 perversa.

2259 1389 2287 1416 «
2329 1366 2612 1429 Quoniam
2635 1372 2696 1422 tu
2722 1367 3006 1438 populum
3035 1365 3320 1422 humilem
3343 1365 3552 1421 salvum
3571 1367 3733 1430 facies,»

2188 1454 2342 1524 quod
2393 1457 2665 1527 superius
2713 1455 2988 1510 diximus.
3038 1479 3066 1504 «
3101 1457 3171 1510 Et
3213 1455 3409 1510 oculos
3439 1458 3734 1526 superborum

2188 1542 2549 1599 humiliabis.
2583 1567 2610 1593 «
2648 1545 2933 1610 Quoniam
2987 1548 3050 1598 tu
3081 1543 3365 1616 populum
3397 1543 3641 1598 humilem
3667 1544 3737 1597 sal-

2184 1648 2320 1687 vum
2345 1632 2946 1704 facies,paznitenliam
2970 1638 3266 1704 agentem,
3286 1656 3313 1682 «
3333 1636 3387 1688 et
3407 1632 3581 1687 oculos
3599 1650 3740 1704 super-

2186 1721 2394 1776 borum
2444 1721 2820 1790 humiliabis;
2859 1745 2886 1771 ››
2937 1723 3094 1794 quia,
3149 1722 3287 1776 elati
3319 1723 3584 1794 superbia,
3621 1723 3743 1793 por-ni-

2186 1810 2431 1865 tentiam
2462 1827 2632 1883 agere
2665 1812 3079 1883 dedignantur.

2255 1922 2284 1949 ‹‹
2326 1901 2610 1964 Quoniam
2644 1907 2707 1956 tu
2737 1900 3040 1956 illuminas
3072 1900 3373 1957 lucernam
3406 1918 3620 1956 meam.»
3646 1901 3742 1963 Quid

2183 1993 2271 2043 est
2301 1987 2558 2056 lucerna,
2619 1989 2732 2045 nisi
2780 1989 3113 2045 intellectus
3159 1989 3418 2045 animae?
3465 1990 3605 2044 Sicut
3643 1987 3743 2044 oculi

2183 2079 2462 2149 corporis,
2513 2079 2562 2134 si
2611 2079 2682 2135 de
2729 2079 2965 2134 lucerna
3021 2080 3293 2135 exteriori
3338 2097 3447 2134 non
3487 2079 3664 2133 habent
3684 2078 3742 2130 lu-

2183 2182 2338 2237 men,
2391 2168 2450 2222 in
2499 2168 2757 2224 tenebris
2791 2186 2906 2223 non
2958 2169 3204 2224 vident:
3239 2169 3337 2224 ‘ita
3403 2172 3455 2224 et
3499 2167 3742 2222 intellectus

2184 2255 2416 2326 animae,
2441 2256 2552 2312 nisi
2573 2256 2940 2312 illuminetur
2963 2258 3033 2312 ab
3059 2257 3266 2328 altero,
3291 2257 3397 2312 hoc
3418 2263 3500 2312 est
3517 2273 3546 2311 a
3563 2256 3742 2323 Christo,

2184 2361 2299 2398 non
2331 2344 2519 2400 videt:
2561 2345 2714 2400 sicut
2755 2345 2814 2399 in
2873 2345 3187 2417 Evangelio
3247 2345 3420 2401 dicit:
3479 2343 3742 2398 Eratlumrn

2183 2450 2394 2505 verum,
2426 2435 2566 2505 quod
2596 2436 2877 2490 illuminat
2899 2452 3114 2490 omnem
3136 2435 3418 2490 hominem
3439 2437 3684 2490 venientem
3708 2435 3743 2484 in

2185 2524 2330 2577 hunc
2370 2523 2638 2578 mundum
2674 2526 2857 2595 (Joan.
2909 2542 2948 2592 ι,
2980 2526 3056 2590 9).
3113 2546 3143 2574 ‹‹
3176 2525 3418 2580 Domine
3450 2529 3582 2578 Deus
3615 2537 3743 2583 meus,

2183 2611 2454 2666 illumina
2500 2616 2774 2667 tonebras
2823 2629 3004 2680 meas,
3056 2636 3076 2662 υ
3133 2613 3247 2668 hoc
3307 2617 3396 2668 est
3440 2611 3743 2684 ignorantiam

2181 2701 2391 2754 cordis.
2419 2701 2581 2756 Unde
2611 2702 2895 2772 scriptum
2929 2706 3049 2756 est:
3083 2703 3146 2756 Si
3170 2701 3358 2757 lumen
3389 2703 3517 2772 quod
3546 2702 3595 2753 in
3623 2703 3660 2753 te
3681 2701 3742 2759 (si,

2181 2790 2417 2844 tenebrae
2462 2794 2609 2858 sunt,
2661 2791 2794 2861 ipsae
2841 2793 3081 2846 tenebrae
3129 2799 3349 2862 quantae
3399 2798 3550 2845 erunt
3597 2787 3744 2858 (Matth.

2181 2895 2257 2942 v1,
2289 2879 2418 2950 23)!
2453 2899 2481 2929 »
2516 2880 2584 2932 Et
2631 2879 2942 2950 Apostolus
2993 2881 3100 2934 ait:
3157 2882 3362 2935 Fuisti:
3403 2877 3664 2950 aliquando
3699 2878 3747 2927 ἰέ-

2178 2968 2384 3031 πθὺνίε,
2415 2985 2562 3022 nunc
2579 2971 2764 3022 autem
2797 2969 2896 3022 tua:
2925 2972 2984 3024 in
3016 2972 3252 3024 Domino
3283 2969 3486 3041 (Ephes.
3514 2985 3564 3032 γ,
3589 2967 3648 3035 8).

2252 3080 2279 3106 ‹‹
2313 3058 2596 3122 Quoniam
2630 3057 2689 3111 in
2739 3062 2794 3112 te
2826 3058 3040 3128 eripiar
3073 3075 3104 3111 a
3134 3057 3471 3112 tentatione.
3505 3077 3528 3105 n
3559 3058 3656 3108 Vox
3680 3051 3748 3104 Ec-

2183 3145 2390 3200 clesia).
2421 3146 2541 3201 Nisi
2575 3164 2608 3200 a
2637 3147 2752 3200 Deo
2783 3147 3016 3218 eripiar,
3042 3163 3144 3219 per
3167 3164 3262 3203 me
3292 3160 3631 3218 nequaquam
3658 3157 3747 3212 pos-

2183 3252 2336 3290 sum.
2378 3258 2398 3283 α
2452 3235 2522 3289 Et
2547 3235 2604 3288 in
2640 3239 2752 3290 Deo
2790 3236 3195 3307 transgrediar
3237 3251 3487 3290 murum.
3528 3256 3552 3280 η
3579 3235 3745 3284 Murum

2180 3323 2322 3378 dicit
2369 3323 2626 3378 Ecclesia
2672 3330 2908 3394 peccata
2953 3329 3188 3379 nostra:
3243 3341 3413 3395 quem
3448 3319 3745 3377 aediﬁcamus.

2180 3413 2436 3484 peccatis
2468 3417 2704 3483 peccata
2735 3415 3026 3484 augendo.
3071 3413 3195 3468 Nisi
3231 3431 3265 3468 a
3296 3413 3406 3468 Deo
3448 3411 3749 3466 destruantur

2179 3500 2278 3555 illa
2301 3506 2674 3572 peccata,non
2698 3518 3017 3572 possumus
3038 3517 3141 3574 per
3159 3519 3266 3557 nos
3288 3500 3523 3557 transire
3542 3498 3601 3553 ad
3623 3500 3748 3549 Deum

2258 3614 2279 3639 ι
2313 3590 2468 3644 Deus
2496 3606 2681 3656 meus,
2712 3590 3024 3662 impolluta
3043 3590 3138 3645 via
3160 3593 3310 3661 ejus.
3338 3587 3622 3660 Impolluta
3646 3582 3745 3634 vis.»

2182 3680 2291 3734 hoc
2337 3685 2444 3746 est,
2497 3678 2821 3733 incarnatio
2863 3680 3020 3749 ejus:
3072 3680 3214 3750 quia
3266 3696 3378 3734 non
3425 3681 3504 3732 est
3549 3691 3606 3729 ex
3644 3666 3749 3723 vin'li

2183 3767 2428 3834 semine,
2462 3768 2563 3822 sed
2589 3768 2659 3823 de
2691 3767 2912 3838 Spiritu
2946 3772 3148 3822 sancto
3184 3771 3514 3838 conceptus.
3546 3763 3600 3816 Et
3621 3758 3751 3813 aliter:

2185 3855 2353 3911 Fides
2386 3856 2638 3928 perfecta
2671 3856 2963 3923 Ecclesiae,
2995 3855 3309 3927 impolluta
3341 3854 3427 3909 via
3458 3853 3572 3922 ejus
3595 3843 3755 3920 dicitur

2185 3961 2286 4016 per
2335 3961 2512 4016 quam
2566 3945 2718 3999 Deus
2769 3946 2927 3999 venit
2974 3944 3045 4000 ad
3097 3961 3224 4000 nos.
3266 3967 3285 3992 α
3324 3942 3549 4014 Eloquia
3585 3930 3752 3992 Domini

2184 4034 2318 4106 igne
2346 4034 2692 4089 examinata.
2729 4033 2971 4104 Eloquia
3005 4034 3259 4102 Domini,
3295 4056 3322 4082 »
3371 4047 3470 4088 sua
3526 4025 3751 4083 mandata-

2186 4122 2244 4176 in
2278 4123 2386 4177 hoc
2419 4127 2532 4178 Deo
2563 4128 2701 4177 sunt
2734 4122 2979 4193 placita:
3014 4139 3127 4177 non
3161 4123 3315 4194 quod
3354 4123 3475 4193 ipsa
3517 4118 3619 4172 sint
3656 4126 3745 4165 exa-

2187 4212 2408 4265 minata
2439 4212 2511 4265 ab
2533 4211 2692 4281 igne,
2725 4217 2826 4265 aut
2874 4211 3028 4282 quod
3062 4211 3313 4265 fuissent
3349 4208 3623 4278 inquinata
3646 4218 3654 4262 ξ
3680 4194 3746 4251 Sed

2187 4301 2288 4374 qui
2321 4300 2422 4354 illa
2453 4300 2756 4372 acceperit,
2793 4300 3011 4354 faciant
3031 4316 3165 4355 eum
3188 4305 3251 4354 ut
3280 4313 3480 4354 aurum
3511 4289 3752 4348 mundum»

2188 4389 2561 4462 puriﬁcatum
2612 4405 2716 4460 per
2763 4388 2979 4460 ignem.
3015 4411 3034 4437 σ
3087 4392 3381 4443 Protector
3426 4389 3509 4439 est
3553 4375 3752 4462 omnium

2188 4461 2548 4550 sperantium
2574 4477 2632 4530 in
2666 4494 2744 4532 se.
2779 4500 2806 4527 »
2837 4477 2943 4541 Qui
2977 4477 3033 4531 in
3061 4493 3194 4531 eum
3223 4476 3477 4531 credunt.
3507 4472 3636 4525 Deus
3661 4461 3754 4517 illos

2109 4589 2155 4652 D
2188 4566 2454 4638 protegit,
2489 4565 2590 4638 qui
2621 4571 2824 4620 sancto
2858 4565 3061 4620 timore
3093 4564 3263 4619 illum
3294 4565 3510 4618 timent.
3622 4648 3628 4652 Δ
3724 4638 3731 4644 ι

2259 4680 2285 4704 ‹‹
2311 4655 2597 4718 Quoniam
2625 4656 2758 4726 quis
2786 4657 2932 4710 Deus
2965 4659 3176 4726 praeter
3204 4652 3503 4708 Dominum
3523 4665 3533 4702 :
3553 4648 3755 4732 autqulﬁ

2187 4746 2340 4800 Deus
2372 4749 2578 4815 praeter
2607 4743 2786 4798 Deum
2811 4749 3077 4798 nostrum
3101 4743 3161 4797 ‘1»
3186 4743 3286 4796 Hic
3308 4739 3522 4795 trinitas
3545 4728 3755 4815 intelligi-

2185 4839 2300 4888 tur.
2335 4811 2547 4888 Praeter
2570 4833 2903 4898 Dominum,
2930 4834 3084 4903 quod
3113 4832 3276 4899 dixit,
3301 4831 3445 4886 Deus
3475 4827 3618 4880 Pater
3634 4811 3755 4909 intel-

2187 4921 2406 4993 ligitur.
2459 4925 2672 4975 Praeter
2722 4926 2897 4974 Deum
2950 4926 3258 4975 nostrum:
3310 4917 3514 4972 Filius:
3555 4915 3602 4966 et
3632 4908 3753 4960 tertia

2187 5027 2457 5082 persona,
2491 5011 2546 5064 id
2581 5016 2668 5063 est
2700 5009 2957 5080 Spiritus
2993 5013 3237 5064 sanctus
3266 5025 3278 5062 :
3329 5005 3422 5076 qui
3456 5003 3586 5058 Deus
3613 4996 3749 5048 Pater,

2188 5101 2342 5155 Deus
2373 5098 2571 5165 Filius,
2607 5099 2760 5153 Dens
2791 5099 3045 5169 Spiritus
3075 5102 3332 5163 sanctus,
3370 5108 3508 5149 unus
3530 5089 3747 5174 est

2261 5212 2287 5236 «
2320 5189 2474 5242 Deus
2505 5187 2604 5258 qui
2639 5187 2934 5258 praecinxit
2983 5204 3074 5242 me
3123 5187 3350 5240 virtute.
3393 5201 3418 5232 ι
3463 5181 3552 5234 Per
3592 5165 3747 5228 simili-

2187 5277 2474 5342 tudinem,
2538 5276 2691 5330 sicut
2742 5276 2915 5331 homo
2958 5275 3257 5347 praecingit
3303 5271 3613 5327 vestimenta
3655 5269 3746 5311 $08-

2189 5371 2254 5419 ut
2285 5381 2397 5418 non
2433 5370 2676 5420 noceant
2722 5365 2990 5435 pedibus,
3043 5364 3142 5435 qui
3176 5368 3313 5418 sunt
3343 5371 3559 5416 sensus:
3589 5355 3634 5404 et
3659 5358 3746 5435 mnf

2191 5454 2388 5518 nibus,
2437 5471 2563 5524 quae
2614 5433 2752 5507 sunt
2808 5470 3002 5524 opera.
3059 5433 3383 5509 l’rzrrinxit:
3432 5447 3525 5500 hoc
3568 5443 3658 5532 est.
3703 5433 3744 5532 "l

2189 5544 2545 5613 restringunt
2607 5544 2778 5596 sinus
2837 5542 3196 5613 cupiditatis;
3245 5545 3307 5594 ut
3354 5549 3513 5606 supra
3553 5527 3663 5581 dixi.
3695 5530 3742 5608 nt

2188 5631 2585 5702 impedanitur
2641 5648 2742 5701 per
2800 5631 3154 5702 cupidatem.
3202 5628 3297 5683 Vel
3328 5625 3511 5680 aliter:
3542 5618 3739 5709 Deus

2188 5722 2481 5789 prwcinxit
2535 5736 2620 5774 me
2667 5722 2908 5774 virtute:
2969 5719 3218 5790 Spiritus
3274 5719 3494 5772 sanctus
3543 5705 3621 5776 qui
3665 5705 3738 5749 ηοε
