3964 6190
191 366 308 429 921

1374 367 1872 435 BREVIARIUM
1914 371 1995 433 IN
2035 368 2423 435 PSALMOS.

3484 374 3605 437 922

191 502 387 555 armat
458 499 741 555 adversus
814 504 1126 572 potestates
1196 503 1451 575 iniquas,
1522 508 1846 561 secundum
1877 508 1930 574 Α
1962 506 2113 561 sicut
2133 507 2259 577 jam
2293 506 2508 561 factum
2539 508 2802 578 tempore
2845 505 3097 577 legimus
3126 507 3262 564 Titi.
3295 531 3324 559 «
3355 509 3471 565 Nec
3502 528 3607 583 po-

190 587 542 659 Apdstolum
570 604 584 642 :

193 676 434 748 Spiritus
462 679 658 742 sancti,
695 683 755 733 ut
803 681 1021 749 possitis
1068 683 1317 736 resistere
1360 683 1573 739 diabolo
1603 685 1842 756 (Ephes.,

188 783 267 833 v1,
302 768 328 820 1
384 766 496 834 13).
546 765 947 823 Conticescant
994 786 1147 825 nunc
1196 771 1449 827 haeretici
1497 772 1844 844 aspicientes

188 854 287 909 hic
332 853 674 910 Trinitatem
726 871 1080 930 expressam,
1136 862 1194 914 et
1243 865 1595 931 cognoscant
1634 861 1840 916 Filium

188 960 367 1015 quem
392 942 680 998 minorem
729 944 897 1001 Patre
943 947 1167 1017 dicunt,
1210 949 1466 1021 primum
1498 968 1531 1005 a
1561 951 1844 1023 propheta

185 1032 670 1104 praenuntiatum,
746 1050 862 1089 non
933 1037 1103 1106 quasi
1181 1038 1457 1109 priorem,
1531 1041 1631 1095 sed
1694 1040 1840 1095 nihil

185 1121 544 1177 inferiorem.
582 1143 611 1172 «
633 1125 699 1176 Et
718 1122 914 1194 posuit
934 1124 1374 1182 immaculatam
1395 1127 1547 1184 viam
1571 1144 1785 1185 meam.
1811 1151 1839 1179 »

181 1210 303 1266 Hoc
333 1213 421 1266 est
447 1210 621 1266 ﬁdem
654 1227 870 1282 meam,
901 1230 972 1269 ne
1002 1215 1072 1270 ab
1104 1231 1172 1270 ea
1199 1216 1463 1273 violarer.

264 1321 285 1349 ι
321 1299 429 1364 Qui
453 1300 694 1371 perfecit
726 1302 904 1373 pedes
933 1319 1094 1359 meos
1137 1309 1419 1377 tanquam
1450 1323 1774 1363 cervorum.
1806 1329 1833 1361 ι»

181 1390 349 1446 Sicut
375 1390 526 1445 cervi
570 1390 797 1445 calcant
844 1392 1092 1463 pedibus
1140 1395 1362 1466 spinas,
1406 1400 1462 1451 et
1499 1397 1841 1453 transiliunt

181 1495 377 1551 usque
419 1479 490 1534 ad
532 1479 740 1549 Deum,
789 1480 899 1535 hoc
947 1486 1057 1549 est,
1110 1499 1298 1554 usque
1347 1486 1418 1539 ad
1468 1485 1837 1541 altitudinem

178 1567 397 1624 silvas:
432 1568 511 1623 ita
551 1568 737 1623 sancti
782 1570 1012 1624 calcant
1061 1571 1283 1643 spinas,
1335 1574 1391 1629 id
1436 1579 1526 1629 est
1564 1579 1834 1646 peccata;

180 1656 526 1715 transiliunt
553 1657 751 1725 silvas,
783 1657 841 1713 id
880 1663 973 1713 est
1020 1660 1423 1717 inﬁdelitatem
1450 1681 1463 1718 :
1498 1666 1554 1718 et
1584 1664 1839 1719 subeunt

182 1761 376 1816 usque
432 1746 498 1801 ad
562 1747 767 1813 Deum,
802 1746 911 1802 hoc
948 1752 1060 1813 est,
1091 1765 1279 1820 usque
1337 1750 1407 1805 ad
1468 1750 1835 1807 altitudinem

177 1836 499 1892 charitatis.
533 1860 563 1887 «
596 1837 705 1903 Qui
736 1838 977 1943 perfecit
1006 1839 1183 1910 pedes
1215 1856 1376 1896 meos
1402 1845 1684 1912 tanquam
1716 1859 1835 1897 cer-
1866 1879 1914 1943 B

171 1941 405 1996 vorum,
460 1948 488 1975 »
536 1926 609 1981 ad
666 1926 1051 1982 transilienda
1108 1927 1303 1983 saeculi
1364 1929 1544 1999 hujus
1588 1930 1833 2002 impedi-

172 2018 395 2068 menta.
428 2036 459 2064 ‹‹
503 2016 574 2070 Et
620 2031 797 2087 super
843 2016 1070 2073 excelsa
1116 2017 1321 2073 statuit
1368 2034 1480 2074 me.
1518 2041 1546 2068 »
1576 2019 1834 2091 Excelsa,

175 2108 387 2159 sancta
416 2103 670 2160 Ecclesia
716 2108 840 2161 est:
891 2110 948 2161 et
989 2100 1255 2162 Christus
1295 2124 1471 2179 super
1499 2108 1743 2179 excelsa,
1777 2114 1835 2165 et

174 2192 408 2249 excelsa
431 2208 609 2264 super
635 2194 899 2250 excelsa:
933 2196 993 2250 id
1025 2200 1136 2261 est,
1163 2213 1341 2268 super
1364 2197 1617 2253 sublime
1646 2198 1836 2254 Eccle-

169 2282 297 2349 siae,
335 2305 362 2332 ‹‹
393 2283 578 2355 Super
606 2285 832 2339 excelsa
879 2283 1086 2340 statuit
1133 2301 1249 2354 me,
1284 2308 1311 2335 »
1353 2302 1517 2359 spem
1549 2304 1740 2343 meam
1773 2288 1834 2343 in

169 2370 513 2427 coelestibus
543 2371 860 2427 collocavit.

251 2481 281 2509 ‹‹
315 2459 423 2523 Qui
455 2460 621 2516 docet
663 2478 875 2516 manus
924 2478 1084 2517 meas
1134 2463 1205 2517 ad
1255 2462 1544 2535 praelium.
1587 2485 1616 2513 ››
1648 2465 1836 2536 Opera

171 2564 312 2604 mea
345 2550 621 2605 adversus
664 2549 964 2605 diabolum
996 2551 1441 2607 destructorem.
1464 2575 1492 2602 «
1532 2552 1638 2618 Qui
1669 2554 1838 2610 docet

165 2654 390 2694 manus
445 2639 516 2693 ad
577 2639 864 2711 praelium,
926 2662 954 2690 »
1019 2641 1091 2695 ad
1154 2640 1499 2697 debellanda
1554 2642 1829 2699 facinora.

171 2747 204 2776 ‹‹
239 2727 311 2780 Et
338 2727 542 2799 posuit
572 2733 637 2783 ut
665 2745 867 2783 arcum
899 2744 1116 2784 aereum
1162 2730 1401 2785 brachia
1432 2746 1581 2786 mea.
1616 2735 1831 2787 Arcum

166 2831 428 2883 aereum;
460 2837 488 2865 »
524 2816 582 2871 id
624 2822 713 2873 est
761 2817 1030 2884 intentio,
1079 2819 1326 2886 brachia,
1375 2820 1690 2876 fortitudo:
1725 2820 1832 2877 hoc

167 2908 284 2972 est,
318 2909 384 2958 ut
413 2921 528 2960 non
559 2905 833 2960 deficiant
857 2906 1003 2961 bene
1033 2922 1221 2978 agere.

248 3012 278 3042 α
307 2990 527 3047 Dedisti
567 2994 710 3048 mihi
762 2995 1178 3065 protectionem
1229 2996 1439 3052 salutis
1481 3001 1615 3067 tuae,
1645 3017 1671 3048 ι»
1709 2998 1831 3053 Vox

163 3080 440 3137 Ecclesiae
472 3082 543 3137 ad
575 3080 911 3138 Christum.'
946 3084 1154 3139 Salutis
1180 3101 1192 3139 :
1227 3085 1369 3157 quia
1398 3086 1523 3157 ipse
1552 3090 1641 3141 est
1669 3086 1831 3141 salus

162 3174 394 3236 nostra,
426 3175 490 3225 ut
518 3170 660 3226 dicit
686 3190 699 3227 :
740 3173 964 3227 Domini
996 3178 1085 3229 est
1134 3173 1315 3244 salus,
1370 3196 1398 3224 »
1429 3173 1651 3230 Dedisti
1685 3176 1829 3230 mihi

662 589 880 645 Induite
936 607 1024 646 vos
1097 609 1255 648 arma
1312 595 1424 659 Dei,
1492 602 1543 649 et
1592 597 1847 663 gladium
1957 598 2154 649 terunt
2210 599 2387 661 stare,
2440 618 2469 645 ››

2550 595 2690 667 quia
2762 596 2946 666 iniqui
3008 601 3065 651 et
3132 598 3367 668 superbi
3426 600 3602 655 erecti

1953 684 2202 741 fuerant.
2236 707 2265 734 «
2324 684 2544 740 Cadent
2608 685 2817 740 subtus
2893 685 3068 756 pedes
3125 701 3305 756 meos,
3365 688 3485 744 sive
3539 694 3602 744 ut

1952 773 2218 840 adorent,
2248 773 2369 829 sive
2396 777 2462 831 ut
2488 772 2923 829 conculcentur.

2025 883 2053 912 ‹‹
2101 861 2406 918 Praecinxit
2462 878 2556 918 me
2609 863 2829 919 virtute
2879 863 2951 918 ad
3005 861 3244 931 bellum,
3307 885 3335 912 »
3396 872 3598 923 contra

1953 954 2222 1018 mortem,
2254 951 2373 1007 sive
2401 951 2701 1008 ministros
2732 952 2880 1023 ejus.
2915 974 2944 1001 «
2976 951 3330 1007 Praecinxisti
3361 969 3452 1008 me
3481 955 3597 1009 vir-

1951 1043 2095 1106 tute,
2151 1061 2179 1091 »
2233 1040 2290 1095 id
2342 1044 2430 1095 est
2478 1040 2839 1107 fortitudine,
2889 1045 3092 1095 contra
3139 1039 3460 1112 diabolum,
3506 1043 3596 1098 vel

1950 1131 2153 1182 contra
2182 1128 2296 1183 ista
2333 1128 2670 1200 supradicta
2713 1129 2870 1184 vitia.
2904 1151 2932 1178 ‹‹
2967 1128 3372 1202 Supplantasti
3403 1130 3597 1185 insur-

1948 1220 2149 1287 gentes
2180 1218 2239 1271 in
2271 1234 2365 1272 me
2411 1218 2616 1273 subtus
2665 1233 2779 1283 me,
2814 1240 2836 1266 ιι
2894 1216 3025 1273 illos
3073 1219 3175 1289 qui
3214 1235 3394 1290 super
3423 1222 3599 1291 caput

1948 1322 2144 1361 meum
2176 1305 2571 1377 erigebantur.

2021 1417 2049 1443 ‹‹
2109 1397 2177 1449 Et
2232 1394 2504 1449 inimicos
2560 1410 2722 1449 meos
2779 1394 2990 1450 dedisti
3052 1395 3196 1450 mihi
3255 1397 3517 1453 dorsum.
3564 1418 3594 1447 »

1948 1481 2272 1538 Noluerunt
2344 1483 2498 1538 enim
2575 1488 2909 1539 convertere
2994 1484 3199 1540 faciem
3272 1501 3442 1541 suam
3524 1488 3596 1542 ad

1949 1587 2056 1626 me.
2132 1592 2162 1621 «
2240 1573 2308 1627 Et
2382 1571 2755 1627 inimicorum
2829 1588 3092 1628 meorum
3169 1573 3381 1629 dedisti
3450 1575 3597 1629 mihi

1947 1659 2209 1717 dorsum.
2246 1682 2274 1710 ››
2306 1661 2533 1716 Inimici
2564 1661 2679 1716 mei
2710 1662 2950 1717 dorsum
2997 1663 3160 1729 dant,
3194 1663 3428 1733 quando
3459 1680 3596 1719 con-

1946 1749 2203 1821 fugiunt,
2235 1753 2294 1805 et
2324 1751 2559 1821 quando
2593 1755 2725 1823 post
2764 1767 2860 1806 me
2899 1751 3140 1806 vadunt.
3174 1773 3203 1801 «
3234 1752 3304 1806 Et
3332 1752 3597 1809 odientes

1948 1854 2041 1893 me
2100 1838 2521 1909 disperdidlsti.
2560 1862 2587 1888 »
2620 1840 2836 1895 Omnes
2866 1840 3138 1895 inimicos
3168 1839 3474 1897 Ecclesiae:
3505 1842 3596 1897 vel

1944 1926 2074 1999 ipsa
2099 1926 2240 1982 vitia
2268 1931 2324 1982 et
2353 1932 2591 1999 peccata
2636 1928 2986 2001 disperdidit
3030 1929 3203 1985 Deus.
3238 1952 3267 1980 «
3297 1930 3367 1985 Et
3395 1931 3596 1987 odien-

1944 2020 2031 2073 tes
2063 2033 2155 2071 me
2194 2016 2615 2088 disperdidisti.
2655 2038 2676 2066 ι
2729 2018 3144 2091 Unusquisque
3186 2018 3343 2075 enim
3374 2019 3432 2075 in
3464 2036 3593 2076 ma-

1943 2104 2072 2161 litia
2099 2122 2208 2160 sua
2235 2105 2539 2178 dispersus
2570 2110 2676 2162 est.

2020 2217 2041 2244 «
2077 2193 2506 2263 Clamaverunt,
2542 2211 2647 2251 nec
2674 2199 2798 2252 erat
2844 2196 2946 2268 qui
2976 2195 3168 2253 salvos
3212 2199 3427 2255 faceret
3453 2214 3591 2254 eos:

1943 2282 2015 2337 ad
2042 2284 2376 2351 Dominum,
2400 2300 2504 2340 nec
2520 2285 2814 2341 exaudivit
2829 2302 2948 2342 eos.
2975 2308 3003 2335 »
3022 2286 3168 2352 Quia
3182 2286 3405 2359 indigni
3427 2290 3595 2342 erant

1942 2372 2307 2429 exauditione
2339 2374 2485 2444 ejus.
2514 2372 2884 2430 Clamabunt.
2927 2376 3035 2439 Qui
3066 2374 3451 2431 clamabunt?
3479 2375 3589 2430 im-

1944 2460 2022 2532 pii
2053 2462 2369 2533 daamones,
2392 2466 2449 2517 et
2475 2462 2662 2517 Judaei
2693 2467 2749 2516 et
2768 2462 3021 2518 haeretici
3044 2463 3385 2518 clamabunt
3413 2463 3473 2518 in
3504 2465 3591 2518 fu-

1941 2552 2072 2604 turo
2095 2549 2357 2620 judicio:
2392 2573 2420 2601 «
2466 2552 2581 2606 Nec
2629 2551 2737 2606 erit
2788 2550 2888 2624 qui
2934 2551 3127 2607 salvos
3171 2551 3344 2607 faciat
3380 2568 3518 2621 eos;
3550 2571 3579 2603 η

1943 2638 2082 2709 quia
2110 2640 2345 2710 quando
2375 2639 2653 2695 clamavit
2678 2641 2832 2695 Deus
2863 2640 2934 2695 ad
2968 2639 3098 2696 illos
3120 2657 3223 2712 per
3252 2641 3586 2714 prophetas,

1940 2728 2026 2782 vel
2084 2745 2186 2801 per
2243 2729 2497 2800 reliquas
2563 2728 2915 2801 Scripturas,
2986 2730 3188 2786 audire
3236 2730 3583 2786 noluerunt:

1941 2820 2247 2889 propterea
2275 2816 2359 2871 illi
2405 2816 2761 2885 clamabunt,
2795 2823 2852 2873 et
2898 2835 3013 2873 non
3055 2817 3164 2873 erit
3193 2819 3291 2889 qui
3323 2818 3596 2874 exaudiat

1942 2921 2063 2971 eos,
2097 2910 2161 2972 ut
2191 2904 2463 2961 Salomon
2513 2906 2632 2962 ait:
2693 2908 2903 2973 Vocavi,
2949 2911 3001 2961 et
3036 2908 3343 2962 renuistis:
3372 2906 3598 2963 extendi

1936 3011 2170 3049 manum
2197 3011 2394 3059 meam,
2428 2998 2481 3049 et
2509 3010 2617 3050 non
2644 2998 2756 3066 [uit
2785 2996 2882 3066 qui
2907 2998 3169 3066 aspiceret
3193 2996 3373 3066 (Prov.
3408 3013 3446 3062 ι,
3476 2996 3588 3066 24).

1940 3083 2300 3154 Despexistis
2332 3099 2504 3137 omne
2543 3082 2855 3138 consilium
2906 3100 3126 3150 meum,
3156 3088 3212 3139 et
3241 3084 3588 3155 increpatio-

1940 3188 2044 3227 nes
2075 3188 2235 3227 meas
2274 3171 2631 3244 neglexistis.
2680 3175 2974 3245 Propterea
3018 3176 3067 3228 et
3109 3190 3208 3242 ego
3256 3176 3313 3228 in
3362 3175 3591 3229 interitu

164 3259 593 3331 protectionem
641 3259 850 3317 salutis
897 3265 1052 3329 tuae;
1105 3278 1178 3318 ne
1229 3263 1529 3334 opprimar
1555 3281 1590 3318 a
1632 3263 1825 3319 malis.
1860 3245 1902 3311 C
1940 3268 2111 3316 vestro
2151 3260 2358 3327 ridebo,
2406 3278 2536 3315 cum
2586 3261 2732 3316 vobis
2784 3261 2925 3334 quod
2969 3263 3243 3317 timebatis
3271 3279 3590 3333 supervene-

164 3372 195 3399 α
232 3352 304 3402 Et
357 3349 590 3404 dextera
642 3353 744 3405 tua
802 3350 1061 3422 suscepit
1117 3367 1231 3406 me.
1264 3372 1291 3402 ιι
1359 3353 1599 3407 Dextera
1641 3353 1829 3408 Patris

164 3437 446 3493 Christus
474 3443 582 3492 est.
617 3460 646 3487 «
695 3439 965 3511 Suscepit
1016 3455 1130 3506 me,
1170 3462 1198 3489 »
1243 3441 1562 3496 Ecclesiam
1606 3459 1707 3513 per
1734 3442 1828 3497 in-

165 3527 594 3583 carnationem.
619 3550 638 3577 α
667 3528 980 3600 Disciplina
996 3532 1097 3584 tua
1121 3530 1369 3585 correxit
1388 3547 1481 3586 me
1495 3530 1558 3585 in
1576 3531 1777 3587 ﬁnem.
1799 3554 1828 3581 »

163 3618 355 3681 Quem
386 3618 542 3671 enim
591 3616 783 3690 diligit
811 3618 1116 3685 Dominus,
1143 3618 1378 3690 corripit
1410 3620 1587 3691 (Hebr.
1620 3638 1723 3686 xu,
1749 3622 1824 3691 6).

163 3706 468 3779 Erigimur
514 3720 651 3778 ergo
703 3706 801 3778 qui
833 3706 996 3778 prius
1047 3723 1478 3776 corrueramus,
1527 3725 1663 3764 cum
1695 3710 1827 3765 caesi

162 3813 199 3851 a
258 3794 509 3850 Domino
570 3794 874 3849 fuerimus.
948 3796 1016 3850 Et
1070 3796 1338 3851 doctrina
1386 3802 1488 3851 tua
1546 3797 1675 3868 ipsa
1733 3814 1828 3853 me

162 3884 424 3940 docebit.
461 3906 487 3933 ››
537 3884 785 3939 Necesse
832 3888 924 3938 est
970 3884 1112 3938 dum
1162 3900 1371 3938 sumus
1419 3884 1532 3951 hic,
1576 3886 1686 3940 sub
1719 3886 1825 3941 do-

162 3974 361 4029 ctrina
412 3989 556 4029 esse.
615 3971 774 4027 Unde
822 3971 1039 4027 Paulus
1088 3972 1203 4026 ait:
1254 3974 1450 4030 Omnis
1490 3973 1701 4043 inquit,
1731 3974 1825 4030 do-

159 4065 351 4118 ctrina
381 4064 442 4116 in
465 4064 729 4133 presenti
772 4077 884 4117 non
928 4060 1144 4116 videtur
1184 4077 1299 4116 esse
1345 4061 1537 4132 gaudii
1572 4062 1663 4117 sed
1693 4079 1823 4117 mce-

158 4152 313 4207 roris
357 4151 448 4207 sed
488 4159 675 4223 postea
721 4153 783 4206 in
829 4152 1083 4220 futurum
1125 4150 1311 4207 reddit
1356 4152 1600 4222 fructum
1636 4152 1823 4222 pluri-

157 4258 323 4296 mum
350 4242 556 4311 (Hebr.,
587 4258 689 4295 xu.
723 4240 832 4310 11).

238 4353 268 4380 ‹‹
302 4330 571 4385 Dilatasti
615 4344 854 4401 gressus
918 4344 1081 4384 meos
1128 4330 1337 4384 subtus
1386 4345 1500 4384 me.
1537 4352 1559 4381 ι
1603 4329 1825 4386 Sensus

158 4418 473 4475 Ecclesiae:
510 4419 623 4473 sub
654 4433 764 4483 me,
798 4418 909 4473 sub
958 4422 1242 4489 potestate
1288 4417 1575 4473 Ecclesiae.
1610 4440 1639 4469 ‹‹
1669 4419 1824 4475 Dila-

159 4509 307 4564 tasti
352 4524 590 4581 gressus
640 4522 802 4562 meos
850 4507 1060 4561 subtus
1121 4521 1233 4575 me,
1270 4528 1298 4555 »
1344 4506 1402 4560 in
1438 4507 1825 4578 amplitudine

1938 3352 2033 3405 rit.
2076 3350 2453 3420 Subsannabo,
2501 3367 2625 3406 cum
2672 3352 2902 3406 irruerz't
2946 3367 3110 3421 super
3154 3366 3244 3405 vos
3299 3352 3591 3422 repentina

1937 3441 2249 3495 calamitas.
2302 3442 2444 3495 Tunc
2490 3440 2813 3496 invocabitis
2870 3455 2976 3504 me,
3025 3448 3075 3494 et
3130 3456 3240 3495 non
3293 3439 3591 3494 exaudiam

1939 3529 2097 3599 (Ibid.
2130 3530 2347 3601 26-29).

2012 3642 2039 3667 «
2076 3620 2144 3673 Et
2174 3604 2570 3674 comminuam
2605 3618 2757 3687 illos,
2790 3622 2857 3673 ut
2885 3617 3178 3690 pulverem
3218 3622 3354 3673 ante
3382 3618 3590 3673 faciem

1934 3708 2110 3762 venti.
2147 3730 2175 3756 »
2206 3730 2235 3758 ‹‹
2285 3708 2692 3763 Comminuam
2725 3706 2877 3775 illos,
2930 3730 2959 3757 ››
2992 3707 3049 3762 id
3082 3711 3189 3774 est,
3221 3706 3354 3761 illos
3385 3724 3591 3780 supra-

1937 3797 2123 3853 dictos
2154 3797 2397 3852 affectus
2447 3797 2710 3852 carnales
2758 3814 2862 3869 pro
2909 3793 3093 3851 nihilo
3125 3796 3430 3852 deducam.
3466 3820 3493 3846 «
3528 3796 3594 3852 Et

1937 3884 2518 3955 comminuamillos,
2544 3890 2608 3939 ut
2629 3884 2925 3956 pulverem
2958 3890 3090 3940 ante
3111 3885 3319 3940 faciem
3341 3885 3494 3939 venti
3522 3910 3537 3952 ;
3562 3908 3589 3934 ››

1936 3975 2076 4047 quia
2104 3973 2251 4028 aridi
2281 3979 2337 4030 et
2366 3974 2490 4029 sine
2514 3974 2700 4030 imbre
2751 3973 3161 4029 misericordiae
3192 3973 3429 4027 fuerunt
3456 3989 3591 4044 pro-

1928 4062 2091 4133 jecti,
2125 4067 2184 4118 et
2212 4063 2558 4118 comminuti
2592 4068 2733 4119 sunt
2763 4063 2817 4117 in
2868 4063 3141 4135 superbia
3172 4078 3299 4130 sua,
3331 4066 3390 4116 et
3419 4060 3588 4132 quasi

1937 4150 2131 4222 pulvis
2160 4152 2348 4223 campi
2375 4152 2642 4225 dispersi.
2672 4175 2697 4203 «
2725 4151 3004 4207 Utlutum
3028 4150 3353 4222 platearum
3386 4149 3589 4206 delebo

1937 4256 2057 4311 eos,
2094 4263 2120 4288 »
2152 4242 2209 4295 in
2244 4241 2484 4297 modum
2518 4240 2741 4296 turbidi
2774 4240 2899 4295 luti.

2014 4352 2033 4377 α
2071 4328 2239 4401 Eripe
2271 4346 2363 4384 me
2394 4330 2465 4385 de
2513 4328 3073 4385 contradictionibus
3120 4327 3340 4401 populi,
3373 4328 3593 4385 consti-

1936 4422 2066 4472 tues
2100 4434 2190 4472 me
2241 4419 2300 4471 in
2344 4422 2521 4488 caput
2568 4418 2855 4489 gentium.
2902 4438 2929 4466 »
2982 4416 3103 4472 Vox
3133 4417 3344 4472 Christi
3379 4419 3451 4473 ad
3483 4419 3589 4474 Pa-

1934 4505 2408 4576 tremz'Eripies
2468 4522 2561 4561 me
2617 4507 2689 4561 de
2765 4506 3331 4560 contradictionibus
3390 4504 3589 4577 pepuli

161 4597 476 4654 charitatis
525 4602 657 4652 tuas.
699 4618 720 4645 α
768 4596 838 4650 Et
884 4612 1002 4649 non
1051 4599 1192 4649 sunt
1240 4594 1537 4649 infirmata
1582 4596 1827 4668 vestigia
1855 4611 1902 4674 D
1933 4593 2185 4663 Judaici,
2222 4594 2460 4665 utique:
2511 4594 2650 4665 quia
2697 4612 2831 4649 cum
2884 4594 3064 4665 aliqui
3104 4594 3381 4661 dicerent,
3419 4594 3593 4648 Verax

158 4703 387 4743 mea.»
438 4686 709 4758 Vestigia,
743 4683 1007 4752 exemplo
1054 4681 1346 4748 Ecclesiae,
1396 4700 1511 4738 non
1560 4689 1699 4738 sunt
1728 4684 1817 4739 in-

160 4778 463 4832 ﬁrmataa
509 4774 983 4830 successoribus:
1036 4772 1176 4844 quia
1225 4772 1496 4831 impressi
1526 4774 1825 4844 sequenti-

160 4867 281 4921 bus
316 4881 426 4920 me.
455 4864 600 4919 Hinc
629 4881 735 4918 vox
763 4861 977 4918 Christi
1014 4866 1145 4932 post
1174 4862 1679 4916 resurrectionem.

239 4975 269 5003 ‹‹
304 4954 627 5024 Persequar
676 4952 944 5006 inimicos
993 4967 1176 5015 meos,
1228 4954 1285 5005 et
1331 4950 1822 5021 comprehendam

160 5043 321 5098 illos.
359 5064 385 5090 »
413 5042 647 5096 Judaaos
679 5040 902 5111 utique,
957 5039 1057 5110 qui
1090 5039 1139 5093 ei
1171 5039 1391 5109 injuste
1432 5038 1653 5093 inimici
1685 5044 1825 5094 sunt

160 5132 327 5187 facti.
386 5129 489 5184 Vel
548 5130 753 5184 aliter:
834 5131 1153 5201 Persequar
1218 5128 1487 5183 inimicos
1546 5143 1728 5195 meos,
1794 5151 1821 5179 ››

159 5220 414 5275 affectus
443 5218 723 5274 carnales.
752 5242 773 5269 ι
812 5219 882 5273 Et
927 5217 1418 5288 comprehendam
1466 5216 1619 5283 illos,
1652 5236 1678 5266 π
1718 5234 1818 5271 an-

160 5312 404 5378 tequam
436 5321 541 5377 ego
573 5306 1033 5376 comprehendar
1082 5306 1152 5359 ab
1184 5304 1323 5360 illis.
1382 5328 1402 5353 α
1441 5306 1508 5360 Et
1538 5321 1653 5360 non
1682 5322 1820 5361 con-

159 5400 364 5452 vertar
425 5395 607 5450 donec
673 5394 966 5458 deficiant,
1029 5415 1058 5445 ››
1130 5397 1238 5451 etc.
1318 5394 1443 5449 Non
1520 5399 1823 5449 convertar

158 5501 431 5558 pugnare
488 5488 689 5539 contra
744 5482 914 5537 illos:
948 5482 1035 5537 vel
1081 5499 1194 5538 non
1254 5488 1556 5538 convertar
1610 5485 1680 5537 ab
1714 5483 1821 5537 hac

159 5574 493 5629 intentione
539 5573 721 5627 donec
769 5570 1062 5636 deﬁciant,
1112 5572 1230 5626 sive
1263 5589 1298 5627 a
1346 5571 1591 5639 malitia,
1640 5571 1759 5626 sive
1789 5588 1823 5625 a

159 5662 623 5734 cogitationibus
648 5661 856 5733 pravis.
881 5660 1150 5731 Affligam
1173 5659 1379 5716 illosin
1398 5661 1600 5716 multis
1622 5659 1821 5729 malis,

1932 4687 2010 4737 est
2029 4703 2049 4737 .-
2082 4682 2163 4736 illi
2216 4683 2502 4738 contrario
2555 4683 2845 4749 dicebant,
2896 4683 3053 4738 Non:
3090 4682 3183 4736 sed
3233 4682 3439 4736 seducit
3471 4686 3588 4736 tur-

1935 4772 2062 4827 bam
2090 4772 2267 4842 (Joan.
2301 4788 2399 4837 vn,
2433 4773 2541 4843 12).
2601 4774 2749 4827 Erue
2779 4787 2871 4825 me
2920 4772 2992 4826 de
3035 4769 3153 4825 illis
3193 4769 3426 4842 populis
3458 4769 3587 4824 inﬁ-

1935 4860 2166 4915 delibus
2188 4860 2286 4931 qui
2312 4860 2455 4914 mihi
2480 4859 2905 4916 contradicunt.
2932 4860 3019 4914 Tu
3046 4875 3182 4914 erue
3211 4876 3245 4913 a
3264 4858 3483 4913 Judaais
3505 4859 3590 4913 in-

1936 4948 2226 5019 ﬁdelibus,
2251 4954 2308 5003 et
2329 4964 2529 5003 eorum
2556 4953 2751 5020 caput,
2774 4949 2831 5003 id
2860 4952 2970 5014 est,
2992 4948 3254 5019 gentium
3279 4946 3584 5003 constitue.

2005 5037 2298 5109 «Populus
2329 5054 2503 5107 quem
2549 5053 2661 5092 non
2708 5037 2949 5109 cognovi
2998 5036 3231 5091 servivit
3262 5034 3427 5090 mihi.
3465 5059 3485 5085 n
3524 5037 3585 5091 Id

1933 5130 2039 5193 est,
2075 5130 2277 5199 gentes
2325 5143 2450 5197 quas
2499 5142 2591 5180 me
2643 5142 2759 5180 non
2807 5130 3201 5196 cognoverunt
3250 5141 3438 5196 neque
3487 5142 3589 5197 per

1934 5215 2130 5283 ﬁdem,
2181 5231 2370 5286 neque
2419 5232 2519 5286 per
2567 5214 2776 5286 legem,
2830 5215 3080 5269 servient
3128 5213 3292 5268 mihi.
3329 5214 3584 5286 Populus

1933 5320 2108 5374 quem
2144 5320 2260 5358 non
2292 5303 2531 5375 cognovi
2576 5303 2785 5358 serviet
2833 5302 2998 5357 mihi.
3049 5302 3395 5374 Ignorabam
3424 5304 3583 5358 enim

1932 5408 2088 5457 eum,
2121 5408 2255 5446 cum
2284 5391 2458 5447 idolis
2488 5392 2763 5446 serviret:
2817 5408 2973 5446 nunc
3016 5391 3281 5459 credens,
3314 5392 3583 5463 cognitus

1931 5498 1997 5536 ac
2029 5481 2285 5536 serviens
2318 5482 2508 5536 factus
2538 5486 2626 5534 est
2657 5479 2822 5533 mihi.
2862 5502 2881 5527 ι
2919 5481 2978 5534 In
3026 5480 3229 5535 auditu
3262 5481 3421 5535 auris
3446 5482 3584 5535 obe-

1931 5569 2072 5625 divit
2104 5570 2269 5624 mihi.
2306 5592 2333 5619 »
2365 5569 2767 5624 Obaudierunt
2795 5567 2938 5623 mihi
2986 5569 3250 5637 auribus,
3295 5569 3434 5640 quia
3464 5586 3580 5624 non

1929 5659 2199 5713 viderunt
2227 5657 2541 5726 mirabilia,
2574 5674 2764 5729 neque
2816 5674 3007 5713 meam
3052 5658 3422 5728 praesentiam
3454 5674 3580 5711 cor-
