3964 6190
358 355 473 415 923

1852 344 2277 410 APPENDIX.‘

3654 344 3767 406 924

359 485 634 558 poralem.
659 486 863 540 Postea
883 485 1212 553 audierunt,
1237 490 1293 541 et
1313 487 1708 543 crediderunt.
1734 482 2002 538 Imbnen-
2035 482 2088 546 Α
2120 483 2300 532 Deum
2348 478 2579 531 Patrem
2629 474 2929 547 loquitur;
2980 473 3123 546 quia
3167 473 3472 530 sanitatem
3521 474 3688 542 facit,
3719 464 3778 529 ει

357 576 513 629 tibus
553 573 1032 645 praedicatoribus
1080 576 1301 647 accepit
1350 576 1606 631 Ecclesia
1653 589 1853 628 aurem
1886 570 2004 640 spi-

355 661 622 719 ritualem
649 681 660 717 :
688 679 804 733 qua
820 663 1149 736 intelligens
1171 664 1461 720 custodiat
1480 666 1766 736 pracepta
1787 660 2002 715 divina.

429 794 457 821 α
488 770 615 825 Filii
648 768 843 825 alieni.
884 792 903 817 ι
942 770 1059 825 Hoc
1089 770 1243 825 idem
1275 776 1331 825 et
1352 772 1536 826 Isaias
1566 769 1861 840 loquitur:
1902 768 2008 821 Vae-

354 862 506 931 genti
550 859 844 930 peccatrici
889 858 1026 927 ﬁliis
1070 859 1279 914 alienis
1325 859 1527 930 populo
1577 858 1740 929 pleno
1776 856 2010 927 peccatis

359 950 488 1021 (lsa.
524 966 561 1018 ι,
595 948 669 1017 4).
704 947 958 1018 Antiquo
991 948 1289 1014 vocabulo,
1335 945 1521 1003 Judai
1550 945 1651 1000 filii
1683 945 1781 1001 Dei
1812 941 2007 1015 appel-

360 1037 471 1093 lati
493 1041 632 1092 sunt
657 1053 668 1089 :
695 1036 795 1091 sed
818 1034 1073 1102 alienati,
1108 1036 1244 1107 quia
1270 1035 1373 1091 filii
1396 1033 1609 1090 diaboli
1640 1033 1824 1089 effecti
1848 1034 2007 1087 sunt.

359 1128 429 1182 Et
458 1126 610 1181 idem
641 1124 851 1189 Judai,
876 1140 1124 1195 quorum
1151 1129 1317 1196 pater
1338 1123 1606 1180 diabolus
1636 1127 1758 1178 est:
1794 1143 1822 1170 «
1856 1120 2011 1175 Men-

358 1214 449 1270 titi
476 1221 613 1269 sunt
644 1213 810 1282 mihi,
838 1236 857 1261 ι
895 1213 1031 1284 quia
1052 1213 1108 1267 in
1143 1212 1381 1268 veritate
1403 1230 1516 1267 non
1550 1213 1840 1266 steterunt
1859 1209 2013 1264 sicut

359 1308 417 1359 et
443 1308 604 1375 pater
633 1287 853 1357 eorum.
900 1324 927 1351 «
982 1301 1107 1356 Filii
1153 1301 1325 1356 alieni
1372 1302 1766 1356 inveterarunt
1795 1316 1809 1365 ;
1844 1320 1872 1347 »
1904 1298 2012 1352 hoc

359 1397 468 1459 est,
502 1391 639 1463 quia
670 1391 799 1445 novi
847 1390 1104 1445 hominis
1155 1407 1269 1446 non
1302 1393 1643 1462 receperunt
1671 1388 2004 1453 adventum,

359 1483 419 1535 in
440 1482 616 1536 veteri
638 1479 876 1535 homine
896 1483 1364 1550 permanserunt.
1400 1500 1420 1527 ι
1449 1479 1516 1532 Et
1540 1476 2011 1532 claudicaverunt

357 1588 392 1626 a
417 1569 646 1625 semitis
668 1569 814 1624 suis.
852 1589 878 1616 »
901 1567 1283 1622 Claudicant:
1319 1567 1460 1638 quia
1482 1566 1714 1621 Patrem
1745 1564 2011 1629 credunt,

359 1662 416 1714 et
446 1657 655 1714 Filium
710 1673 823 1712 non
874 1656 1137 1711 credunt.
1192 1655 1382 1711 Unum
1432 1654 1639 1726 pedem
1687 1653 1923 1719 habent,
1959 1656 2016 1708 et

358 1747 539 1802 alium
575 1762 687 1800 non
720 1744 974 1800 habent:
1008 1744 1145 1799 inde
1168 1743 1502 1799 claudicant
1529 1744 1589 1797 in
1621 1741 1766 1814 legis
1798 1740 2010 1797 littera.

359 1839 483 1890 Vox
512 1832 802 1889 Ecclesiae.

432 1962 461 1991 «
491 1939 645 1994 Vivit
673 1939 973 1996 Dominus.
1005 1961 1032 1992 ι)
1068 1943 1250 2007 Quem
1284 1941 1342 1996 in
1375 1939 1643 2013 sepulcro
1674 1939 1784 1995 sub
1815 1938 2008 2012 signa-

361 2028 627 2085 culorum
676 2028 963 2111 positione
1019 2030 1366 2085 clauserant.
1418 2032 1481 2085 Et
1530 2029 1831 2085 benedictus
1868 2034 2012 2085 Deus

358 2135 508 2174 meus
557 2135 591 2173 a
638 2122 750 2174 Deo
798 2121 986 2174 Patre.
1060 2120 1197 2175 Vivit
1265 2121 1553 2190 Dominus,
1610 2123 1660 2174 et
1708 2118 2013 2175 benedictus

361 2208 620 2264 Dominus
652 2213 799 2263 Deus
826 2225 1002 2264 meus.
1046 2209 1344 2280 Numquid
1394 2213 1561 2264 antea
1594 2224 1708 2263 non
1736 2205 2013 2262 vivebat?

361 2299 472 2353 Sed
532 2298 641 2353 hoc
696 2315 799 2369 pro
856 2298 1257 2353 incarnatione
1323 2298 1502 2352 dicit:
1567 2297 1719 2352 sicut
1773 2300 2013 2351 sanctus

362 2384 580 2440 Paulus
605 2385 782 2439 dicit:
821 2386 923 2452 Qui
970 2392 1222 2440 mortuus
1273 2389 1355 2440 est
1390 2385 1464 2439 ad
1513 2390 1721 2455 tempus
1751 2401 1821 2439 ea:
1848 2385 2016 2454 inﬁr-

363 2473 552 2525 mitate
580 2474 779 2541 carnis,
826 2472 922 2526 sed
968 2473 1101 2526 vivit
1145 2488 1218 2526 ex
1262 2474 1461 2527 virtute
1511 2474 1607 2527 Dei
1638 2473 1710 2543 (ΙΙ
1738 2471 1857 2527 Cor.
1890 2488 2010 2538 xm,

367 2559 440 2625 4).
471 2560 592 2613 Jam
622 2561 773 2613 enim
818 2575 928 2614 non
971 2562 1227 2630 moritur,
1274 2577 1421 2616 mors
1464 2562 1554 2615 illi
1598 2562 1748 2616 ultra
1783 2577 1893 2615 non
1921 2561 2012 2616 clo-

364 2647 672 2702 minabitur
699 2649 981 2719 (Rom/v1.
1013 2650 1089 2717 9).
1142 2672 1170 2698 «
1204 2653 1269 2702 Et
1311 2649 1593 2704 exaltetur
1621 2649 1774 2704 Deus
1805 2648 2016 2704 salutis

368 2752 528 2791 mea.
568 2759 588 2785 ι
622 2737 746 2791 Vox
776 2736 1041 2792 Ecclesia
1071 2739 1143 2792 ad
1193 2737 1528 2793 Christum:
1578 2738 1723 2804 Quia
1751 2738 2016 2792 Christus

365 2824 653 2880 exaltatus
684 2830 771 2881 est
795 2826 854 2881 in
880 2826 1254 2882 Ascensione.
1288 2826 1390 2882 Vel
1420 2826 1588 2882 aliter
1616 2845 1628 2882 :
1663 2850 1689 2876 ‹‹
1725 2825 2019 2881 Exaltetur

367 2914 520 2969 Deus
549 2913 756 2970 salutis
806 2932 984 2982 mea;
1020 2937 1047 2963 »
1093 2918 1152 2970 in
1202 2932 1294 2971 me
1328 2932 1560 2987 semper
1606 2915 1871 2971 excelsus
1901 2915 2013 2969 sit:

367 3004 537 3074 cujus
567 3004 793 3060 vocatio
835 3003 997 3059 salus
1045 3020 1176 3060 mea
1204 3010 1330 3060 est:
1380 3022 1453 3060 ne
1496 3005 1819 3077 quidquam
1851 3004 1922 3059 de
1950 3019 2016 3059 eo

363 3091 475 3147 vile
507 3094 779 3148 sentiam.

439 3223 466 3248 ‹‹
503 3199 677 3270 Deus,
712 3200 813 3271 qui
856 3200 962 3256 das
1008 3200 1323 3256 vindictam
1359 3201 1524 3270 mihi,
1559 3223 1588 3251 »
1633 3202 2021 3263 subvertendo
2052 3211 2095 3278 α

368 3288 602 3344 Judaos
627 3306 639 3344 :
668 3287 756 3345 vel
788 3289 982 3361 ipsum
1023 3290 1367 3345 traditorem
1407 3290 1644 3345 Judam.
1677 3288 1778 3345 Vel
1809 3291 2016 3358 aliter;

368 3401 396 3426 ‹‹
428 3382 598 3444 Deus,
650 3378 750 3449 qui
800 3378 905 3433 das
955 3377 1268 3433 vindictam
1317 3378 1482 3432 mihi.
1519 3401 1547 3427 »
1595 3378 1716 3434 Vox
1751 3378 2018 3434 Ecclesia

368 3466 439 3519 ad
472 3465 791 3521 Christum.
824 3467 990 3521 Dedit
1036 3466 1188 3521 Deus
1237 3470 1621 3537 potestantem
1656 3466 1919 3522 Ecclesia
1950 3466 2019 3521 li-

368 3555 543 3625 gandi
601 3559 659 3609 et
715 3553 997 3620 solvendi,
1058 3559 1114 3610 et
1170 3554 1542 3626 disciplinam
1609 3556 1896 3622 faciendi;
1957 3561 2022 3611 ut

369 3642 575 3696 habuit
606 3646 951 3713 potestatem
984 3643 1187 3697 Petrus
1233 3648 1290 3697 et
1320 3643 1558 3708 Paulus,
1607 3660 1708 3714 per
1737 3643 2017 3715 Spiritum

374 3730 637 3785 Domini:
700 3729 853 3785 sicut
902 3730 1081 3786 dixit:
1142 3733 1269 3787 Ecce
1324 3731 1449 3786 dedi
1501 3732 1651 3786 vobis
1703 3736 2021 3803 potestatem

369 3819 580 3874 calcare
629 3835 794 3889 super
837 3823 1114 3891 serpentes
1164 3824 1215 3873 et
1258 3821 1570 3888 scorpiones
1617 3824 1666 3875 et
1708 3838 1874 3893 super
1901 3839 2019 3875 0m-

368 3925 496 3963 nem
525 3910 782 3963 virtutem
824 3908 1041 3963 inimici
1090 3909 1239 3979 (Luc.
1289 3926 1347 3974 x,
1380 3910 1489 3979 19.)
1540 3932 1567 3959 «
1612 3915 1678 3964 Et
1707 3911 2022 3966 subdidisti

368 3998 615 4069 populos
646 3997 754 4053 sub
779 4014 891 4067 me,
918 4020 945 4046 »
978 3997 1087 4052 sub
1110 4001 1392 4068 potestate
1413 3997 1696 4063 Ecclesia,
1721 4000 1792 4053 ad
1827 4016 2025 4071 regen-

371 4088 513 4141 dum
545 4092 746 4159 gentes
770 4085 1119 4142 incredulas.
1155 4109 1182 4136 ς(
1216 4086 1516 4141 Liberator
1547 4103 1712 4142 meus
1737 4087 2022 4143 Dominus

371 4177 442 4231 de
498 4176 772 4247 gentibus
830 4174 1168 4241 iracundis;
1229 4173 1493 4229 Christus
1552 4175 1610 4229 in
1672 4175 1944 4246 passione
1991 4194 2025 4231 a

366 4264 585 4319 Judais
616 4264 1045 4319 clamantibus:
1098 4259 1403 4335 Cruciﬁge,
1456 4263 1730 4336 cruciﬁge
1780 4280 1937 4329 eum,
1968 4269 2025 4320 et

369 4353 621 4408 Ecclesia
670 4352 971 4419 harelicis,
1031 4358 1088 4407 et
1136 4354 1336 4407 anima
1397 4352 1469 4407 ab
1522 4352 1811 4408 universis
1842 4353 2023 4421 vitiis,

367 4459 493 4514 qua
529 4441 839 4513 appellavit
870 4446 1094 4512 gentes.

2043 1849 2093 1914 B

2119 566 2368 621 salutem
2417 581 2520 637 per
2566 563 2851 636 singulos,
2912 562 3050 634 quia
3100 562 3330 618 animas
3378 563 3629 618 attrahit
3677 580 3782 635 per

2119 654 2614 727 pradicationem,
2648 657 2714 707 ut
2751 653 2828 707 sit
2877 652 3038 707 salus
3087 653 3473 722 credentium,
3519 653 3627 724 qui
3661 668 3783 708 cre-

2119 745 2266 799 dunt
2295 742 2354 796 in
2387 741 2638 798 salutem
2671 742 2824 814 regis
2864 741 3073 813 ipsius.
3109 763 3130 790 α
3182 741 3252 797 Et
3283 740 3504 797 faciens
3535 742 3782 797 miseri-

2120 832 2377 887 cordiam
2436 830 2667 886 Christo
2726 846 2832 885 suo
2876 829 3078 895 David,
3110 849 3136 880 ω
3202 829 3311 885 hoc
3348 835 3438 884 est
3470 830 3781 902 unigenito

2120 937 2247 977 suo.
2307 919 2484 975 David
2543 936 2719 975 manu
2771 920 2932 989 fortis
2984 918 3421 991 interpretatur,
3479 920 3643 989 quod
3692 926 3782 975 est

2118 1008 2407 1064 Christus.
2441 1030 2469 1057 «
2501 1009 2572 1063 Et
2594 1007 2806 1063 semini
2828 1007 2958 1078 ejus
2988 1022 3176 1077 usque
3194 1006 3256 1061 in
3276 1006 3476 1062 ﬁnem.
3504 1030 3532 1056 »
3564 1008 3778 1063 Semen

2120 1100 2271 1169 ejus,
2321 1098 2430 1153 hoc
2478 1099 2617 1153 sunt
2664 1096 2851 1152 sancti
2898 1098 3047 1167 ejus.
3104 1096 3260 1151 Facit
3304 1096 3779 1152 misericordiam

2121 1187 2406 1242 Dominus
2437 1202 2668 1259 semper
2708 1202 2843 1240 cum
2893 1185 3112 1241 sanctis
3143 1185 3267 1240 suis
3313 1186 3442 1241 sine
3483 1185 3624 1239 ﬁne.
3658 1208 3688 1233 er
3719 1186 3784 1239 Et

2123 1275 2342 1331 faciens
2375 1274 2831 1331 misericordiam
2853 1274 3082 1330 Christo
3104 1291 3230 1341 suo,
3264 1274 3447 1330 David
3480 1280 3540 1329 et
3571 1274 3783 1329 semini

2123 1365 2254 1436 ejus
2286 1381 2473 1436 usque
2505 1364 2565 1419 in
2599 1363 2902 1431 saculum,
2936 1385 2965 1413 ν
2994 1363 3108 1435 ipsi
3158 1362 3464 1418 mediatori
3492 1363 3650 1418 Jesu
3679 1364 3783 1418 Do-

2123 1454 2304 1521 mino,
2366 1457 2424 1508 et
2479 1452 2694 1525 populo
2751 1451 3165 1517 ecclesiastico,
3226 1451 3325 1523 qui
3385 1467 3489 1522 per
3537 1452 3781 1506 verbum

2124 1543 2253 1612 ejus
2301 1541 2566 1597 credidit.
2626 1542 2757 1613 Ipse
2812 1539 3170 1597 fortissimus
3228 1539 3508 1595 liberator
3563 1557 3679 1595 nos
3720 1541 3783 1594 ab

2123 1631 2232 1686 hoc
2264 1631 2493 1686 mundo
2538 1630 2812 1703 dignetur
2867 1645 3088 1695 eruere,
3149 1632 3206 1684 et
3255 1627 3315 1682 in
3370 1629 3488 1684 ﬁde
3519 1628 3783 1684 stabilire

2122 1736 2226 1792 per
2254 1719 2654 1792 Evangelium,
2680 1719 2818 1790 quia
2847 1719 2961 1791 ipsi
2990 1718 3179 1791 gloria
3202 1722 3260 1773 et
3280 1717 3631 1789 imperium,
3655 1734 3783 1773 cum

2124 1812 2337 1864 aterno
2370 1808 2536 1863 Patre
2584 1812 2641 1864 et
2684 1807 2907 1878 Spiritu
2939 1811 3163 1878 sancto,
3210 1807 3272 1862 in
3319 1810 3536 1862 cuncta
3572 1805 3783 1862 saeuis

2122 1897 2489 1953 saculorum.
2520 1898 2720 1953 Amen.

2664 1980 2991 2068 rssLMUs
3028 2011 3222 2067 XVIII.

2122 2102 2186 2156 In
2235 2103 2400 2171 ﬁnem
2425 2102 2671 2172 psalmus
2721 2101 2914 2172 David.
2965 2100 3235 2156 Psalmus
3280 2116 3483 2155 vocem
3517 2100 3779 2172 continet

2194 2171 2484 2244 propheta
2515 2173 2586 2244 de
2613 2171 2860 2244 Christo
2908 2172 3220 2243 loquentis.
3263 2172 3378 2244 Iste
3416 2171 3692 2243 psalmus
3722 2173 3776 2226 in

2197 2242 2445 2314 persona
2492 2242 2707 2315 Christi
2757 2242 3025 2298 cantatur
3074 2260 3176 2315 per
3218 2242 3594 2315 prophetam,
3638 2244 3779 2298 etin

2196 2332 2446 2387 persona
2476 2314 2760 2370 Ecclesia.

2196 2453 2225 2480 «
2258 2431 2391 2486 Coeli
2423 2435 2698 2486 enarrant
2727 2430 2974 2502 gloriam
3024 2430 3146 2500 Dei,
3177 2453 3206 2481 ››
3237 2436 3347 2487 etc.
3382 2431 3464 2485 Ex
3495 2429 3782 2485 creaturis

2124 2525 2551 2591 consequenter
2600 2519 2837 2575 Creator
2883 2520 3240 2592 agnoscitur.
3298 2518 3518 2574 Aliter:
3554 2541 3587 2566 «
3649 2516 3783 2573 Caeli

2124 2614 2398 2665 enarrant
2452 2607 2697 2680 gloriam
2754 2608 2895 2676 Dei;
2927 2612 3083 2664 terra
3113 2625 3226 2663 non
3266 2612 3457 2680 potest
3485 2622 3781 2662 enarrare.

2125 2698 2461 2754 Secundum
2490 2697 2796 2753 historiam
2828 2696 3035 2753 calum
3084 2701 3142 2752 et
3188 2701 3344 2752 terra
3392 2711 3525 2751 cum
3562 2696 3785 2750 cateris

2128 2786 2412 2841 creaturis
2443 2785 2568 2841 suis
2593 2784 2839 2857 gloriam
2870 2786 2971 2841 Dei
3021 2790 3281 2854 narrant,
3313 2789 3378 2839 ut
3407 2784 3492 2839 ait
3523 2783 3780 2838 Paulus:

2124 2876 2232 2930 Per
2285 2891 2349 2930 ea
2406 2890 2524 2945 qua
2576 2876 2723 2945 facta
2789 2883 2938 2937 sunt,
3014 2875 3288 2929 intellecta
3365 2873 3786 2945 conspiciuntur

2130 2965 2305 3035 (Rom.
2338 2981 2377 3019 I.
2420 2965 2550 3031 20):
2600 2962 2658 3018 id
2700 2967 2807 3031 est,
2859 2963 2931 3018 ab
2980 2962 3447 3035 intelligentibus
3492 2961 3785 3017 intellecta

2124 3052 2585 3125 conspiciuntur.
2609 3052 2830 3107 Caium
2850 3052 2980 3121 hoc,
3009 3056 3099 3108 est
3124 3053 3589 3107 ﬁrmamentum.
3625 3050 3783 3106 Unde

2132 3142 2315 3198 dixit:
2348 3143 2411 3197 Et
2464 3143 2647 3215 posuit
2700 3146 2847 3198 Deus
2893 3143 3299 3212 ﬁrmamentum
3346 3142 3501 3196 inter
3541 3139 3784 3195 medium

2131 3248 2421 3304 aquarum,
2452 3230 2507 3286 id
2556 3237 2635 3286 est
2688 3231 2883 3286 calum
2939 3229 3090 3302 (Gen.
3121 3248 3159 3301 I,
3204 3230 3279 3301 7).
3342 3228 3528 3285 Aliter
3577 3244 3786 3284 secun-

2131 3321 2272 3375 dum
2322 3335 2601 3376 sensum:
2652 3318 2788 3374 Gali
2836 3318 3103 3390 apostoli,
3152 3323 3211 3374 et
3256 3318 3413 3390 quod
3460 3321 3551 3373 est
3581 3316 3783 3388 gloria,

2130 3408 2239 3464 hoc
2269 3412 2358 3464 est
2387 3425 2535 3480 opus
2561 3425 2573 3464 :
2605 3412 2664 3464 et
2693 3408 2849 3479 quod
2881 3413 2972 3464 est
3001 3412 3258 3478 narrant,
3293 3407 3403 3462 hoc
3434 3411 3526 3461 est
3552 3422 3786 3461 annun-

2132 3497 2317 3553 tiant:
2352 3496 2490 3570 quia
2518 3498 2836 3569 pradicant
2881 3496 3127 3569 gloriam
3167 3497 3291 3553 Dei.
3334 3496 3401 3552 Et
3429 3500 3497 3550 ut
3527 3496 3787 3550 sciamus

2130 3587 2269 3658 quia
2299 3586 2408 3641 hoc
2436 3591 2527 3641 est
2556 3587 2994 3643 ﬁrmamentum
3041 3586 3195 3658 quod
3227 3589 3285 3640 et
3309 3583 3523 3640 calum
3556 3584 3704 3639 dicit
3728 3583 3785 3637 in

2131 3675 2379 3742 Genesi;
2431 3677 2495 3730 Et
2561 3676 2860 3747 appellavit
2923 3677 3064 3731 Deus
3131 3677 3546 3747 [irritamentum
3591 3674 3787 3728 calum

2132 3764 2290 3837 (Ibid.
2338 3764 2415 3836 8).
2460 3766 2823 3819 Annuntiant.
2877 3764 3042 3819 Unde
3084 3770 3143 3820 et
3191 3762 3475 3818 Dominus
3506 3763 3580 3817 ad
3615 3761 3786 3817 disci~

2133 3853 2340 3925 pulos:
2405 3853 2605 3908 Omnia
2668 3868 3008 3924 quaecunque
3075 3852 3269 3908 audivi
3321 3868 3360 3907 a
3416 3853 3586 3906 Patre
3651 3866 3783 3915 meo,

2131 3945 2466 3999 annuntiavi
2492 3944 2642 3999 vobis
2672 3944 2831 4014 (Joan
2859 3960 2951 4013 xv,
2980 3943 3087 4011 15).

2206 4054 2235 4080 ‹‹
2270 4033 2402 4089 Dies
2448 4032 2563 4088 diei
2593 4036 2817 4087 eructat
2844 4032 3110 4095 verbum,
3142 4035 3199 4085 et
3238 4047 3353 4086 nox
3381 4031 3539 4086 nocti
3572 4030 3789 4085 indicat

2133 4120 2461 4176 scientiam.
2491 4141 2519 4171 ››
2556 4119 2724 4175 Paria
2753 4119 2995 4191 paribus
3034 4120 3253 4191 retulit,
3298 4119 3451 4190 quod
3485 4136 3557 4173 ex
3588 4118 3790 4174 ordine

2131 4213 2460 4280 temporum
2496 4209 2565 4263 ad
2609 4208 2711 4264 Dei
2759 4207 2949 4281 magis
2995 4208 3260 4263 notitiam
3292 4208 3727 4280 perveniamus.
3762 4231 3785 4253 υ

2133 4298 2262 4352 Dies
2319 4297 2429 4352 diei
2484 4302 2709 4353 eructat
2757 4298 3018 4363 verbum,
3079 4303 3137 4353 et
3192 4314 3303 4354 nox
3361 4298 3519 4352 nocti
3573 4298 3790 4353 indicat

2134 4386 2457 4442 scientiam.
2489 4405 2516 4437 ι
2572 4386 2707 4441 Dies
2756 4386 3069 4441 hesternus
3116 4385 3269 4441 diem
3301 4386 3659 4442 hodiernum
3685 4403 3787 4440 an-

2134 4472 2444 4545 nuntiavit,
2498 4479 2558 4530 et
2633 4474 2951 4531 hodiernus
3025 4474 3150 4529 dies
3225 4473 3551 4529 crastinum
3612 4474 3790 4529 diem.

444 4538 471 4600 ἀ
501 4551 567 4605 Et
596 4550 668 4605 ab
719 4548 1160 4643 insurgfntibus
1206 4549 1396 4643 in_m6_
1446 4547 1873 4643 9xaltabl3_m0,
1907 4572 1934 4599 "
1964 4552 2021 4606 id
2056 4580 2103 4643 D
2134 4538 2465 4619 Secundum
2492 4580 2732 4619 sensum
2756 4582 2774 4618 :
2806 4563 2951 4632 dies,
2993 4563 3284 4619 Christus.
3316 4563 3386 4617 Et
3415 4562 3611 4627 aliter,
3646 4564 3791 4623 dies.

369 4645 478 4703 est,
511 4657 545 4692 a
575 4638 1068 4710 persecutoribus.
1103 4660 1130 4686 «
1168 4644 1211 4690 Α
1242 4638 1361 4692 viro
1384 4637 1584 4708 iniquo
1614 4637 1823 4709 eripies
1856 4656 1966 4708 me,
1992 4661 2020 4690 »

369 4730 425 4784 id
459 4734 547 4784 est
575 4745 609 4783 a
639 4726 891 4791 diabolo,
928 4731 992 4781 ut
1013 4726 1235 4781 dictum
1267 4732 1377 4796 est,
1410 4726 1685 4781 inimicus
1717 4728 1892 4782 homo
1914 4728 2023 4784 hoc

373 4818 525 4873 fecit.

446 4946 473 4973 υ
508 4925 814 4996 PrOpterea
843 4922 1163 4978 confitebor
1191 4922 1297 4976 tibi
1330 4922 1388 4976 in
1422 4922 1676 4993 populis,
1710 4922 1972 4977 Domine.
2001 4944 2021 4969 -

375 5012 628 5067 Ecclesia
675 5012 857 5067 dicit:
912 5013 1188 5067 Laudabo
1243 5017 1298 5066 te
1347 5012 1403 5066 in
1436 5011 1828 5067 credentibus.
1862 5012 2025 5067 Psal-

377 5117 535 5153 mum
570 5101 760 5155 dicam
793 5100 896 5155 tibi
946 5102 1098 5155 inter
1145 5105 1386 5172 gentes:
1436 5100 1491 5155 id
1525 5105 1633 5165 est,
1667 5100 1937 5166 laudabo,
1973 5105 2031 5157 et

375 5190 691 5259 operabor:
731 5213 758 5238 α
814 5195 1115 5260 propterea
1162 5190 1484 5244 confitebor
1526 5188 1631 5244 tibi
1681 5190 1740 5243 in
1775 5188 2024 5261 pOpuliS,

376 5278 640 5333 Domine.
680 5279 969 5332 Psalmum
1020 5279 1211 5333 dicam
1261 5277 1483 5333 nomini
1533 5281 1654 5333 tuo.
1691 5300 1719 5328 ι)
1752 5278 1896 5344 Quia
1925 5294 2027 5349 ego

375 5367 430 5421 in
465 5366 558 5420 his
589 5382 718 5420 sum
748 5384 758 5420 :
795 5383 899 5437 ego
923 5367 1245 5421 confitebor
1274 5366 1402 5433 tibi,
1427 5372 1632 5422 Pater:
1667 5373 1724 5422 et
1754 5366 2026 5439 psallam,

377 5473 481 5511 vox
514 5456 825 5528 propheta.

451 5568 472 5593 α
510 5542 893 5616 Magniﬁcans
949 5541 1195 5597 salutem
1255 5544 1408 5615 regis
1465 5546 1672 5617 ipsius,
1733 5568 1762 5596 »
1813 5544 2025 5599 Christi

381 5633 628 5702 Domini,
662 5633 817 5703 quod
851 5630 1183 5686 resurrexit.
1235 5631 1333 5687 Vel
1387 5632 1592 5701 aliter;
1642 5633 1923 5705 propheta
1953 5633 2022 5687 ad

2134 4650 2404 4723 apostoli.
2438 4652 2740 4717 Quomodo
2784 4650 3049 4707 Christus
3098 4651 3225 4706 dies
3269 4655 3377 4715 est,
3424 4650 3581 4705 sicut
3609 4651 3789 4706 dixit:

2133 4742 2238 4813 Ego
2266 4758 2387 4796 sum
2417 4742 2515 4796 lux
2542 4740 2738 4796 mundi
2781 4744 2965 4808 (Joan.
2998 4756 3120 4806 VIII,
3176 4740 3301 4810 12):
3336 4740 3421 4794 sic
3453 4745 3512 4794 et
3541 4738 3793 4812 apostoli

2138 4831 2262 4886 dies
2310 4834 2470 4900 sunt,
2523 4829 2675 4885 sicut
2720 4829 2839 4884 ait:
2892 4829 2989 4884 Vos
3032 4832 3160 4883 estis
3202 4830 3303 4883 lux
3337 4827 3539 4882 mundi
3570 4826 3790 4899 (Matth.

2136 4937 2191 4985 v,
2227 4920 2335 4991 14).
2369 4920 2436 4975 Et
2466 4936 2619 4974 unus
2650 4920 2795 4985 dies,
2837 4918 3143 4974 duodecim
3197 4918 3372 4974 horas
3401 4918 3600 4974 habet.
3637 4918 3791 4973 Unde

2137 5009 2261 5080 ipse
2316 5008 2599 5063 Dominus
2655 5008 2712 5062 in
2786 5005 3094 5078 Evangelio
3164 5007 3347 5062 dixit:
3414 5008 3607 5063 Nonne
3664 5007 3794 5062 duo-

2135 5098 2313 5154 decim
2343 5097 2497 5154 hora:
2527 5101 2655 5152 sunt
2684 5097 2805 5152 diei
2833 5096 3011 5167 (Joan.
3063 5113 3142 5157 xI.
3175 5096 3229 5168 9)
3249 5096 3276 5151 Ἰ
3298 5097 3437 5168 ipsa
3464 5095 3796 5168 intelligun-

2137 5192 2232 5242 tur
2260 5187 2567 5242 duodecim
2599 5184 2868 5257 apostoli.
2903 5207 2931 5233 «
2962 5185 3083 5240 Nox
3127 5186 3301 5241 nocti.
3341 5207 3369 5235 »
3398 5186 3542 5254 Nox,
3570 5185 3604 5241 J
3612 5186 3789 5245 udas;

2134 5277 2303 5342 nocti,
2332 5275 2551 5330 Judais
2578 5299 2592 5341 ;
2625 5298 2651 5323 «
2677 5274 2897 5330 indicat
2919 5275 3247 5344 scientiam,
3272 5296 3299 5323 ››
3335 5274 3389 5328 id
3426 5279 3535 5343 est,
3559 5272 3787 5345 quando

2137 5364 2322 5419 dixit:
2374 5368 2553 5435 Quem
2599 5364 2874 5419 osculatus
2928 5366 3083 5434 fuero
3132 5365 3247 5434 ipse
3291 5372 3387 5427 est,
3439 5366 3613 5419 tenete
3668 5376 3781 5416 eum

2137 5453 2348 5523 (Matth:
2398 5470 2551 5523 xxVI,
2602 5456 2712 5523 38).
2763 5452 2979 5509 Aliter:
3031 5453 3173 5517 Nox,
3221 5454 3592 5525 profunditas
3629 5450 3773 5506 Scri-

2135 5547 2437 5614 pturarum
2474 5543 2531 5596 in
2565 5542 2882 5614 prophetis,
2931 5542 3165 5598 nuntiat
3190 5542 3644 5613 profunditatem
3681 5537 3771 5591 Ve-

2133 5633 2274 5687 teris
2305 5631 2681 5687 Testamenti.
