3964 6190
182 351 307 412 925

1367 351 1862 417 BREVIARIUM
1906 354 1987 415 IN
2029 352 2413 417 PSALMOS.

3477 361 3594 423 926

268 508 289 531 ι
315 483 439 539 Non
472 485 612 539 sunt
639 483 903 556 loquelae,
962 497 1153 556 neque
1205 500 1525 552 sermones,
1586 502 1835 558 quorum
1868 488 1922 554 Α
1960 489 2223 543 monium
2260 490 2486 544 Domini
2516 489 2758 544 ﬁdele.»
2787 490 2964 555 Quale
2995 492 3443 548 testimonium?
3479 494 3592 549 nisi

188 591 311 629 non
331 569 651 628 audiantui'
678 574 852 629 verba
881 590 1106 629 eorum.
1140 596 1161 623 ιι
1184 605 1252 614 -
1281 597 1310 623 ‹‹
1339 574 1466 629 Non
1490 581 1629 630 sunt
1648 575 1842 647 loque-

186 663 282 731 lae,
308 685 336 711 ››
370 679 437 717 ac
459 661 505 717 si
541 662 700 716 dicat
728 661 961 733 linguae,
991 683 1018 714 α
1049 678 1236 734 neque
1287 680 1609 729 sermones,
1630 687 1658 713 »
1701 666 1840 736 quia

191 752 409 824 linguis
442 748 611 804 multi
643 766 944 806 sermones
976 755 1135 806 sunt.
1166 751 1296 806 Sive
1325 751 1692 808 diversitates
1712 769 1839 809 ver-

184 842 402 896 borum
437 838 847 911 intelliguntur
878 854 980 910 per
1036 856 1375 896 sermones:
1428 857 1495 896 ac
1554 841 1602 896 si
1638 842 1794 897 dicat
1823 858 1836 897 :

187 930 319 985 Non
354 928 587 984 fuerunt
615 926 747 982 ulla
787 926 1107 984 locutiones
1157 946 1306 1000 quas
1337 929 1586 1002 apostoli
1633 930 1693 986 in
1740 947 1837 985 va-

185 1018 394 1073 rietate
425 1016 760 1088 linguarum
783 1032 896 1071 non
928 1016 1289 1089 acceperint,
1315 1022 1372 1073 et
1391 1018 1520 1073 ideo
1549 1035 1669 1074 non
1712 1020 1836 1076 fue-

188 1111 335 1161 runt
363 1104 492 1160 ullze
522 1104 739 1177 lingua:
769 1122 895 1176 qua:
928 1121 1229 1162 sermones
1271 1107 1669 1179 apostolorum
1718 1125 1837 1164 non

189 1196 532 1251 audissent:
568 1194 708 1248 dum
741 1193 919 1249 dicit:
958 1215 987 1243 «
1018 1195 1081 1249 In
1122 1212 1357 1251 omnem
1388 1201 1606 1252 terram
1664 1198 1838 1252 exivit

190 1300 376 1339 sonus
408 1299 634 1349 eorum,
664 1287 722 1337 et
748 1283 806 1337 in
840 1282 987 1338 fines
1017 1284 1547 1341 orbisterraaverba
1561 1302 1783 1341 eorum.
1804 1308 1834 1337 ››

188 1373 302 1428 hoc
332 1377 420 1428 est
452 1373 509 1427 in
540 1387 749 1427 omnes
776 1371 1026 1444 insulas,
1055 1373 1145 1428 vel
1169 1373 1316 1429 ﬁnes
1344 1375 1573 1429 mundi.

262 1483 294 1512 α
330 1462 393 1515 In
423 1476 659 1516 omnem
694 1465 910 1515 terram
942 1460 1117 1516 exivit
1174 1478 1356 1517 sonus
1404 1478 1648 1517 eorum:
1692 1468 1749 1518 et
1776 1463 1836 1518 in

189 1550 341 1605 ﬂues
369 1547 527 1604 orbis
557 1552 722 1603 terra:
751 1548 929 1604 verba
958 1564 1224 1618 eorum,»
1276 1549 1675 1622 apostolorum
1724 1552 1836 1607 sci-

188 1637 352 1703 licet,
384 1642 554 1709 atque
577 1635 1033 1709 evangeliorum.

270 1750 301 1776 «
325 1727 387 1783 In
419 1725 536 1782 sole
549 1726 1205 1798 posuittabernaculum
1228 1744 1471 1783 suum.»
1505 1728 1568 1783 In
1600 1729 1836 1785 Hebrzso

190 1817 277 1871 ita
304 1815 555 1871 habet:«
606 1814 702 1871 Sol
762 1816 959 1886 posuit
997 1816 1439 1872 tabernaculum
1472 1817 1529 1872 in
1576 1818 1725 1885 eis,»
1774 1818 1835 1873 id

187 1908 302 1975 est,
334 1904 395 1959 in
427 1903 607 1960 cmlis.
641 1904 796 1960 Deus
828 1926 859 1954 «
889 1905 949 1960 in
980 1904 1102 1961 sole
1155 1906 1350 1977 posuit
1394 1907 1837 1963 tabernaculum

189 2009 391 2062 suum,
418 1997 476 2048 et
503 1993 629 2064 ipse
660 2001 938 2064 tanquam
974 2010 1229 2066 sponsus
1257 1996 1579 2066 procedens
1610 1996 1680 2051 de
1707 1996 1835 2051 tha-

188 2081 352 2137 lamo
376 2098 505 2137 suo.
536 2103 564 2130 »
587 2083 649 2137 In
672 2081 814 2151 sole,
838 2082 898 2136 in
921 2086 1085 2137 utero
1107 2088 1321 2138 sanctae
1344 2083 1536 2138 Mariae
1562 2083 1834 2149 Virginis.

187 2170 378 2226 Maria
406 2170 826 2242 interpretatur
854 2169 1026 2226 stella
1055 2172 1256 2226 maris.
1290 2173 1512 2228 Lumen
1546 2172 1689 2227 solis
1719 2190 1839 2227 ma-

187 2260 283 2332 gis
314 2259 470 2315 lucet
500 2276 675 2330 quam
710 2258 1038 2315 stellarum.
1089 2260 1185 2315 Sol
1236 2260 1483 2331 justitiae
1532 2262 1836 2328 Dominus,

185 2352 259 2403 ut
276 2349 359 2403 ait
380 2346 662 2418 propheta
684 2366 697 2406 :
724 2351 956 2404 Orietur
978 2349 1128 2405 vobis
1178 2348 1272 2405 Sol
1300 2350 1536 2417 iustitiae
1583 2350 1835 2415 (Malach.

185 2454 271 2501 ιν,
303 2437 360 2505 2)
389 2454 402 2491 :
436 2436 589 2508 quod
621 2441 708 2492 est
737 2436 1025 2492 Christus.
1061 2436 1416 2492 Illuminavit
1449 2438 1535 2494 sol
1555 2438 1666 2495 iste
1697 2439 1836 2494 stel-

186 2525 335 2591 lam,
373 2525 427 2579 id
461 2529 549 2580 est
577 2525 839 2595 Mariam,
874 2531 939 2581 ut
966 2530 1121 2582 esset
1151 2526 1305 2582 sicut
1335 2526 1445 2583 sol.
1480 2528 1613 2583 Ideo
1643 2528 1841 2599 posuit

186 2614 637 2668 tabernaculum
669 2630 844 2669 suum
874 2614 932 2668 in
962 2613 1103 2682 sole,
1129 2615 1361 2685 quando
1383 2632 1594 2687 corpus
1615 2633 1839 2672 assum-

186 2701 313 2774 psit
341 2702 413 2757 de
438 2706 607 2757 utero
638 2719 764 2757 suo.
792 2725 819 2753 α
851 2704 919 2758 Et
947 2703 1074 2775 ipse
1102 2707 1384 2775 tanquam
1420 2721 1674 2776 sponsus
1704 2722 1837 2777 pro-

188 2791 407 2846 cedens
435 2790 507 2845 de
536 2789 796 2846 thalamo
825 2808 953 2849 suo.
979 2816 1001 2845 ι
1038 2796 1322 2863 Sponsus,
1343 2794 1587 2849 verbum
1610 2794 1832 2850 Patris:

187 2895 554 2949 sponsacaro
576 2880 854 2935 humana:
870 2898 1003 2936 cum
1031 2897 1145 2953 qua
1167 2882 1238 2937 de
1250 2881 1510 2938 thalamo
1533 2883 1836 2954 processit,

184 2968 250 3022 id
282 2973 391 3037 est,
425 2968 497 3023 de
527 2972 691 3024 utero
720 2969 999 3041 Virginis.
1032 2992 1060 3022 υ
1108 2970 1400 3026 Exultavit
1431 2975 1497 3025 ut
1551 2970 1717 3043 gigas
1764 2973 1837 3027 ad

186 3056 542 3111 currendam
602 3056 834 3114 viam.»
874 3058 979 3113 Per
1034 3058 1217 3114 solem
1271 3058 1512 3130 mystice
1568 3059 1839 3116 Christus

186 3143 560 3216 intelligitur.
598 3167 627 3193 »
672 3145 961 3201 Exultavit
1009 3152 1076 3201 ut
1129 3146 1295 3219 gigas
1360 3148 1431 3201 ad
1467 3148 1837 3223 (currendam

1954 578 2091 648 quia
2113 577 2290 632 dixit:
2318 579 2518 632 Discite
2542 595 2576 632 a
2604 594 2691 632 me
2717 581 2852 650 quia
2900 582 3050 634 mitis
3100 597 3222 635 sum
3264 586 3317 635 et
3367 583 3593 637 humilis

1951 666 2126 736 corde,
2167 676 2219 720 et
2248 669 2537 723 invenietis
2566 669 2809 738 requiem
2836 669 3129 723 animabus
3156 673 3344 725 vestris
3374 671 3589 742 (Matth.

1949 772 2028 819 x1,
2075 756 2214 826 29)?
2263 755 2467 822 Fidele,
2518 755 2659 828 quia
2715 773 2831 811 non
2889 756 3190 812 mentitur.
3248 758 3591 828 Sapientiam

1948 847 2219 915 praestans
2234 845 2508 915 parvulis,
2543 843 2802 915 parvulis
2833 861 2947 900 non
2997 862 3195 909 sensu,
3244 847 3342 900 sed
3395 847 3590 903 humi-

1946 937 2084 987 tate.
2118 932 2279 987 Unde
2310 934 2593 1005 scriptum
2641 942 2772 989 est:
2827 934 2967 1002 Quia
3010 935 3342 991 abscondisti
3390 937 3509 992 haec
3554 954 3590 991 α

1945 1022 2279 1090 sapientibus
2307 1029 2359 1076 et
2383 1022 2764 1093 prudentibus,
2813 1031 2868 1077 et
2913 1024 3169 1078 revelasti
3217 1040 3283 1078 ea
3336 1026 3591 1095 parvulis

1950 1109 2159 1179 (Matth.
2191 1127 2268 1177 x1,
2301 1111 2411 1182 25).

2021 1220 2049 1246 ‹‹
2080 1198 2334 1253 Justitire
2385 1199 2612 1254 Domini
2673 1203 2863 1265 rectae,
2909 1199 3267 1256 lietilicantes
3339 1204 3588 1267 corda,»

1947 1286 2216 1351 Justitize,
2250 1288 2306 1341 id
2336 1292 2425 1342 est
2455 1288 2715 1357 judicia:
2754 1291 2968 1345 Recta:
3000 1290 3139 1360 quia
3168 1295 3320 1346 recte
3363 1292 3590 1361 judicat

1953 1373 2125 1440 Deus,
2168 1379 2225 1430 et
2243 1392 2277 1429 a
2297 1376 2470 1430 rectis
2490 1381 2648 1430 recta
2673 1376 2980 1432 habentur.
3017 1378 3376 1447 Laetiﬁcantes
3396 1380 3584 1445 corda,

1950 1463 2177 1519 animas
2199 1469 2557 1519 sanctorum.
2588 1487 2616 1514 ‹‹
2630 1465 2985 1536 Praeceptum
3008 1467 3233 1521 Domini
3256 1467 3537 1532 lucidum,
3560 1490 3589 1517 »

1948 1550 2169 1606 Novum
2202 1553 2663 1608 Testamentum.
2718 1575 2746 1604 ‹‹
2773 1553 3122 1611 Illuminans
3151 1555 3372 1627 oculos,
3398 1578 3425 1605 »
3481 1556 3589 1611 hoc

1951 1644 2041 1697 est
2070 1640 2270 1696 oculos
2295 1641 2506 1697 cordis.
2533 1663 2561 1691 «
2594 1641 2794 1698 Timor
2823 1643 3052 1698 Domini
3084 1649 3321 1699 sanctus
3361 1661 3590 1716 perma-

1949 1733 2048 1785 net
2075 1730 2135 1785 in
2168 1730 2446 1786 seaculum
2505 1729 2781 1786 saeculi.»
2834 1731 3035 1787 Timor
3082 1749 3214 1787 cum
3268 1732 3585 1788 charitate:

1947 1818 2111 1874 Unde
2139 1818 2318 1874 dixit:
2355 1821 2600 1891 Perfecta
2636 1820 2884 1876 charitas
2912 1821 3065 1893 foras
3106 1823 3279 1877 mittit
3335 1824 3591 1877 timorem

1948 1909 1997 1979 (1
2025 1910 2200 1967 10am.
2234 1925 2308 1977 IV,
2345 1909 2452 1979 18).
2484 1909 2711 1963 Timeat
2740 1924 2856 1963 non
2887 1910 3096 1964 timore
3136 1909 3436 1982 gehennae.
3487 1912 3589 1964 aut

1946 1996 2159 2052 timore
2188 2013 2393 2068 poenae,
2427 1997 2528 2052 sed
2559 1997 2772 2052 timore
2815 2002 3055 2053 sancto:
3113 1999 3196 2053 sic
3250 1998 3476 2063 timeat,
3525 2002 3592 2052 ut

1948 2102 2123 2158 quem
2155 2090 2315 2140 amat
2341 2101 2456 2140 non
2489 2085 2695 2157 perdat
2726 2102 2830 2157 per
2882 2085 3317 2158 negligentiam.
3346 2107 3373 2133 »
3424 2085 3588 2140 ludi-

1947 2174 2037 2235 cia
2065 2174 2296 2230 Domini
2328 2190 2463 2229 vera
2485 2174 2811 2242 justificata
2838 2174 2896 2228 in
2930 2176 3266 2246 semetipsa,
3292 2196 3321 2224 »
3351 2191 3465 2231 non
3514 2176 3586 2230 ab

1949 2262 2082 2333 alio,
2115 2263 2215 2318 sed
2236 2279 2270 2316 a
2301 2263 2660 2335 semetipsis.
2691 2263 2993 2319 Neminem
3018 2264 3172 2318 enim
3204 2263 3355 2319 fallit
3410 2268 3583 2319 Deus.

2023 2374 2051 2403 «
2082 2350 2503 2407 Desiderabilia
2533 2368 2710 2421 super
2739 2369 2950 2407 aurum
2981 2356 3038 2407 et
3070 2351 3324 2423 lapidem
3372 2353 3587 2423 pretio-

1949 2458 2078 2497 sum
2104 2440 2383 2506 multum,
2416 2460 2438 2487 α
2470 2456 2649 2511 super
2678 2457 2880 2495 omnes
2909 2441 3216 2495 thesauros
3258 2440 3586 2496 mundiales

1948 2529 2179 2584 dilecta.
2212 2551 2240 2578 «
2274 2528 2341 2583 Et
2377 2526 2640 2583 dulciora
2672 2545 2848 2600 super
2876 2532 2989 2583 mel
3023 2535 3080 2583 et
3127 2528 3347 2596 favum,
3372 2551 3398 2577 ››
3449 2530 3591 2599 quia

1948 2616 2179 2672 nullum
2213 2615 2516 2672 metallum
2549 2617 2869 2688 pretiosum
2889 2616 3129 2687 judiciis
3160 2622 3263 2671 aut
3287 2617 3585 2689 sapientiae

1948 2706 2049 2762 Dei
2078 2706 2403 2777 comparari
2433 2710 2658 2777 potest:
2695 2722 2885 2777 neque
2915 2723 3124 2760 aurum
3155 2711 3258 2761 aut
3286 2707 3434 2778 lapis
3465 2723 3591 2777 pre-

1946 2796 2154 2865 tiosus,
2188 2810 2375 2866 neque
2406 2794 2561 2865 quod
2613 2794 2683 2849 ad
2744 2800 3156 2849 ornamentum
3206 2799 3262 2849 et
3311 2794 3587 2849 vestitum

1948 2884 2230 2956 pertinet:
2282 2898 2471 2953 neque
2516 2880 2631 2937 mel
2678 2883 2833 2937 unde
2880 2882 3161 2953 pascitur.
3214 2881 3315 2937 His
3362 2881 3592 2936 duabus

1949 2972 2126 3028 rebus
2148 2971 2322 3026 homo
2345 2970 2592 3025 vestitur
2606 2975 2663 3025 et
2686 2970 2984 3042 pascitur:
3010 2975 3074 3024 ut
3097 2970 3312 3024 Paulus
3332 2987 3345 3025 :
3364 2970 3589 3025 Haben-

1956 3065 2034 3117 tes
2063 3063 2265 3115 victum
2314 3067 2367 3114 et
2422 3061 2698 3124 vestitum,
2728 3060 2814 3113 his
2857 3061 3103 3114 contenti
3150 3060 3322 3113 simus
3378 3060 3426 3129 (1
3454 3060 3589 3114 Tim.

1949 3167 2024 3221 v1,
2057 3151 2132 3218 8).
2165 3149 2222 3203 Si
2255 3148 2436 3204 fueris
2465 3147 2616 3219 lapis
2670 3147 2959 3218 pretiosus
3006 3151 3063 3203 et
3109 3148 3389 3220 probatus
3441 3148 3593 3203 sicut

188 3233 373 3288 viam.
396 3254 425 3282 »
458 3233 561 3289 Hic
590 3234 756 3307 gigas
786 3252 889 3306 pro
920 3217 1264 3290 fortitudine
1312 3220 1524 3291 Christi
1576 3236 1835 3308 ponitur,
1870 3217 1914 3284 (ἶ
1953 3217 2184 3305 aurum,
2211 3217 3127 3308 mereberis'intelligerejudicia
3150 3240 3209 3292 et
3244 3235 3589 3308 sapientiam

186 3338 258 3378 eo
290 3323 449 3394 quod
510 3323 637 3395 ipse
674 3323 933 3396 alligavit
968 3324 1175 3380 fortem
1223 3324 1549 3392 diabolum,
1601 3329 1658 3381 et
1701 3342 1841 3381 vasa

187 3412 323 3482 ejus
344 3412 496 3484 (quae
527 3429 634 3467 nos
656 3412 897 3483 fuimus)
919 3412 1164 3484 diripuit
1189 3414 1376 3469 Matth.
1398 3431 1500 3480 xu,
1531 3415 1643 3485 29).
1700 3437 1720 3463 α
1756 3415 1837 3469 Ad

186 3501 545 3555 currendam
576 3500 730 3555 viam
756 3526 771 3567 ;
804 3502 945 3572 quia
966 3519 1081 3557 non
1102 3501 1309 3557 habuit
1326 3502 1421 3557 hic
1444 3519 1659 3558 moras.
1685 3502 1838 3565 Quo-

187 3588 368 3643 modo
389 3589 418 3642 ?
447 3588 551 3644 Hic
581 3593 757 3644 natus
807 3590 966 3645 venit
999 3590 1055 3645 in
1107 3590 1464 3662 passionem,
1523 3591 1841 3646 resurrexit

185 3681 247 3731 et
298 3677 582 3732 ascendit.
613 3697 635 3725 ι
668 3679 714 3732 Α
763 3695 998 3734 summo
1058 3680 1201 3734 coelo
1259 3680 1518 3751 egressio
1576 3681 1721 3750 ejus,
1783 3685 1839 3735 et

186 3780 474 3821 occursus
490 3767 621 3837 ejus
646 3783 833 3837 usque
858 3768 928 3822 ad
955 3780 1254 3823 summum
1286 3769 1435 3838 ejus.
1471 3789 1498 3817 »
1531 3774 1581 3822 A
1603 3785 1837 3825 summo

185 3853 355 3920 caelo,
390 3854 447 3909 id
476 3860 586 3922 est,
622 3872 656 3910 a
688 3856 870 3925 Patre,
904 3856 1058 3927 quod
1098 3861 1188 3911 est
1211 3855 1531 3928 principale
1587 3873 1836 3913 nomen:

184 3957 306 3997 non
338 3942 466 3998 ideo
478 3942 632 4014 quod
650 3945 839 4013 major
863 3944 940 3998 sit
962 3943 1082 3999 ﬁlio
1099 3946 1426 4000 secundum
1447 3945 1835 4015 divinitatem,

184 4032 292 4086 sed
324 4048 428 4103 pro
458 4032 697 4087 nomine
728 4032 938 4087 Patris.
973 4034 1010 4088 Α
1042 4049 1279 4097 summo,
1310 4033 1369 4087 in
1402 4038 1493 4088 est
1540 4034 1611 4089 ab
1664 4040 1836 4090 aeter-

184 4119 396 4188 nitate,
429 4136 703 4193 egressus
731 4122 880 4191 ejus.
917 4143 938 4171 ι
975 4122 1046 4176 Et
1075 4138 1354 4178 occursus
1384 4123 1512 4193 ejus
1543 4138 1730 4193 usque
1760 4125 1832 4178 ad

182 4224 490 4264 summum
523 4210 671 4279 ejus.
699 4231 728 4258 »
782 4213 1073 4265 Occursus
1115 4210 1265 4281 ejus,
1322 4209 1383 4264 in
1436 4209 1835 4282 coaequalitate

181 4297 556 4353 aeternitatis.
580 4298 727 4361 Quia
750 4300 1014 4354 ascendit
1035 4300 1105 4354 ad
1128 4299 1325 4367 cmlos,
1358 4300 1523 4355 sedet
1541 4300 1615 4354 ad
1637 4301 1831 4355 dexte-

183 4402 315 4441 ram
348 4385 553 4451 Patris,
588 4387 686 4440 ubi
735 4391 906 4442 antea
959 4392 1016 4442 et
1050 4404 1307 4459 semper
1338 4388 1450 4442 fuit
1494 4404 1631 4442 cum
1681 4388 1830 4459 ipso.

185 4496 218 4524 ‹‹
255 4475 327 4529 Et
382 4491 497 4530 non
541 4480 631 4530 est
686 4476 783 4547 qui
834 4492 896 4531 se
950 4475 1275 4531 abscondat
1304 4493 1339 4531 a
1369 4476 1559 4531 calore
1616 4477 1766 4547 ejus.
1804 4498 1832 4525 »

1947 3327 2068 3384 Dei.

2022 3438 2049 3465 «
2078 3415 2304 3471 Etenim
2329 3431 2531 3470 servus
2552 3419 2692 3471 tuus
2714 3415 2969 3471 custodit
2992 3431 3080 3481 ea,
3106 3414 3165 3469 in
3188 3414 3590 3470 custodiendis

1947 3504 2065 3560 illis
2088 3503 2392 3559 retributio
2422 3505 2627 3559 multa.
2658 3525 2685 3553 η
2718 3503 2958 3575 Propter
3003 3503 3141 3575 quid
3192 3494 3449 3559 custodit
3487 3519 3590 3558 ea:

1948 3594 2085 3661 nisi,
2116 3615 2146 3643 «
2174 3593 2235 3647 in
2267 3593 2668 3648 custodiendis
2706 3592 2823 3647 illis
2870 3592 3178 3648 retributio
3209 3592 3440 3647 multa?
3474 3615 3496 3643 ι
3532 3591 3594 3645 Si

1946 3683 2335 3745 custodieritis,
2384 3681 2578 3752 inquit
2618 3681 2917 3737 Dominus.
2974 3690 3237 3753 praecepta
3280 3698 3424 3747 mea,
3472 3696 3590 3734 ma-

1944 3772 2148 3826 nebitis
2178 3772 2239 3824 in
2276 3769 2569 3825 dilectione
2599 3787 2719 3825 mea
2769 3770 2947 3841 (Joan.
2980 3786 3073 3832 xv,
3100 3771 3205 3837 10).
3240 3771 3373 3835 Quae
3404 3770 3593 3837 major

1948 3858 2255 3915 retributio
2286 3875 2460 3929 quam
2495 3863 2559 3913 ut
2593 3859 2726 3931 quis
2756 3859 3037 3931 diligatur
3064 3877 3099 3913 a
3132 3865 3239 3913 Deo
3259 3858 3288 3901 9

2024 3967 2047 3996 ι
2085 3945 2302 4002 Delicta
2325 3949 2457 4017 quis
2490 3946 2814 4019 intelligit?
2834 3968 2860 3998 ιι
2897 3947 3007 4012 Qui
3036 3947 3095 4000 in
3128 3944 3355 4000 delictis
3377 3950 3484 4009 est,
3528 3945 3587 3999 id

1943 4037 2119 4092 estin
2152 4035 2678 4107 peccatis,judicia
2732 4035 2833 4090 Dei
2884 4052 3001 4090 non
3049 4033 3345 4105 intelligit,
3399 4048 3589 4103 neque

1946 4142 2054 4180 sua
2107 4127 2376 4196 peccata:
2431 4124 2687 4193 quandiu
2740 4128 2830 4178 est
2890 4123 2946 4177 in
2994 4121 3241 4177 delictis.
3306 4144 3334 4170 «
3369 4120 3590 4175 Delicta

1945 4213 2079 4284 quis
2111 4210 2423 4283 intelligit?
2448 4232 2474 4259 ››
2506 4211 2705 4266 Tertia
2750 4211 2939 4266 laudis
2988 4209 3217 4273 divisio,
3266 4226 3383 4280 qua
3424 4210 3592 4264 docet

1942 4299 2307 4372 impossibile
2338 4298 2505 4370 legis,
2555 4316 2670 4369 quo
2718 4316 2820 4369 per
2866 4298 3394 4370 praevaricationem
3442 4297 3589 4369 legis

1943 4393 2248 4461 peccatum
2280 4388 2471 4460 magis
2503 4393 2853 4459 apparuerat
2900 4388 2960 4442 in
3000 4388 3242 4455 mundo,
3295 4387 3588 4459 Evangelii

1943 4476 2133 4549 gratia
2162 4476 2345 4531 fuisse
2374 4475 2728 4546 completum
2755 4493 2769 4531 :
2805 4492 2994 4547 neque
3024 4492 3194 4546 posse
3228 4492 3586 4547 quemquam

180 4562 399 4619 Nullus
429 4564 645 4635 quippe
673 4568 763 4618 est
813 4565 911 4633 qui
964 4581 1078 4618 non
1136 4563 1348 4620 habeat
1392 4564 1622 4620 semina
1670 4563 1837 4619 intel-
1867 4581 1914 4647 D
1945 4582 1979 4619 a
2008 4564 2435 4635 cogitationum
2469 4565 2742 4620 sordibus
2770 4564 3045 4620 liberari:
3081 4564 3195 4619 nisi
3227 4581 3329 4635 per
3375 4564 3589 4617 adven-

178 4652 376 4707 lectus
408 4651 525 4706 Dei.
550 4676 578 4702 ‹‹
611 4652 727 4707 Nec
782 4658 872 4707 est
926 4653 1027 4724 qui
1086 4669 1147 4708 se
1207 4654 1529 4708 abscondat
1571 4670 1604 4708 a
1645 4652 1836 4709 calore

180 4743 337 4811 ejus.
369 4763 396 4789 »
426 4740 635 4795 Nullus
666 4744 755 4796 est
784 4741 883 4813 qui
914 4742 986 4796 de
1043 4740 1234 4797 calore
1293 4758 1401 4797 suo
1452 4758 1566 4797 non
1625 4742 1837 4798 habeat

180 4829 409 4900 aliquid
432 4830 587 4901 quod
613 4829 661 4884 ei
685 4846 800 4884 non
830 4830 1087 4885 dedisset
1111 4846 1179 4884 ex
1210 4829 1415 4885 multis
1445 4830 1835 4887 divisionibus

178 4919 504 4989 gratiarum
525 4918 851 4974 actionum:
885 4919 1040 4974 sicut
1083 4919 1231 4973 dixit
1252 4918 1503 4974 Paulus:
1540 4919 1647 4975 alii
1665 4919 1835 4974 datur

174 5023 355 5062 sermo
379 5009 666 5079 sapientiae
687 5025 706 5062 :
728 5009 829 5062 alii
872 5023 1050 5064 sermo
1106 5009 1356 5065 scientiae
1385 5009 1433 5078 (Ι
1461 5008 1583 5064 Cor.
1616 5025 1719 5076 xu,
1751 5011 1827 5079 8].

253 5118 283 5141 ‹‹
316 5095 429 5152 Lex
472 5096 705 5152 Domini
760 5096 1314 5168 irreprehensibilis.
1353 5120 1373 5145 ι
1413 5098 1522 5153 Lex
1570 5097 1696 5169 ipse
1744 5104 1833 5153 est

173 5184 467 5255 Christus,
498 5186 596 5256 qui
629 5202 741 5241 non
772 5186 928 5241 venit
955 5185 1143 5257 legem
1177 5185 1418 5251 solvere,
1480 5186 1582 5241 sed
1642 5185 1830 5241 adim-

176 5273 337 5345 plere
394 5272 601 5345 (Matth.
655 5291 710 5339 ν,
772 5275 879 5345 17).
930 5275 1464 5346 Irreprehensibilis,
1514 5274 1653 5345 quia
1713 5291 1826 5330 non

176 5361 386 5416 habuit
408 5367 730 5433 peccatum.
765 5385 792 5411 ‹‹
822 5363 934 5417 Lex
962 5363 1195 5418 Domini
1228 5361 1630 5417 immaculata.
1659 5384 1687 5411 ››
1718 5362 1827 5425 Qui

176 5467 284 5522 per
311 5455 609 5505 creaturas
672 5452 847 5505 Deum
898 5455 1032 5505 ante
1061 5451 1420 5517 laudaverat,
1484 5466 1640 5504 nunc
1689 5465 1822 5505 eum

178 5556 283 5611 per
315 5539 689 5594 donationem
720 5537 864 5609 legis
895 5538 1100 5610 incipit
1131 5540 1465 5612 praedicare.
1509 5561 1538 5588 ‹‹
1572 5540 1821 5594 Conver-

176 5632 310 5682 tens
341 5628 591 5693 animas,
609 5650 637 5678 ››
660 5628 733 5683 de
762 5627 1096 5698 captivitate
1123 5628 1182 5683 in
1210 5628 1566 5685 libertatem.
1592 5650 1620 5678 ‹‹
1638 5626 1822 5683 Testl-

1944 4659 2069 4708 tum
2102 4653 2355 4724 Spiritus
2389 4654 2594 4708 sancti.
2619 4676 2647 4703 «
2686 4653 2901 4709 Delicta
2923 4654 3059 4726 quis
3087 4652 3383 4724 intelligit,
3410 4674 3438 4701 »
3475 4650 3589 4705 nisi

1945 4747 2236 4798 scrutator
2264 4742 2528 4797 cordium
2551 4742 2729 4810 Deus,
2757 4742 2855 4813 qui
2878 4747 2936 4798 et
2956 4747 3149 4814 potest
3171 4758 3240 4797 ea
3259 4741 3592 4796 dimittere?

1951 4849 1974 4879 ι
2006 4831 2093 4886 Ab
2124 4830 2368 4886 occultis
2400 4831 2545 4885 meis
2573 4832 2795 4886 munda
2815 4848 2907 4886 me
2937 4848 2949 4885 :
2983 4836 3039 4885 et
3059 4830 3131 4886 ab
3162 4830 3368 4886 alienis
3420 4844 3591 4901 parce

1944 4936 2111 4975 servo
2142 4925 2265 4975 tuo.
2292 4944 2313 4971 ι
2350 4920 2425 4975 Ab
2455 4921 2701 4991 occultis,
2733 4921 2791 4975 id
2819 4924 2909 4975 est
2958 4918 3266 4991 praeteritis
3311 4918 3585 4990 peccatis,

1941 5013 1993 5064 et
2022 5010 2096 5064 ab
2124 5010 2345 5075 alienis,
2392 5010 2500 5064 hoc
2548 5014 2656 5075 est,
2690 5026 2818 5079 qua:
2866 5008 3062 5063 futura
3108 5017 3264 5076 sunt,
3298 5012 3354 5061 et
3396 5006 3587 5061 adhuc

1941 5098 2012 5152 ad
2046 5113 2137 5152 me
2170 5113 2285 5151 non
2315 5102 2619 5151 venerunt.
2679 5095 2781 5151 Vel
2841 5096 3044 5150 aliter:
3105 5097 3182 5152 Ab
3234 5096 3476 5165 occultis,
3528 5096 3583 5150 id

1940 5190 2047 5251 est,
2082 5186 2358 5240 omnibus
2383 5201 2510 5256 quae
2542 5185 2602 5239 in
2637 5201 2727 5239 me
2758 5190 2917 5247 sunt,
2949 5186 3091 5240 etab
3121 5185 3340 5251 alienis,
3385 5200 3584 5256 pecca-

1938 5274 2015 5327 tis
2044 5291 2057 5328 :
2099 5273 2239 5343 quia
2268 5273 2539 5329 diabolus
2571 5273 2777 5328 habuit
2803 5274 2861 5327 in
2896 5273 3125 5328 occulto
3156 5273 3587 5344 superbiam,et

1940 5364 2234 5432 projectus
2267 5368 2393 5417 est:
2429 5366 2630 5433 postea
2659 5361 2885 5417 alienus
2915 5368 3040 5417 erat
3068 5363 3139 5416 ab
3171 5363 3377 5426 Adam,
3422 5366 3582 5417 ante-

1937 5466 2111 5521 quam
2147 5452 2270 5521 ipse
2300 5451 2486 5505 Adam
2519 5456 2833 5521 peccasset.
2868 5451 2977 5505 Sed
3006 5456 3318 5522 postquam
3342 5466 3584 5505 consen-

1937 5538 2012 5593 sit
2029 5539 2102 5607 ei,
2136 5538 2414 5609 superbia
2440 5543 2497 5593 et
2525 5538 2819 5594 voluntate
2847 5540 3146 5610 conjuncti
3195 5544 3354 5606 sunt,
3404 5544 3461 5592 et
3510 5536 3582 5591 de

1934 5643 2052 5681 uno
2084 5632 2321 5698 peccato
2344 5627 2481 5683 fecit
2501 5627 2612 5682 sibi
2630 5628 2986 5699 duojudicia
3005 5627 3368 5694 diabolus,ut
3386 5624 3577 5696 dupli-
