3964 6190
440 342 557 413 92η

514 588 540 613 ‹‹
575 563 636 619 Si
657 564 773 620 mei
798 581 911 620 non
945 564 1162 620 fuerint
1194 566 1649 632 dominati,tunc
1671 567 2086 623 immaculatus

441 670 557 709 ero.
581 672 609 706 ο
645 652 706 707 Si
734 653 850 709 ista
880 659 1114 724 peccata
1144 671 1260 710 non
1303 654 1518 710 fuerint
1562 656 1707 711 mihi
1763 657 2083 724 dominata,

441 746 584 799 tunc
613 759 710 797 ero
757 742 1240 799 immaculatus.«
1300 745 1370 798 Et
1418 745 1785 801 emundabor
1814 763 1847 800 a
1877 745 2085 800 delicto

440 832 717 888 maximo.
746 854 767 880 ο
804 832 862 885 id
885 836 974 887 est
998 849 1032 887 a
1053 832 1328 904 superbia
1351 852 1364 901 ;
1396 834 1535 904 quia
1557 834 2086 905 superbiainitium

441 926 531 977 est
559 921 753 976 omnis
782 921 1025 991 peccati.

513 1033 542 1060 «
576 1011 647 1065 Et
675 1016 846 1065 erunt
876 1015 939 1065 ut
988 1011 1390 1082 complaceant
1436 1011 1669 1083 eloquia
1717 1013 1836 1068 oris
1893 1014 2078 1068 mei.»

442 1099 604 1155 Tunc
633 1099 741 1153 tibi
772 1098 1085 1170 placebunt
1132 1099 1362 1170 eloquia
1418 1117 1563 1155 mea.
1607 1124 1636 1150 «
1670 1102 1737 1156 Et
1785 1101 2086 1157 meditatio

443 1188 635 1245 cordis
661 1189 770 1243 mei
807 1188 865 1243 in
899 1191 1215 1259 conspectu
1248 1193 1348 1244 tuo
1380 1206 1633 1261 semper,
1660 1212 1688 1239 »
1742 1190 1798 1245 id
1857 1194 1964 1257 est,
2017 1190 2086 1245 de

444 1278 842 1333 recordatione
874 1276 1247 1333 humilitatis.

520 1387 548 1420 α
576 1366 843 1433 Domine,
874 1365 1108 1436 adjutor
1142 1384 1309 1422 meus
1341 1371 1398 1422 et
1455 1368 1785 1439 redemptor
1834 1385 2022 1424 meus.
2054 1391 2082 1420 ››

443 1456 691 1526 Adjutor
720 1455 776 1509 in
823 1454 1202 1511 tribulatione
1259 1460 1317 1511 et
1372 1456 1429 1510 in
1488 1457 1960 1513 necessitatibus.
2021 1463 2089 1514 Et

440 1544 745 1614 redemptor
772 1560 942 1609 meus,
1003 1545 1140 1615 quia
1196 1549 1261 1599 tu
1310 1561 1404 1601 me
1451 1546 1749 1601 redemisti
1802 1547 2087 1619 sanguine

392 1636 397 1643 ’
441 1637 543 1688 tuo
573 1633 848 1705 pretioso.
881 1633 965 1688 Tu
993 1649 1055 1688 es
1084 1634 1319 1703 adjutor
1348 1634 1589 1689 humani
1640 1634 1907 1706 generis:
1953 1653 2087 1692 cum

444 1738 551 1784 nos
573 1723 645 1777 ad
668 1725 726 1777 te
755 1721 1027 1777 accedere
1058 1722 1222 1779 facis.
1272 1723 1358 1783 Tu
1415 1740 1477 1779 es
1526 1725 1896 1795 redemptor:
1949 1725 2090 1796 quia

443 1827 551 1867 nos
582 1815 685 1866 tua
704 1809 975 1882 passione
1006 1827 1072 1865 ac
1092 1812 1514 1867 resurrectione
1535 1813 1606 1869 ab
1642 1812 1879 1869 interitu
1926 1816 2088 1870 rede-
2117 1852 2167 1917 Β

446 1899 629 1964 misti,
665 1900 765 1970 qui
798 1916 903 1955 nos
926 1900 1150 1971 jugiter
1180 1900 1237 1955 in
1269 1900 1394 1973 lege
1416 1905 1519 1956 tua
1538 1902 1870 1974 gradientes
1891 1907 2085 1959 custo-

443 1988 567 2044 dire
597 1987 892 2060 digneris:
926 1990 1064 2061 quia
1095 1990 1200 2045 tibi
1231 1996 1320 2045 est
1371 2008 1505 2047 cum
1557 1998 1771 2048 aeterno
1816 1998 1985 2049 Patre
2032 1997 2088 2049 et

443 2077 665 2149 Spiritu
688 2082 887 2134 sancto
918 2077 1103 2135 honor
1126 2082 1184 2135 et
1202 2079 1387 2151 gloria
1403 2080 1463 2135 in
1486 2080 1699 2136 saecula
1715 2080 2083 2137 saeculorum.

443 2172 651 2224 Amen.

1015 2338 1341 2395 PSALMUS
1371 2341 1518 2395 XIX.

444 2447 722 2521 Inﬁnem,
743 2447 987 2521 psalm_us
1010 2446 1197 2521 Dauid.
1224 2450 1418 2521 Istum
1450 2447 1743 2521 psalmum
1804 2449 2087 2521 propheta

515 2517 575 2571 in
608 2533 856 2587 persona
904 2516 1170 2570 Ecclesiae
1203 2518 1359 2572 canit
1389 2516 1467 2573 de
1509 2519 1760 2575 Christo.
1804 2516 2087 2576 Praivide-

468 2612 471 2615 ι
515 2588 617 2642 bat
631 2587 920 2668 propheta
933 2586 1317 2668 Christumad
1338 2590 2085 2668 redemptionemnostram

512 2658 788 2785 Eengsint
807 2675 999 2725 carne,
1023 2664 1079 2713 et
1103 2676 1204 2732 pro
1222 2658 1479 2715 inimicis
1501 2658 1686 2716 orare.
1720 2663 1858 2717 Inde
1902 2663 2047 2718 dixit
2073 2682 2085 2718 :

554 2747 630 2785 πα
709 2747 765 2785 2a
794 2772 805 2784 .

554 2747 788 2786 xauazat
794 2772 805 2784 .

512 2880 797 2937 Exaudiat
825 2884 882 2936 te
928 2881 1211 2936 Dominus
1261 2882 1320 2937 in
1351 2882 1444 2937 die
1492 2882 1914 2940 tribulationis.
1941 2908 1969 2935 »
2025 2889 2087 2942 In

444 2972 534 3027 die
588 2972 966 3026 tribulationis
1006 2988 1109 3043 pro
1162 2976 1327 3043 parte
1385 2972 1577 3027 carnis
1623 2973 1786 3029 dixit.
1841 2976 2085 3039 Quidam

450 3061 607 3116 hunc
630 3060 925 3132 psalmum
956 3060 1178 3115 dictum
1211 3064 1424 3132 putant
1479 3078 1546 3116 ex
1581 3079 1719 3117 vocs
1768 3064 1968 3136 populi
2013 3068 2083 3122 ad

448 3151 746 3208 Christum
771 3149 1086 3220 loquentis,
1120 3153 1186 3203 ut
1213 3150 1284 3205 ad
1318 3165 1514 3222 regem
1546 3149 1765 3221 pariter
1794 3157 1852 3207 et
1898 3170 2089 3210 sacer-

449 3241 665 3296 dotem.

525 3352 545 3378 α
582 3327 779 3383 Mittat
809 3328 915 3383 tibi
965 3327 1249 3384 auxilium
1279 3328 1350 3383 de
1381 3332 1643 3383 sancto.»
1681 3330 1788 3392 Qui
1840 3331 2089 3388 formam

450 3419 601 3474 servi
624 3421 923 3488 acceperat
945 3418 1215 3488 (Philipp.
1240 3435 1328 3488 11,,
1349 3416 1587 3487 7),recte
1606 3416 1657 3472 ei
1677 3419 1841 3488 quasi
1866 3419 2091 3475 homini

451 3508 809 3577 imprecatur
853 3504 1158 3560 auxilium.
1210 3528 1239 3555 «
1274 3506 1464 3560 Mittat
1510 3506 1617 3560 tibi
1674 3506 1958 3562 auxilium
2021 3511 2092 3564 de

451 3599 673 3661 sancto,
701 3616 728 3643 »
760 3594 869 3648 hoc
900 3600 989 3649 est
1020 3595 1090 3649 de
1121 3594 1457 3665 semetipso,
1485 3594 1623 3665 quia
1669 3594 1771 3649 illa
1818 3596 2091 3653 divinitas

450 3683 510 3736 in
543 3682 670 3753 ipso
701 3698 939 3752 corpore
968 3686 1110 3736 erat.
1135 3704 1162 3731 ‹‹
1194 3683 1265 3737 Et
1296 3683 1365 3736 de
1412 3683 1548 3738 Sion
1610 3682 1892 3753 suscipiat
1933 3689 2026 3752 te;
2062 3709 2090 3735 ››

452 3771 562 3826 hoc
590 3775 702 3841 est,
735 3771 806 3826 de
836 3770 1093 3825 Ecclesia
1120 3771 1248 3842 ipsa
1278 3771 1438 3840 Sion,
1482 3787 1608 3842 quae
1641 3776 1698 3827 et
1726 3771 2002 3840 Ecclesia,
2037 3779 2093 3829 et

452 3859 577 3931 ipse
607 3863 697 3914 est
717 3858 777 3913 in
809 3858 1084 3914 Ecclesia.

523 3973 552 3999 «
587 3949 809 4005 Memor
838 3949 916 4003 sit
944 3948 1226 4004 Dominus
1258 3948 1451 4003 omnis
1482 3949 1751 4005 sacriﬁcii
1781 3951 1889 4004 tui.
1918 3971 1940 4001 ι
1975 3952 2093 4005 Hoc

451 4045 560 4105 est,
595 4043 661 4093 ut
692 4039 942 4095 redimat
969 4055 1073 4111 per
1102 4038 1434 4110 passionem
1450 4054 1639 4093 suam.
1664 4039 1811 4103 Quia
1828 4038 2093 4095 Christus

450 4130 574 4201 ipse
608 4133 699 4184 est
726 4145 846 4195 rex,
877 4131 934 4183 et
962 4127 1254 4199 sacerdos,
1287 4131 1344 4182 et
1394 4126 1622 4182 hostia:
1674 4127 1806 4199 quia
1858 4130 2093 4183 semeti-

453 4235 625 4290 psum
658 4217 871 4272 obtulit
900 4218 959 4271 in
993 4217 1284 4289 passione,
1318 4217 1456 4288 quia
1487 4233 1589 4287 pro
1622 4217 1792 4271 nobis
1848 4217 2091 4288 sangui-

450 4322 586 4360 nem
610 4322 783 4360 suum
808 4306 985 4361 dedit.
1010 4327 1039 4355 «
1056 4305 1473 4362 Holocaustum
1493 4310 1661 4361 tuum
1686 4307 1902 4378 pingue
1924 4306 2045 4377 ﬁat,
2064 4328 2093 4356 »

451 4394 509 4449 id
542 4398 650 4460 est,
684 4394 1035 4466 acceptabile
1066 4396 1142 4450 sit
1171 4400 1303 4450 Deo.
1338 4395 1752 4451 Holocaustum
1785 4400 1874 4450 est
1901 4400 2093 4450 totum

453 4484 829 4541 corr-bustum
855 4501 868 4538 :
901 4485 1040 4554 quia
1069 4483 1335 4539 Christus
1364 4501 1495 4539 cum
1528 4501 1766 4556 corpore
1789 4489 1847 4539 et
1903 4485 2096 4540 anima

1930 343 2355 408 APPENDIX.
3662 349 3746 412 9‘18

441 477 583 532 citer
635 474 1024 545 judicaretur,
1067 476 1206 546 quia
1250 481 1309 531 et
1366 491 1429 531 se
1497 481 1555 555 et
1611 452 1793 533 alium
1850 478 2083 533 occidit.
2118 483 2171 547 Α

2276 503 2303 530 ‹‹
2338 476 2691 534 Laetabimur
2719 476 2781 532 in
2841 476 3082 532 salutari
3133 480 3261 534 tuo.
3288 496 3317 525 »
3355 480 3471 533 Vox
3516 480 3745 539 Ecclesia:

2202 570 2261 625 in
2292 569 2543 624 salutem
2579 584 2757 639 quam
2792 567 3004 622 dedisti
3037 567 3333 637 patiendo.
3357 589 3383 615 «
3416 570 3477 620 Et
3501 568 3553 622 in
3577 575 3750 627 nomine

2196 658 2430 713 Domini
2454 657 2557 713 Dei
2589 656 2771 712 nostri
2793 656 3342 727 magniﬁcabimur;
3370 679 3391 707 ι
3418 672 3521 711 non
3548 658 3597 711 in
3611 660 3749 729 nobis,

2198 748 2298 803 sed
2332 748 2388 802 in
2423 746 2546 813 illo,
2579 746 2717 818 quia
2748 746 2808 800 in
2857 744 3114 801 Ecclesia
3142 744 3205 800 in
3236 749 3340 800 tuo
3369 762 3557 801 sumus
3582 751 3753 805 nomine

2197 837 2555 909 congregati.

2270 925 2578 998 «Impleat
2636 924 2916 980 Dominus
2974 940 3178 979 omnes
3232 924 3535 995 petitiones
3595 932 3753 982 tuas.»

2198 1016 2391 1087 Usque
2448 1016 2562 1069 huc
2618 1014 2691 1068 de
2746 1013 3017 1084 passione
3062 1012 3233 1082 dixit,
3293 1014 3465 1068 modo
3516 1014 3577 1067 de
3618 1031 3753 1070 resur-

2197 1103 2471 1169 rectione,
2505 1106 2562 1157 et
2618 1101 2982 1167 ascensione,
3040 1105 3097 1155 et
3153 1102 3619 1156 remuneratione.
3660 1104 3752 1157 Due

2198 1196 2336 1248 sunt
2382 1190 2692 1263 petitiones
2751 1189 2965 1245 Christi
3026 1207 3159 1244 cum
3215 1189 3393 1245 dicit:
3450 1190 3686 1245 Exandiat
3720 1196 3756 1246 te

2197 1282 2567 1347 Dominus,et
2586 1279 2826 1353 impleat
2849 1296 3053 1335 omnes
3072 1279 3387 1350 petitiones
3408 1283 3550 1333 tuas.
3579 1280 3752 1343 Quando

2198 1370 2341 1424 dixit
2362 1369 2628 1424 Christus
2650 1369 2720 1423 ad
2744 1372 2975 1424 Patrem
3001 1386 3014 1423 :
3050 1368 3328 1438 Clariﬁca
3348 1383 3450 1435 me,
3473 1368 3636 1433 Pater,
3661 1369 3755 1437 apud

2201 1461 2543 1530 temetipsum
2562 1459 2813 1513 claritate
2840 1474 3008 1527 quam
3037 1457 3211 1511 habui
3230 1457 3547 1527 priusquam
3585 1458 3752 1510 munda:

2196 1552 2348 1621 ﬁeret
2380 1549 2565 1619 (Joan.
2598 1564 2739 1615 xvn;
2765 1546 2845 1617 5).
2892 1546 2960 1600 Et
2988 1545 3124 1601 alibi
3161 1563 3175 1600 :
3208 1546 3396 1612 Pater,
3426 1549 3608 1611 sancte,
3652 1561 3755 1599 seris

2199 1654 2291 1694 eos
2313 1640 2370 1693 in
2400 1637 2623 1693 nomine
2656 1644 2745 1691 tuo
2776 1652 2906 1707 quos
2936 1634 3135 1690 dedisti
3158 1633 3326 1702 mihi,
3359 1642 3417 1689 ut
3436 1633 3657 1706 quomodo
3690 1650 3754 1687 uo:

2194 1744 2370 1783 unum
2413 1742 2623 1796 sumus,
2685 1727 2765 1780 sie
2820 1728 2873 1780 et
2924 1724 3015 1779 illi
3078 1741 3261 1778 unum
3330 1725 3442 1779 sint
3506 1722 3638 1793 (Ibid.
3683 1724 3753 1787 ll).

2202 1840 2231 1869 «
2260 1818 2426 1873 Nunc
2456 1813 2697 1887 cognovi
2743 1813 3022 1886 quoniam
3079 1812 3313 1868 salvum
3378 1809 3504 1867 fecit
3550 1810 3753 1866 Dominus

2197 1906 2495 1962 Christum
2527 1920 2724 1959 suum.
2745 1925 2773 1954 »ι
2809 1904 2975 1958 Nunc
3007 1901 3152 1957 dicit
3183 1901 3474 1973 Propheta
3500 1901 3563 1955 ad
3589 1903 3753 1970 tempus

2196 1997 2433 2068 quando
2465 1993 2688 2065 accepit
2718 1992 3002 2064 Spiritum
3042 1995 3344 2047 sanctum.
3378 1991 3533 2046 Tunc
3558 1987 3752 2061 cognovit

2196 2085 2350 2156 quod
2383 2083 2633 2139 salvaret
2662 2082 2818 2137 Deus
2848 2086 3020 2136 Pater
3051 2079 3268 2136 Filium
3303 2096 3497 2136 suum.

2268 2198 2296 2225 «
2337 2175 2407 2229 Et
2438 2170 2887 2228 exaudietillum
2909 2171 2982 2225 de
3003 2168 3145 2226 coelo
3180 2174 3386 2225 sancto
3414 2185 3513 2225 suo
3534 2185 3546 2235 ;
3566 2189 3591 2218 »
3618 2166 3662 2220 id
3682 2167 3749 2229 est,

2196 2266 2267 2320 de
2299 2262 2611 2333 semetipso
2642 2265 2701 2315 et
2729 2261 2799 2315 de
2830 2263 3032 2315 sancta
3075 2259 3356 2315 Ecclesia.
3384 2281 3413 2309 «
3436 2263 3496 2313 In
3523 2253 3753 2329 potentati-

2197 2354 2308 2408 bus
2365 2350 2527 2407 salus
2587 2350 2831 2405 dexterae
2885 2349 3034 2420 ejus.
3062 2372 3084 2399 ι
3149 2346 3546 2403 Potentatibus
3606 2347 3751 2399 sancte

2194 2440 2493 2498 Ecclesiae:
2529 2440 2744 2510 quibus
2776 2437 2937 2493 salus
2970 2438 3120 2492 facta
3150 2442 3244 2492 est
3275 2453 3379 2507 per
3405 2436 3658 2492 Christum
3689 2428 3751 2500 qui

2196 2537 2286 2587 est
2315 2531 2551 2584 dextera
2580 2528 2727 2597 ejus,
2786 2526 2844 2580 id
2898 2530 2989 2581 est
3046 2526 3141 2581 Dei
3210 2526 3420 2590 Patris,
3476 2524 3592 2593 quia
3637 2519 3753 2574 habet

2198 2618 2452 2675 Ecclesia
2472 2617 2693 2688 ligandi
2726 2620 2782 2671 et
2810 2614 3071 2670 solvendi
3092 2619 3462 2686 potestatem,
3484 2617 3534 2667 et
3574 2605 3751 2678 discipli-

2197 2725 2332 2763 nam
2363 2705 2629 2762 faciendi.
2665 2706 2733 2759 Et
2764 2704 3078 2759 Dominus:
3110 2705 3251 2758 Ecce
3274 2704 3407 2759 dedi
3425 2702 3557 2758 vobis
3587 2700 3753 2769 potesta-

2196 2804 2303 2854 tem
2330 2797 2550 2851 calcare
2577 2810 2741 2865 super
2787 2796 3081 2864 serpentes,
3131 2797 3189 2846 et
3216 2795 3445 2847 virtutes
3486 2804 3641 2845 omnes
3676 2785 3750 2837 ini-

2195 2887 2330 2942 mici
2357 2886 2509 2957 (Luc.
2542 2900 2597 2937 x.
2633 2882 2740 2952 19).
2773 2882 2935 2937 Unde
2964 2881 3187 2936 Paulus
3221 2881 3395 2936 dicit:
3442 2877 3561 2947 Quid
3605 2870 3752 2930 mlta?

2197 2981 2261 3032 In
2282 2977 2445 3045 virga
2462 2975 2678 3028 veniam
2701 2972 2774 3026 ad
2792 2987 2901 3037 vos,
2925 2987 3001 3025 an
3018 2971 3077 3025 in
3092 2972 3372 3025 eliarz'tate
3418 2969 3549 3040 (Cor.
3574 2980 3636 3021 IV.
3659 2959 3751 3030 2|)?

2202 3087 2232 3115 «
2280 3066 2342 3118 In
2398 3061 2798 3133 potentatibus
2845 3059 3009 3115 salus
3065 3060 3315 3114 dexterae
3370 3058 3555 3128 ejus.»
3594 3055 3644 3108 In
3686 3049 3749 3103 illa

2198 3152 2460 3226 potentia
2489 3167 2615 3221 qua:
2646 3149 2828 3204 victor
2857 3149 2928 3204 ab
2962 3148 3166 3204 inferis
3202 3146 3522 3203 resurrexit.

2275 3264 2302 3292 ‹‹
2334 3242 2404 3295 Hi
2436 3240 2496 3294 in
2530 3238 2823 3304 curribus,
2871 3242 2930 3292 et
2978 3236 3040 3292 hi
3090 3236 3150 3291 in
3198 3237 3386 3308 equis.
3421 3257 3443 3287 ι
3502 3234 3677 3288 Currus
3716 3231 3752 3279 et

2200 3347 2387 3403 equus
2406 3328 2710 3399 semperin
2740 3325 3045 3398 Egyptiis,
3079 3331 3427 3398 arguuntur.
3456 3321 3555 3379 Alii
3583 3316 3751 3375 credant

2201 3419 2375 3474 idolis
2390 3422 2567 3489 atque
2597 3416 2903 3471 daemoniis
2927 3442 2942 3483 ;
2975 3432 3082 3470 nos
3105 3415 3467 3471 conﬁdamus
3495 3412 3547 3465 in
3573 3405 3751 3463 Christo.

2200 3508 2301 3564 Vel
2330 3507 2531 3563 aliter:
2566 3530 2594 3557 ‹‹
2627 3507 2695 3561 Hi
2727 3506 2786 3560 in
2819 3505 3110 3571 curribus,
3146 3510 3208 3561 et
3255 3505 3313 3560 hi
3360 3505 3416 3558 in
3446 3500 3658 3573 equis.»
3687 3493 3754 3547 Per
3858 3514 3859 3559 1

2202 3615 2430 3667 currus,
2453 3596 2720 3667 voluptas
2778 3595 3006 3658 mundi,
3067 3594 3189 3649 sive
3238 3592 3633 3648 mundanorum
3672 3595 3751 3635 om-

2202 3687 2366 3742 nium
2398 3685 2687 3756 cupiditas
2718 3684 3096 3755 designatur;
3130 3684 3272 3754 quia
3298 3681 3457 3753 quasi
3498 3681 3629 3739 rota,
3667 3682 3751 3740 qn?

2202 3774 2511 3830 instabiles
2533 3773 2781 3841 sunt,sic
2802 3772 2913 3843 ipsi
2931 3773 2989 3826 in
3014 3776 3209 3827 mente
3227 3768 3585 3838 hucillucque
3601 3761 3754 3816 discur-

2204 3869 2359 3918 runt.
2387 3864 2491 3918 Per
2509 3878 2712 3933 equos,
2737 3860 2998 3932 superbi,
3024 3874 3082 3915 et.
3102 3860 3219 3932 ipsi
3242 3861 3379 3914 sunt
3406 3853 3598 3927 cupidi.
3641 3872 3656 3895 -
3676 3848 3749 3898 N05

2204 3958 2397 4008 autem
2428 3952 2487 4006 in
2510 3951 2745 4005 nomine
2767 3950 2998 4005 Domini
3022 3949 3119 4004 Dei
3142 3948 3327 4005 nostri
3351 3940 3690 4001 invocabimus
3708 3949 3718 3996 ;
3734 3950 3750 3971 ”

2204 4057 2318 4095 non
2350 4041 2410 4095 in
2444 4040 2535 4094 his
2565 4055 2744 4110 supra
2775 4037 2969 4099 dictis,
3002 4038 3105 4092 sed
3136 4037 3195 4091 in
3220 4036 3447 4091 nomine
3474 4023 3703 4118 Domini.”

2275 4152 2303 4178 ‹‹
2336 4129 2453 4199 Ipsi
2486 4127 2729 4199 obligati
2760 4131 2918 4195 sunt,
2954 4130 3010 4182 et
3039 4126 3371 4182 ceciderunt
3397 4141 3409 4178 :
3432 4144 3455 4170 »
3500 4116 3586 4189 qui
3632 4110 3750 4199 vim?

2204 4235 2334 4272 rum
2366 4197 2798 4288 funibusiiligati
2822 4220 2962 4271 sunt
2991 4219 3047 4271 et
3078 4215 3138 4269 in
3171 4213 3463 4286 superiora
3495 4222 3591 4262 non
3616 4197 3749 4255 valent

2206 4307 2536 4375 ascendere,
2562 4306 2660 4360 sed
2694 4306 2903 4360 cadent
2935 4308 2999 4358 ut
3019 4303 3203 4359 illud:
3240 4305 3301 4358 Et
3325 4300 3557 4356 abierunt
3604 4296 3746 4345 retror-

2204 4413 2344 4463 sum,
2375 4399 2426 4450 et
2453 4395 2760 4450 ceciderunt
2788 4394 2964 4465 (Joan.
3014 4410 3179 4459 xvm,
3233 4393 3307 4463 6).
3371 4411 3397 4441 α
3419 4388 3522 4442 Nos
3547 4394 3655 4436 vero
3689 4386 3749 4465 re:

2206 4484 2570 4541 surreximus
2601 4488 2658 4537 et.
2702 4482 2878 4538 erecti
2929 4498 3157 4537 sumus.
3198 4503 3226 4531 »
3280 4471 3669 4535 Resurreximus
3701 4456 3748 4513 ab

453 4573 715 4629 ascendit
741 4574 799 4627 in
832 4589 1086 4628 crucem.
1120 4573 1336 4629 Omnes
1366 4573 1613 4628 victimae
1673 4579 1808 4639 tuae,
1866 4574 2087 4629 sacrifl-
2122 4584 2169 4648 D
2204 4573 2584 4629 infidelitate:
2620 4573 2798 4626 Erecti
2825 4588 3013 4626 sumus
3047 4588 3150 4643 per
3178 4571 3373 4635 ﬁdem,
3406 4563 3529 4638 quia
3569 4558 3746 4612 tortuosi

452 4664 606 4718 cium
635 4661 849 4718 Christi
880 4666 991 4727 est,
1024 4662 1145 4717 sive
1176 4662 1330 4733 quod
1364 4663 1415 4717 ei
1439 4678 1642 4719 omnes
1663 4663 1964 4718 offerimus
1994 4664 2094 4719 de-

458 4751 785 4824 precando:
820 4750 939 4806 sive
978 4750 1131 4821 quod
1164 4765 1267 4820 pro
1292 4751 1567 4806 omnibus
1601 4767 1774 4805 suum
1808 4750 1931 4822 ipse
1962 4769 2098 4807 san-

449 4840 686 4913 guinem
704 4840 952 4894 fudit.Et
969 4849 1051 4894 est
1067 4856 1277 4894 sensus
1305 4856 1316 4894 :
1344 4855 1415 4894 ne
1436 4838 1720 4910 patieritis
1738 4855 2095 4911 quemquam

450 4929 660 5000 perire,
692 4945 825 4983 cum
858 4946 960 5001 pro
992 4928 1267 4984 omnibus
1322 4932 1589 4982 mortuus
1622 4927 1725 4996 sis,
1759 4933 1817 4982 et
1860 4945 2094 4984 omnem

449 5016 807 5072 voluntatem
838 5023 1003 5073 tuam
1034 5016 1275 5089 impleat
1304 5020 1493 5072 Pater.
1530 5017 1689 5072 Unde
1721 5018 1802 5071 ait
1828 5034 1840 5071 :
1878 5018 1997 5072 Volo
2038 5022 2097 5073 ut

448 5105 711 5177 quomodo
740 5123 835 5177 ego
862 5115 915 5162 et
936 5111 996 5161 tu
1024 5124 1197 5161 unum
1223 5123 1438 5169 sumus,
1466 5107 1549 5161 sic
1590 5114 1640 5161 et
1690 5107 1788 5161 isti
1835 5107 1895 5159 in
1940 5107 2097 5162 nobis

450 5210 624 5249 unum
651 5196 764 5250 sint
798 5198 975 5262 (Joan.
1007 5213 1142 5264 xvn,
1165 5196 1275 5267 22).

525 5305 553 5333 ‹‹
585 5284 829 5339 Tribuat
858 5284 959 5339 tibi
994 5285 1281 5340 Dominus
1318 5286 1641 5340 secundum
1702 5300 1800 5340 cor
1847 5288 2040 5350 tuum,
2065 5304 2094 5333 »

451 5373 508 5427 id
540 5376 648 5439 est,
674 5372 791 5428 sive
808 5390 910 5444 pro
932 5373 1299 5428 humanitate
1348 5374 1542 5428 carnis
1584 5372 1797 5429 Christi
1828 5374 1948 5428 sive
1992 5390 2095 5444 pro

451 5477 690 5534 corpore
748 5479 875 5530 suo,
937 5462 1047 5516 hoc
1103 5468 1212 5529 est,
1262 5462 1541 5533 Ecclesia,
1613 5468 1678 5518 ut
1750 5464 2099 5518 exaudiatur

452 5557 630 5624 optat.
666 5576 686 5601 ι
723 5552 788 5606 Et
817 5567 988 5607 omne
1021 5550 1334 5605 consilium
1365 5556 1533 5607 tuum
1589 5553 1932 5607 conﬁrmet:
1962 5576 1983 5603 υ
2035 5552 2093 5606 id

452 5647 542 5697 est
570 5640 885 5697 consilium
916 5637 1241 5694 Trinitatis.

2211 4662 2433 4719 fuimus
2462 4662 2521 4716 in
2544 4661 2814 4733 peccatis.
3713 4722 3721 4732 υ

2286 4774 2313 4800 ‹‹
2345 4750 2612 4817 Domine,
2649 4749 2875 4804 salvum
2907 4750 2996 4805 fac
3021 4764 3217 4820 regem
3247 4767 3260 4803 :
3295 4752 3348 4802 et
3377 4735 3559 4800 exaudi
3603 4744 3683 4786 nos
3711 4736 3748 4774 ιη

2209 4841 2303 4896 die
2332 4857 2447 4912 qua
2489 4838 2949 4894 invocaverimus
3009 4842 3083 4894 te.
3117 4860 3143 4886 ››
3203 4837 3416 4893 Salvum
3454 4831 3538 4900 fac
3583 4824 3745 4912 νςςθείπί

2210 4931 2318 4986 hoc
2343 4908 2431 4984 cst
2458 4927 2778 4994 Christum,
2804 4943 2907 4997 pro
2925 4932 3086 4999 parte
3116 4925 3325 4981 carnis.
3357 4923 3415 4977 Et
3451 4908 3633 4999 exaudi
3664 4912 3742 4955 nos.

2210 5020 2395 5091 Rogat
2421 5016 2680 5072 Ecclesia
2711 5021 2773 5070 ut
2803 4998 3152 5071 exaudiatur
3180 5020 3426 5084 tempore
3471 4998 3739 5093 ορροῗίυῗῗς

2213 5128 2239 5159 α
2270 5106 2538 5173 Domine,
2569 5105 2794 5160 salvum
2827 5106 2916 5160 fac
2949 5120 3165 5177 regem,
3187 5110 3241 5158 et
3270 5093 3461 5155 exaudi
3488 5103 3576 5145 nos
3601 5073 3742 5180 ξιιηᾲξξ

2208 5213 2324 5268 Qua
2356 5194 2819 5250 invocaverimus
2850 5200 2924 5248 te.
2962 5214 2989 5243 ››
3036 5192 3100 5247 In
3157 5190 3382 5246 Hebraeo
3426 5184 3496 5236 ita
3528 5169 3737 5268 εοήρίξξῗ

2207 5248 2332 5339 est:
2370 5306 2397 5332 «
2431 5283 2695 5349 Domine,
2730 5281 2953 5337 salvum
2988 5281 3076 5337 fac
3122 5294 3310 5352 regem
3340 5293 3352 5330 :
3408 5268 3494 5342 qui
3542 5248 3738 5316 exaudi!t

2206 5390 2314 5428 nos
2343 5373 2401 5427 in
2435 5388 2787 5444 quacunque
2817 5371 2912 5426 die
2942 5366 3391 5425 invocaverimus
3416 5364 3483 5413 te.
3503 5376 3522 5405 ι

2777 5459 3106 5515 PSALMUS

2289 5572 2317 5599 «
2342 5548 2609 5613 Domine,
2630 5547 2688 5603 in
3072 5512 3182 5601 tua
3228 5538 3491 5598 laetabitur
3506 5540 3599 5583 Γρι-
3618 5541 3633 5566 '

2206 5642 2297 5694 est
2327 5637 2557 5703 rex,cui
2589 5640 2647 5691 et
2677 5637 2736 5691 in
2767 5636 3053 5708 superiori
3089 5633 3309 5706 psalmo
3344 5618 3610 5682 secundum
3655 5601 3729 5653 τοτ’
