3964 6190
158 365 286 431 929

1325 360 1817 428 BREVIABIUM
1864 362 1944 425 IN
1988 356 2369 427 PSALMOS.

3450 340 3573 430 936

164 514 330 553 mam
360 497 510 553 servi
540 501 743 552 oratur
784 496 965 571 salus.
1019 495 1287 551 Christus
1338 512 1437 552 rex
1484 513 1711 568 regum,
1761 502 1817 552 et
1845 494 1901 564 Α
1930 496 2196 552 Christus
2255 513 2358 568 pro
2416 496 2740 569 acquisitis,
2773 514 2879 569 pro
2920 498 3136 569 quibus
3194 517 3407 571 passus
3463 468 3570 557 est.

167 587 457 643 Dominus
488 585 920 641 dominantium
949 586 1134 657 (Apoc.
1190 603 1305 652 x1x,
1354 587 1461 657 16).
1494 605 1515 633 α
1546 586 1616 639 Et
1645 602 1821 657 super

164 674 414 732 salutari
448 679 551 729 tuo
580 674 898 730 exsultabit
936 674 1345 743 vehementer;
1382 697 1410 723 »
1438 674 1497 729 id
1530 677 1619 730 est
1646 673 1704 729 in
1755 691 1820 729 eo

167 765 328 837 quod
360 763 597 819 salvasti
630 764 899 819 homines
955 781 967 818 :
1021 763 1204 819 Filius
1252 768 1393 820 tuus
1425 762 1524 835 qui
1563 761 1821 818 Salvator

165 858 280 922 est,
314 851 645 909 exsultabit.

242 965 272 992 «
309 942 672 998 Desiderium
702 941 897 997 cordis
927 942 1054 1013 ejus
1086 940 1297 997 dedisti
1327 942 1412 996 ei:
1440 945 1498 997 et
1524 940 1823 996 voluntate

165 1031 463 1086 labiorum
512 1030 641 1101 ejus
689 1045 803 1085 non
854 1029 1139 1086 fraudasti
1174 1046 1328 1085 eum.
1365 1051 1394 1079 ››
1423 1030 1554 1085 Jam
1607 1027 1824 1100 quippe

166 1136 289 1175 non
338 1135 547 1175 sumus
597 1119 766 1183 servi,
817 1120 915 1173 sed
969 1118 1141 1173 amici
1197 1119 1373 1189 (Joan.
1424 1136 1517 1187 xv,
1572 1120 1658 1189 14,
1712 1118 1820 1189 15).

168 1210 337 1272 Quod
368 1207 590 1280 petivit,
621 1206 913 1278 expletum
944 1211 1053 1262 est.
1087 1208 1390 1272 Quomodo
1412 1207 1537 1278 ipse
1560 1212 1617 1262 et
1655 1207 1825 1260 Pater

171 1314 361 1353 unum
393 1302 551 1362 sunt,
585 1296 669 1351 sic
697 1299 755 1350 et
783 1312 889 1351 nos
918 1295 977 1349 in
1009 1296 1137 1367 ipso
1168 1312 1352 1350 unum
1386 1312 1593 1351 sumus
1644 1296 1820 1367 (Joan.

167 1402 311 1450 xvn,
342 1386 452 1455 22).
488 1384 589 1440 Vel
623 1384 790 1440 aliter
820 1401 832 1437 :
871 1384 1235 1439 Desiderium
1286 1384 1493 1440 animae
1540 1385 1668 1455 ejus
1718 1383 1822 1438 tri-

168 1474 355 1531 buisti
384 1475 458 1529 ei.
496 1496 523 1521 ››
554 1472 913 1529 Desideravit
940 1473 1123 1529 Filius
1154 1474 1252 1528 Dei
1284 1479 1347 1528 ut
1378 1473 1598 1528 veniret
1639 1489 1824 1544 genus

169 1565 502 1620 humanum
548 1562 850 1617 redimere.
882 1562 1044 1617 Unde
1081 1563 1227 1617 dixit
1262 1580 1275 1617 :
1310 1562 1585 1617 Desiderio
1615 1561 1823 1617 deszde-

170 1657 299 1709 ravi
330 1654 424 1708 hoc
452 1653 660 1707 Pascha
686 1652 1029 1708 manducare
1059 1653 1333 1708 vobiscum
1364 1656 1658 1723 antequam
1704 1667 1825 1705 mo-

173 1746 311 1800 riar
338 1744 485 1814 (Luc.
535 1759 675 1808 xxn,
711 1743 818 1812 15).
853 1764 879 1790 ‹‹
915 1742 983 1795 Et
1012 1740 1312 1797 voluntate
1357 1740 1648 1795 labiorum
1698 1741 1826 1810 ejus

174 1850 295 1889 non
326 1830 611 1886 fraudasti
642 1846 800 1886 eum.
839 1851 867 1880 »
896 1830 967 1884 Et
998 1831 1106 1885 hoc
1138 1833 1227 1885 est
1255 1829 1490 1900 quando
1539 1828 1825 1884 Dominus

172 1923 326 1978 dixit
357 1938 371 1977 :
404 1926 601 1977 Pacem
629 1936 809 1975 meam
838 1920 904 1976 do
935 1920 1081 1976 vobis
1111 1938 1130 1974 :
1156 1935 1346 1992 pacem
1372 1934 1550 1974 meam
1576 1918 1826 1990 relinquo

174 2013 330 2069 vobis
358 2012 533 2083 (Joan,
564 2024 679 2080 xrv,
704 2009 818 2081 2'7).

253 2123 282 2151 ‹‹
315 2099 601 2166 Quoniam
651 2097 981 2171 praevenisti
1025 2115 1161 2154 eum
1209 2098 1268 2155 in
1318 2098 1827 2155 benedictionibus

174 2188 531 2246 dulcedinis.
565 2210 594 2237 ››
624 2188 743 2243 Ηοο
774 2192 863 2244 est
892 2205 926 2242 a
954 2187 1146 2260 longe,
1178 2191 1411 2259 quando
1449 2187 1828 2244 Melchisedec

173 2278 479 2336 benedixit
504 2276 799 2332 Abraham
831 2276 980 2347 (Gen.
1018 2294 1132 2344 xiv,
1170 2277 1276 2349 19).
1308 2278 1377 2332 Et
1419 2277 1629 2332 deinde
1654 2279 1828 2348 quot-

172 2373 328 2440 quot
356 2366 787 2422 benedictiones
820 2365 876 2419 in
910 2365 1257 2437 patriarchis
1289 2383 1474 2438 usque
1506 2368 1575 2421 ad
1617 2366 1827 2420 adven-

168 2462 311 2512 tum
345 2455 557 2511 Christi
588 2456 840 2520 luerunt,
872 2454 1137 2510 Christus
1185 2455 1246 2509 in
1298 2454 1444 2527 ipsis
1482 2455 1829 2510 benedictus

170 2550 291 2602 est.
328 2567 357 2594 ί(
392 2544 674 2610 Quoniam
724 2542 1055 2615 pravenisti
1104 2560 1274 2610 eum;
1324 2566 1352 2594 ››
1404 2544 1514 2599 hoc
1554 2548 1660 2613 est,
1696 2547 1829 2598 ante

174 2634 460 2707 praevenit
488 2650 622 2688 eum
653 2632 712 2687 in
743 2631 1246 2688 benedictionibus
1276 2631 1624 2699 dulcedinis,
1652 2648 1829 2704 quam

180 2742 222 2780 a
248 2723 468 2778 Judeis
508 2721 585 2777 fel
617 2726 948 2794 porrectum
980 2724 1312 2794 gustasset:
1339 2721 1476 2793 quia
1504 2738 1676 2778 an;ea
1695 2738 1830 2776 eum

179 2802 314 2868 ista:
344 2810 777 2867 benedictiones
806 2814 1107 2866 venerunt.
1143 2811 1397 2868 Gustavit
1441 2815 1495 2867 et
1537 2812 1719 2868 noluit
1752 2810 1829 2865 bi-

182 2903 319 2958 bere
363 2901 572 2973 (Matth.
625 2917 796 2967 xxvu,
844 2900 955 2971 34).
1008 2900 1267 2969 Gustavit,
1322 2901 1457 2973 quia
1512 2902 1582 2957 de
1646 2904 1832 2956 morte

180 2995 392 3045 nostra
420 2988 697 3060 suscepit.
729 2989 915 3044 Noluit
946 2988 1146 3058 bibere,
1195 2989 1335 3060 quia
1380 2990 1473 3045 die
1522 2989 1698 3045 tertia
1745 3006 1831 3044 re-

180 3078 465 3135 surrexit.
526 3078 713 3133 Noluit
762 3076 961 3143 bibere,
1019 3077 1129 3133 hoc
1178 3082 1285 3145 est,
1336 3094 1451 3132 non
1510 3079 1836 3149 permansit

180 3168 250 3222 in
283 3172 490 3222 morte.
530 3183 555 3215 ι
588 3165 835 3221 Posuisti
866 3183 1044 3237 super
1074 3170 1249 3237 caput
1288 3167 1415 3238 ejus
1459 3182 1731 3221 coronam
1766 3169 1836 3223 de

180 3255 385 3328 lapide
415 3256 687 3327 pretioso.
742 3277 768 3303 ι)
813 3255 1037 3310 Corona
1075 3254 1191 3320 Dei,
1244 3237 1504 3310 Ecclesia
1554 3272 1621 3310 ex
1657 3256 1836 3311 variis
1867 3237 1911 3304 (ἶ

181 3344 465 3417 gentibus
496 3342 865 3415 congregatio
897 3347 1003 3397 est.
1036 3343 1117 3397 De
1148 3359 1266 3415 qua
1293 3343 1512 3399 Paulus
1544 3345 1654 3399 sub
1707 3361 1833 3413 per-

180 3449 340 3488 sona
367 3432 727 3488 credentium
758 3431 839 3487 ait
871 3448 884 3487 :
916 3431 1193 3488 Gaudium
1221 3440 1272 3488 et
1300 3448 1499 3489 corona
1527 3450 1652 3490 mea
1682 3434 1833 3506 (Phi-

186 3521 337 3594 lipp.
370 3538 445 3592 ιν,
478 3522 552 3591 1).

262 3632 293 3660 ‹‹
323 3610 516 3665 Vitam
548 3609 734 3681 petiit,
768 3612 825 3663 et
873 3608 1081 3664 dedisti
1128 3609 1200 3665 ei.
1251 3628 1277 3660 π
1334 3609 1407 3665 Ut
1452 3609 1628 3667 homo
1679 3628 1836 3667 mor-

180 3706 332 3756 tuus
363 3704 471 3766 est,
504 3703 568 3754 nt
596 3697 771 3754 homo
805 3699 1118 3754 resurrexit
1148 3715 1161 3753 :
1195 3704 1347 3754 Deus
1400 3701 1617 3772 quippe
1659 3700 1837 3756 vitam

183 3787 490 3862 postulem
519 3804 635 3843 non
666 3788 874 3860 potuit.
934 3809 959 3840 α
1007 3788 1456 3861 Longitudiuem
1509 3788 1737 3845 dierum
1777 3788 1837 3843 in

185 3876 471 3935 saeculum
503 3876 723 3933 saeculi.
762 3899 782 3925 ν
820 3875 1006 3946 Impia
1036 3892 1332 3949 synagoga
1360 3877 1667 3933 enticeat.
1701 3877 1840 3941 Quis

186 3967 502 4023 hominum
527 3967 667 4021 vivit
696 3966 755 4019 in
790 3964 1090 4032 saeculum,
1123 3969 1180 4020 et
1210 3966 1268 4020 in
1302 3966 1583 4022 saeculum
1615 3967 1844 4022 saeculi?

184 4056 377 4112 David
409 4060 464 4110 et
491 4054 766 4110 Salomon
797 4071 912 4109 non
943 4052 1201 4126 amplius
1233 4072 1410 4127 quam
1450 4056 1842 4129 quadragenis

186 4145 367 4201 annis
398 4148 808 4216 regnaverunt.

265 4257 295 4283 ‹‹
328 4237 535 4306 Magna
565 4237 654 4288 est
674 4231 860 4304 gloria
888 4233 1018 4303 ejus
1043 4232 1104 4287 in
1137 4232 1381 4289 salutari
1414 4237 1533 4289 tuo.
1568 4257 1596 4284 »
1629 4232 1838 4305 Imple-

182 4328 323 4378 tum
354 4326 440 4377 est
472 4321 627 4393 quod
658 4322 783 4392 ipse
821 4320 881 4375 in
930 4322 1239 4393 Evangelio
1261 4323 1575 4394 postulavit
1608 4340 1621 4377 :
1654 4324 1841 4389 Pater,

184 4410 443 4481 gloriﬁca
473 4424 561 4463 me
588 4407 731 4479 apud
762 4410 1109 4477 temetipsum
1148 4410 1338 4480 (Joan.
1386 4427 1522 4480 xvn,
1553 4412 1630 4483 5).
1663 4432 1691 4461 «
1721 4411 1840 4465 Ma-

187 4516 313 4571 gna
359 4502 447 4552 est
495 4496 677 4570 gloria
720 4497 848 4568 ejus
902 4497 961 4551 in
1013 4497 1256 4553 salutari
1288 4504 1423 4567 tuo;
1458 4516 1524 4555 ac
1554 4500 1604 4555 si
1636 4492 1794 4555 dicat
1826 4516 1838 4553 :

186 4588 409 4658 Magna
456 4590 546 4642 est
591 4586 775 4659 gloria
827 4586 995 4657 ejus;
1023 4605 1049 4637 ιο
1088 4604 1368 4659 magnum
1416 4593 1505 4643 est
1543 4588 1843 4644 hominem
1876 4609 1922 4672 D
1954 4590 2027 4645 ad
2082 4588 2335 4644 Pilatum

190 4679 572 4748 assumptum
602 4690 729 4731 esse
761 4675 833 4729 ad
866 4674 1160 4730 dexteram
1184 4676 1286 4731 Dei
1313 4676 1559 4732 Patris.«
1584 4677 1843 4733 Gloriam

190 4771 251 4821 et
286 4780 566 4837 magnum
606 4766 872 4819 decorem
922 4763 1190 4835 impones
1239 4782 1416 4837 super
1464 4784 1635 4835 eum;
1668 4789 1695 4817 »
1729 4768 1845 4835 glo-

188 4855 348 4909 riam
404 4853 883 4921 resurrectionis;
933 4852 1201 4921 decorem,
1254 4857 1489 4927 quando
1538 4856 1597 4910 in
1650 4859 1846 4911 monte

190 4941 565 5014 resplenduit
588 4942 764 4998 facies
796 4942 923 5013 ejus
956 4942 1110 4997 sicut
1136 4941 1242 5011 sol,
1275 4949 1333 4998 et
1353 4945 1699 5001 vestimenta
1718 4946 1846 5017 ejus

192 5033 357 5087 facta
390 5036 528 5087 sunt
560 5031 693 5087 alba
722 5030 875 5086 sicut
901 5030 1000 5084 nix
1030 5030 1246 5102 (Matth.
1279 5050 1415 5105 xvn,
1446 5035 1522 5105 2).

271 5142 303 5169 ‹‹
336 5120 621 5185 Quoniam
667 5119 836 5175 dabis
883 5117 934 5174 ei
982 5119 1446 5177 benedictionem
1478 5121 1537 5176 in
1569 5120 1846 5177 saeculum

197 5208 422 5275 saeculi,
493 5232 520 5259 ››
576 5209 713 5281 quia
767 5208 961 5263 omnis
1016 5212 1284 5264 creatura
1336 5209 1628 5265 benedicit
1690 5226 1845 5265 eum.

199 5321 227 5345 ‹‹
266 5298 614 5353 Εωιίῆοᾶὴίε
639 5314 772 5352 eum
798 5296 858 5350 in
888 5296 1102 5368 gaudio
1134 5314 1267 5353 cum
1313 5299 1473 5354 vultu
1522 5304 1645 5366 tuo,
1677 5321 1705 5350 ››
1741 5299 1850 5355 hoc

200 5390 311 5453 est,
339 5385 448 5442 erit
476 5391 669 5443 tecum
701 5402 931 5456 semper
961 5385 1020 5440 in
1051 5386 1233 5443 ccelis.
1269 5411 1297 5439 ‹‹
1332 5388 1676 5444 Laetiﬁcabis
1714 5405 1849 5444 eum

198 5475 262 5530 in
310 5476 524 5547 gaudio
574 5492 711 5530 cum
762 5472 927 5527 vultu
978 5477 1099 5530 tuo.
1134 5499 1163 5527 ››
1193 5478 1354 5532 Tunc
1385 5476 1709 5532 lzetiﬁcabis
1760 5477 1849 5531 Fi-

198 5563 347 5619 lium
380 5564 439 5621 in
470 5565 705 5637 gaudio,
740 5577 873 5618 cum
901 5560 1157 5621 adunata
1188 5567 1363 5622 fuerit
1390 5566 1491 5623 illa
1537 5566 1853 5622 multitudo

2003 610 2029 634 «
2063 585 2348 651 Quoniam
2390 602 2489 641 rex
2538 589 2733 657 sperat
2782 586 2842 640 in
2892 587 3157 655 Domino,
3184 611 3213 639 ››
3246 592 3575 645 secundum

1932 676 2193 747 corporis
2224 674 2747 746 dispensationem,
2786 675 2874 730 vel
2921 675 3094 730 homo
3148 682 3489 751 assumptus
3514 680 3574 735 in

1932 764 2250 819 divinitate.
2285 785 2314 813 ‹‹
2345 765 2414 818 Et
2444 764 2503 818 in
2531 763 2929 819 misericordia
2957 763 3239 821 Altissimi
3270 783 3385 821 non
3417 785 3572 823 com-

1934 852 2278 908 movebitur.
2331 874 2360 903 »
2413 852 2526 909 Nec
2574 853 2913 908 humanitas
2970 853 3119 922 Filli,
3172 870 3276 909 nec
3320 855 3577 910 Ecclesia

1933 942 2247 1013 primitiva,
2301 942 2361 995 in
2423 942 2598 997 linem
2658 942 3137 997 commovebitur.
3198 942 3393 1015 Usque
3439 943 3573 1010 huc,

1933 1030 2224 1103 Propheta
2254 1029 2486 1086 locutus
2508 1036 2596 1086 est
2617 1031 2676 1085 in
2708 1047 2956 1101 persona
2988 1030 3255 1087 Ecclesia
3287 1034 3358 1087 ad
3393 1032 3576 1088 Deum

1933 1120 2161 1175 Patrem
2199 1121 2268 1175 de
2298 1120 2664 1175 humanitate
2711 1120 2945 1189 Christi,
2999 1122 3169 1176 modo
3214 1120 3476 1193 loquitur
3502 1120 3576 1176 ad

1932 1208 2318 1264 divinitatem.
2351 1209 2513 1265 Unde
2539 1209 2684 1264 dixit
2716 1226 2731 1265 :

2009 1320 2036 1347 «
2068 1296 2401 1352 Inveniatur
2430 1314 2643 1352 manus
2671 1302 2772 1353 tua
2804 1298 3078 1354 omnibus
3113 1299 3369 1356 inimicis
3400 1299 3577 1354 tuis.»

1935 1387 2234 1442 lnveniant
2266 1385 2486 1441 inimici
2518 1386 2602 1440 tui
2628 1392 2973 1457 potestatem
3004 1391 3257 1454 tuam,ut
3288 1393 3579 1444 revertan-

1935 1480 2032 1530 tur
2061 1476 2120 1530 in
2150 1475 2389 1531 bonum.
2428 1474 2689 1530 inveniat
2719 1481 2975 1547 potestas
3018 1478 3112 1533 Dei
3162 1477 3293 1532 illos
3325 1478 3424 1549 qui
3468 1478 3578 1531 hu-

1936 1564 2185 1619 militate
2243 1562 2559 1620 noluerunt
2613 1564 2910 1619 Christum
2942 1567 3174 1621 credere
3225 1585 3236 1621 :
3280 1567 3581 1621 inveniant

1936 1652 2067 1708 illos
2097 1653 2157 1707 in
2187 1652 2442 1708 vindicta
2472 1676 2501 1702 «
2535 1652 2781 1707 Dextera
2811 1658 2912 1708 tua
2944 1654 3199 1719 inveniat
3237 1671 3439 1710 omnes
3479 1654 3581 1726 qui

1934 1747 1991 1797 te
2044 1742 2311 1797 oderunt.
2357 1763 2384 1790 η
2436 1740 2708 1796 Odientes
2755 1758 2836 1810 se,
2885 1741 3067 1797 nimia
3113 1741 3423 1798 clementia
3480 1742 3584 1797 Dei

1934 1828 2057 1886 vult
2086 1833 2366 1897 converti,
2416 1846 2552 1885 cum
2596 1829 2772 1886 etiam
2820 1830 3091 1887 inimicos
3140 1848 3278 1887 suos
3326 1831 3584 1886 invenire

1936 1920 2247 1975 desiderat.
3616 1996 3625 1997 ί

2015 2029 2036 2056 α
2071 2010 2255 2065 Pones
2284 2025 2383 2065 eos
2415 2013 2480 2064 ut
2508 2008 2805 2065 clibanum
2853 2010 3007 2082 ignis
3058 2010 3117 2065 in
3166 2014 3427 2081 tempore
3457 2000 3613 2065 vul-r

1936 2103 2033 2153 tus
2063 2098 2178 2166 tui;
2215 2121 2243 2149 »
2273 2098 2335 2153 in
2364 2099 2579 2154 bonam
2610 2104 2857 2171 partem,
2891 2103 2957 2154 ut
2986 2100 3405 2154 comburantur
3452 2097 3583 2154 illo-

1938 2205 2070 2243 rum
2090 2192 2344 2259 peccata.
2379 2187 2543 2243 Sicut
2571 2186 2837 2244 clibanus
2871 2188 3224 2244 intrinsecus
3274 2190 3457 2254 ardet,
3499 2189 3584 2244 sic

1938 2276 2172 2332 illorum
2212 2272 2569 2332 conscientia
2613 2277 2967 2333 intrinsecus
3018 2278 3263 2345 ardebit,
3312 2295 3379 2334 eo
3426 2277 3582 2349 quod

1938 2367 2091 2421 bona
2123 2383 2239 2421 non
2268 2367 2547 2421 fecerunt.
2582 2390 2609 2416 «
2644 2366 2906 2433 Domine,
2958 2367 3017 2420 in
3070 2367 3159 2421 ira
3206 2366 3584 2422 conturbabis

1940 2464 2059 2510 eos.
2096 2477 2122 2503 ››
2155 2455 2220 2509 Et
2250 2455 2345 2509 hic
2373 2454 2682 2510 clementia
2714 2455 2810 2510 Dei
2856 2473 2972 2510 non
3012 2455 3199 2527 punit,
3232 2454 3333 2510 sed
3364 2455 3583 2522 turbat,

1940 2549 2004 2598 ut
2027 2544 2098 2599 ad
2132 2543 2532 2615 paenitentiam
2565 2548 2996 2599 convertantur.
3043 2566 3072 2595 «
3125 2543 3436 2599 Devorabit
3485 2560 3585 2599 eos

1938 2633 2116 2704 ignis,
2147 2654 2175 2683 »
2209 2650 2242 2687 a
2267 2633 2487 2705 Spiritu
2519 2638 2714 2688 sancto
2741 2632 2977 2688 illorum
3010 2631 3587 2705 peccata.Devorabit

1940 2721 2095 2794 ignis
2126 2722 2184 2777 in
2218 2727 2478 2794 tempore
2515 2721 2712 2778 vultus
2740 2722 2863 2790 Dei,
2896 2738 3032 2777 cum
3062 2722 3286 2776 venerit
3315 2718 3587 2791 judicare

1940 2810 2252 2865 mundum.

2016 2921 2044 2949 «
2075 2900 2352 2955 Fructum
2393 2916 2595 2955 eorum
2639 2901 2710 2954 de
2753 2905 2909 2955 terra
2954 2899 3193 2970 perdes;
3231 2919 3257 2946 »
3290 2897 3349 2951 id
3381 2902 3471 2952 est
3498 2897 3587 2967 ip-

1943 3004 2040 3044 sos
2071 2989 2300 3060 perdes,
2332 2989 2419 3043 vel
2450 3005 2628 3061 opera
2655 2987 2917 3059 ipsorum
2950 2988 3020 3042 de
3067 2991 3272 3041 sancta
3307 2984 3586 3043 Ecclesia.

1945 3098 1973 3127 ι(
2008 3076 2075 3132 Et
2104 3078 2369 3132 comedet
2396 3094 2495 3132 eos
2523 3077 2699 3149 ignis.
2729 3099 2756 3128 »
2794 3078 2905 3132 Iste
2934 3076 3089 3148 ignis
3117 3080 3206 3131 est
3234 3076 3305 3131 de
3336 3092 3451 3147 quo
3479 3079 3586 3129 Do-

1946 3165 2145 3220 minus
2173 3166 2233 3220 in
2262 3165 2575 3238 Evangelia
2602 3166 2685 3221 ait
2714 3182 2727 3219 :
2762 3167 2948 3235 Ignem
2974 3166 3102 3219 veni
3126 3165 3342 3220 mittere
3370 3167 3430 3219 in
3478 3173 3585 3219 ter-

1948 3270 2088 3325 ram,
2121 3260 2175 3309 et
2211 3255 2344 3326 quid
2373 3256 2490 3311 volo
2542 3256 2657 3309 nisi
2702 3262 2762 3309 ut
2808 3253 3007 3308 ardeat
3036 3254 3185 3324 (Luc.
3200 3270 3318 3322 «ιι,
3351 3251 3485 3320 49)?
3508 3252 3589 3307 De

1946 3342 2055 3398 hoc
2086 3343 2220 3416 igne
2249 3349 2305 3399 et
2335 3345 2449 3399 duo
2477 3343 2691 3415 quibus
2740 3344 2800 3398 in
2848 3342 3054 3398 itinere
3097 3342 3430 3414 Scripturas
3460 3341 3585 3397 Sal-

1946 3436 2108 3488 vator
2140 3432 2386 3505 aperuit,
2418 3432 2691 3488 dicebant
2722 3450 2735 3488 :
2761 3433 2948 3488 Nonne
2978 3448 3070 3487 cor
3116 3434 3363 3487 nostrum
3394 3430 3590 3486 ardens

1948 3531 2063 3578 erat
2116 3524 2177 3577 in
2230 3524 2344 3590 uia,
2395 3538 2518 3576 cum
2562 3523 2813 3593 aperiret
2859 3521 3017 3577 nobis
3070 3521 3382 3591 Scripturas
3436 3524 3588 3588 (Luc.

1945 3630 2096 3677 xxxv,
2128 3611 2257 3683 32)?
2290 3634 2318 3661 «
2350 3611 2421 3665 Et
2450 3627 2648 3666 semen
2680 3626 2881 3665 eorum
2930 3627 2965 3664 a
3011 3609 3147 3664 ﬁliis
3196 3609 3523 3664 hominum.
3564 3630 3586 3658 ι

1948 3703 2159 3768 Semen,
2193 3700 2251 3755 id
2278 3704 2368 3756 est
2396 3699 2547 3754 ﬁlios
2579 3699 2678 3773 qui
2709 3698 2967 3772 generati
2998 3704 3138 3754 sunt
3171 3698 3231 3752 in
3262 3697 3421 3753 mala
3458 3698 3591 3752 doc-

1946 3789 2164 3845 trina.A
2200 3790 2333 3859 ﬁliis
2363 3788 2667 3856 hominum,
2692 3790 2749 3843 id
2780 3792 2888 3856 est,
2922 3806 2956 3842 a
2983 3787 3275 3843 consortio
3305 3788 3593 3842 bonorum

1951 3880 2160 3952 perdes
2192 3877 2345 3935 illos.

2029 3989 2049 4017 σ
2102 3967 2385 4033 Quoniam
2435 3967 2874 4023 declinaverunt
2921 3968 2979 4023 in
3028 3971 3084 4022 te
3131 3965 3299 4021 mala.
3342 3991 3363 4012 υ
3408 3962 3596 4019 Judmi

1951 4057 2105 4128 quod
2137 4073 2314 4129 super
2343 4073 2404 4111 se
2438 4073 2539 4128 per
2557 4057 2783 4127 justam
2831 4055 3149 4111 vindictam
3198 4053 3451 4124 recipere
3493 4051 3596 4106 de-

1950 4147 2220 4217 buerant,
2252 4145 2313 4200 in
2344 4144 2639 4201 Christum
2672 4144 3129 4214 declinaverunt,
3166 4141 3401 4213 quando
3432 4139 3597 4194 dixe-

1952 4240 2108 4303 runt,
2164 4234 2319 4305 quod
2370 4232 2583 4306 dignus
2629 4237 2753 4287 erat
2801 4238 2988 4288 morte
3035 4230 3241 4303 (Matth.
3295 4247 3448 4297 xxv1,
3480 4228 3596 4301 66),

1951 4328 2009 4379 et
2050 4323 2283 4394 expedit
2334 4327 2400 4377 ut
2449 4339 2602 4377 unus
2658 4322 2944 4376 moriatur
2991 4337 3168 4392 quam
3202 4324 3267 4374 ut
3296 4323 3418 4374 tota
3455 4333 3599 4389 gens

1952 4415 2152 4484 pereat
2199 4413 2377 4480 (Joan.
2435 4427 2513 4477 x1,
2571 4410 2684 4479 50).
2742 4432 2769 4459 α
2830 4409 3240 4481 Cogitaverunt
3287 4405 3600 4463 consilium

1954 4501 2108 4573 quod
2141 4518 2256 4555 non
2286 4504 2603 4573 potuerunt
2634 4498 2937 4565 stabilire;
2971 4522 2998 4548 »
3044 4498 3278 4569 quando
3327 4495 3601 4551 dixerunt

2389 4605 2400 4643 :
2454 4590 2699 4655 Domine,
2752 4586 3029 4644 recordati
3072 4603 3264 4641 sumus
3316 4582 3467 4655 quod
3514 4598 3599 4636 se-

1955 4679 2145 4734 ductor
2173 4678 2269 4733 ille
2296 4678 2444 4733 dixit
2473 4676 2651 4732 adhuc
2678 4677 2883 4731 vivens.
2917 4676 3043 4731 Post
3073 4674 3226 4731 diem
3261 4674 3487 4728 tertium
3514 4685 3601 4724 re-

1957 4782 2210 4835 surgam.
2229 4765 2369 4821 Jube
2396 4780 2522 4833 ergo
2552 4764 2817 4819 custodiri
2840 4765 3153 4835 sepulcrum
3182 4777 3351 4832 usque
3379 4754 3604 4813 addiem

1959 4857 2201 4909 tertium.
2236 4855 2300 4908 At
2349 4842 2446 4909 ille
2476 4872 2491 4907 :
2524 4854 2741 4908 Habetis
2795 4852 3099 4908 custodiam
3130 4869 3149 4905 :
3206 4852 3298 4915 ite,
3338 4845 3607 4903 custodite

1956 4944 2099 4998 sicut
2126 4945 2277 4998 scitis
2297 4942 2514 5015 (Matth.
2547 4942 2940 5013 xxv11,63-65).
2966 4941 3032 4995 Et
3053 4944 3254 5012 postea
3282 4938 3605 5009 posuerunt

1958 5030 2171 5103 sigilla,
2206 5032 2305 5087 sed
2340 5030 2553 5086 mortui
2576 5034 2771 5086 tenere
2801 5029 3084 5085 viventem
3127 5044 3241 5083 non
3293 5030 3609 5099 potuerunt

1959 5120 2124 5192 (Ibid.
2157 5120 2268 5190 66).
2303 5119 2657 5187 Resurrexit,
2692 5120 2845 5190 quod
2880 5116 2963 5172 illi
2998 5134 3102 5172 nec
3130 5116 3458 5184 voluerunt,
3501 5129 3606 5168 nec

1960 5207 2350 5264 crediderunt.
2382 5210 2545 5263 Tunc
2594 5224 2709 5262 non
2758 5210 3077 5278 potuerunt
3123 5203 3385 5261 stabilire
3415 5200 3605 5258 consi-

1960 5296 2107 5352 lium
2140 5298 2294 5368 quod
2327 5297 2742 5370 cogitaverunt.

2032 5409 2060 5436 ‹‹
2095 5386 2379 5450 Quoniam
2413 5403 2593 5457 pones
2624 5402 2722 5440 eos
2755 5384 3013 5439 dorsum.
3052 5407 3079 5432 »
3126 5382 3363 5438 Duobus
3395 5378 3605 5435 modis.

1966 5480 2219 5542 Dorsum,
2272 5475 2414 5546 quia
2462 5490 2694 5545 semper
2739 5478 2970 5527 terrena
3018 5472 3383 5539 desiderant;
3418 5467 3609 5534 aliter,

1961 5566 2207 5632 dorsum,
2261 5569 2325 5618 ut
2374 5568 2524 5619 retro
2574 5563 2802 5633 cadant,
2855 5567 2958 5618 aut
3004 5563 3237 5634 quando
3286 5557 3609 5631 respiciunt

202 5658 567 5725 sanctorum,
623 5657 680 5710 et
729 5668 1013 5712 numerus
1064 5655 1375 5716 restitutus
1431 5656 1503 5714 ei.
1564 5655 1858 5716 Gaudebit
1964 5659 2137 5711 retro.
2170 5675 2200 5704 «
2236 5655 2301 5709 In
2350 5651 2615 5724 reliquiis
2664 5650 2784 5708 tuis
2830 5650 3184 5723 praeparabis
3235 5648 3460 5703 vultum
3510 5659 3604 5698 eo-
