3964 6190
468 329 576 383 931

1928 327 2352 388 APPENDIX.
3673 341 3754 399 932

464 472 617 510 rum.
669 476 689 503 ι
751 458 858 508 Pro
910 456 1183 526 reliquiis,
1234 456 1292 510 in
1341 456 1580 511 Hebraeo
1631 458 1694 511 in
1738 457 1892 512 bonis
1918 458 2110 512 habet.
2144 457 2404 524 Averba
2432 457 2687 528 gemitus
2719 457 2832 512 mei
2880 459 2928 524 2;
2983 479 3011 506 ››
3064 457 3458 529 Symmachus,
3485 483 3508 509 ‹‹
3534 465 3669 518 verba
3691 483 3756 536 ge-

464 546 682 599 Sensus
711 543 912 613 itaque
943 544 1051 598 iste
1083 544 1412 600 contexitur
1467 563 1478 598 :
1538 546 1617 600 Ad
1662 545 2109 600 similitudinem

462 637 799 687 sanctorum
833 649 980 703 quos
1011 633 1118 686 tibi
1149 633 1219 687 de
1249 635 1406 687 omni
1456 636 1592 688 orbe
1636 635 1901 702 servasti,
1935 635 2110 690 etiam

463 737 561 775 eos
606 721 705 792 qui
754 721 1062 775 tormentis
1114 721 1340 792 purgati
1394 731 1552 788 sunt,
1604 740 1732 778 esse
1789 725 1990 790 facias,
2050 729 2113 778 ut

454 811 624 880 juxta
653 810 878 864 vultum
915 815 1270 876 sanctorum,
1305 809 1505 864 vultus
1539 828 1770 882 quoque
1801 826 1928 865 esse
1965 811 2109 866 inci-

463 899 627 968 piant
657 903 1027 969 peccatorum
1057 915 1068 951 :
1107 898 1214 953 hoc
1247 905 1354 965 est,
1389 905 1454 953 ut
1485 899 1632 954 tales
1679 900 1801 954 sint
1847 900 1945 970 qui
1980 917 2112 971 pec-

465 993 689 1042 catores
721 987 974 1053 fuerunt,
1010 988 1212 1058 quales
1258 992 1314 1042 et
1361 987 1421 1041 hi
1470 989 1566 1059 qui
1601 989 1790 1043 sancti
1818 995 1973 1042 sunt.
2010 990 2109 1044 Vel

464 1076 672 1130 aliter:
709 1100 734 1125 «
775 1077 832 1131 In
864 1076 1125 1147 reliquiis
1175 1077 1292 1132 tuis
1339 1079 1692 1148 prwparabis
1737 1078 1963 1132 vultum
2014 1096 2108 1133 eo-

465 1183 633 1231 rum;
673 1188 698 1213 »
727 1165 783 1219 id
815 1169 922 1229 est,
956 1165 1290 1236 prophetas,
1343 1183 1488 1236 quos
1543 1171 1738 1237 patres
1787 1183 1989 1221 eorum
2021 1183 2109 1221 oc-

464 1255 749 1309 ciderunt.
781 1253 1058 1324 Reliquias
1089 1271 1315 1321 eorum,
1348 1254 1450 1307 ﬁlii
1481 1255 1818 1309 Judaeorum
1869 1256 1965 1327 qui
2013 1272 2106 1310 oc-

463 1344 728 1398 ciderunt
758 1349 930 1414 caput
958 1343 1371 1413 prophetarum
1407 1361 1417 1397 :
1455 1349 1519 1397 ut
1551 1343 1652 1397 illa
1680 1344 1936 1397 vindicta
1981 1361 2108 1415 qua:

463 1432 636 1503 coepit
666 1450 698 1487 a
729 1431 1047 1502 prophetis,
1072 1433 1261 1486 veniat
1291 1419 1468 1502 super
1497 1432 1628 1486 illos
1661 1433 1761 1503 qui
1793 1432 2109 1487 Dominum

463 1521 816 1576 occiderunt.
867 1521 1048 1574 Aliter
1080 1537 1091 1572 :
1146 1545 1172 1568 ‹‹
1206 1521 1268 1573 In
1304 1520 1566 1590 reliquiis
1606 1521 1722 1575 tuis
1754 1522 2108 1592 praeparabis

461 1609 687 1664 vultum
741 1609 1011 1674 illorum;
1044 1629 1071 1657 ››
1110 1607 1217 1662 hoc
1259 1613 1366 1678 est,
1421 1625 1523 1678 per
1572 1609 1753 1662 Eliam
1808 1615 1864 1662 et
1911 1609 2107 1664 Enoch

460 1698 734 1752 credituri
766 1701 904 1751 sunt
941 1697 1000 1750 in
1034 1697 1230 1751 finem.
1273 1718 1299 1747 (ι
1335 1697 1691 1768 Przeparabis
1721 1696 1946 1752 vultum
1978 1697 2104 1752 illo-

461 1802 593 1839 rum
643 1800 656 1837 ἶ

439 1873 619 1928 'corda
644 1878 868 1944 patrum
900 1875 959 1928 in
989 1873 1132 1943 ﬁlios
1162 1875 1313 1944 (Luc.
1350 1893 1389 1942 1,
1421 1875 1531 1945 17).

535 1985 556 2011 α
595 1961 878 2028 Exaltare,
932 1963 1196 2034 Domine,
1249 1963 1309 2018 in
1357 1964 1574 2018 virtute
1619 1970 1740 2020 tua.
1777 1986 1805 2014 ››
1849 1966 1963 2022 Vox
2007 1969 2110 2020 Ec-

456 2051 663 2107 clesiaa.
697 2073 725 2100 ‹‹
757 2051 1020 2107 Exaltare
1052 2053 1109 2107 in
1140 2053 1354 2108 virtute
1387 2058 1518 2110 tua:
1555 2076 1583 2103 »
1619 2053 1674 2108 id
1707 2059 1816 2121 est,
1842 2055 2112 2109 demons-

455 2145 547 2196 tra
605 2147 767 2196 tuam
818 2146 1163 2212 potestatem
1211 2147 1267 2197 et
1311 2143 1701 2213 majestatem,
1757 2143 1895 2214 quia
1945 2143 2108 2215 prius

452 2231 662 2286 venisti
695 2231 752 2284 in
787 2231 1135 2297 humilitate,
1170 2233 1272 2285 sed
1315 2233 1486 2286 modo
1519 2231 1649 2286 veni
1682 2233 1739 2285 in
1775 2233 2103 2303 majestate.

462 2342 483 2369 α
526 2319 909 2374 Cantabimus
963 2325 1020 2373 et
1067 2319 1388 2390 psallemus
1434 2320 1682 2374 virtutes
1723 2325 1875 2388 tuas,
1910 2321 2104 2374 Domi-

455 2423 546 2460 ne.
585 2429 612 2455 ››
647 2407 994 2460 Cantabimus
1043 2409 1100 2460 in
1149 2409 1320 2461 corde
1378 2426 1390 2462 :
1433 2409 1736 2478 psalle-mus
1779 2410 1836 2462 in
1869 2425 2041 2479 opere
2089 2442 2101 2479 ε

454 2495 688 2548 virtutes
718 2502 839 2547 tuas
875 2494 1316 2549 annuntiamus.

1027 2635 1354 2691 PSALMUS
1393 2637 1534 2692 XXI.

456 2726 515 2780 In
539 2726 725 2794 ﬁnem,
756 2741 856 2796 pro
885 2726 1258 2795 assumptione
1304 2728 1593 2791 matutina,
1625 2727 1864 2796 psalmus
1903 2728 2092 2782 David.

527 2796 810 2850 Matutino.
859 2797 1185 2867 assumptio
1234 2797 1675 2852 resurrectionis
1722 2798 2010 2853 Domnicae
2042 2805 2097 2853 et

524 2868 885 2922 ascensionis
917 2868 984 2921 ad
1020 2868 1243 2939 Patrem
1296 2869 1588 2939 signiﬁcat
1636 2874 2090 2924 sacramentum.

524 2939 685 2994 Hanc
725 2939 1163 3010 inscriptionem
1219 2938 1436 2994 Hebraei
1485 2939 1652 2994 aliter
1695 2941 1911 2994 habent
1945 2958 1956 2993 ε
1987 2943 2094 2996 Pro

521 3027 672 3065 cervo
699 3010 986 3076 matutino,
1021 3016 1077 3064 et
1102 3009 1576 3080 interpretatione
1600 3028 1864 3082 perversa
1886 3017 2094 3082 putant

525 3083 592 3136 de
627 3082 832 3135 Esther
865 3085 878 3116 ι
913 3087 1103 3135 totum
1135 3082 1474 3136 vicesimum
1509 3082 1761 3152 primum
1797 3083 2090 3153 psalmum

523 3168 652 3207 esse
683 3153 1097 3215 compositum,
1131 3155 1283 3223 quod
1319 3153 1585 3208 videlicet
1612 3153 1800 3224 ipsius
1833 3155 2087 3225 periculo

522 3229 579 3278 et
633 3225 1046 3296 intercessione
1087 3226 1252 3296 apud
1314 3239 1508 3296 regem
1569 3226 1645 3278 sit
1710 3227 1779 3279 de
1835 3226 2088 3296 periculo

522 3293 876 3350 lsraeliticus
926 3293 1176 3366 populus
1207 3293 1505 3350 liberatus.
1557 3297 1663 3350 Sed
1711 3313 1815 3351 nos
1836 3293 2085 3352 'cervum

519 3366 616 3437 qui
674 3366 985 3421 interﬁciat
1033 3374 1351 3437 serpentes,
1401 3374 1457 3421 et
1496 3384 1715 3422 venena
1762 3376 2086 3433 consumat,

519 3437 745 3492 nullum
781 3438 959 3510 alium
1009 3439 1118 3491 nisi
1167 3438 1464 3492 Christum
1497 3438 1902 3510 intelligimus,
1936 3440 2088 3494 sicut

515 3510 696 3563 totius
730 3508 940 3579 psalmi
973 3513 1280 3563 contextus
1315 3510 1588 3563 ostendit.

519 3670 546 3697 ‹‹
579 3649 732 3703 Deus
768 3648 921 3704 Deus
954 3667 1138 3716 meus,
1174 3653 1395 3721 respice
1424 3651 1484 3706 in
1517 3668 1629 3718 me,
1664 3668 1842 3723 quare
1875 3669 1965 3707 me
1997 3653 2088 3707 de-

441 3734 773 3807 reliquisti?
836 3760 863 3785 »
926 3738 1040 3792 Hoc
1097 3739 1379 3794 versiculo
1447 3741 1728 3795 Dominus
1793 3740 1851 3795 in
1919 3757 2089 3796 cruce

441 3825 702 3896 pendens
737 3843 878 3880 usus
911 3833 1016 3881 est.
1062 3828 1142 3881 Ex
1189 3844 1304 3897 quo
1352 3828 1870 3884 animadvertimus
1900 3834 2087 3884 totum

442 3913 734 3981 psalmum
796 3931 829 3968 a
889 3915 1134 3970 Domino
1184 3916 1243 3969 in
1298 3933 1467 3971 cruce
1525 3918 1714 3987 posito
1771 3919 2084 3973 decantari.

440 4002 600 4066 Quod
635 4008 830 4057 autem
862 4003 1038 4058 habet
1068 4005 1126 4057 in
1161 4003 1371 4070 medio,
1429 4006 1650 4059 intende
1694 4007 1854 4076 mihi,
1888 4007 1945 4059 in
1979 4011 2086 4061 He-

441 4092 610 4148 braeis
632 4091 932 4147 codicibus
965 4109 1077 4147 non
1125 4093 1453 4160 habetur,et
1482 4093 1815 4165 appositum
1847 4111 1956 4148 vox
1984 4096 2086 4150 Do-

441 4183 583 4236 mini
612 4181 887 4250 declarat,
922 4199 1046 4252 quas
1079 4181 1252 4237 etiam
1306 4183 1453 4237 illud
1511 4183 1568 4236 in
1603 4183 1909 4254 Evangelio
1943 4201 2087 4255 prae-

438 4270 694 4324 termisit
725 4287 737 4323 :
774 4287 838 4324 ac
869 4270 919 4324 si
952 4270 1106 4325 dicat
1139 4288 1150 4324 :
1192 4292 1218 4319 ‹‹
1251 4273 1435 4336 Quare
1479 4289 1570 4326 me
1616 4272 2026 4343 dereliquisti?
2057 4295 2081 4321 τ›

438 4356 543 4410 Hic
573 4356 910 4412 humanitas
945 4357 1207 4429 loquitur
1254 4361 1546 4430 quomodo
1579 4357 1856 4414 derelicta
1886 4361 1996 4415 fuit
2025 4360 2085 4415 in

436 4445 646 4510 Adam,
679 4435 912 4516 quando
950 4452 1299 4519 praeceptum
1325 4455 1730 4520 transgressus
1761 4456 1868 4504 est.
1889 4449 1991 4505 Vel
2026 4451 2084 4503 in

709 1785 780 1839 ad
831 1789 884 1838 te
933 1785 1314 1853 credentium,
1370 1790 1435 1840 ut
1485 1785 1678 1841 illud:
1728 1788 1788 1841 Ut
1831 1791 2107 1842 convertat
2135 1825 2185 1889 B

2223 546 2476 600 mituum
2546 562 2848 612 meorum;
2911 568 2938 594 »
2999 546 3203 617 quinta
3263 553 3319 600 et
3376 554 3518 603 sexta
3569 552 3701 608 editio
3750 573 3757 607 :

2229 655 2254 685 α
2282 633 2463 688 Verba
2493 632 2768 687 clamoris
2800 632 2967 688 mei.»
2991 634 3060 687 Et
3089 639 3177 688 est
3211 649 3416 688 sensus
3435 636 3577 704 juxta
3594 645 3760 696 catenis

2221 723 2615 792 interpretes:
2661 721 2926 777 Gemitus
2969 723 3083 778 mei
3131 727 3306 794 atque
3353 730 3568 778 conatus
3592 729 3759 797 quibus,

2221 827 2452 883 semper
2508 809 2789 882 populum
2848 809 3023 865 Israel
3081 811 3306 865 salvare
3363 812 3608 882 quaesivit,
3646 814 3762 886 longe

2220 899 2356 954 facti
2405 904 2544 955 sunt
2595 916 2628 954 a
2673 897 2862 954 salute
2914 916 3064 965 mea,
3122 916 3301 970 quam
3359 901 3549 972 populo
3582 903 3762 959 tribuere

2221 988 2526 1060 cupiebam
2550 1005 2561 1042 :
2583 989 2722 1059 quia
2752 989 2862 1058 ipsi
2898 987 3212 1042 noluerunt
3245 989 3484 1059 recipere
3513 991 3758 1045 sanitatem.

2217 1076 2392 1130 Juxta
2421 1076 2562 1130 LXX
2608 1092 2741 1132 vero
2781 1080 3135 1147 Interpretes
3183 1076 3295 1130 iste
3342 1093 3534 1132 sensus
3559 1079 3763 1134 estzlloc

2221 1167 2376 1235 quod
2409 1164 2658 1220 salutem
2710 1165 3008 1236 deprecor,
3041 1165 3196 1235 quod
3232 1182 3324 1220 me
3353 1182 3636 1237 conqueror
3656 1169 3761 1222 dere-

2220 1253 2487 1309 relictum
2539 1272 2552 1308 :
2605 1270 2720 1307 non
2771 1269 2839 1308 ex
2885 1254 3119 1326 propria
3179 1270 3424 1324 persona
3470 1253 3656 1326 loquor,
3699 1259 3760 1311 sed

2220 1360 2289 1398 ex
2319 1342 2538 1414 populi,
2572 1342 2742 1412 cujus
2774 1347 3015 1413 peccata
3044 1342 3102 1396 in
3135 1359 3264 1397 meo
3297 1359 3522 1414 corpore
3551 1344 3648 1412 ipse
3681 1361 3760 1397 sus-

2219 1432 2364 1502 cepi.
2400 1429 2716 1504 Unde‘dico
2761 1447 2773 1484 :
2821 1431 3013 1502 Longe
3044 1437 3184 1485 sunt
3233 1448 3267 1484 a
3321 1430 3497 1486 salute
3525 1447 3630 1485 mea
3653 1433 3760 1485 verba

2218 1522 2331 1575 ista
2362 1536 2490 1590 quae
2521 1519 2724 1574 fundo.
2759 1519 2885 1573 Non
2912 1519 3068 1573 enim
3113 1525 3233 1574 tam
3288 1519 3428 1573 mihi
3474 1518 3677 1574 salutem
3699 1538 3758 1590 po-

2221 1608 2396 1676 stulo,
2429 1609 2528 1679 qui
2559 1609 2714 1663 Deus
2743 1625 2898 1673 sum,
2932 1625 3109 1678 quam
3142 1607 3359 1679 populo
3409 1611 3501 1679 qui
3544 1607 3689 1662 salute
3709 1610 3759 1662 in-

2218 1697 2395 1769 diget.

2294 1810 2314 1834 α
2353 1785 2628 1841 Clamabo
2662 1802 2763 1858 per
2791 1786 2968 1852 diem,
3011 1791 3068 1840 et
3098 1802 3218 1842 non
3249 1785 3540 1852 exaudies;
3569 1788 3616 1840 et
3642 1789 3760 1844 nocte.

2223 1881 2278 1930 et
2309 1892 2424 1930 non
2455 1876 2526 1930 ad
2559 1874 2957 1946 insipientiam
2990 1873 3156 1928 mihi.
3194 1895 3221 1923 »
3261 1875 3324 1928 In
3355 1873 3443 1928 die
3472 1875 3762 1945 pendensnon

2221 1965 2531 2021 exauditur
2578 1982 2611 2019 a
2655 1968 2828 2019 Patre
2879 1981 2892 2018 :
2946 1967 3114 2018 nocte
3164 1963 3420 2035 resurgit
3449 1963 3515 2017 ab
3541 1961 3694 2017 inferis
3714 1963 3763 2012 vi-

2221 2059 2360 2110 ctor.
2395 2054 2580 2109 Aliter
2613 2071 2626 2107 :
2660 2053 2766 2118 Qui
2801 2053 2858 2106 in
2891 2052 3103 2124 gaudio
3136 2068 3252 2106 non
3278 2051 3584 2116 exauditur,
3609 2050 3763 2105 exaudi-

2218 2149 2317 2198 tur
2345 2142 2406 2197 in
2437 2142 2729 2214 lacrymis.
2767 2141 2930 2196 Unde
2966 2140 3047 2195 ait
3077 2156 3091 2194 :
3126 2140 3254 2195 Non
3306 2141 3362 2194 in
3395 2139 3661 2195 stultitiam
3694 2137 3761 2190 mi-

2217 2231 2298 2298 hi,
2331 2231 2388 2286 id
2417 2237 2526 2297 est,
2559 2248 2676 2286 non
2725 2231 2942 2285 frustra
2991 2229 3261 2284 clamavi.
3309 2230 3377 2284 Et
3419 2228 3603 2300 Aquila
3639 2233 3760 2281 trans-

2214 2321 2349 2376 tulit
2403 2338 2471 2376 ex
2527 2320 2761 2374 Hebraeo
2837 2319 3038 2373 dicens
3100 2336 3112 2372 :
3180 2341 3206 2367 ‹‹
3269 2323 3336 2372 Et
3393 2322 3561 2383 nocte,
3608 2323 3650 2370 et
3689 2330 3758 2368 non

2214 2410 2468 2476 tacebis;
2506 2431 2533 2458 ››
2573 2409 2632 2462 id
2675 2413 2784 2474 est,
2837 2407 3040 2462 audies
3088 2423 3222 2474 me;
3257 2406 3608 2478 respondebis
3634 2403 3756 2458 mihi:

2212 2499 2388 2553 facies
2439 2499 2592 2568 quod
2643 2497 2820 2552 oravi.
2856 2497 3009 2551 Deus
3054 2513 3226 2550 meus
3257 2495 3508 2550 clamabo
3537 2510 3620 2564 per
3640 2493 3756 2556 diem,

2210 2603 2315 2642 nec
2346 2586 2642 2654 exaudies,
2673 2591 2729 2640 et
2761 2590 2948 2640 nocte.
2981 2584 3270 2639 Clamavit
3298 2584 3544 2638 Christus
3563 2583 3608 2635 in
3627 2595 3754 2640 cruce,

2209 2681 2266 2729 et
2305 2676 2489 2730 oravit
2534 2692 2637 2746 pro
2689 2673 2812 2729 suis
2847 2691 2859 2728 :
2893 2672 3228 2737 exauditus,
3274 2678 3330 2727 et
3379 2689 3485 2728 non
3529 2668 3752 2724 exauditus

2204 2764 2523 2818 Exauditus
2555 2780 2659 2835 pro
2693 2761 3118 2834 praedestinatis
3153 2779 3165 2815 :
3205 2763 3360 2816 sicut
3405 2761 3461 2815 in
3507 2765 3610 2814 octo
3637 2755 3750 2810 milli-

2204 2853 2335 2922 bus,
2385 2852 2471 2908 vel
2523 2869 2625 2924 pro
2673 2852 2790 2906 illis
2849 2857 3084 2906 centum
3144 2851 3353 2923 viginti
3399 2855 3452 2904 et
3503 2844 3752 2919 quingentis

2203 2941 2502 2996 fratribus.
2538 2942 2604 2995 Et
2635 2957 2749 2995 non
2780 2939 3087 2994 exauditus
3123 2956 3134 2991 :
3171 2939 3283 2994 hoc
3331 2944 3416 2994 est
3459 2953 3548 3008 pro
3581 2934 3669 2988 illis
3691 2931 3751 3002 qui

2202 3047 2317 3085 non
2349 3035 2514 3084 erant
2557 3028 2972 3100 praedestinati.
3026 3027 3191 3082 Unde
3243 3019 3386 3081 dixit
3425 3020 3750 3094 evangelista:

2199 3121 2434 3189 Sanguis
2507 3120 2619 3189 ejus
2691 3133 2855 3187 super
2921 3132 3019 3171 nos
3083 3125 3135 3170 et
3208 3131 3370 3186 super
3428 3115 3554 3183 ﬁlios
3609 3117 3751 3162 nostros

2120 3191 2162 3256 (ἶ
2200 3208 2410 3274 (Matth.
2470 3225 2640 3273 xxvn,
2865 3206 3010 3276 Ergo
3062 3202 3189 3258 dies
3249 3204 3341 3258 hic
3397 3219 3492 3274 pro
3542 3197 3752 3260 bonist:

2200 3313 2313 3352 nox
2343 3313 2444 3367 pro
2478 3295 2648 3350 malis
2681 3291 3160 3364 intelligitur.Vel
3197 3293 3321 3346 dies
3344 3297 3518 3347 etnox
3543 3282 3750 3360 prosperi-

2199 3389 2289 3440 tas
2319 3390 2375 3439 et
2406 3383 2724 3438 adversitas
2752 3382 2810 3436 in
2845 3380 3118 3435 Ecclesia.
3153 3381 3406 3435 Ecclesia
3454 3395 3554 3432 non
3581 3371 3750 3430 exaudi-

2198 3477 2294 3528 tur
2319 3473 2379 3527 in
2411 3473 2812 3544 prosperitate,
2841 3474 2906 3524 ut
2936 3485 3051 3524 non
3083 3486 3144 3524 se
3175 3468 3486 3533 extollat,et
3515 3481 3608 3519 non
3633 3475 3749 3516 exau-

2199 3563 2356 3617 ditur
2403 3562 2462 3616 in
2516 3560 2884 3626 adversitate,
2937 3563 3001 3613 ut
3049 3559 3307 3629 amplius
3351 3547 3748 3612 mundetur.«Et

2198 3667 2312 3706 non
2344 3653 2416 3706 ad
2447 3648 2844 3721 insipientiam
2879 3645 3054 3712 mihi;
3086 3667 3112 3697 ι›
3150 3647 3209 3701 id
3241 3651 3349 3715 est,
3383 3644 3548 3700 Filius
3584 3642 3746 3695 coaeter-

2199 3757 2311 3794 nus
2340 3741 2496 3794 Patri
2527 3739 2637 3794 scit
2666 3737 2882 3799 omnia,
2914 3753 3017 3790 cur
3048 3752 3164 3790 non
3199 3737 3276 3792 sit
3304 3733 3586 3790 exauditus
3611 3729 3654 3782 in
3690 3724 3747 3776 die

2197 3828 2511 3899 passionis,
2543 3828 2602 3882 id
2634 3831 2722 3882 est
2753 3841 2855 3897 pro
2887 3823 3024 3879 filiis
3056 3824 3287 3891 mortis,
3337 3830 3390 3878 et
3436 3816 3744 3894 prosperitate.

2198 3922 2256 3972 et
2286 3916 2660 3972 tribulatione
2692 3913 2958 3970 Ecclesiae
2991 3930 3130 3969 sua.

2269 4029 2297 4055 «
2331 4007 2420 4060 Tu
2469 4008 2663 4060 autem
2713 4004 2772 4058 in
2815 4006 3016 4057 sancto
3073 4001 3325 4070 habitas,
3375 4001 3494 4055 laus
3544 3990 3692 4050 Israel.
3728 4009 3744 4030 ιι

2197 4094 2320 4150 Vox
2352 4095 2665 4166 prophetae.
2705 4116 2732 4141 ‹‹
2785 4093 2848 4146 In
2899 4095 3100 4147 sancto
3149 4090 3400 4159 habitas,
3433 4112 3458 4136 »
3489 4088 3581 4141 hoc
3617 4084 3682 4136 est
3709 4077 3743 4128 in

2198 4200 2304 4238 suo
2335 4198 2594 4254 corpore,
2625 4178 2714 4234 vel
2741 4179 2800 4233 in
2833 4178 2996 4245 cmlo,
3030 4179 3149 4234 sive
3180 4178 3240 4233 in
3274 4175 3526 4233 Ecclesia.

2271 4292 2299 4321 «
2331 4273 2393 4325 In
2425 4275 2481 4324 te
2511 4273 2890 4341 speraverunt
2921 4273 3116 4340 patres
3147 4267 3352 4336 nostri,
3395 4263 3632 4319 Domine:
3658 4270 3743 4324 spe-

2197 4364 2488 4427 raverunt,
2538 4363 2594 4414 et
2641 4357 2902 4413 liberasti
2952 4374 3071 4412 eos.
3109 4379 3136 4405 ››
3167 4357 3533 4428 Speraverunt
3569 4343 3745 4420 patriar-

2195 4450 2317 4504 chaa
2346 4452 2402 4504 et
2430 4447 2746 4520 prOphetze,
2780 4445 2864 4500 vel
2896 4444 3105 4516 reliqui
3142 4461 3153 4497 :
3195 4471 3215 4493 ι
3255 4449 3320 4497 Et
3351 4437 3581 4497 liberasti
3609 4449 3696 4498 eos,
3729 4450 3742 4470 λι

437 4534 711 4607 passione
768 4534 1079 4590 derelictus
1146 4537 1412 4592 Christus
1480 4519 1582 4609 pro
1651 4543 1813 4610 parte
1868 4539 2080 4593 carnis.
2115 4559 2164 4621 ι)
2197 4537 2252 4592 id
2283 4541 2391 4604 est,
2425 4519 2496 4591 de
2525 4537 2764 4608 (Egypto
2813 4533 2901 4588 vel
2947 4534 3017 4588 de
3065 4532 3395 4606 Babylonia.
3430 4552 3467 4621 Δκ
3513 4526 3615 4621 han
3653 4519 3744 4621 ευίξί

439 4646 466 4673 ‹‹
501 4624 697 4695 Longe
727 4641 760 4678 a
792 4622 980 4678 salute
1014 4641 1144 4678 mea
1173 4626 1346 4680 verba
1376 4625 1719 4681 delictorum
1755 4644 2082 4682 meorum.»

436 4713 634 4783 Longe,
668 4712 761 4765 hic
794 4711 1071 4767 divinitas
1120 4713 1400 4784 loquitur.
1437 4738 1462 4763 «
1500 4715 1686 4769 Verba
1737 4714 2082 4770 delictorum

438 4818 726 4870 meorum,
758 4824 784 4850 »
822 4802 959 4871 quia
993 4805 1192 4856 nostra
1224 4808 1460 4872 peccata
1498 4819 1603 4857 sua
1652 4809 1903 4874 reputat.
1937 4804 2082 4858 Nam

440 4889 498 4941 in
540 4887 726 4943 salute
757 4907 863 4944 sua
896 4889 1123 4944 nullum
1173 4896 1262 4945 est
1305 4895 1605 4962 peccatum
1641 4907 1653 4945 :
1688 4892 1784 4946 sed
1821 4909 1854 4946 a
1883 4908 2084 4962 pecca-

439 4983 563 5030 tore
593 4976 761 5048 longe
795 4982 882 5031 est
913 4977 1088 5034 salus.
1121 4977 1222 5032 Vel
1257 4978 1424 5034 aliter
1474 4996 1486 5033 :
1531 5002 1557 5027 «
1617 4984 1804 5051 Longe
1834 4996 1866 5035 a
1898 4979 2085 5035 salute

441 5080 571 5119 mea
601 5066 773 5120 verba
797 5065 1142 5122 delictorum
1175 5084 1462 5123 meorum.
1499 5091 1525 5116 ››
1560 5068 1772 5139 Aquila
1802 5069 1957 5123 hunc
1993 5068 2080 5125 lo-

441 5169 576 5207 cum
627 5154 709 5208 sic
755 5155 1170 5226 interpretatus
1201 5161 1290 5212 est
1323 5175 1335 5212 :
1371 5178 1398 5206 ‹‹
1433 5157 1624 5227 Longe
1666 5175 1700 5212 a
1737 5156 1924 5214 salute
1956 5175 2085 5214 mea

518 5318 531 5348 ι
579 5312 766 5390 Verus
821 5315 1047 5390 Hieron.
1103 5318 1158 5371 in
1213 5323 1591 5374 commentar.
1632 5319 1685 5373 in
1721 5320 1920 5374 Matth.
1953 5335 2081 5390 cap.

443 5401 673 5462 xxv1_1_:«
704 5385 1042 5462 I_mpii_su_nt
1074 5390 1707 5462 quipsalmumiistum
1741 5408 1808 5444 ex
1839 5385 2085 5462 persona

444 5457 644 5522 David,
685 5457 810 5532 sive
859 5457 1150 5532 Estheret
1183 5457 1528 5515 Mardochzei
1585 5462 1807 5516 dictum
1839 5457 2083 5532 'putant,

442 5547 573 5584 cum
623 5528 796 5605 etiam
845 5530 1195 5605 evangelisla
1225 5533 1562 5590 testimonia
1618 5549 1686 5588 ex
1735 5550 1799 5589 eo
1850 5528 2086 5605 sumpta

441 5618 618 5674 super
651 5601 948 5659 Salvatore
980 5601 1285 5674 intelligat.
1318 5625 1346 5652 ››

2199 4626 2449 4692 confusi,
2476 4647 2504 4674 »
2537 4625 2673 4696 quia
2703 4623 2859 4694 quod
2896 4622 3213 4694 promisisti
3237 4613 3657 4691 adimplesti,hoc
3672 4609 3744 4669 est,

2194 4720 2409 4770 terram
2452 4710 2924 4784 repromissionis
2971 4715 3030 4765 et
3077 4711 3256 4765 vitam
3309 4710 3540 4777 longam.
3567 4699 3740 4784 Aliter:

2197 4827 2223 4852 ‹‹
2259 4804 2321 4856 In
2351 4808 2408 4858 te
2438 4781 2819 4874 speraverunt
2856 4803 3050 4870 patres
3083 4798 3286 4861 nostri,
3340 4819 3365 4845 »
3409 4795 3633 4848 doctores
3671 4781 3741 4834 Ec-

2195 4891 2402 4947 clesia}.
2437 4913 2464 4940 «
2497 4889 2620 4945 Non
2653 4893 2789 4945 sunt
2822 4887 3069 4954 confusi,
3128 4911 3146 4933 υ
3205 4885 3339 4958 quia
3386 4897 3506 4954 spes
3549 4878 3741 4947 ipsorum

2196 4997 2427 5052 semper
2457 4995 2539 5035 es.

2266 5093 2292 5118 ί(
2323 5042 2441 5138 ἱῧξζο
2472 5072 2666 5122 autem
2718 5083 2851 5122 sum
2898 5065 3111 5120 vermis
3159 5070 3214 5120 et
3268 5080 3373 5118 non
3422 5060 3586 5114 homo.
3616 5042 3738 5144 u-HOC

2195 5163 2428 5230 propter
2456 5155 2848 5212 humilitatem
2879 5155 3168 5226 assumpti
3217 5149 3463 5224 corporis
3506 5141 3735 5210 loquitur:

2264 5320 2285 5351 ε
2315 5317 2546 5388 Aquila.
2584 5317 2941 5390 βρυχήματος
3158 5313 3396 5390 propria
3433 5302 3732 5390 raritati}:

2197 5401 2309 5443 non
2336 5372 2599 5474 genitis;-
2621 5372 2867 5474 éééfet,
2893 5372 3121 5468 verem
3144 5372 3211 5440 τῖε
3252 5372 3454 5474 ista?
3486 5372 3729 5474 f.‘.‘.“i‘33§3§

2194 5461 2290 5515 hic
2336 5444 2470 5514 Eum
2520 5444 2622 5514 illa
2676 5457 3090 5531 Theodotionis
3140 5454 3456 5512 confundat,
3485 5444 3726 5531 αυῇἷεξῗξῗ

2200 5532 2444 5603 βοήσεως
2488 5549 2597 5603 μου.
2622 5530 2814 5595 vertit,
2865 5533 2930 5583 ut
2973 5534 3030 5583 et
3077 5532 3308 5603 quinta;
3338 5537 3455 5578 nam
3491 5517 3704 5603 sext-Tit

2195 5594 2329 5657 e353»,
2367 5622 2470 5676 μου
2488 5594 2702 5668 habet,
2728 5594 2937 5673 nempe
2965 5594 3413 5673 supplicationum
3441 5594 3650 5645 mearum-
