3964 6190
209 316 330 374 933

1371 313 1867 375 BREVIARIUM
1913 311 1992 372 ΙΝ
2040 314 2418 375 PSALMOS.

3500 317 3619 376 934

213 445 372 500 Isaia
405 457 640 514 quoque
683 441 887 496 eadem
917 441 1258 498 concinente
1289 459 1302 496 :
1336 445 1411 498 Ne
1441 447 1657 513 timeas,
1677 446 1872 499 vermis
1901 449 1953 512 Α
1986 449 2190 500 nentes
2219 450 2440 499 erant.«
2471 444 2646 498 Tauri
2680 443 2926 514 pingues
2956 445 3438 501 circumdederun
3464 463 3623 502 me.»

210 535 383 590 Jacob
417 534 544 602 (lsa.
578 549 690 595 LXI,
747 532 854 600 14).
916 554 935 580 α
997 531 1385 601 Opprobrium
1444 533 1748 588 hominum
1808 538 1863 588 et

217 621 467 692 ahjectio
501 618 709 691 plebis.
744 641 771 668 »
801 619 959 683 Quod
1003 621 1195 689 majus
1247 621 1628 692 cpprobrium
1682 639 1860 693 quam

220 711 412 766 crucis
439 708 467 761 ?
499 732 524 756 ‹‹
562 707 629 760 Et
662 707 958 778 despectio
990 706 1199 778 plebis,
1257 731 1285 756 ››
1345 709 1402 763 id
1465 715 1575 775 est,
1633 710 1865 765 Judaici

219 798 421 871 populi
453 796 704 851 derisus.
738 800 852 849 Cur
905 797 1119 851 vermis
1185 803 1242 851 et
1299 815 1414 852 non
1472 797 1646 852 homo
1682 823 1695 864 ;
1726 799 1864 852 dum

219 888 365 942 dicit
396 887 453 940 in
488 883 791 956 Evangelio
826 902 837 938 ;
877 886 1028 939 Venit
1070 887 1252 940 Filius
1302 886 1543 942 hominis
1599 887 1868 941 redimere

220 976 367 1047 quod
419 976 657 1043 perierat
687 975 836 1044 (Luc.
872 991 984 1039 XIX,
1023 974 1168 1043 10)?
1223 975 1487 1030 Christus
1545 981 1603 1030 et
1657 979 1871 1030 vermis

222 1065 449 1119 dicitur
479 1069 534 1118 et
565 1063 760 1117 homo.
798 1064 1028 1129 Vermis,
1063 1069 1126 1117 ut
1176 1064 1257 1118 ait
1315 1064 1601 1136 Propheta
1633 1082 1645 1117 :
1687 1084 1708 1111 α
1743 1063 1872 1118 Noli

223 1154 451 1221 timere,
488 1151 701 1206 vermis
729 1152 927 1217 Jacob,
962 1176 988 1200 υ
1047 1157 1103 1206 et
1160 1151 1355 1219 homo,
1405 1153 1544 1224 quia
1600 1170 1667 1208 ex
1697 1154 1875 1208 Maria

223 1248 401 1296 natus
432 1239 799 1295 assimilatur
828 1257 938 1295 sua
994 1241 1265 1296 nativitas
1324 1243 1505 1296 vermi
1540 1259 1552 1296 :
1586 1243 1725 1314 quia
1750 1260 1873 1298 ver-

227 1329 340 1384 mis
363 1329 463 1400 qui
496 1328 551 1382 in
587 1327 745 1398 ligno
774 1329 1034 1383 nascitur
1066 1346 1178 1384 non
1240 1330 1414 1385 habet
1469 1337 1714 1402 patrem,
1763 1330 1875 1384 nisi

225 1422 590 1474 matrem.Et
621 1416 888 1471 Christus
919 1435 986 1472 ex
1039 1418 1222 1473 Maria
1277 1425 1367 1474 cst
1424 1425 1598 1474 natus
1655 1421 1878 1491 absque

225 1507 384 1562 coitu
428 1505 558 1558 viri.
617 1505 740 1559 Duo
792 1505 1127 1560 habitacula
1186 1508 1322 1562 fecit
1376 1509 1554 1575 Deus,
1586 1509 1795 1563 cmlum
1822 1512 1879 1563 et

227 1601 468 1650 terram.
503 1592 723 1646 leum
756 1593 1040 1649 habitatio
1081 1594 1445 1666 angelorum,
1480 1601 1535 1651 et
1593 1602 1750 1651 terra
1777 1597 1877 1651 ha-

234 1683 440 1738 bitatio
487 1682 797 1737 vermium.
857 1682 1014 1737 Fecit
1051 1683 1206 1738 Deus
1250 1701 1504 1739 vermem
1565 1685 1879 1739 ascendere

235 1771 296 1826 in
330 1770 560 1840 coelum,
595 1775 652 1825 et
709 1769 985 1842 angelum
1044 1771 1102 1826 in
1163 1778 1400 1828 terram.
1459 1773 1729 1828 Christus
1778 1790 1880 1844 per

239 1859 633 1915 humilitatem
670 1875 847 1930 super
876 1877 1078 1915 omnes
1111 1861 1350 1932 angelos
1382 1862 1729 1930 ascendit,et
1759 1862 1876 1916 dia-

229 1948 404 2004 bolus
433 1965 534 2020 per
559 1949 894 2020 superbiam
926 1951 1222 2020 projectus
1243 1957 1331 2006 est
1360 1950 1419 2004 in
1452 1956 1724 2006 terram.«
1758 1950 1875 2021 0p-

229 2037 428 2092 brium
505 2037 814 2092 hominum
890 2044 947 2092 et
1014 2039 1258 2110 abjectio
1336 2039 1520 2110 plebis
1587 2057 1599 2093 :
1663 2055 1876 2111 oppro-

230 2125 452 2192 brium,
487 2147 514 2174 »
559 2127 792 2196 quando
851 2127 1122 2182 dixerunt
1185 2129 1418 2183 Judaei:
1455 2130 1529 2182 Tu
1579 2128 1879 2200 discipulus

233 2215 390 2269 illius
421 2214 709 2282 sis(_Joan.
738 2218 909 2286 1x,28)
945 2234 958 2283 ;
1009 2217 1265 2288 abjcctio.
1299 2219 1533 2288 quando
1584 2219 1880 2288 ejccerunt

237 2319 375 2357 eum
408 2307 570 2357 extra
597 2303 885 2358 civitatem
919 2310 974 2358 et
1005 2305 1418 2360 cruciﬁxerunt
1448 2323 1603 2360 eum.

313 2413 340 2439 «
402 2391 615 2445 Omnes
669 2391 928 2447 videntes
986 2410 1077 2448 me
1134 2393 1454 2464 irridebant
1512 2410 1624 2449 me.
1683 2417 1709 2442 »
1771 2399 1878 2449 Pro

231 2484 401 2550 parte
430 2477 718 2534 malorum
751 2481 985 2548 dicitur,
1021 2483 1174 2536 sicut
1203 2491 1258 2537 et
1295 2483 1409 2554 ipsi
1465 2484 1682 2538 Judzeis
1722 2484 1878 2538 dixe-

235 2573 374 2622 runt
407 2584 418 2621 :
455 2567 515 2624 Si
542 2569 715 2623 Filius
747 2571 850 2624 Dei
879 2586 953 2635 es,
1016 2572 1277 2626 descende
1333 2572 1396 2627 de
1452 2588 1613 2626 cruce
1669 2574 1877 2644 (Matth.

236 2675 417 2725 xxvxi,
469 2658 558 2727 42)
596 2675 607 2712 ;
643 2658 728 2712 vel
762 2676 774 2712 ε
807 2661 942 2726 Ave,
997 2677 1095 2715 rex
1150 2661 1484 2716 Judzeorum
1544 2662 1710 2732 (Ibid.
1765 2663 1878 2731 29).

310 2769 336 2794 ‹‹
377 2747 573 2801 Locuti
605 2753 746 2801 sunt
769 2746 1024 2804 labiis.et
1041 2755 1348 2805 moverunt
1369 2757 1594 2822 caput.»
1633 2773 1661 2801 «
1686 2750 1880 2805 Locuti

250 2839 392 2888 sunt
422 2833 613 2902 labiis,
647 2859 674 2883 ››
707 2836 845 2906 quia
875 2839 1025 2908 quod
1085 2839 1378 2894 habebant
1438 2840 1496 2893 in
1551 2839 1743 2904 corde,
1777 2839 1884 2893 hoc

237 2922 632 2994 loquebantur
662 2925 719 2978 in
751 2925 962 2980 verbis.
999 2949 1026 2975 ‹‹
1060 2927 1361 2983 Moverunt
1391 2934 1587 2998 caput;
1626 2950 1652 2977 ι)
1684 2928 1741 2982 id
1773 2933 1884 2992 est,

241 3011 607 3082 reliquerunt
639 3029 821 3068 unum
856 3021 1029 3085 caput
1061 3017 1216 3087 quod
1249 3022 1338 3071 est
1397 3016 1684 3082 Christus,
1717 3021 1772 3070 et
1800 3017 1882 3070 fe-

241 3105 447 3154 cerunt
478 3099 662 3155 multa
701 3101 812 3156 sibi
851 3103 1044 3174 capita
1073 3103 1516 3159 daemoniorum.

1976 533 2080 588 Pro
2112 534 2428 604 pinguibus,
2443 532 2830 603 Symmachus
2851 533 3032 586 altiles
3065 533 3478 604 interpretatus
3510 540 3620 590 est.

1978 622 2039 676 1n
2074 621 2309 676 Hebraeo
2342 622 2580 675 verbum
2616 621 2853 690 ponitur
2884 625 3082 685 Basan,
3126 623 3280 691 quod
3339 630 3394 677 et
3453 624 3618 695 igno-

1977 710 2160 764 minia
2200 710 2500 764 transferri
2561 714 2795 780 potest:
2845 733 2864 756 ε
2901 709 3045 772 Quia
3104 709 3615 766 circumdederunt

1979 816 2090 854 me.
2128 822 2153 847 ››
2190 800 2357 854 Tauri
2387 800 2690 866 dicuntur,
2725 802 2961 869 prOpter
2991 797 3327 868 superbiam
3360 799 3624 866 illorum;

1982 888 2036 941 id
2069 894 2176 953 est,
2203 887 2495 958 principes
2527 885 2759 941 illorum
2792 894 2962 940 Anna
3010 892 3066 939 et
3121 886 3392 958 Caiphas,
3423 887 3510 941 vel
3542 906 3628 943 re-

1981 976 2147 1047 liqui.
2183 978 2427 1048 Pingues
2460 981 2697 1046 propter
2727 975 3178 1030 crassitudinem
3210 974 3468 1030 malitiae.

2061 1086 2086 1114 «ι
2118 1067 2486 1135 Aperuerunt
2517 1065 2571 1118 in
2595 1081 2687 1119 me
2717 1081 2781 1118 os
2808 1081 3036 1118 suum.-
3073 1065 3315 1127 Quando
3339 1065 3632 1130 dixerunt,

1984 1153 2375 1223 cruciligatur.
2412 1154 2626 1207 «Sicut
2667 1153 2754 1207 leo
2815 1153 3048 1223 rapiens
3104 1158 3161 1206 et
3214 1153 3471 1224 rugiens.
3510 1177 3537 1201 ››
3571 1154 3628 1207 ld

1986 1247 2075 1296 cst
2105 1243 2341 1312 quando
2373 1243 2442 1296 de
2489 1241 2589 1296 illo
2640 1240 2972 1312 cogitabant
3026 1243 3318 1312 quomodo
3368 1258 3500 1296 eum
3552 1242 3636 1296 in-

1989 1331 2848 1400 terﬁcerent.Rapiens,quando
2879 1346 3010 1384 cum
3045 1329 3255 1402 gladiis
3287 1336 3343 1384 et
3375 1331 3630 1384 fustibus

1987 1436 2122 1472 eum
2153 1419 2722 1489 comprehenderunt
2755 1420 2934 1486 (Joan.
2968 1436 3128 1473 xvui.
3163 1419 3238 1489 3).

2067 1530 2086 1553 ι
2125 1505 2286 1560 Sicut
2319 1523 2472 1578 aqua
2502 1507 2726 1561 effusus
2757 1523 2911 1576 sum,
2936 1512 2991 1560 et
3023 1508 3287 1577 dispersa
3349 1512 3487 1562 sunt
3515 1526 3634 1562 oni-

1991 1596 2088 1650 nia
2136 1613 2272 1650 ossa
2320 1612 2471 1665 mea,
2524 1618 2550 1642 ››
2599 1595 2690 1649 Sic
2741 1595 3048 1649 voluerunt
3103 1595 3287 1650 Judaei
3337 1596 3634 1651 Christum

1988 1685 2352 1755 exstinguere
2379 1682 2547 1754 quasi
2581 1700 2793 1754 aquam
2835 1699 2959 1753 qua:
3004 1683 3289 1738 hauritur.
3325 1689 3381 1739 et
3409 1685 3634 1756 disper-

1990 1775 2230 1847 gitur,et
2257 1790 2371 1828 non
2403 1773 2728 1828 revertitur.
2748 1796 2773 1821 «
2810 1772 3086 1843 Dispersa
3116 1777 3255 1827 sunt
3283 1773 3480 1828 omnia
3499 1790 3639 1829 ossa

1990 1881 2137 1918 mea.
2176 1885 2196 1911 υ
2234 1862 2380 1917 Ossa
2408 1861 2642 1930 Christi,
2675 1861 2921 1932 apostoli
2952 1861 3229 1916 dicuntur
3262 1887 3276 1928 ;
3308 1861 3447 1933 quia
3479 1863 3634 1918 sicut

1987 1969 2119 2008 caro
2150 1953 2220 2006 ab
2254 1951 2486 2006 ossibus
2519 1950 2845 2016 roboratur,
2877 1949 2956 2004 ita
3013 1956 3068 2005 et
3128 1967 3339 2022 corpus
3395 1950 3631 2018 Christi,

1987 2042 2142 2112 quod
2166 2046 2254 2096 est
2284 2039 2558 2108 Ecclesia,
2595 2041 2666 2093 ab
2698 2038 2976 2108 apostolis
3028 2038 3111 2093 vel
3169 2039 3506 2094 doctoribus
3534 2041 3632 2093 fir-

1991 2135 2204 2185 matur.

2063 2242 2088 2266 ‹‹
2116 2219 2354 2273 Factum
2386 2223 2475 2273 est
2501 2234 2599 2272 cor
2631 2233 2846 2272 meum.
2881 2240 2908 2267 »
2971 2218 3080 2288 Cor
3111 2218 3320 2272 Christi
3382 2217 3634 2273 Ecclesia

1991 2307 2353 2378 intelligitur,
2387 2311 2700 2376 antequam
2733 2306 3000 2379 Christus
3038 2306 3377 2361 ascenderet
3404 2305 3462 2360 in
3496 2323 3632 2360 cru—

1990 2413 2112 2450 cem
2150 2412 2160 2449 :
2195 2412 2325 2466 quae
2355 2396 2502 2448 dura
2560 2394 2866 2448 videbatur
2913 2411 3061 2462 esse,
3113 2395 3251 2464 quia
3308 2393 3474 2464 pauci
3531 2411 3632 2464 pro

1993 2485 2228 2539 nomine
2261 2483 2416 2537 illius
2439 2483 2830 2553 patiebantur.
2868 2482 3027 2537 Unde
3063 2481 3274 2536 dicitur
3305 2499 3318 2536 :
3356 2488 3461 2537 Pro
3483 2483 3634 2551 justo

1991 2576 2088 2644 qui
2108 2574 2340 2628 moritur
2368 2577 2392 2625 εκ
2423 2578 2601 2640 (Rom.
2636 2589 2689 2642 v,
2721 2573 2796 2640 7).
2831 2595 2857 2620 ‹‹
2897 2573 3204 2642 Tanquam
3263 2588 3395 2627 cera
3453 2569 3636 2642 lique-

1992 2679 2180 2718 scens.
2220 2686 2240 2710 ι»
2277 2661 2423 2728 Quia
2457 2645 2773 2732 postquum
2833 2660 3100 2715 Christus
3130 2661 3393 2716 ascendit
3443 2661 3499 2714 in
3533 2677 3633 2715 ru-

1991 2767 2138 2816 cem,
2173 2755 2374 2821 postea
2403 2766 2606 2804 omnes
2639 2750 2823 2804 sancti
2853 2753 3153 2820 cceperunt
3195 2747 3633 2802 tribulationem

1995 2856 2097 2910 pro
2132 2839 2257 2910 ipso
2288 2839 2578 2893 sustinere
2609 2844 2846 2908 propter
2891 2854 3053 2908 spem
3109 2836 3512 2891 retributionis
3545 2837 3634 2889 fu-

1997 2929 2110 2982 turi
2147 2927 2428 2982 muneris.
2469 2949 2494 2979 α
2526 2927 2586 2981 In
2621 2926 2810 2980 medio
2840 2926 3057 2980 ventris
3116 2927 3250 2978 mei.
3316 2948 3342 2972 ››
3377 2924 3493 2979 Hoc
3523 2931 3631 2978 est.

1999 3018 2058 3071 in
2085 3017 2276 3071 medio
2299 3015 2620 3071 Ecclesiae.«
2649 3015 2889 3069 Factum
2907 3019 2992 3070 est
3016 3031 3113 3069 cor
3135 3029 3329 3068 meum
3352 3018 3633 3083 tanquam

1997 3121 2127 3159 cera
2158 3103 2487 3175 liquescens
2518 3105 2575 3157 in
2629 3103 2818 3158 medio
2848 3103 3069 3158 ventris
3111 3102 3243 3156 mei.
3282 3125 3308 3150 ››
3341 3101 3638 3172 Sapientia

313 3212 339 3237 ιι
372 3189 632 3259 Speravit
662 3190 720 3244 in
778 3193 1040 3258 Domino,
1075 3193 1282 3264 eripiat
1320 3209 1454 3248 eum
1491 3211 1504 3252 ;
1539 3192 1765 3247 salvum
1799 3193 1880 3247 fa-
1914 3183 1956 3247 C
1999 3210 2144 3260 mea,
2179 3209 2305 3263 quae
2338 3191 2500 3262 prius
2547 3209 2660 3246 non
2713 3191 3163 3263 intelligebatur,
3225 3207 3469 3246 accensa
3515 3190 3635 3262 igni

233 3277 354 3331 ciat
383 3295 538 3344 eum,
573 3279 850 3349 quoniam
880 3280 1003 3335 vult
1043 3298 1197 3335 eum.
1228 3305 1255 3328 »
1289 3286 1410 3337 Vox
1460 3281 1752 3353 propheta:
1811 3282 1879 3336 de

229 3365 600 3422 humanitate
631 3367 911 3439 loquitur.
955 3391 980 3421 ιι
1029 3371 1292 3440 Speravit
1341 3371 1398 3424 in
1455 3370 1739 3437 Domino;
1773 3369 1881 3424 hoc

232 3459 326 3510 est
355 3449 693 3511 humanitas
724 3458 782 3511 in
814 3458 1135 3514 divinitate.
1187 3482 1214 3508 «
1275 3459 1496 3532 Eripiat
1549 3476 1683 3515 eum
1719 3476 1730 3513 :
1768 3481 1788 3508 υ
1825 3459 1880 3512 id

227 3548 345 3608 est,
389 3545 460 3598 de
491 3545 731 3600 Judznis.
767 3547 1042 3614 Quoniam
1099 3547 1221 3603 vult
1276 3566 1399 3603 eum
1433 3566 1446 3602 :
1481 3549 1536 3603 id
1583 3553 1692 3617 est,
1727 3548 1882 3603 Deus

226 3636 402 3687 Pater
429 3633 612 3688 voluit
643 3633 819 3689 talem
849 3635 1059 3692 Filium
1093 3637 1303 3692 habere
1334 3637 1460 3693 sine
1493 3644 1748 3710 peccato,
1786 3653 1885 3707 per

231 3738 410 3793 quem
443 3728 680 3793 peccata
710 3724 914 3779 mundi
974 3725 1221 3791 tolleret,
1287 3731 1350 3781 ut
1407 3728 1487 3781 ait
1544 3726 1882 3798 propheta:

226 3811 352 3881 Ipse
384 3809 740 3881 inﬁrmitates
783 3819 998 3868 nostras
1036 3817 1238 3885 accepit
1295 3820 1343 3870 et
1399 3814 1758 3884 aegritudines
1787 3830 1884 3868 no-

228 3908 388 3954 stras
405 3903 647 3970 portavit
678 3903 816 3969 (Isa.
851 3920 968 3971 LIII,
1001 3904 1074 3974 4).

307 4010 336 4036 ‹‹
372 3987 656 4050 Quoniam
681 3995 740 4044 tu
773 4007 835 4046 es
863 3991 964 4062 qui
995 3992 1249 4047 eduxisti
1286 4009 1378 4048 me
1434 3993 1505 4048 de
1564 3998 1785 4060 ventre,
1860 4017 1887 4041 »

228 4079 360 4130 Vox
382 4075 785 4133 humanitatis.
824 4100 850 4130 α
895 4080 1158 4136 Eduxisti
1220 4098 1310 4136 me
1367 4082 1438 4136 de
1494 4087 1711 4151 ventre,
1771 4104 1798 4129 ››
1830 4081 1885 4135 id

225 4169 344 4230 est,
379 4165 447 4221 de
482 4173 648 4222 utero
683 4175 899 4223 sancta
934 4169 1148 4236 Mariis,
1183 4171 1269 4226 vel
1320 4172 1390 4224 de
1421 4170 1890 4242 Synagoga,quia

234 4271 348 4326 per
395 4254 735 4310 vaticinium
794 4258 1209 4330 prophetarum
1243 4265 1556 4331 conceptus
1595 4265 1701 4327 est,
1733 4265 1788 4314 et
1818 4259 1888 4314 ad

228 4358 481 4398 sensum
515 4343 908 4414 spiritualem,
941 4347 1110 4418 quasi
1141 4348 1212 4402 de
1236 4353 1433 4402 ventre
1485 4349 1736 4402 eductus
1777 4353 1886 4403 est.

231 4453 261 4480 α
301 4434 446 4501 Spes
477 4448 604 4486 mea
636 4434 707 4488 ab
739 4435 1019 4491 uberibus
1050 4436 1254 4491 matris
1283 4453 1448 4501 mea},
1496 4460 1525 4486 »
1566 4441 1675 4491 etc.
1732 4455 1744 4491 :
1771 4459 1797 4485 ‹‹
1833 4436 1890 4490 id

1992 3281 2285 3352 passionis
2314 3281 2576 3347 incaluit,
2610 3287 2667 3335 et
2698 3286 2968 3352 suscepta
2998 3285 3087 3334 est
3113 3281 3184 3334 ab
3217 3279 3473 3335 Ecclesia

2065 3393 2091 3418 ‹‹
2129 3370 2362 3424 Exaruit
2395 3375 2674 3441 tanquam
2697 3375 2848 3424 testa
2879 3369 3061 3424 virtus
3097 3385 3248 3424 mea.
3293 3391 3319 3417 ››
3349 3369 3524 3423 Testa
3544 3385 3642 3424 an-

1993 3463 2228 3525 tequam
2265 3457 2320 3510 in
2358 3457 2488 3529 igne
2526 3465 2777 3528 ponatur
2807 3456 3041 3511 infirma
3066 3461 3155 3510 est
3196 3472 3208 3511 :
3242 3460 3556 3527 postquam
3579 3454 3637 3508 in

1996 3547 2130 3616 igne
2163 3547 2418 3617 ponitur,
2447 3546 2773 3601 roboratur.
2822 3546 2889 3599 Et
2938 3545 3203 3600 Christus
3252 3550 3637 3615 posteaquam

1997 3637 2053 3688 in
2088 3635 2420 3706 patibulum
2452 3633 2644 3689 crucis
2675 3635 2958 3700 ascendit,
2993 3651 3161 3689 suam
3206 3633 3522 3688 Ecclesiam
3557 3649 3644 3686 ro-

1996 3723 2238 3778 boravit.
2273 3723 2419 3794 Ergo
2451 3740 2563 3778 non
2617 3723 2772 3777 aruit
2821 3723 2974 3776 sicut
3010 3724 3208 3776 fenum
3258 3728 3323 3775 ut
3365 3721 3595 3776 caderet
3629 3736 3642 3773 :

1998 3813 2097 3867 sed
2131 3813 2300 3884 quasi
2350 3816 2499 3866 testa
2548 3817 2610 3866 ut
2656 3813 3010 3866 firmaretur.
3066 3834 3091 3860 «
3148 3811 3212 3864 Et
3265 3809 3466 3882 lingua
3516 3825 3646 3863 mea

1999 3901 2243 3956 adhaesit
2272 3900 2538 3956 faucibus
2566 3901 2769 3956 meis.»
2790 3901 2848 3955 Id
2880 3900 3218 3971 est,linguas
3249 3897 3648 3970 apostolorum

1999 3991 2418 4044 obmutuerunt
2447 3995 2708 4062 tempore
2739 3989 3033 4061 passionis
3067 4006 3079 4042 :
3115 3987 3250 4041 licet
3302 4003 3454 4040 unus
3485 3984 3644 4039 locu-

1998 4086 2094 4134 tus
2125 4084 2232 4143 est,
2264 4084 2460 4133 tamen
2495 4079 2759 4149 negando
2792 4095 2907 4132 non
2939 4076 3288 4139 conﬁtendo,
3323 4074 3378 4128 id
3425 4078 3513 4128 est
3544 4072 3646 4126 Pe-

1999 4173 2148 4237 trus,
2191 4169 2334 4222 Nam
2382 4167 2653 4238 discipuli
2703 4172 3000 4220 servantes
3053 4167 3339 4235 praecepta
3386 4179 3534 4228 mea,
3575 4162 3646 4215 de

2005 4274 2097 4310 me
2131 4257 2188 4310 in
2223 4261 2522 4327 posterum
2557 4254 2899 4322 loquuntur.
2935 4276 2962 4302 ‹‹
3011 4253 3080 4306 Et
3111 4251 3168 4305 in
3200 4250 3410 4305 limum
3446 4249 3649 4304 mortis

2001 4345 2373 4400 deduxerunt
2402 4359 2512 4397 me.
2551 4365 2577 4390 ››
2612 4343 2728 4397 Hoc
2761 4347 2869 4407 est,
2914 4342 2972 4395 in
3023 4341 3508 4411 incarnationem,
3558 4338 3649 4394 vel

2006 4434 2062 4486 in
2115 4433 2429 4500 infernum,
2482 4431 2716 4502 quando
2765 4430 2993 4486 animas
3054 4435 3392 4485 sanctorum
3443 4428 3652 4482 exinde

229 4521 566 4608 est,rubera
629 4523 834 4578 matris
903 4541 1017 4579 non
1106 4525 1463 4596 dedignatus
1528 4531 1616 4579 est
1681 4541 1891 4597 sugere
1925 4547 1970 4608 Β
2005 4521 2244 4576 deduxit
2270 4537 2493 4575 secum.
2529 4544 2556 4570 ‹‹
2592 4520 2657 4573 Et
2689 4520 2746 4574 in
2779 4518 2963 4574 linum
3023 4521 3230 4574 mortis
3287 4519 3655 4608 deduxerunt

231 4607 530 4676 Christus,
567 4609 623 4663 id
674 4616 762 4665 est
819 4613 891 4666 ab
944 4612 1223 4668 uberibus
1279 4613 1490 4668 Marias.
1551 4612 1653 4668 Vel
1714 4614 1893 4668 ubera

234 4696 452 4752 matris
486 4715 498 4752 :
535 4698 627 4752 lex
656 4705 1118 4772 synagogaa.Duo
1147 4700 1326 4755 ubera
1349 4689 1561 4755 habere
1593 4700 1887 4770 dicuntur,

237 4783 386 4856 quia
415 4785 670 4841 litteram
704 4794 759 4842 et
791 4806 1030 4844 sensum
1065 4790 1299 4859 habent,
1346 4790 1458 4844 Sed
1521 4789 1654 4860 ipsi,
1690 4789 1746 4843 id
1780 4795 1890 4856 est,

236 4873 454 4939 Judaei,
491 4893 608 4930 una
647 4877 824 4932 ubera
844 4884 1228 4950 susceperunt
1262 4897 1274 4932 :
1309 4877 1416 4934 hoc
1455 4885 1543 4934 est
1574 4878 1712 4949 quia
1743 4878 1892 4933 litte-

236 4979 369 5016 ram
403 4961 548 5034 legis
581 4968 990 5022 tantummodo
1022 4967 1352 5023 observant.
1390 4987 1417 5018 α
1447 4967 1600 5022 Deus
1634 4983 1800 5022 meus
1831 4983 1892 5021 es

234 5057 327 5115 tu,
365 5067 435 5106 ne
465 5052 735 5109 discedas
768 5072 800 5110 a
833 5072 979 5122 me,»
1003 5055 1061 5110 in
1095 5056 1188 5112 die
1219 5056 1567 5128 passionis“
1604 5056 1891 5122 Quoniam

241 5137 551 5196 tribulatio
582 5143 845 5212 proxima
884 5149 987 5200 est.
1057 5168 1083 5193 ››
1118 5145 1190 5200 Ut
1243 5145 1368 5216 ipse
1426 5145 1572 5198 dixit
1605 5160 1617 5196 :
1653 5143 1894 5213 Surgite,

235 5242 429 5282 camus
461 5247 479 5282 :
511 5246 631 5285 ecce
663 5236 1126 5304 appropinquavit
1180 5235 1281 5304 qui
1338 5249 1424 5286 me
1473 5231 1792 5287 traditurus
1822 5243 1899 5288 est

237 5316 462 5382 (Matth.
498 5335 649 5383 xxw,
687 5321 794 5391 46).
833 5345 859 5369 ‹‹
894 5323 1018 5376 Non
1051 5327 1141 5378 est
1173 5323 1272 5393 qui
1332 5322 1587 5392 adjuvet,
1653 5345 1680 5370 ››
1713 5338 1902 5394 neque

241 5404 518 5476 angelus,
555 5423 744 5478 neque
784 5408 978 5480 homo,
1014 5411 1124 5465 nisi
1161 5415 1221 5464 tu
1251 5411 1442 5466 Pater.

334 5513 354 5539 α
388 5493 868 5552 Circumdederut
902 5516 992 5554 me
1023 5499 1190 5554 vituli
1216 5498 1406 5554 multi.
1444 5521 1471 5547 »
1520 5497 1699 5552 Vituli
1732 5498 1901 5554 lasci-

255 5581 482 5639 vientes
518 5601 529 5638 :
568 5583 623 5640 id
658 5591 748 5642 est
777 5587 985 5658 Judaei,
1018 5587 1119 5659 qui
1149 5586 1519 5646 lascivientes
1549 5592 1607 5644 et
1655 5587 1902 5646 inconti-

2005 4628 2121 4665 me.
2161 4634 2180 4658 ι
2216 4610 2375 4664 Sicut
2404 4608 2617 4680 impios
2663 4625 2807 4679 quos
2849 4613 3056 4664 ventus
3109 4607 3374 4679 projecit,
3431 4605 3511 4658 ita
3561 4621 3654 4658 me

2002 4699 2482 4753 existimaverunt
2516 4698 2573 4751 in
2628 4703 2875 4752 mortem
2924 4697 3194 4752 decidere
3229 4714 3241 4763 ;
3278 4700 3559 4764 tanquam
3602 4692 3650 4746 si

2004 4804 2306 4859 resurgere
2341 4804 2452 4842 non
2485 4787 2758 4842 valerem.

2079 4900 2102 4924 (ι
2136 4875 2423 4940 Quoniam
2456 4874 2970 4929 circumdederunt
3001 4890 3092 4928 me
3115 4889 3289 4927 canes
3323 4869 3656 4926 multi.»Ca—

2007 4983 2146 5020 num
2167 4966 2470 5036 proprium
2502 4969 2611 5032 est,
2649 4968 2712 5018 ut
2741 4963 2977 5018 domino
3011 4979 3116 5017 suo
3148 4961 3572 5033 congaudeant,
3598 4964 3652 5013 et

2008 5054 2293 5109 lat’ronom
2345 5051 2636 5108 allatrent.
2663 5052 2848 5106 Canes
2874 5051 2966 5105 hic
3013 5049 3196 5106 Judaei
3220 5047 3653 5119 intelliguntur,

2009 5142 2107 5212 qui
2160 5141 2578 5196 allatraverunt
2636 5138 2954 5208 Christum,
2989 5144 3045 5192 et
3085 5137 3300 5193 latroni
3353 5135 3651 5207 congavisi

2010 5235 2170 5295 sunt,
2205 5230 2312 5284 hoc
2361 5235 2451 5284 est
2502 5228 2774 5282 Barabbie
2810 5245 2822 5281 :
2857 5227 3092 5298 quando
3125 5226 3289 5282 illum
3342 5225 3656 5298 petierunt,

2012 5327 2067 5373 et
2106 5319 2402 5374 Christum
2451 5317 2792 5372 occiderunt
2837 5319 3014 5386 (Joan.
3070 5333 3233 5383 xvni,
3285 5317 3386 5371 40:
3439 5333 3554 5381 xix,
3603 5316 3658 5378 6,

2015 5411 2121 5478 15).
2158 5430 2185 5456 ‹‹
2219 5408 2504 5472 Quoniam
2537 5406 3051 5460 circumdederunt
3082 5422 3174 5460 me
3204 5422 3376 5460 canes
3410 5403 3601 5469 multi,
3632 5424 3659 5449 ››

2016 5514 2130 5552 non
2165 5495 2473 5567 loquentes
2504 5499 2681 5562 recta,
2715 5494 2814 5548 sed
2866 5494 3147 5550 latrantes
3196 5493 3416 5565 iniqua.
3453 5516 3478 5541 ‹‹
3513 5492 3659 5546 Con-

2018 5586 2216 5646 silium
2249 5583 2704 5655 malignantium
2752 5583 2979 5640 obsedit
3035 5601 3146 5640 me.
3201 5607 3230 5634 ››
3284 5578 3659 5653 Congregatio
