3964 6190
1871 204 1895 225 Ι

332 316 453 379 935

1777 386 1781 390 _
1803 304 2217 371 APPENDIX.

3622 312 3741 375 936

330 451 687 507 Judmorum.
722 469 752 496 »
782 446 968 502 Canes
998 444 1189 500 multi.
1241 466 1261 493 ιι
1315 444 1423 499 Pro
1476 444 1723 500 canibus
1768 443 1829 498 in
1860 444 1973 498 He-
2002 443 2060 508 Α
2089 457 2245 498 eum.
2280 440 2626 497 Universum
2659 455 2857 496 semen
2885 440 3090 507 Jacob,
3121 442 3493 514 magniﬁcate
3516 461 3679 500 eum.
3712 467 3745 495 ιο

331 541 482 594 bran
530 538 705 593 habet
752 536 1042 602 chelabim,
1101 534 1254 606 quod
1302 532 1510 604 Aquila
1556 539 1613 589 et
1661 533 1979 588 Theodotio

329 635 610 683 venatores
636 622 995 696 interpretati
1026 626 1184 677 sunt.
1222 645 1249 671 «
1282 620 1604 677 Consilium
1649 621 1977 694 malignan-

242 768 245 771 Α
327 716 477 771 tium
512 715 742 770 obsedit
772 729 884 768 me.
922 736 949 761 υ
978 712 1164 767 Judaei
1205 712 1580 778 obsederunt,
1613 711 1671 765 id
1721 716 1830 777 est,
1865 710 1976 765 cir-

329 806 682 860 cumderunt
709 801 1031 858 Christum.

401 917 429 945 ‹‹
462 893 755 948 Foderunt
785 906 996 945 manus
1029 906 1190 945 meas
1231 893 1287 945 et
1339 890 1515 960 pedes
1559 905 1741 944 meos.
1767 911 1797 939 ››
1831 888 1975 943 Prae-

329 981 567 1037 teritum
599 997 703 1052 pro
736 980 932 1034 futuro
971 978 1227 1050 ponitur.
1262 977 1552 1044 Fuderunt,
1603 978 1796 1032 clavos
1831 976 1972 1031 ﬁxe-

328 1074 469 1125 runt
498 1074 556 1125 et
589 1069 843 1123 fructum
876 1083 1156 1139 magnum
1205 1070 1552 1122 invenerunt
1584 1083 1596 1121 :
1630 1065 1689 1120 id
1742 1069 1831 1121 est
1879 1082 1969 1120 sa-

326 1157 510 1213 lutem
542 1156 827 1229 gentium.
863 1178 890 1206 «
923 1156 991 1210 Et
1022 1155 1543 1210 dinumeraverunt
1590 1154 1789 1209 omnia
1837 1169 1974 1209 ossa

329 1262 477 1302 mea.
532 1268 553 1294 υ
612 1246 673 1300 In
713 1260 883 1300 cruce
935 1244 1191 1300 distenta
1237 1247 1663 1315 conspexerunt
1708 1243 1973 1299 membra

327 1353 451 1391 sua.

397 1448 422 1473 «
461 1424 573 1495 Ipsi
628 1440 761 1479 vero
805 1423 1338 1492 consideraverunt,
1394 1444 1420 1469 »
1475 1425 1607 1490 etc.,
1660 1420 1963 1477 dicentes:

324 1514 471 1568 Alios
498 1513 676 1568 salvos
703 1514 835 1583 fecit
857 1530 875 1567 :
901 1514 1141 1581 sez'psum
1165 1527 1276 1565 non
1310 1513 1481 1581 potest
1527 1510 1743 1565 salvum
1785 1512 1970 1581 facere

324 1602 547 1674 (Matth.
577 1619 751 1667 xxvn,
774 1603 883 1671 42).

394 1714 423 1742 ‹‹
455 1691 791 1746 Diviserunt
840 1688 951 1744 sibi
997 1688 1347 1743 vestimenta
1402 1704 1551 1743 mea.
1604 1709 1633 1737 »
1666 1688 1966 1744 Facientes

321 1780 639 1850 unicuique
672 1777 842 1833 militi
874 1781 1098 1848 partem
1132 1793 1321 1832 suam.
1358 1798 1387 1827 ‹‹
1419 1778 1489 1831 Et
1521 1792 1699 1848 super
1742 1781 1963 1831 vestem

321 1884 512 1924 meam
546 1867 835 1923 miserunt
863 1872 1107 1923 sortem.
1150 1887 1179 1915 »
1224 1867 1565 1921 Tractantes
1616 1866 1688 1920 de
1717 1866 1916 1921 tunica
1947 1884 1959 1920 :

321 1959 443 2014 Non
497 1957 815 2012 scindimus
859 1973 977 2013 eam
1030 1975 1042 2012 :
1093 1956 1184 2011 sed
1224 1956 1525 2012 sortiamur
1578 1954 1644 2010 de
1687 1968 1752 2011 ea
1811 1955 1965 2025 anius

318 2049 388 2103 sit
419 2049 603 2120 (Joan.
653 2064 771 2116 x1x,
817 2046 930 2117 24).
980 2045 1084 2100 Vel
1141 2043 1314 2099 aliter
1347 2059 1414 2099 zu
1467 2042 1803 2098 Diviserunt
1850 2040 1961 2096 sibi

315 2137 665 2193 vestimenta
695 2152 844 2205 mea,
878 2140 935 2190 et
967 2151 1148 2205 super
1171 2138 1391 2189 vestem
1424 2149 1616 2188 meam
1674 2132 1964 2186 miserunt

316 2231 551 2282 sortem.
583 2248 611 2275 »
640 2225 804 2287 Quod
832 2226 1085 2294 quatuor
1129 2220 1345 2275 milites
1403 2220 1669 2274 fecerunt
1712 2222 1964 2290 quatuor

316 2320 532 2386 partes,
585 2317 642 2369 et
686 2313 945 2367 tunicam
1004 2327 1121 2364 non
1175 2309 1499 2364 diviserunt
1548 2307 1963 2380 :signiﬁcabat

317 2403 606 2457 unitatem
647 2400 937 2466 Ecclesiae,
971 2399 1122 2469 quod
1169 2415 1284 2453 non
1319 2397 1700 2452 scinderetur.
1745 2395 1962 2450 Volunt

316 2490 576 2545 haeretici
605 2507 730 2545 eam
766 2488 1051 2553 scindere,
1084 2490 1143 2541 et
1171 2503 1285 2541 non
1318 2490 1588 2557 possunt.

389 2602 417 2628 ‹‹
452 2580 540 2634 Tu
572 2583 790 2645 autem,
848 2577 1109 2645 Domine,
1154 2591 1226 2630 ne
1277 2573 1639 2646 elongaveris
1676 2572 1957 2628 auxilium

315 2672 485 2723 tuum
508 2684 541 2722 a
572 2682 684 2722 me.
710 2688 738 2716 »
771 2664 1117 2720 Humanitas
1147 2664 1220 2719 ad
1251 2662 1612 2719 divinitatem
1640 2661 1899 2733 loquitur
1941 2679 1953 2715 :

321 2760 384 2812 ut
413 2756 725 2812 auxiliatur
753 2754 805 2811 ei
833 2754 892 2810 in
927 2758 1188 2826 tempore
1221 2752 1538 2808 Passionis.
1577 2775 1597 2801 α
1623 2756 1705 2806 Tu
1737 2757 1958 2819 autem,

317 2846 579 2910 Domine,
612 2860 685 2899 ne
713 2843 1075 2915 elongaveris
1121 2840 1401 2897 auxilium
1441 2845 1609 2896 tuum
1663 2857 1697 2895 a
1744 2857 1837 2895 me
1870 2857 1883 2907 ;
1927 2861 1955 2889 ››

317 2935 418 2990 sed
449 2933 716 3006 protinus
749 2948 842 2988 me
872 2931 1212 2988 resuscita.«
1235 2931 1317 2985 Ad
1351 2930 1749 2985 defensionem
1764 2944 1954 2984 meam

315 3023 604 3095 conspice.
638 3023 667 3071 ἱ>
695 3022 778 3079 Ne
805 3021 948 3094 quid
993 3019 1140 3075 mihi
1170 3034 1306 3090 pars
1336 3018 1546 3074 inferni
1576 3018 1679 3073 illa
1732 3017 1957 3073 voracis

315 3111 643 3183 praevaleat,

389 3222 417 3251 ‹‹
452 3201 598 3254 Erue
629 3216 663 3253 a
693 3199 914 3255 framea
942 3198 1202 3253 animam
1234 3213 1495 3251 meam.»
1530 3197 1678 3251 Erue
1709 3212 1742 3250 a
1763 3195 1954 3268 gladio
1987 3182 2030 3250 C

313 3290 404 3345 vel
434 3288 660 3344 malitia
687 3289 1042 3345 Iudaeorum.
1074 3285 1176 3342 Vel
1207 3302 1344 3341 erue
1374 3285 1631 3340 animam
1663 3301 1853 3340 meam
1887 3286 1958 3339 de

216 3383 225 3391 ‘
313 3377 415 3433 illa
445 3382 752 3450 potestate,
776 3395 903 3449 quae
929 3373 1561 3447 seducendojugulat.«
1592 3375 1661 3429 Et
1683 3374 1753 3429 de
1777 3390 1954 3429 manu

316 3468 478 3522 canis
508 3467 740 3522 unicam
776 3483 988 3521 meam.
1044 3487 1071 3516 »
1128 3468 1333 3529 Canes,
1374 3463 1579 3518 Judaei.
1632 3463 1814 3518 Unica
1848 3479 1859 3517 :
1895 3464 1951 3518 id

311 3559 399 3609 est
429 3555 625 3610 anima
652 3554 886 3610 Christi.
914 3554 1097 3609 Unica
1128 3552 1361 3620 dicitur,
1423 3551 1565 3623 quia
1611 3569 1727 3608 non
1780 3552 1956 3608 habet

282 3672 285 3677 ·
312 3646 618 3715 peccatum
648 3642 748 3698 illa
776 3643 992 3708 anima,
1021 3647 1077 3696 et
1104 3641 1227 3696 aliae
1259 3640 1466 3696 animas
1498 3641 1569 3695 ab
1600 3641 1729 3711 ipsa
1781 3657 1952 3696 mun-

314 3731 549 3786 dantur.
582 3730 687 3786 Vel
719 3731 910 3798 unica,
944 3728 1200 3785 Ecclesia
1230 3748 1242 3784 :
1279 3751 1306 3780 ‹‹
1337 3730 1404 3784 Et
1431 3730 1502 3784 de
1532 3745 1710 3785 manu
1734 3730 1949 3797 canis,»

314 3820 385 3875 de
414 3836 512 3874 ore
544 3818 776 3887 inferni,
807 3818 906 3890 qui
939 3834 1100 3873 more
1125 3818 1334 3873 canino
1366 3818 1531 3872 avide
1560 3819 1815 3873 devorat.

384 3932 411 3959 «
444 3907 682 3965 Salvum
713 3924 807 3963 me
839 3909 927 3963 iac
959 3909 1030 3963 de
1059 3923 1156 3962 ore
1186 3906 1390 3961 leonis.
1425 3926 1453 3956 »
1484 3908 1561 3962 Os
1611 3905 1815 3976 leonis,
1849 3924 1951 3978 po-

310 3988 485 4070 pulus
510 3997 808 4053 Judaicus:
843 4001 1076 4071 propter
1106 3994 1521 4052 forditudinem
1553 3995 1787 4051 malitia:
1809 4013 1947 4051 suae.

316 4109 345 4138 ‹‹
375 4089 446 4142 Et
475 4104 509 4144 a
539 4088 816 4144 cornibus
846 4086 1216 4142 unicornium
1252 4082 1645 4140 humilitatem
1673 4101 1884 4140 meam.
1923 4108 1948 4135 ››

307 4175 637 4243 Unicornis,
668 4177 795 4249 ipse
825 4175 1077 4249 populus
1095 4174 1378 4231 Judaicus
1408 4172 1755 4245 intelligitur
1782 4175 1951 4245 :quia

308 4280 494 4319 unum
544 4282 723 4320 cornu
772 4265 972 4333 habet,
1021 4265 1079 4319 id
1131 4268 1219 4319 est
1268 4278 1446 4318 unam
1497 4260 1686 4334 legem
1734 4280 1749 4317 :
1796 4264 1951 4319 unde

304 4352 625 4408 ventilabat
654 4370 857 4409 omnes
888 4357 1088 4427 gentes
1138 4356 1272 4409 ante
1319 4350 1849 4423 praevaricationem
1884 4352 1951 4406 il-

303 4440 517 4496 lorum.
554 4464 583 4491 »
612 4442 682 4497 Et
726 4460 758 4497 a
805 4442 1079 4498 cornibus
1124 4440 1497 4497 unicornium
1554 4440 1945 4520 humilitatem

2088 532 2151 586 Id
2176 535 2282 596 est,
2317 530 2570 603 populus
2629 529 2840 597 minor,
2903 529 3374 601 supplantatores
3429 533 3747 603 vitiorum,

2088 620 2459 692 magniﬁcate
2510 618 2679 673 illum
2713 637 2726 674 :
2760 617 3223 675 Christianorum
3275 620 3479 693 utique
3509 639 3743 693 semen,

2087 708 2181 764 cui
2213 708 2422 763 serviet
2445 709 2634 778 major
2664 708 2816 778 (Gen.
2848 724 2979 776 xxv,
3009 707 3123 779 23).

2159 822 2186 847 ‹‹
2240 798 2468 853 Timeat
2510 812 2642 852 eum
2693 812 2866 851 omne
2922 810 3121 852 semen
3181 796 3379 854 Israel.
3431 820 3461 848 »
3491 802 3617 856 Hoc
3648 807 3741 856 est

2086 903 2290 942 omnes
2311 887 2572 942 videntes
2603 886 2808 957 Deum,
2833 885 2932 957 qui
2965 885 3148 943 renati
3184 903 3289 958 per
3340 888 3738 960 baptismum,

2082 975 2292 1032 videtis
2321 981 2514 1031 mente
2545 975 2749 1030 Deum.
2785 997 2814 1024 ‹‹
2837 974 3122 1038 Quoniam
3147 991 3263 1030 non
3299 977 3523 1048 sprevit
3538 994 3739 1051 neque

2082 1065 2346 1137 despexit
2374 1064 2838 1137 deprecationem
2871 1064 3169 1136 pauperis.
3201 1085 3228 1117 ι
3263 1065 3597 1137 Meam,qui
3634 1086 3742 1140 pro

2081 1154 2245 1210 vobis
2270 1155 2459 1209 factus
2503 1170 2636 1209 sum
2679 1169 2918 1225 pauper.
2945 1152 3039 1209 Vel
3075 1153 3319 1226 populos
3363 1153 3743 1213 Christianos

2084 1259 2201 1299 non
2235 1243 2452 1315 sprevit
2480 1243 2657 1313 Deus,
2691 1242 2793 1298 sed
2821 1241 3137 1297 exaudivit.

2152 1353 2181 1382 «
2213 1331 2411 1403 Neque
2440 1332 2645 1387 avertit
2675 1331 2884 1386 faciem
2908 1347 3082 1386 suam
3132 1348 3166 1386 a
3215 1347 3327 1386 me.
3364 1353 3391 1381 n
3423 1333 3540 1389 Sed
3577 1351 3743 1391 resu-

2080 1420 2312 1476 scitavit
2342 1437 2433 1476 me
2464 1438 2497 1476 a
2526 1419 2836 1475 mortuis.«
2870 1419 2937 1474 Et
2966 1435 3101 1475 cum
3125 1417 3443 1476 clamarem
3476 1422 3551 1477 ad
3576 1441 3736 1491 eum,

2077 1509 2369 1564 exaudivit
2422 1525 2535 1564 me.
2602 1532 2624 1559 υ
2688 1508 3069 1580 Respondens
3121 1524 3134 1563 :
3181 1510 3248 1563 Et
3299 1510 3637 1582 clariﬁcavi,
3688 1518 3743 1569 et

2078 1600 2281 1653 iterum
2309 1596 2637 1669 ctariﬁcabo
2659 1596 2845 1667 (Jvan.
2877 1613 2978 1663 κη,
3015 1598 3125 1669 28).
3176 1597 3444 1655 Christus
3487 1604 3738 1658 exaudi-

2073 1689 2173 1741 tus
2201 1689 2292 1742 est
2320 1685 2379 1741 in
2413 1685 2704 1757 passione,
2737 1688 2794 1739 et
2821 1685 3080 1740 Ecclesia
3108 1684 3166 1739 in
3197 1684 3607 1753 tribulatione,

2148 1798 2176 1825 ‹‹
2208 1776 2377 1846 Apud
2406 1780 2464 1830 te
2492 1774 2620 1831 laus
2654 1791 2783 1830 mea
2813 1775 2871 1829 in
2903 1772 3161 1831 Ecclesia
3192 1792 3425 1848 magna.
3457 1796 3485 1828 ι
3520 1778 3589 1834 Id
3621 1786 3736 1851 est,

2076 1865 2231 1936 apud
2264 1867 2494 1920 Patrem
2525 1868 2591 1919 ut
2621 1862 2764 1919 dixit
2798 1882 2811 1919 :
2841 1865 2948 1935 Ego
3000 1866 3054 1918 et
3080 1871 3252 1921 Pater
3302 1881 3483 1922 unum
3535 1885 3738 1924 sumus

2075 1956 2252 2023 (Joan.
2288 1970 2344 2021 x,
2378 1954 2489 2025 30).
2529 1978 2550 2005 »
2597 1954 2765 2025 Apud
2835 1957 2889 2008 te
2955 1952 3084 2009 laus
3153 1971 3285 2010 mea
3349 1955 3409 2010 in
3474 1955 3740 2014 Ecclesia

2076 2060 2291 2115 magna
2321 2061 2337 2110 ;
2372 2066 2401 2092 »
2434 2059 2562 2115 quae
2583 2059 2686 2114 per
2715 2059 2949 2098 omnem
2980 2043 3182 2099 orbem
3204 2048 3503 2101 terrarum
3524 2049 3736 2104 credu-

2073 2132 2235 2188 litate
2267 2133 2481 2188 diffusa
2509 2136 2654 2187 est.«
2672 2132 2813 2188 Vota
2834 2148 2965 2187 mea
2993 2131 3240 2188 Domino
3269 2132 3512 2190 reddam
3528 2152 3735 2192 coram

2073 2222 2422 2277 timentibus
2453 2237 2609 2276 eum.
2644 2242 2675 2271 ››
2705 2221 2852 2275 Vota
2880 2220 3096 2276 Christi
3156 2222 3434 2278 nativitas
3463 2221 3555 2278 vel
3592 2242 3732 2297 pas-

2073 2312 2207 2367 sio:
2250 2315 2382 2366 vota
2427 2310 2716 2376 Ecclesiae,
2764 2325 2936 2380 opera
2984 2311 3156 2366 bona.
3220 2310 3325 2366 Vel
3375 2314 3731 2384 mysterium

2072 2399 2331 2470 corporis
2363 2417 2427 2455 ac
2458 2399 2766 2472 sanguinis
2798 2398 2911 2455 mei
2944 2399 3191 2456 offerant
3220 2417 3354 2456 cum
3404 2401 3499 2457 his
3528 2404 3637 2474 qui
3671 2404 3730 2459 in

2071 2489 2200 2559 ejus
2231 2489 2443 2544 timore
2474 2487 2594 2543 haec
2627 2487 2944 2543 celebrant.

2148 2600 2168 2626 α
2204 2578 2390 2633 Edent
2420 2593 2702 2650 pauperes
2734 2580 2790 2632 et
2830 2576 3275 2633 saturabuntur.
3325 2601 3352 2627 ››
3404 2576 3725 2652 Pauperes,

2070 2665 2340 2738 apostoli,
2373 2667 2547 2721 edent
2577 2682 2789 2738 corpus
2819 2665 3052 2721 Christi.
3088 2690 3116 2715 «
3151 2667 3497 2723 Laudabunt
3527 2671 3727 2724 Domi-

2068 2772 2231 2825 num,
2266 2755 2366 2826 qui
2392 2755 2693 2825 requirent
2723 2771 2880 2825 eum,
2906 2775 2935 2805 »
2966 2754 3076 2810 Per
3104 2755 3280 2811 finem
3310 2761 3367 2811 et
3395 2773 3575 2829 opera
3616 2775 3716 2814 co-

2065 2848 2432 2916 gnoscentes,
2466 2844 2620 2916 quod
2653 2845 2779 2916 ipse
2811 2848 2900 2899 est
2929 2843 3098 2916 panis
3126 2843 3292 2900 vivus
3337 2846 3438 2916 qui
3468 2847 3540 2902 de
3571 2847 3716 2903 caelo

2066 2933 2367 2989 descendit
2395 2934 2579 3004 (Joan.
2608 2951 2684 3001 v1,
2714 2933 2826 3005 51).

2137 3043 2166 3070 ‹‹
2198 3020 2407 3076 Vivent
2436 3021 2612 3076 corda
2642 3036 2845 3075 eorum
2874 3019 2932 3075 in
2964 3019 3242 3076 szeculum
3294 3020 3512 3076 saeculi.
3552 3044 3585 3071 ››
3608 3023 3720 3079 Cor

2065 3110 2262 3165 anima
2288 3109 2573 3181 ipsorum.
2605 3108 2741 3164 Sine
2768 3109 2902 3176 fine,
2937 3109 3077 3181 quia
3118 3109 3218 3181 qui
3274 3110 3721 3168 manducaverit

2067 3217 2137 3255 ex
2164 3199 2275 3255 hoc
2307 3215 2456 3271 pane
2486 3198 2668 3271 (Ibid.,
2699 3199 2811 3271 52),
2841 3198 2992 3254 vivet
3016 3197 3075 3253 in
3106 3214 3171 3254 eo
3220 3198 3547 3271 spiritualis
3581 3218 3719 3256 sen-

2068 3304 2168 3344 sus
2197 3289 2256 3342 in
2289 3287 2715 3360 sempiternum
2731 3329 2743 3344 .

2138 3401 2165 3427 ‹‹
2198 3377 2675 3434 Reminiscentur
2721 3381 2778 3432 et
2823 3380 3233 3433 convertentur
3276 3377 3346 3433 ad
3394 3379 3717 3436 Dominum

2066 3483 2270 3522 omnes
2298 3467 2446 3522 ﬁnes
2477 3472 2666 3522 terrae.
2701 3489 2729 3516 »
2752 3467 2870 3522 Hoc
2900 3470 3006 3533 est,
3061 3466 3195 3522 fecit
3243 3468 3526 3524 Dominus
3560 3473 3716 3525 Deus

2064 3552 2350 3628 populum
2382 3555 2801 3623 Christianum,
2834 3560 2898 3610 ut
2937 3555 3336 3611 recordaretur
3366 3557 3427 3611 in
3458 3574 3625 3625 eum,
3656 3564 3717 3613 et

2064 3649 2441 3700 reverteretar
2471 3646 2542 3701 de
2570 3644 2681 3700 viis
2711 3645 2836 3701 suis
2868 3645 3081 3717 pravis.
3126 3644 3330 3700 Omnis
3389 3645 3712 3703 multitudo

2062 3734 2327 3805 gentium
2358 3741 2782 3806 recognoscunt
2830 3751 2891 3790 se
2928 3735 2987 3788 in
3049 3734 3302 3790 tenebris
3362 3730 3711 3792 involutos:

2061 3823 2190 3878 ideo
2213 3824 2498 3878 accedunt
2526 3827 2589 3878 ut
2622 3822 3048 3878 illuminentur.

2134 3934 2160 3962 «
2193 3913 2264 3967 Et
2295 3913 2624 3967 adorabunt
2651 3912 2712 3967 in
2757 3898 3069 3984 conspectu
3120 3913 3249 3983 ejus
3300 3912 3587 3969 universas
3623 3914 3713 3970 fa-

2062 4000 2236 4056 miliae
2266 4001 2553 4073 gentium.
2591 4022 2618 4050 -›
2663 4000 2733 4056 Et
2780 4000 2876 4056 hic
2926 4001 3191 4070 adorant,
3240 4006 3295 4057 et
3344 4001 3404 4056 in
3453 4002 3707 4059 futuro:

2061 4090 2216 4161 quia,
2243 4091 2414 4160 juxta
2442 4087 2927 4161 Apostolum,ipsi
2960 4088 3266 4146 flectentur
3294 4091 3497 4147 omnia
3515 4108 3709 4164 genua

2060 4178 2332 4249 (Philipp.
2365 4195 2426 4232 II.
2460 4178 2571 4249 10).

2131 4290 2159 4317 ‹‹
2193 4266 2478 4332 Quoniam
2510 4266 2739 4322 Domini
2771 4271 2857 4322 est
2906 4283 3152 4341 regnum
3186 4286 3198 4323 :
3233 4272 3291 4323 et
3337 4268 3466 4340 ipse
3507 4268 3705 4327 domi-

2059 4356 2298 4411 nabitur
2335 4354 2598 4427 gentium
2633 4378 2661 4405 »
2721 4356 2985 4429 Regnum
3017 4356 3234 4413 diaboli
3262 4357 3494 4426 cecidit,
3525 4364 3584 4414 et
3616 4377 3707 4416 re-

2058 4462 2241 4517 gnum
2272 4445 2454 4499 Chisti
2484 4444 2734 4501 advenit.
2767 4445 3133 4502 Ascendent’e
3161 4462 3227 4502 eo
3268 4446 3327 4501 in
3359 4445 3545 4513 caelis,
3578 4465 3707 4505 om-

305 4547 572 4587 meam.»
607 4533 645 4586 Α
680 4530 1035 4587 satellitibus
1068 4532 1295 4586 Satanae
1329 4545 1343 4583 :
1377 4544 1480 4601 per
1505 4545 1651 4600 quos
1678 4530 1947 4586 homines
1976 4552 2023 4616 D
2060 4533 2155 4589 nia
2186 4534 2450 4605 subjecta
2478 4537 2618 4588 sunt
2647 4534 2720 4589 ei.
2790 4570 2796 4579 ο

302 4620 687 4693 singulariter
714 4621 773 4676 in
806 4621 1083 4692 superbia
1110 4618 1458 4674 exaltanlur.
1505 4617 1701 4689 Usque
1731 4619 1846 4675 huc
1876 4620 1946 4675 de

301 4711 575 4783 passione
607 4710 753 4766 dixit
780 4726 793 4766 :
820 4711 946 4781 jam
979 4710 1050 4765 de
1066 4708 1489 4765 resurrectione
1518 4706 1781 4778 loquitur
1809 4725 1941 4763 cum

302 4799 447 4856 dicit
478 4816 491 4855 :

374 4912 401 4938 «
444 4889 705 4945 Narrabo
761 4905 973 4945 nomen
1022 4892 1195 4943 tuum
1245 4885 1521 4943 fratribus
1570 4886 1736 4942 meis.
1767 4906 1794 4938 ι
1826 4887 1947 4943 Vox

301 4976 534 5042 Christi,
566 4976 817 5043 Fratres,
845 4977 1113 5049 apostoli,
1145 4981 1459 5048 postquam
1507 4976 1847 5041 resurrexit,
1882 4982 1947 5054 ut

300 5063 427 5135 ipse
458 5065 583 5120 ait:
618 5067 713 5137 Ite,
770 5071 1035 5122 nuntiate
1091 5066 1367 5138 fratribus
1420 5066 1561 5121 meis
1611 5073 1675 5120 ut
1729 5074 1856 5137 eant
1885 5069 1944 5121 in

304 5151 609 5219 Galilaeam,
665 5156 745 5210 ibi
792 5172 878 5211 me
920 5155 1183 5211 videbunt
1226 5154 1445 5223 (Matth.
1479 5166 1680 5219 vam,
1708 5153 1784 5225 7).
1823 5177 1843 5202 ι
1882 5156 1941 5209 In

302 5242 496 5297 medio
530 5242 797 5299 Ecclesiae
824 5244 1074 5299 laudabo
1103 5249 1179 5299 te.
1220 5266 1247 5294 »
1284 5242 1400 5297 Hoc
1450 5246 1559 5312 est,
1613 5242 1671 5296 in
1722 5242 1943 5299 unitate

301 5330 570 5386 Ecclesiae
605 5350 617 5398 ;
654 5332 713 5386 in
733 5332 923 5388 medio
950 5331 1311 5387 credentium
1337 5330 1709 5403 populorum.
1744 5354 1771 5381 «
1800 5332 1942 5387 Lau-

298 5421 449 5475 dabo
476 5424 551 5487 te,
588 5443 616 5469 »
640 5422 963 5492 praedicabo
994 5426 1071 5476 te.

376 5531 402 5563 α
427 5510 533 5574 Qui
564 5509 785 5565 timetis
817 5510 1154 5573 Dominum,
1195 5509 1429 5565 laudate
1477 5525 1631 5564 cum.
1670 5531 1696 5559 ››
1727 5510 1940 5566 Omnes

296 5600 481 5658 sancti
533 5600 633 5671 qui
686 5599 891 5654 timore
939 5602 1142 5653 sancto
1186 5596 1355 5653 illum
1412 5596 1645 5669 timent,
1698 5597 1939 5655 laudant

2127 4646 2155 4673 ‹‹
2189 4623 2687 4678 Manducaverunt
2715 4626 2773 4678 et
2820 4623 3208 4680 adoraverunt
3253 4641 3459 4682 omnes
3493 4626 3707 4683 divites

2052 4716 2237 4769 terrae.
2274 4734 2303 4761 ››
2334 4712 2395 4767 Id
2426 4715 2535 4779 est,
2571 4711 2818 4784 apostoli
2848 4712 2938 4768 vel
2971 4713 3161 4769 caeteri
3208 4715 3397 4769 sancti
3448 4717 3703 4772 mandu-

2058 4805 2334 4857 caverunt
2361 4817 2572 4872 corpus
2603 4800 2838 4868 Christi,
2875 4809 2939 4857 ut
2999 4801 3146 4858 dixit
3203 4802 3501 4875 superius.
3539 4827 3568 4854 «
3601 4802 3707 4859 Di-

2054 4892 2200 4946 vites
2230 4895 2414 4946 terrae.
2450 4913 2472 4942 ι
2509 4889 2619 4945 hoc
2650 4894 2757 4956 est,
2807 4891 2865 4944 in
2920 4891 3051 4959 ﬁde,
3102 4896 3159 4947 et
3199 4908 3397 4964 Opere,
3446 4892 3536 4947 vel
3587 4893 3700 4947 vir-

2054 4979 2282 5034 tutibus
2317 4995 2330 5034 :
2364 4982 2781 5051 cognoscentes
2814 4979 2953 5051 quia
3003 4981 3201 5036 suavis
3247 4986 3339 5037 est
3393 4979 3697 5037 Dominus.

2055 5068 2183 5122 «In
2214 5071 2528 5139 conspectu
2568 5067 2697 5137 ejus
2746 5068 2957 5124 cadent
3003 5068 3259 5125 universi
3310 5070 3411 5140 qui
3461 5070 3700 5125 descen-

2055 5158 2203 5212 dunt
2237 5156 2292 5210 in
2344 5162 2580 5211 terram.
2643 5179 2663 5205 ι»
2714 5157 3049 5226 Procident,
3100 5157 3158 5214 id
3208 5163 3319 5224 est,
3372 5165 3701 5231 peccatores

2053 5246 2109 5300 in
2144 5246 2236 5301 die
2258 5244 2466 5317 judicii
2500 5245 2557 5300 in
2591 5250 2907 5317 conspectu
2948 5246 3049 5302 Dei
3099 5251 3292 5303 erunt.
3328 5247 3701 5303 Descendunt

2053 5352 2084 5389 a
2112 5333 2386 5406 superbia
2413 5332 2610 5389 saeculi
2643 5348 2655 5389 :
2689 5338 2755 5389 ut
2784 5336 3027 5391 adorent
3058 5336 3116 5391 in
3142 5346 3321 5392 sensu
3344 5335 3697 5392 humilitatis

2044 5440 2229 5495 purae.

2123 5535 2150 5562 ‹‹
2170 5512 2397 5568 ίΑιιὶωα
2428 5527 2559 5567 mea
2582 5511 2665 5567 illi
2696 5511 2849 5568 vivet
2882 5529 2894 5569 :
2930 5518 2987 5570 et
3017 5530 3216 5570 semen
3260 5531 3461 5569 meum
3492 5513 3693 5569 serviet

2052 5600 2186 5673 ipsi.
2224 5594 2253 5652 ἡ
2282 5600 2563 5674 Ecclesia,
2596 5616 2727 5673 quae
2747 5602 2877 5673 jam
2908 5620 3025 5661 non
3069 5602 3182 5660 sibi
3233 5601 3396 5673 vivit,
3424 5602 3561 5658 vivit
3589 5618 3685 5657 au-
