3964 6190
205 349 327 408 937

201 484 328 536 tem
362 480 629 557 Christus
659 480 720 536 in
750 497 835 537 ea.
887 482 991 539 Vel
1037 484 1230 540 aliter:
1269 507 1296 536 «
1347 487 1556 544 Anima
1612 507 1742 547 mea
1770 492 1855 548 illi
1882 505 1938 571 Α
1974 519 1994 545 α
2057 498 2296 570 Propter
2352 518 2564 558 nomen
2640 521 2865 573 suum;

200 569 378 633 vivet,
407 574 465 623 et
494 586 695 626 semen
727 588 924 627 meum
956 573 1166 628 serviet
1194 574 1329 647 ipsi.
1358 599 1385 624 »
1411 578 1621 633 Anima
1643 580 1856 638 Christi

200 656 348 711 vivit
380 658 489 713 Deo
523 658 700 727 Patri,
753 666 810 714 et
839 678 997 716 mors
1029 662 1080 716 ei
1113 661 1268 718 ultra
1313 681 1427 720 non
1460 666 1859 725 dominabitur

200 746 384 816 (Rom.
430 764 507 817 γι,
554 748 631 818 9).
678 733 798 815 Vel,
832 749 1087 806 Ecclesia
1117 751 1266 806 vivet
1299 753 1546 810 Christo.
1583 779 1611 805 «
1645 758 1853 814 Semen

195 850 400 890 meum
435 857 463 884 »
504 835 611 890 ﬁlii
655 836 946 907 Ecclesia,
978 842 1178 896 serviet
1232 844 1362 913 ipsi,
1425 844 1681 916 populus
1732 863 1853 903 cre-

198 924 497 980 dentium.
1342 982 1353 989 .

279 1037 305 1062 ‹‹
363 1014 825 1071 Annuntiabitur
861 1018 1101 1074 Domino
1146 1022 1441 1092 generatio
1493 1027 1756 1081 ventura.
1824 1048 1851 1074 »

196 1102 494 1174 Propheta
543 1103 722 1159 dicit:
784 1128 812 1155 «
846 1105 1152 1162 Generatio
1211 1114 1473 1181 ventura,
1508 1134 1535 1159 ››
1586 1111 1695 1166 hoc
1740 1121 1849 1186 est,

193 1190 454 1263 populus
506 1193 792 1264 gentium,
852 1195 950 1266 qui
1006 1197 1234 1252 venturi
1300 1204 1466 1254 erant
1534 1207 1850 1274 antequam

193 1280 468 1336 Christus
517 1281 741 1338 veniret
804 1283 863 1338 in
909 1286 1197 1341 mundum
1247 1288 1319 1342 ad
1370 1290 1726 1345 credendum
1775 1292 1846 1347 ei.

189 1369 324 1436 Vel,
358 1391 386 1418 ‹‹
415 1371 713 1441 generatio
741 1377 1005 1443 ventura,
1041 1396 1069 1423 »
1120 1374 1227 1431 hoc
1258 1382 1366 1447 est,
1405 1378 1464 1432 in
1495 1378 1651 1434 diem
1691 1380 1847 1450 judi-

188 1457 273 1512 cii
330 1463 451 1513 tota
511 1459 737 1530 integra
819 1460 1071 1517 claritas.
1129 1486 1158 1513 ‹‹
1218 1466 1669 1521 Annuntiabunt
1720 1468 1847 1523 coeli

180 1546 482 1617 justitiam
535 1549 684 1619 ejus.
715 1569 742 1599 ι)
810 1550 924 1605 Hoc
964 1555 1071 1622 est,
1106 1553 1354 1625 apostoli
1409 1555 1495 1610 vel
1556 1558 1841 1614 doctores.

188 1658 221 1684 ‹‹
264 1635 560 1691 Justitiam
588 1638 737 1707 ejus.
782 1662 805 1689 ι»
842 1638 961 1694 Hoc
1016 1644 1126 1706 est,
1179 1658 1283 1712 per
1335 1644 1579 1699 verbum
1640 1648 1842 1717 praedi-

188 1724 464 1780 cationis.
498 1747 525 1775 ‹‹
560 1727 743 1791 Quem
776 1728 913 1783 fecit
942 1730 1247 1786 Dominus.
1285 1753 1313 1780 »
1344 1731 1461 1787 Hoc
1492 1738 1598 1804 est,
1628 1737 1844 1806 prado-

188 1813 436 1868 stinavit
482 1818 619 1870 ante
651 1815 882 1871 saecula.
926 1840 955 1866 ‹‹
987 1817 1207 1889 Populo
1233 1820 1333 1890 qui
1366 1827 1638 1877 nascetur
1666 1841 1841 1895 quem

182 1901 330 1957 fecit
384 1901 690 1959 Dominus.
748 1926 776 1953 »
825 1904 932 1967 Qui
993 1923 1095 1977 per
1150 1906 1325 1963 {idem
1382 1912 1683 1982 accedens,
1740 1932 1844 1986 per

190 1990 566 2062 baptismum
624 1996 713 2047 est
770 1999 1010 2050 renatus
1067 1995 1125 2049 in
1183 1996 1446 2055 Christo.
1506 2002 1611 2065 Qui
1671 2003 1841 2060 nobis

178 2084 464 2151 praestare
494 2079 770 2153 dignetur
799 2082 856 2136 in
881 2090 1197 2155 conspectu
1231 2091 1430 2143 nostro
1461 2088 1674 2146 habere
1706 2092 1839 2146 vul-

177 2185 329 2224 nera
359 2169 510 2240 ejus,
564 2175 622 2224 et
659 2186 793 2225 cum
824 2171 1051 2227 Thoma
1099 2173 1402 2246 palpantes
1434 2178 1681 2234 ﬁxuram
1714 2180 1837 2236 cla-

174 2272 392 2312 vorum
436 2257 597 2313 illius
647 2259 830 2330 (Joan.
882 2277 973 2323 xx,
1006 2263 1136 2332 27);
1189 2263 1278 2319 vel
1309 2265 1379 2320 de
1408 2267 1565 2321 omni
1598 2267 1835 2323 humili-

172 2349 303 2401 tate
363 2346 656 2417 passionis
709 2350 837 2419 ejus
868 2350 1074 2422 jugem
1132 2354 1473 2410 memoriam
1533 2357 1832 2430 facientes,

169 2450 325 2489 cum
359 2436 613 2507 suspirio
667 2438 841 2493 etiam
889 2455 1022 2495 eum
1055 2457 1160 2511 pro
1190 2444 1441 2512 peccatis
1489 2446 1707 2500 nostris
1739 2449 1831 2501 in-

1389 358 1884 422 BREVIARIUM
1929 364 2007 423 IN
2052 366 2437 430 PSALMOS.

3493 385 3612 445 938

2925 526 3037 564 non
3107 520 3344 587 propter
3402 534 3599 574 meum

1969 588 2264 642 meritum.
3078 620 3084 627 κ

2038 715 2065 742 ‹‹
2098 694 2243 749 Nam
2297 701 2353 751 et
2405 698 2454 752 si
2481 700 2854 759 ambulavaro
2889 705 2947 759 in
2979 707 3170 763 medio
3202 712 3421 768 umbra:
3454 732 3607 771 mor-

1964 780 2075 847 tis;
2114 804 2140 830 ››
2188 800 2290 853 per
2339 785 2518 857 hujus
2558 790 2757 845 saeculi
2804 794 3228 865 obscuritates;
3282 822 3309 848 «
3356 801 3481 857 Non
3530 806 3608 858 ti-

1965 870 2133 925 mebo
2168 872 2338 928 mala:
2374 878 2654 946 quoniam
2685 884 2747 935 tu
2783 898 3011 939 mecum
3042 900 3125 940 es.
3164 908 3191 936 ››
3233 889 3491 961 Domine,
3554 898 3610 948 te

1963 960 2134 1013 corde
2180 961 2432 1025 retineo,
2478 966 2579 1021 Vel
2627 967 2824 1026 aliter:
2863 971 3081 1029 Umbra
3136 975 3367 1032 duobus
3419 960 3610 1036 modis

1962 1046 2020 1099 id
2079 1054 2187 1119 est,
2246 1068 2280 1105 a
2335 1069 2597 1124 corpore,
2655 1063 2714 1112 et
2771 1076 2804 1113 a
2854 1059 3077 1118 lumine
3123 1064 3206 1120 ﬁt.
3240 1065 3346 1121 Per
3374 1083 3606 1139 corpus,

1962 1150 2121 1190 mors
2159 1138 2544 1211 intelligitur;
2579 1161 2680 1216 per
2712 1148 3011 1213 umbram,
3054 1158 3294 1222 peccata
3343 1161 3408 1210 ut
3437 1138 3607 1229 igno-

1961 1226 2169 1280 rantia.
2232 1228 2300 1281 Et
2362 1234 2580 1299 tamen,
2641 1238 2910 1305 quamvis
2969 1240 3225 1297 Ecclesia
3274 1244 3426 1300 inter
3466 1226 3604 1302 vhaec

1959 1315 2298 1384 supradicta
2353 1320 2630 1388 ambulet,
2680 1340 2795 1378 non
2844 1326 3048 1383 timet:
3102 1333 3239 1401 quia
3288 1334 3603 1403 Dominum

1957 1402 2112 1472 apud
2162 1421 2226 1459 se
2263 1405 2458 1473 habet,
2519 1415 2583 1463 ut
2639 1411 2764 1482 ipse
2812 1414 2993 1472 dixit:
3027 1419 3159 1473 Ecce
3205 1402 3302 1489 ego
3332 1423 3608 1479 vobiscum

1954 1505 2078 1545 sum
2139 1496 2391 1550 omnibus
2458 1498 2651 1554 diebus
2724 1518 2894 1572 usque
2960 1506 3029 1559 ad
3084 1514 3608 1583 consummationem

1954 1582 2149 1635 saeculi
2175 1582 2386 1651 (Matth.
2439 1590 2751 1652 xxv1u,20.
2809 1592 3117 1664 Propterea
3172 1582 3427 1655 Ecclesia
3483 1620 3599 1659 non

1954 1668 2142 1725 timet.

2023 1799 2051 1825 «
2084 1776 2258 1849 Virga
2314 1783 2416 1836 tua
2470 1787 2529 1838 et
2585 1785 2831 1842 baculus
2889 1793 3059 1846 tuus:
3121 1792 3249 1863 ipsa
3280 1812 3374 1852 me
3405 1814 3608 1854 conso-

1871 1874 1919 1939 B
1948 1862 2067 1918 lata
2095 1874 2252 1921 sunt.
2287 1890 2314 1918 ››
2373 1871 2553 1935 Quem
2590 1874 2747 1929 enim
2798 1876 2991 1950 diligit
3022 1862 3332 1950 Dominus,
3364 1888 3604 1959 corripit

1953 1953 2135 2023 (Prov.
2172 1958 2399 2030 111,12).
2460 1964 2569 2016 Per
2617 1962 2843 2036 virgam
2894 1966 3244 2041 intelligitur
3300 1953 3603 2032 tribulatio

1952 2041 2037 2096 vel
2093 2043 2408 2116 disciplina
2461 2049 2684 2119 patris,
2753 2059 2857 2109 aut
2915 2060 3242 2126 persecutio
3312 2063 3600 2120 Ecclesia).

1952 2152 1981 2178 «
2016 2130 2083 2184 Et
2113 2132 2359 2190 baculus
2392 2140 2549 2203 tuus,
2584 2161 2613 2187 ››
2645 2156 2761 2211 quo
2792 2142 2943 2200 ﬁlios
2973 2147 3227 2219 castigas
3268 2150 3602 2221 spirituales

1950 2218 2050 2273 Vel
2087 2237 2188 2291 per
2215 2223 2515 2292 baculum,
2541 2232 2891 2287 sustentatio
2938 2239 2996 2289 et
3024 2218 3348 2294 consolatio
3381 2240 3596 2311 futura,

1949 2329 1974 2355 ‹‹
2012 2308 2143 2378 Ipsa
2190 2327 2283 2366 me
2316 2315 2616 2373 consolata
2636 2323 2795 2373 sunt.
2836 2343 2863 2369 »
2889 2321 3241 2380 Erudierunt
3270 2343 3363 2382 me
3390 2344 3620 2385 conso-.

1943 2394 2139 2465 lando,
2174 2416 2286 2455 non
2322 2402 2657 2460 afﬂixerunt
2687 2410 3109 2469 mortiﬁcando.

167 2524 350 2578 ferna
380 2528 715 2594 penetrasse
756 2510 1096 2595 recolentes,
1141 2510 1209 2586 ea
1235 2548 1466 2604 semper
1496 2550 1742 2607 agamus
1772 2512 1901 2592 in”
1946 2591 1959 2607 ,
2014 2526 2041 2551 “
2076 2510 2296 2607 Parus,“
2352 2527 2408 2607 in
2452 2518 2769 2607 consPect“
2802 2532 2930 2607 "Pe"
2962 2534 3248 2588 mensam’
3286 2543 3313 2571 ”
3344 2528 3453 2579 etc'
3513 2525 3588 2581 Ut

165 2612 291 2667 hoc
327 2629 566 2684 corpore
596 2620 845 2684 terreno,
881 2622 944 2672 ut
974 2618 1087 2689 ipsi
1119 2619 1380 2691 copulari
1410 2638 1741 2680 mereamur
1768 2625 1828 2680 in

165 2717 381 2773 regno.
413 2709 619 2758 Amen.

729 2847 1065 2905 PSALMUS
1105 2851 1271 2906 XXII.

166 2935 437 2990 Psalmus
468 2936 665 2991 David.
725 2936 996 2992 Psalmus
1045 2939 1155 2993 iste
1200 2942 1457 2996 continet
1484 2959 1680 2997 vocem
1714 2944 1823 2999 Ec-

521 3008 708 3062 clesiae
738 3008 1127 3064 collaudantis
1155 3011 1471 3067 Christum.

245 3172 273 3198 ‹‹
314 3150 592 3205 Dominus
648 3152 840 3223 pascit
889 3169 1004 3219 me,
1053 3157 1110 3208 et
1174 3153 1318 3209 nihil
1370 3155 1513 3210 mihi
1548 3157 1752 3212 deerit.
1785 3180 1812 3210 ιο

154 3243 251 3293 De
314 3237 429 3292 isto
477 3244 729 3311 pastore,
786 3244 843 3295 et
882 3241 1139 3296 Ezechiel
1188 3241 1484 3314 loquitur:
1533 3245 1819 3304 Suscitabo
1850 3242 1893 3309 C

147 3331 469 3399 pastorem,
519 3332 570 3383 et
609 3334 790 3400 pascet
842 3345 927 3385 eos
970 3346 1157 3385 servus
1202 3348 1356 3387 meus
1394 3334 1563 3389 David
1592 3339 1815 3403 (Ezech.

150 3434 364 3483 xxxrv,
395 3417 506 3489 23).
539 3416 642 3474 Vel
683 3417 890 3474 aliter:
939 3422 1135 3475 Pastor
1187 3422 1362 3487 nobis,
1423 3426 1521 3493 qui
1566 3428 1820 3482 animam

151 3522 330 3559 suam
371 3521 473 3576 pro
502 3523 588 3561 me
625 3508 809 3578 posuit
838 3508 1012 3578 (Joan.
1046 3527 1100 3578 x,
1137 3511 1224 3579 11)
1252 3529 1264 3577 ;
1298 3528 1463 3583 aequo
1497 3531 1588 3569 me
1621 3517 1814 3571 mode-

152 3593 395 3648 ramine
426 3594 608 3666 regit;
642 3594 771 3650 ideo
821 3596 1041 3652 nullius
1090 3615 1249 3670 egeo.
1284 3600 1385 3654 Vel
1416 3601 1614 3657 aliter:
1647 3628 1673 3654 ‹‹
1708 3605 1818 3660 Re-

151 3678 255 3750 git
289 3695 401 3745 me,
434 3699 461 3729 η
499 3681 750 3736 Ecclesia
790 3682 1145 3740 ﬁducialiter
1172 3685 1431 3757 loquitur
1460 3706 1562 3760 per
1590 3692 1762 3747 fidem
1800 3712 1812 3760 ;

147 3767 309 3839 quia
386 3772 517 3824 ante
582 3769 895 3826 adventum
954 3772 1195 3845 Christi,
1257 3776 1524 3833 diabolus
1583 3783 1819 3852 regebat

151 3856 482 3922 mundum,
507 3859 608 3913 sed
634 3860 808 3915 modo
828 3859 1095 3916 Christus
1117 3863 1265 3933 regit
1286 3864 1596 3921 Ecclesiam
1622 3885 1811 3925 suam.

152 3944 337 4007 Quod
384 3962 491 4001 nos
537 3947 829 4003 dicimus:
884 3970 910 3996 ››
962 3949 1247 4006 Dominus
1302 3953 1450 4025 regit
1495 3972 1605 4010 me.
1643 3979 1669 4003 »ι
1702 3956 1814 4012 He-

148 4033 313 4087 braei
371 4034 592 4101 dicunt,
637 4035 791 4090 sicut
821 4037 1092 4107 superius
1149 4043 1238 4093 est
1284 4041 1565 4112 scriptum
1601 4061 1614 4098 :
1650 4068 1678 4094 ‹‹
1711 4045 1813 4101 Do-

150 4122 373 4177 minus
425 4124 615 4194 pascit
674 4140 786 4193 me,
856 4130 912 4181 et
968 4125 1114 4181 nihil
1168 4128 1313 4183 mihi
1365 4131 1567 4186 deerit.
1623 4155 1650 4181 »
1707 4134 1814 4196 Qui

148 4217 357 4267 Deum
408 4212 623 4279 habet,
682 4217 740 4269 et
796 4215 896 4285 qui
953 4215 1069 4271 Deo
1130 4217 1422 4285 adhaeret,
1479 4220 1623 4275 nihil
1677 4223 1813 4278 boni

1934 2596 2059 2662 jam
2093 2611 2208 2649 non
2253 2596 2403 2653 lacte
2434 2604 2603 2670 quasi
2636 2604 2917 2674 parvulus
2947 2607 3091 2678 alar,
3137 2611 3236 2665 sed
3278 2611 3463 2668 solido
3507 2615 3588 2668 ci-

1938 2680 2032 2750 bo,
2066 2684 2121 2737 id
2154 2690 2261 2752 est,
2295 2692 2359 2740 ut
2390 2689 2684 2757 spirituali
2709 2693 2883 2749 dente
2914 2697 3229 2753 ruminans
3260 2700 3593 2772 Scripturas

1938 2776 2193 2841 sanctas,
2243 2776 2466 2845 possim
2525 2782 2814 2848 perversis
2860 2784 3149 2841 resistere.
3190 2808 3211 2837 ct
3248 2788 3472 2844 Parasti
3520 2792 3582 2845 in

1935 2869 2251 2932 conspectu
2302 2881 2431 2920 meo
2477 2883 2743 2924 mensam
2794 2873 3076 2929 adversus
3126 2892 3225 2930 eos
3266 2878 3366 2947 qui
3396 2878 3585 2934 tribu-
3640 2888 3655 2893 ’

1932 2946 2056 3002 lant
2086 2967 2196 3004 me.
2236 2974 2263 3000 ››
2322 2953 2540 3020 Mensa,
2574 2957 2631 3010 id
2683 2963 2773 3013 est
2812 2960 3115 3032 Scriptura
3172 2946 3388 3021 divina.
3425 2967 3591 3022 Sicut

1931 3042 2063 3107 post
2093 3039 2350 3094 laborem
2378 3042 2436 3095 in
2473 3060 2675 3099 mensa
2706 3046 3002 3103 invenitur
3031 3051 3371 3125 consolatio,
3407 3063 3461 3110 et
3492 3073 3588 3111 re-

1898 3190 1901 3193 _
1928 3126 2121 3192 fectio,
2155 3127 2237 3182 sic
2268 3133 2324 3182 et
2355 3132 2539 3185 sancti
2576 3149 2677 3202 per
2707 3152 2996 3209 mensam,
3034 3139 3091 3193 id
3144 3145 3253 3207 est,
3299 3159 3405 3214 per
3436 3145 3587 3200 Scri-

1932 3219 2164 3285 pturam
2195 3217 2474 3283 divinam,
2535 3221 2754 3278 habent
2808 3226 3266 3285 consolationem
3316 3237 3372 3287 et
3402 3234 3583 3289 refec-

1928 3302 2170 3369 tionem,
2204 3306 2262 3359 id
2307 3312 2397 3361 est
2455 3325 2640 3379 spem,
2702 3312 2879 3368 fidem
2912 3320 2970 3369 et
3002 3316 3365 3375 charitatem.
3405 3341 3431 3372 α
3459 3323 3573 3376 Ad-

1927 3406 2131 3447 versus
2198 3410 2297 3449 eos
2370 3397 2471 3466 qui
2545 3399 2834 3455 tribulant
2892 3419 3016 3458 me.
3069 3427 3096 3455 »
3168 3405 3573 3467 Persecutores

1930 3480 2215 3548 Ecclesiae,
2270 3485 2369 3555 qui
2428 3492 2567 3541 sunt
2616 3488 2928 3554 dmmones,
2960 3492 3145 3548 Judaei
3200 3501 3257 3550 et
3300 3496 3573 3555 haeretici.

1927 3570 2137 3625 Contra
2168 3572 2309 3627 istos
2340 3590 2545 3630 omnes
2574 3576 2633 3630 in
2675 3578 2993 3650 Scripturis
3025 3583 3210 3639 sacris
3243 3585 3575 3645 invenimus

1928 3659 2415 3718 consolalionem.

1998 3788 2025 3813 ‹‹
2072 3766 2457 3839 lmpinguasti
2492 3772 2549 3825 in
2571 3772 2694 3828 oleo
2728 3781 2903 3846 caput
2934 3795 3153 3835 meum.
3189 3805 3210 3834 ι
3251 3782 3357 3838 Per
3376 3789 3574 3857 caput,

1925 3853 1981 3907 id
2041 3860 2129 3909 est
2188 3857 2507 3929 principale
2565 3865 2819 3935 mentis,
2883 3867 3140 3924 Ecclesia
3196 3853 3574 3942 intelligitur;

1924 3940 2087 3997 Mens
2126 3948 2338 4000 etenim
2372 3954 2547 4018 caput
2593 3959 2831 4008 vocatur
2862 3972 2874 4009 :
2940 3960 3079 4028 quia
3129 3960 3284 4014 sicut
3322 3978 3355 4014 a
3384 3940 3578 4032 capite

1925 4038 2209 4102 reguntur
2240 4037 2523 4098 membra.
2580 4039 2660 4094 ita
2700 4043 3085 4114 cogitationes
3134 4053 3328 4103 mente
3380 4050 3577 4121 dispo-

1925 4125 2164 4175 nuntur.
2206 4122 2310 4177 Per
2366 4124 2557 4181 oleum
2618 4128 2967 4202 intelligitur
3019 4134 3377 4191 consolatio:
3439 4138 3579 4209 quia

1924 4209 2377 4267 consolationem
2412 4214 2871 4287 Scripturarum,
2898 4237 3068 4276 mens
3092 4221 3380 4278 Ecclesia.
3415 4248 3443 4275 ‹‹
3468 4231 3578 4281 Im-

1922 4295 2218 4368 pinguasti
2250 4301 2309 4354 in
2342 4301 2533 4357 oleum
2568 4310 2742 4376 caput
2778 4323 2995 4362 meum.
3034 4331 3062 4359 »
3088 4311 3420 4369 Latilicasti
3451 4315 3572 4387 spi-

1926 4384 2119 4439 tituali
2154 4386 2352 4443 laetitia
2382 4396 2635 4447 mentem
2668 4410 2881 4466 meam,
2907 4414 3033 4467 quae
3065 4407 3239 4471 caput
3270 4406 3359 4457 est
3386 4384 3569 4461 toti—us

141 4303 334 4356 deest
380 4302 455 4370 ei,
514 4307 579 4356 ut
635 4302 717 4358 ait
756 4305 1081 4376 Propheta:
1133 4308 1291 4363 Nihil
1328 4310 1468 4365 deest
1498 4312 1814 4367 timentibus

142 4408 294 4446 eum
321 4392 496 4456 (Psol.
554 4408 753 4458 χχχιιι,
789 4394 897 4463 10).
961 4396 1084 4449 «In
1132 4395 1257 4451 loco
1298 4415 1525 4469 pascuae
1583 4401 1665 4456 ibi
1722 4419 1813 4458 me

134 4478 485 4534 collocavit.
519 4502 548 4530 »
602 4488 680 4535 Ac
731 4482 779 4537 si
840 4482 1031 4537 dicat:
1092 4484 1156 4539 In
1218 4487 1504 4542 unitatem
1564 4488 1718 4560 ﬂdei,
1754 4491 1810 4545 in

1970 4475 2201 4544 )rporis.
2237 4499 2265 4526 ‹‹
2299 4478 2367 4531 Et
2396 4479 2545 4535 calix
2595 4499 2762 4539 meus
2793 4484 3090 4543 inebrians
3123 4507 3298 4561 quam
3331 4493 3566 4563 przecla-

130 4567 448 4623 unitatem
478 4566 768 4625 Ecclesia.
807 4590 834 4619 α
867 4571 927 4625 In
976 4570 1101 4626 loco
1132 4590 1363 4644 pascuae
1414 4575 1494 4629 ibi
1554 4593 1646 4632 me
1689 4577 1809 4633 col-
1839 4600 1887 4665 D
1924 4578 2025 4661 rus
2055 4569 2160 4619 est.
2195 4586 2221 4613 ››
2258 4565 2801 4665 Colias-intelligitur
2833 4576 3071 4631 verbum
3105 4579 3223 4633 Dei.
3258 4582 3562 4642 Inebrians.

130 4656 391 4726 locavit,
426 4679 453 4707 ››
489 4661 553 4711 In
585 4657 782 4714 futura
839 4659 1202 4717 beatitudine
1261 4664 1589 4734 composuit
1642 4683 1807 4737 spem

1970 4651 2058 4705 uia
2115 4670 2217 4725 per
2271 4657 2743 4727 przedicationem
2803 4668 3222 4738 compungitur
3278 4669 3453 4724 homo
3503 4671 3562 4725 in

128 4761 376 4800 meam.
412 4746 632 4802 Pascua
660 4747 840 4818 enim,
874 4749 1072 4804 futura
1099 4750 1447 4824 intelligitur
1487 4754 1804 4810 beatitudo.

254 4856 257 4857 ν
325 4832 511 4857 a_-___
570 4852 773 4857 un---
860 4837 1087 4857 μεριξ-
1309 4840 1323 4857 ι
1483 4842 1514 4857 ι.

1970 4746 2133 4808 lente,
2168 4746 2402 4813 quando
2455 4755 2687 4818 separat
2742 4752 3061 4825 hominem,
3117 4756 3171 4810 id
3214 4763 3304 4812 est
3334 4763 3561 4829 patrem

1981 4830 2137 4857 ΩΙΣΑ.
2194 4833 2374 4857 an“...
2417 4853 2437 4857 _
2493 4843 2585 4857 __L
2634 4856 2643 4857 κ
2982 4849 2990 4857 .
3242 4846 3314 4857 ηε.
3448 4853 3455 4857 .
3500 4848 3528 4857 Α

229 4856 259 4884 ‹‹
325 4832 513 4905 Super
567 4852 782 4909 aquam
860 4837 1193 4894 refectionis
1257 4840 1524 4896 educavit
1589 4860 1714 4898 me.
1777 4870 1798 4897 ι

1980 4832 2137 4886 ﬁlio:
2194 4833 2380 4889 filium
2413 4853 2445 4890 a
2493 4843 2654 4909 patre
2702 4858 2842 4896 suo:
2878 4849 3123 4899 matrem
3174 4863 3207 4900 a
3238 4846 3375 4915 ﬁlia,
3409 4853 3464 4903 et
3494 4848 3560 4902 li-

132 4921 464 4980 Abluendo
522 4940 624 4996 per
674 4926 1037 4998 baptismum
1107 4944 1199 4984 me
1251 4931 1545 4997 enutrivit,
1586 4932 1670 4988 vel
1703 4933 1803 4989 do-
1916 4915 2057 4972 liam
2098 4927 2353 5033 θιῐιῖἳθῐιζθ
2411 4942 2563 5033 ευξε
2624 4933 2682 4983 et
2739 4946 2953 4984 nurum
3010 4933 3289 4989 adversus
3322 4952 3559 5033 socrum

138 5011 339 5033 ,λ-Ξ..-
390 5013 706 5033 __L..2--,-1,
968 5022 977 5033 ι
1182 5018 1196 5033 ι
1264 5024 1273 5033 .
1552 5022 1562 5031 ι
1917 5024 2079 5033 η.-....ν.
2220 5020 2290 5033 ...ΑΔ
2384 5032 2415 5033 κγ
2509 5016 2555 5033 Ρι
2638 5017 2683 5033 m
3001 5021 3012 5031 ο
3095 5022 3107 5033 1
3168 5022 3179 5033 ι
3228 5028 3235 5033 .

123 5011 347 5069 ctrina
388 5013 881 5085 patriarcharum,
929 5022 987 5072 et
1033 5018 1473 5090 prophetarum,
1517 5022 1635 5077 sive
1665 5039 1802 5094 apo-

124 5100 438 5124 -L-I-_--_.
577 5102 827 5124 Α-Ξμμμ-
872 5122 1047 5124 A-__,,,,
1312 5110 1367 5124 .-.
1515 5112 1528 5124 Α
1567 5112 1581 5124 ι

1970 5025 2081 5063 iam
2142 5010 2347 5077 (Matth.
2382 5032 2436 5083 x,
2470 5014 2580 5077 35).
2638 5017 2799 5072 'I‘unc
2848 5037 2955 5075 nos
2999 5021 3265 5089 inebriat,
3325 5027 3561 5096 quando

1970 5101 2022 5124 ,ἢ
2060 5098 2192 5124 ρηη
2257 5105 2362 5124 πη
2398 5102 2624 5124 ‘_-._.____
2704 5122 2713 5124 4
3004 5109 3014 5120 -
3068 5114 3077 5124 .
3234 5111 3266 5124 ..
3509 5113 3520 5124 -

117 5100 465 5159 stolorum.
501 5125 529 5151 ‹‹
562 5102 838 5161 Animam
870 5122 1061 5162 meam
1095 5110 1396 5164 convertit.
1434 5132 1460 5157 »
1499 5112 1581 5165 Ad
1617 5128 1678 5167 se
1709 5129 1803 5167 οο-
1913 5096 2028 5152 ista
2060 5098 2213 5153 facit.
2257 5105 2364 5156 Per
2393 5102 2654 5175 calicem,
2690 5122 2967 5163 mensura
3001 5109 3386 5184 intelligitur:
3424 5113 3563 5185 quia

117 5193 596 5264 gnoscendum:
655 5193 741 5247 id'
785 5199 892 5265 est,
969 5195 1225 5252 animam
1302 5198 1607 5265 Ecclesiae,
1665 5202 1805 5273 quia

134 5299 155 5301 _
184 5284 322 5301 ..ιι--
362 5279 428 5301 ,Δ
461 5280 725 5301 _‘_l‘-__.,,,
806 5284 849 5301 3,
1021 5287 1037 5301 ι
1150 5290 1160 5301 ι
1436 5286 1450 5301 ν
1701 5290 1711 5301 ι
1789 5291 1799 5301 ο

1970 5187 2232 5259 nicuique
2275 5191 2445 5259 juxta
2475 5193 2626 5262 quod
2662 5200 2936 5263 meretur,
2969 5198 3055 5253 vel
3109 5205 3302 5271 potest
3331 5219 3559 5274 capere,

1970 5292 1993 5301 .-
2028 5274 2109 5301 ειιε
2145 5278 2345 5301 ,κυμιξι
2378 5279 2532 5301 n____
2596 5281 2650 5301 :j
2720 5287 2790 5301 A,n
2872 5285 2887 5301 1
2936 5292 2945 5301 .
3032 5288 3072 5301 ιν
3112 5287 3124 5301 1
3316 5290 3350 5301 ,ο

115 5284 329 5337 antea
359 5279 431 5334 ad
461 5280 760 5339 infernum
792 5284 1170 5341 descenderat
1208 5303 1310 5357 per
1361 5286 1594 5359 culpam
1627 5290 1801 5361 primi
1913 5273 1994 5329 δίε
2028 5274 2110 5329 im
2142 5278 2349 5333 ἀίνίάίί
2377 5279 2555 5344 Deus»
2596 5281 2653 5336 id
2711 5287 2799 5338 eSt
2856 5285 2955 5341 dat
3032 5287 3128 5342 vel
3180 5273 3423 5362 ωγειίοέ
3466 5308 3561 5347 me

112 5367 415 5425 hominis
441 5370 577 5424 Ade
605 5387 618 5425 ε
643 5372 747 5427 sed
778 5373 951 5428 modo
982 5374 1053 5429 ad
1085 5373 1383 5430 Christum
1416 5392 1693 5433 conversa
1714 5384 1803 5435 est
1911 5362 2089 5419 calice
2118 5364 2443 5438 inebriasti,
2476 5373 2540 5423 ut
2569 5369 2844 5427 oblivioni
2877 5376 3161 5433 traderem
3218 5378 3558 5436 delectatio—

108 5473 260 5533 per
293 5457 489 5513 fidem.

1970 5468 2014 5506 δε
2048 5453 2255 5524 prioris
2277 5455 2422 5509 vitae.

227 5569 254 5595 ‹‹
315 5546 567 5603 Deduxit
622 5566 715 5605 me
781 5566 956 5622 super
1013 5552 1284 5609 semitam
1332 5554 1618 5625 justitize;
1652 5580 1679 5605 ›ι
1742 5557 1798 5611 id

102 5640 263 5701 est,
296 5654 475 5710 super
503 5636 774 5695 semitam
806 5639 1218 5697 mandatorum
1244 5660 1347 5715 per
1368 5650 1586 5701 arctam
1618 5646 1796 5702 viam.

480 5769 740 5827 l’araon.
768 5766 1004 5843 XXVI.

1981 5584 2007 5609 ‹‹
2035 5560 2101 5615 Et
2130 5560 2528 5619 misericordia
2548 5568 2671 5634 tua,
2694 5567 2958 5638 Domine,
2990 5573 3382 5647 subsequetur
3404 5594 3555 5634 me.»

1907 5648 2031 5704 Vox
2061 5649 2326 5706 Ecclesiae
2385 5653 2458 5708 ad
2516 5652 2833 5713 Christum.
2884 5659 3283 5720 Misericordia
3340 5667 3440 5722 Dei
3498 5673 3557 5723 et

3156 5790 3236 5849 30
