3964 6190
496 344 619 403 939

503 475 777 547 praevenit
830 480 887 530 et
954 476 1354 547 subsequitur.
1408 477 1710 542 Praevenit,
1770 493 1872 546 per
1932 476 2138 532 fidem:
2172 479 2227 542 Α

502 564 902 634 subsequitur,
938 564 993 618 in
1018 566 1397 620 custodiendo
1429 567 1706 621 mandata
1738 566 1858 631 Dei,
1891 585 1919 616 α
1948 564 2146 618 Omni-

500 654 613 707 bus
669 653 876 707 dicbus
936 653 1062 707 vitae
1116 670 1275 708 meae.
1308 673 1334 703 η
1372 655 1639 718 Quandiu
1680 654 1738 707 in
1772 654 1880 709 hoc
1910 669 2149 724 corpore

504 743 668 813 dego.

573 853 600 879 ‹‹
636 832 707 884 Et
747 835 811 884 ut
844 830 1166 886 inbabitem
1200 830 1259 885 in
1320 832 1491 887 domo
1540 831 1796 886 Domini.
1834 854 1861 878 ν
1896 829 2148 885 Ecclesia

501 919 595 973 hic
627 919 793 989 quasi
829 919 885 973 in
920 919 1293 975 tabernaculo
1334 920 1624 975 consistit.
1675 919 1819 983 Quia
1867 919 2019 974 sicut
2062 923 2147 972 ta-

499 1008 885 1062 bernaculum
948 1013 1213 1062 mutatur
1264 1009 1333 1062 de
1381 1008 1507 1063 loco
1566 1009 1624 1061 in
1678 1007 1897 1075 lumen,
1961 1008 2043 1062 sic
2092 1010 2148 1061 et

500 1095 757 1150 Ecclesia
813 1097 883 1150 de
935 1096 1046 1150 isto
1098 1096 1471 1151 tabernaculo
1517 1096 1866 1151 transfertur
1920 1095 1977 1149 in
2039 1095 2144 1149 do-

500 1201 688 1249 mum,
719 1185 828 1239 hoc
860 1189 948 1239 est
978 1184 1037 1238 in
1063 1185 1239 1239 vitam
1272 1190 1570 1248 (sternam,
1615 1186 1732 1239 sive
1779 1188 2147 1255 perpetuam,

500 1273 602 1327 ubi
634 1273 759 1328 sine
792 1274 905 1328 ﬁne
937 1273 1289 1328 habitabunt
1321 1273 1527 1328 sancti.
1562 1295 1590 1322 ‹‹
1622 1278 1685 1327 1n
1718 1273 2145 1344 longitudinem

503 1373 751 1427 dierum.
790 1395 814 1419 ››
850 1372 1059 1427 Diebus
1091 1372 1216 1426 sine
1253 1372 1365 1426 fine
1445 1394 1471 1420 ‹‹
1507 1372 1579 1425 Ut
1609 1371 1928 1425 inhabitem
1962 1370 2019 1424 in
2052 1370 2148 1425 do-

503 1478 597 1517 mo
629 1460 858 1516 Domini
892 1461 950 1514 in
1010 1459 1435 1531 longitudinem
1492 1461 1716 1514 dierum
1744 1503 1756 1525 ,
1799 1460 1855 1512 id
1915 1465 2004 1513 est
2030 1475 2146 1513 cce-

501 1551 705 1605 lestem
726 1548 1051 1604 Jerusalem
1077 1548 1467 1603 communiter
1484 1549 1905 1603 cumomnibus
1927 1549 2146 1603 sanctis

502 1639 868 1710 congregatis
892 1638 950 1691 in
984 1652 1073 1690 me
1105 1654 1207 1707 per
1238 1637 1410 1690 ﬁdem
1443 1636 1786 1691 inhabitem.

1036 1787 1365 1843 PSALMUS
1414 1788 1611 1842 XXIII.

502 1878 754 1933 Psalmus
812 1878 1002 1943 David,
1058 1880 1118 1931 in
1169 1879 1356 1948 prima
1412 1879 1654 1932 Sabbati.
1718 1845 2225 1934 PsalmusisteB

576 1950 846 2075 lcontimtat
901 1947 1205 2004 enterdum
1236 1966 1431 2004 vocem
1464 1949 1760 2021 prophetae
1791 1949 1862 2004 de
1894 1947 2147 2004 Ecclesia

601 2038 890 2075 oauenis.

601 2038 890 2093 oquenus.

572 2197 599 2223 ‹‹
644 2174 875 2229 Domini
932 2179 1020 2229 est
1075 2179 1229 2230 terra
1259 2178 1316 2230 et
1374 2174 1674 2246 plenitudo
1725 2175 1873 2245 ejus.
1911 2198 1939 2224 »
1998 2175 2144 2230 Cum

499 2264 761 2318 conversi
822 2263 1037 2317 fuerint
1083 2264 1183 2334 qui
1228 2267 1460 2319 terrena
1517 2264 1770 2335 sapiunt.
1838 2287 1865 2318 α
1914 2264 2144 2321 Domini

499 2355 589 2405 est
641 2357 793 2405 terra
850 2374 877 2399 »
937 2352 1045 2407 hoc
1076 2358 1183 2417 est,
1241 2357 1402 2408 totus
1458 2354 1748 2408 mundus:
1800 2377 1826 2403 ‹‹
1860 2355 1929 2409 Et
1961 2354 2145 2425 pleni-

500 2439 640 2492 tudo
672 2440 820 2509 ejus,
844 2462 863 2486 υ
902 2440 1009 2494 hoc
1034 2445 1141 2509 est,
1174 2440 1532 2497 habitatores
1565 2443 1768 2496 mundi
1793 2442 1987 2497 istius.
2022 2442 2144 2510 Vel,

508 2547 534 2577 ‹‹
564 2526 794 2581 Domini
844 2532 932 2583 est
963 2533 1137 2595 terra,
1178 2552 1201 2578 ››

501 2615 703 2670 nitudo
736 2617 884 2685 ejus.
916 2639 945 2666 »
980 2618 1036 2671 id
1069 2622 1159 2673 est
1190 2635 1394 2674 omnes
1436 2620 1646 2674 sancti.
1684 2643 1711 2669 ‹‹
1746 2620 1915 2676 Orbis
1965 2625 2144 2675 terra—

497 2722 651 2776 rum,
681 2708 736 2760 et
765 2707 1019 2761 universi
1050 2706 1150 2778 qui
1198 2708 1465 2764 habitant
1517 2710 1573 2763 in
1630 2726 1716 2764 ea.
1752 2732 1781 2759 ››
1821 2710 2145 2765 Clariﬁcato

494 2793 656 2859 Jesu,
690 2793 953 2848 omnium
982 2796 1244 2867 gentium
1280 2797 1421 2851 ﬁdes
1454 2797 1516 2851 ﬁt
1546 2814 1663 2851 una
1695 2795 1965 2851 Ecclesia.

569 2904 595 2931 ‹‹
632 2882 760 2953 Ipse
791 2897 969 2953 super
1008 2883 1193 2937 maria
1241 2884 1502 2939 fundavit
1532 2901 1679 2939 eam.
1715 2908 1737 2935 υ
1802 2889 1912 2939 Per
1940 2885 2142 2940 maria.

494 2969 908 3026 fluctuationes
940 2972 1109 3026 istius
1142 2972 1381 3027 mundi:
1420 2973 1558 3044 quia
1589 2972 1817 3027 calcant
1868 2978 1925 3027 et
1973 2990 2143 3045 supe-

494 3062 628 3112 rant
660 3058 975 3114 Ecclesiam
1011 3061 1083 3113 ab
1140 3060 1307 3115 initio
1342 3060 1752 3117 ﬂuctuationes
1785 3061 2002 3116 saeculi.
2033 3062 2143 3117 Sed

498 3145 782 3216 fundavit,
816 3146 925 3202 hoc
958 3154 1065 3217 est,
1099 3149 1487 3204 corroboravit
1519 3149 1832 3204 Ecclesiam
1866 3167 2033 3205 suam
2080 3151 2138 3206 in

499 3234 629 3288 ﬁde.
664 3235 851 3307 Super
881 3237 1094 3292 ﬂuctus
1124 3237 1303 3308 hujus
1335 3238 1533 3293 saeculi
1575 3238 1853 3294 stabilivit
1884 3257 2035 3306 eam,
2069 3257 2139 3296 ne
2164 3216 2212 3283 α

496 3322 570 3377 ab
619 3323 711 3378 his
743 3324 1054 3379 dilabatur.
1091 3350 1117 3375 ‹‹
1181 3327 1247 3380 Et
1275 3343 1451 3397 super
1500 3326 1744 3389 flumina
1802 3329 2144 3399 praeparavit

496 3410 681 3466 illam.
718 3435 744 3461 ››
782 3415 883 3468 Per
914 3414 1157 3480 ﬂumina
1186 3414 1598 3487 intelliguntur
1626 3421 1889 3488 potentes
1923 3417 2138 3473 saeculi:

493 3499 583 3553 vel
616 3501 851 3572 cupidi:
912 3502 984 3556 Ut
1040 3504 1121 3557 ait
1176 3504 1483 3559 Salomon:
1520 3505 1713 3560 Omnia
1770 3507 2004 3575 ﬂumina
2052 3509 2141 3561 in-

496 3589 645 3639 trant
704 3589 763 3640 in
821 3605 971 3642 mare
1030 3591 1221 3659 (Eccle.
1257 3608 1293 3657 1,
1327 3592 1402 3660 7).
1440 3592 1531 3646 Sic
1580 3598 1636 3646 et
1682 3592 1793 3663 ipsi
1852 3598 2136 3663 potentes,

496 3673 631 3728 licet
661 3690 944 3745 magnum
976 3677 1229 3733 habeant
1279 3696 1542 3745 censum,
1576 3698 1878 3752 nunquam
1921 3684 2137 3738 satian-

497 3766 612 3815 tur.
648 3761 835 3833 Super
864 3764 975 3820 ista
1005 3766 1251 3821 ﬂumina
1281 3774 1371 3822 est
1422 3768 1695 3837 Ecclesia,
1750 3775 1813 3824 ut
1844 3770 1959 3825 illis
1992 3789 2135 3843 prae-

499 3849 688 3906 dicet:
724 3857 781 3907 et
809 3860 1220 3910 convertantur
1250 3858 1347 3928 qui
1395 3863 1738 3929 potestatem
1785 3860 2018 3915 habent.
2079 3862 2135 3916 Si

496 3937 698 3995 audire
756 3942 1085 3999 noluerint:
1146 3968 1171 3993 ‹‹
1244 3947 1427 4017 Super
1498 3947 1740 4002 flumina
1795 3951 2139 4021 praeparavit

494 4028 677 4084 illam.
708 4052 736 4079 »
767 4035 954 4103 Super
983 4033 1336 4105 cupiditates
1385 4034 1561 4104 hujus
1607 4035 1800 4091 saeculi
1833 4038 2137 4093 constituit

492 4134 619 4172 eam
648 4124 760 4193 :ut
790 4120 918 4192 ipsa
947 4123 1214 4193 superior
1264 4129 1436 4192 esset,
1482 4124 1703 4179 munda
1750 4125 1875 4180 sine
1909 4127 2137 4182 macula

492 4211 549 4260 et
579 4224 744 4279 ruga.

568 4316 589 4342 α
624 4296 763 4359 Quis
794 4300 1057 4355 ascendit
1100 4302 1158 4355 in
1219 4305 1474 4357 montem
1508 4301 1724 4357 David?
1759 4326 1784 4350 ››
1824 4302 1943 4357 Vox
1998 4321 2132 4374 pro-

486 4383 674 4454 phetae
725 4386 1158 4460 interrogantis,
1194 4391 1248 4445 id
1301 4397 1407 4461 est,
1441 4391 1500 4445 in
1547 4390 1839 4446 coalestem
1903 4396 2134 4448 Jerusa-

486 4472 641 4528 lem?
671 4475 803 4544 Quis
852 4494 953 4549 pro
1011 4480 1289 4534 charitate
1340 4480 1595 4552 ponitur.
1650 4480 1752 4535 Vel
1813 4498 1981 4536 mons
2039 4482 2132 4537 hic

1992 343 2414 404 APPENDIX.

1262 2529 1370 2585 hoc
1425 2536 1514 2585 est
1562 2530 1850 2597 Ecclesia;
1886 2554 1913 2581 «
1946 2537 2002 2587 et
2031 2531 2148 2603 ple-

3664 356 3745 414 ΜΟ

2329 498 2357 525 ‹‹
2387 476 2457 529 Et
2482 476 2703 529 mundo
2734 476 2922 543 corde,
2958 497 2986 523 »
3010 474 3070 530 id
3102 478 3189 529 est
3216 477 3433 531 mundis
3464 483 3746 540 sermonibus.

2258 563 2359 617 Vel
2411 565 2628 619 mundo
2661 564 2852 629 corde,
2902 567 3139 619 sanctus
3190 564 3249 618 in
3300 565 3604 637 cogitatione.
3635 594 3649 618 ι
3683 575 3747 636 Qui

2258 669 2373 707 non
2406 653 2628 723 accepit
2655 653 2717 707 in
2747 669 2965 707 vanum
2997 653 3252 707 animam
3283 670 3453 708 suam.
3476 677 3499 703 ››
3534 657 3613 718 Qui
3635 660 3747 713 nullis

2240 758 2383 795 [eam
2418 741 2655 796 faecibus
2686 741 3089 813 peccaminum
3141 747 3270 813 post
3314 741 3599 813 baptismun
3624 762 3748 801 uacu-

2257 829 2411 883 lavit.
2448 829 2548 884 Ille
2580 830 2638 884 in
2665 847 2881 887 vanum
2907 847 3022 886 non
3055 831 3274 906 accepit
3292 831 3518 886 animam
3542 838 3751 906 suam,qui

2256 935 2431 989 opera
2479 918 2631 973 bona
2672 919 2811 990 agit.
2853 941 2879 971 ‹‹
2908 920 3022 974 Nec
3070 902 3287 989 juravit
3338 918 3393 973 in
3429 919 3540 975 dolo
3584 902 3752 992 pronius

2256 1023 2382 1061 suo.
2417 1025 2443 1056 η
2483 1005 2581 1060 Ille
2631 1007 2688 1061 in
2748 1006 2879 1062 dolo
2912 1024 3028 1063 non
3077 1008 3242 1077 jurat
3298 1007 3529 1079 proximo
3571 1026 3662 1077 suo,
3694 1014 3751 1081 qui

2257 1112 2378 1164 quae
2409 1095 2644 1167 cogitat,
2704 1096 2823 1151 haec
2872 1096 3168 1168 praedicat,
3218 1101 3274 1151 et
3326 1097 3378 1150 ia
3429 1113 3571 1168 opere
3608 1098 3751 1169 implet.

2258 1184 2420 1238 Multi
2472 1190 2612 1239 sunt
2656 1186 2812 1239 enim
2860 1186 2961 1256 qui
2993 1184 3192 1241 dolose
3221 1186 3430 1254 iurant,
3476 1192 3530 1240 ut
3565 1187 3751 1256 decipiant

2258 1274 2607 1343 proximum:
2633 1275 2784 1345 quod
2810 1273 3180 1329 abominetur
3203 1273 3365 1329 Pater
3388 1273 3629 1330 luminum
3650 1276 3750 1330 Deus.

2256 1363 2481 1417 dicente
2538 1367 2740 1417 Petro:
2804 1366 2925 1417 Non
2973 1379 3029 1418 es
3086 1362 3400 1417 hominibus
3449 1365 3669 1431 mentitus,
3702 1366 3752 1417 sai

2255 1452 2360 1506 Deo
2415 1453 2553 1518 (Act.
2612 1469 2670 1518 v,
2703 1452 2777 1522 4).
2837 1453 2983 1525 Ergo
3043 1451 3143 1523 qui
3200 1468 3264 1507 se
3292 1452 3363 1507 ab
3398 1451 3482 1507 his
3531 1453 3751 1507 custodierit

2257 1539 2526 1594 maculis.

2331 1649 2358 1677 ‹‹
2391 1628 2491 1683 Hic
2524 1627 2766 1700 accipiet
2795 1629 3260 1685 benedictionem
3291 1647 3325 1685 a
3360 1630 3597 1697 Domino;
3639 1630 3748 1685 etni-

2256 1716 2580 1772 secordiam
2612 1735 2645 1772 a
2670 1719 2782 1772 Deo
2815 1717 3057 1773 salutari
3101 1735 3230 1775 suo.
3268 1741 3295 1767 »
3328 1725 3371 1772 Α
3398 1719 3595 1775 Christo
3632 1718 3751 1788 aquati

2255 1805 2432 1873 Patri,
2466 1807 2636 1877 cujus
2669 1811 2853 1861 morte
2882 1806 3141 1863 salvatus
3189 1812 3297 1863 est.
3353 1808 3442 1864 Vel
3486 1807 3642 1863 aliter:
3665 1806 3751 1859 «llic

2255 1895 2499 1967 accipiet
2528 1896 2991 1951 benedictionem
3021 1914 3054 1952 a
3077 1897 3347 1953 Domino.
3369 1919 3396 1947 »
3430 1899 3498 1954 De
3524 1898 3614 1953 isto
3637 1913 3755 1968 supra.

2253 1984 2406 2039 dicto
2454 1984 2771 2049 dicitzoui
2800 2002 2914 2040 non
2957 1987 3122 2055 jurat
3168 1985 3228 2040 in
3277 1985 3403 2041 dolo
3448 1986 3655 2058 proximo
3685 1999 3757 2046 suo,

2253 2072 2498 2144 accipiet
2526 2074 2995 2129 benedictionem
3027 2091 3061 2130 a
3082 2075 3349 2146 Domino,
3378 2075 3582 2146 quando
3597 2072 3757 2128 dicturus

2256 2163 2398 2218 erit:
2450 2164 2654 2230 Venite,
2682 2162 2952 2219 benedicti
2979 2166 3173 2218 Patris
3201 2165 3332 2230 mei,
3359 2165 3590 2235 percipite
3602 2170 3758 2233 paratus

2256 2252 2403 2307 vobis
2434 2269 2662 2323 regnum
2691 2268 2724 2307 a
2752 2254 3136 2308 constitutione
3163 2255 3366 2309 mundi
3391 2253 3571 2325 (Matth.
3590 2268 3678 2316 xxv,

2261 2365 2281 2390 α
2347 2343 2413 2397 Et
2456 2342 2915 2398 misericordiam
2969 2360 3003 2398 a
3056 2344 3174 2400 Deo
3224 2344 3461 2400 salutari
3507 2359 3606 2398 suo.
3652 2363 3666 2388 ι
3704 2337 3758 2390 Hi-

2255 2432 2627 2487 sericordiam
2671 2448 2704 2487 a
2750 2432 2866 2488 Deo
2910 2434 3311 2505 consequitur,
3340 2434 3435 2506 qui
3464 2450 3519 2489 se
3543 2436 3665 2505 putat
3690 2442 3758 2483 esse

2257 2522 2562 2576 miserum.
3239 2572 3248 2580 .

2327 2615 2513 2665 «Haec
2562 2616 2649 2667 est
2704 2613 3002 2684 generatio
3054 2613 3440 2685 quaerentium
3488 2610 3757 2668 Dominum:

2253 2700 2531 2770 Superius
2570 2700 2949 2773 singulariter
2978 2701 3162 2757 dixit:
3225 2725 3252 2752 ‹‹
3299 2703 3399 2757 Hic
3444 2700 3640 2772 accipiet
3660 2697 3757 2749 bene.-

2255 2788 2565 2843 dictionem
2600 2806 2612 2844 :
2661 2790 2833 2846 modo
2865 2789 3190 2860 pluraliter,
3235 2792 3372 2864 quia
3398 2788 3615 2846 Ecclesia
3634 2782 3762 2854 expln-
3824 2792 3825 2864 ί

2255 2876 2418 2933 ribus
2440 2877 2706 2948 personis
2736 2884 3126 2952 congregatur
3153 2898 3165 2935 :
3201 2886 3259 2937 et
3289 2885 3475 2937 tamen
3505 2894 3597 2933 una
3620 2873 3759 2928 dicitur.

2255 2971 2492 3037 propter
2521 2967 2803 3022 unitatem
2836 2968 2990 3022 fidei.
3023 2968 3335 3025 Generatio
3367 2971 3494 3035 hinc,
3526 2967 3570 3021 id
3601 2968 3677 3028 est,
3708 2976 3760 3030 PO'
3824 2962 3825 2975 “

2255 3053 2432 3125 pulus
2486 3054 2974 3121 Christianorum,
3009 3072 3137 3127 quae
3182 3057 3241 3112 in
3272 3058 3512 3113 tenebris
3530 3056 3761 3125 jacens,ve-

2255 3159 2385 3197 rum
2423 3144 2730 3199 Dominum
2761 3143 3243 3218 Salvatoremque
3276 3144 3538 3217 quaesivit.

2324 3256 2352 3283 «
2386 3233 2825 3304 Requirentium
2871 3233 3075 3289 faciem
3108 3235 3216 3291 Dei
3245 3236 3435 3291 Jacob.
3470 3256 3493 3282 »
3535 3232 3583 3287 ld
3610 3233 3685 3292 est
3706 3238 3759 3294 P°'

2252 3321 2426 3392 pulus
2457 3321 2820 3377 Christianus
2852 3323 3096 3394 requirit
3129 3325 3338 3380 faciem
3372 3323 3461 3380 Dei
3489 3319 3648 3378 Jacob.
3671 3311 3759 3369 [inde

2252 3409 2472 3465 dictum
2520 3414 2644 3465 est:
2696 3412 2872 3482 Major
2921 3413 3119 3466 serviet
3170 3414 3377 3469 minori
3419 3402 3759 3482 (Geminum:

2251 3498 2389 3569 (ἰυίᾶ
2445 3498 2734 3570 posterius
2784 3504 2918 3554 nato
2969 3499 3295 3571 primatum
3344 3500 3519 3557 dedit.
3566 3487 3761 3551 Intemdii

2248 3587 2580 3656 diapsalma,
2615 3592 2679 3642 ut
2729 3588 3003 3643 immutet
3052 3606 3384 3660 personam.
3436 3590 3546 3660 Ipse
3570 3578 3759 3640 enimDu

2250 3676 2446 3731 minus
2477 3693 2632 3730 nunc
2682 3675 2940 3731 ccelestia
2987 3693 3171 3749 regna
3228 3683 3503 3752 repetens,
3545 3668 3759 3729 nuntiatur.

2247 3765 2609 3821 Ascendente
2645 3781 2781 3837 ergo
2811 3782 2945 3820 cum
2978 3766 3225 3839 angelis,
3261 3767 3317 3822 hi
3366 3767 3457 3839 qui
3488 3756 3762 3838 praecedamni

2247 3854 2367 3909 sive
2417 3855 2867 3923 comitabantur,
2901 3854 3031 3909 aliis
3060 3872 3270 3912 eorum
3313 3854 3631 3929 principibus
3652 3840 3760 3901 actia:

2248 3945 2509 3999 mabant.

2318 4056 2344 4082 ‹‹
2378 4032 2604 4103 Tollite,
2645 4037 2862 4104 portas,
2924 4033 3242 4107 principes,
3303 4039 3544 4091 vestras:
3582 4031 3625 4084 et
3649 4022 3757 4079 elei?“

2245 4122 2409 4187 mini,
2445 4126 2619 4197 portae
2652 4120 2969 4177 mternales.
3009 4145 3035 4171 »
3072 4124 3189 4179 Hoc
3220 4128 3329 4197 est,
3360 4125 3583 4179 reserate
3598 4112 3760 4197 colest?!

2244 4210 2436 4264 aditus
2459 4194 2488 4264 ε’ζ
2506 4214 2697 4282 pateat
2721 4211 2918 4265 aeterni
2930 4210 3066 4266 tatis
3097 4194 3421 4285 ingressus.
3451 4209 3558 4279 Vel,
3586 4229 3605 4255 κ
3633 4194 3757 4257 ΤοΙΙὶῐε

2242 4304 2462 4371 portas,
2497 4299 2810 4371 principes,
2844 4304 3090 4367 vestras,
3128 4323 3158 4351 »
3188 4319 3297 4356 vox
3326 4299 3627 4373 angelorum
3650 4291 3759 4373 b0?“

2244 4370 2429 4462 rum',
2479 4388 2550 4441 ad
2607 4386 2843 4459 angelos
2898 4387 3121 4443 malos:
3175 4370 3429 4462 quorum
3453 4387 3668 4459 princeps
3688 4370 3758 4426 dia-

2239 4476 2409 4532 bolus
2438 4482 2544 4531 est.
2578 4498 2605 4525 «
2657 4479 2881 4545 Portas,
2934 4476 3253 4549 principes,
3302 4482 3529 4539 vestras,
3561 4495 3579 4520 ι
3626 4466 3666 4522 id
3699 4462 3759 4513 θείη

482 4579 587 4634 pro
648 4564 769 4620 alta
816 4566 1085 4636 justitia:
1148 4573 1211 4622 ut
1266 4549 1441 4623 illud:
1507 4570 1663 4639 Vade,
1723 4570 1890 4625 vende
1944 4574 2129 4627 omnia
2160 4587 2208 4651 D
2239 4565 2620 4637 cupiditatem
2652 4569 2709 4619 et
2750 4564 3043 4619 ῖίῐηοτθω-
3078 4566 3232 4623 Bene
3263 4564 3544 4638 coniunx“
3567 4549 3758 4651 tulit“:

481 4668 607 4722 quae
634 4652 820 4723 habes,
851 4666 901 4710 et
957 4657 1025 4711 da
1071 4659 1431 4729 pauperibus:
1482 4662 1531 4712 et
1561 4659 1783 4712 habebis
1815 4660 2130 4716 thesaurum
2160 4644 2200 4651 ”
2238 4659 2355 4709 tem
2387 4658 2442 4709 et
2462 4653 2731 4708 timorem
2762 4669 2773 4708 :
2811 4654 2950 4724 quia
3000 4655 3339 4727 quicunque
3369 4671 3465 4726 per
3490 4644 3756 4729 cupiditattﬂt

480 4744 537 4795 in
568 4744 716 4797 cretis
745 4743 894 4814 (Luc.
931 4764 1088 4814 xvm,
1136 4748 1230 4816 22)
1283 4770 1307 4795 ‹‹
1353 4752 1470 4801 Aut
1500 4746 1632 4817 quis
1665 4748 1847 4802 stabit
1893 4749 1953 4802 in
2001 4748 2127 4807 loco

477 4836 677 4885 sancto
708 4833 881 4902 ejus?
915 4858 935 4882 ι»
992 4835 1178 4907 Super
1236 4836 1583 4890 altissimam
1617 4835 1914 4903 justitiam
1955 4838 2119 4907 ejus:

474 4934 539 4973 ac
567 4920 615 4974 si
649 4921 823 4993 dicat,
857 4923 986 4993 quis
1035 4924 1475 4996 perseverabit?
1516 4923 1654 4995 quia
1686 4923 1854 4979 multi
1883 4926 2120 4981 descen-

473 5007 640 5075 dunt,
675 5014 731 5063 et
761 5027 877 5066 non
908 5019 1297 5085 perseverant.

544 5117 572 5145 ‹‹
614 5096 899 5155 Innocens
941 5102 1214 5158 manibus
1259 5108 1315 5158 et
1364 5102 1584 5156 mundo
1631 5101 1880 5156 corde.»
1931 5102 2116 5160 Purus

468 5182 770 5256 inepere:
833 5190 972 5259 quia
1026 5208 1127 5262 per
1186 5208 1415 5262 manus,
1448 5206 1625 5261 opera
1672 5188 2110 5262 intelliguntur:

531 5336 552 5415 ξ
595 5334 1012 5415 ῌίθιιοηγῐῃυω
1045 5341 1394 5413 Origeniano
1425 5340 1604 5415 errori
1655 5341 1725 5394 de
1756 5343 1974 5415 sanctis
2006 5343 2110 5400 ho-

464 5408 746 5483 minibus,
782 5408 1039 5483 quivere
1071 5408 1279 5467 natura
1310 5413 1496 5483 angeli
1518 5416 1732 5473 essent,
1766 5413 2106 5483 adhaasisse,

460 5494 528 5557 ex
560 5478 668 5557 hoc
697 5478 910 5550 psalmi
942 5486 1363 5557 commentario
1392 5478 1803 5557 Genebrardus
1826 5478 2106 5557 suspica¥

458 5553 576 5604 tur.
610 5548 795 5615 Quam
826 5548 960 5609 vero
994 5558 1066 5610 ab
1100 5556 1207 5611 boc
1240 5573 1431 5611 errore
1463 5558 1519 5609 S.
1557 5555 1757 5608 doctor
1787 5548 2104 5613 abhorrue-

457 5621 554 5691 rit,
615 5623 881 5679 evincent
937 5642 1029 5698 ep.
1081 5629 1152 5682 ad
1211 5629 1426 5697 Evang.
1460 5628 1531 5680 de
1586 5624 2104 5686 Melchisedech'in

2239 4747 2569 4815 congregat,
2618 4759 2720 4813 per
2764 4724 3035 4798 timorem
3067 4748 3123 4799 et
3178 4724 3453 4799 malitiam
3495 4730 3703 4793 custodit.
3723 4724 3756 4772 0i

2238 4814 2628 4903 noniperdat:
2688 4836 2745 4885 et
2794 4833 2890 4902 qui
2947 4831 3242 4897 timorem,
3275 4837 3332 4889 et
3356 4827 3691 4902 cupiditatem.
3715 4814 3755 4903 fi

2233 4898 2515 4975 malitiam
2562 4919 2754 4987 habet,
2789 4898 3062 4990 spiritum
3095 4898 3505 4993 malignum—de
3527 4929 3579 4970 se
3604 4898 3756 4993 ηοβάῗ
3824 4960 3825 4975 ξ

2222 5009 2371 5079 jicit.
2428 5031 2454 5058 ‹‹
2490 5008 2557 5064 Et
2595 4985 2920 5075 elevamini,
2980 5013 3159 5079 portae
3216 4985 3517 5073 ze'ternales,
3570 4985 3754 5079 itide-51
3824 5002 3825 5077 ξ

2227 5077 2372 5153 tides
2390 5101 2445 5153 et
2465 5097 2737 5152 charitas.
2761 5077 3081 5153 IEternales
3102 5098 3396 5165 dicuntur,
3418 5093 3540 5167 quia
3563 5077 3753 5167 abiit?“

2228 5204 2413 5259 usque
2472 5187 2543 5241 ad
2590 5185 2887 5241 Christum
2946 5186 3006 5240 in
3065 5186 3186 5243 imo
3234 5163 3557 5259 jacuerunt:
3598 5176 3643 5228 et
3675 5163 3753 5219 ἱὸεο

2224 5351 2423 5403 nostra
2454 5362 2672 5402 recens.
2703 5346 2776 5419 73
2806 5350 2865 5401 et
2912 5347 3005 5400 121
3062 5346 3133 5402 ad
3166 5347 3371 5419 iAlgas.
3417 5340 3593 5419 (ιυφεῑν
3624 5325 3748 5419 ίρξξξξ

2222 5420 2369 5483 Quin
2438 5416 2763 5473 econtrario
2816 5434 3028 5471 novum
3091 5404 3295 5473 exinde
3352 5404 3749 5484 excinderent?

2222 5475 2480 5570 mentum
2506 5491 2640 5570 licet
2661 5494 2862 5570 contra
2892 5488 3139 5570 hujusce
3164 5489 3354 5570 operis
3381 5475 3743 5559 germanitatetn.

2216 5562 2344 5616 Vid.
2379 5579 2505 5633 quae
2537 5560 2595 5614 in
2625 5576 2752 5630 cap.
2787 5577 2804 5613 I
2835 5560 3026 5631 Aggzei
3062 5560 3474 5617 adnotavimus.
