3964 6190
195 350 299 408 941

1364 344 1864 407 BREVlAltlUM
1907 345 1987 405 IN
2032 342 2415 407 PSALMOS.

3469 353 3589 412 942

191 478 389 536 elevari
435 476 732 532 dicuntur.
765 477 829 531 Et
874 476 1125 531 introibit
1180 491 1279 531 rea:
1322 477 1532 547 gloria,
1581 477 1690 532 hoc
1739 480 1828 532 est
1857 478 1911 543 Α
1939 476 2148 531 valere.
2184 478 2365 533 Porta:
2416 476 2718 533 mternales
2765 494 2913 549 quas
2965 479 3106 534 dicit
3152 481 3386 553 elevari,
3420 482 3585 553 ﬁdes,

192 568 473 633 Christus,
507 565 646 637 quia
694 582 797 636 per
845 566 1017 620 ﬁdem
1068 569 1123 619 et
1174 565 1516 620 charitatem
1572 565 1832 620 introivit

192 656 451 713 Christus
508 653 567 708 in
627 652 969 708 Ecclesiam.
1036 673 1058 701 κ
1110 654 1178 707 Et
1236 653 1500 708 introibit
1554 671 1652 708 rex
1708 654 1830 726 glo-

194 746 304 810 riae,
336 766 363 793 »
419 742 688 797 Christus
719 741 1004 796 Dominus
1056 741 1358 797 immensae
1406 741 1690 797 claritatis
1738 759 1831 798 re-

191 834 378 889 tinens
429 847 695 903 regnum.
730 829 798 883 Hi
849 846 1080 901 quoque
1114 831 1345 886 attoniti
1377 835 1434 886 et
1463 831 1675 887 mentis
1706 835 1829 887 stu-

191 936 323 994 pore
352 918 608 992 perculsi
658 918 859 973 dicunt
889 935 903 972 :

261 1034 287 1059 «
316 1009 456 1073 Quis
487 1012 576 1063 est
607 1007 716 1063 iste
746 1023 846 1061 rex
877 1005 1073 1078 gloriae
1095 1007 1125 1062 ?
1156 1030 1184 1056 ››
1237 1008 1354 1063 Vox
1397 1009 1684 1077 majorum
1717 1009 1830 1063 dae-

188 1115 449 1154 monum.
483 1104 564 1151 Ac
594 1096 645 1151 si
688 1096 950 1151 dicerent
984 1110 996 1150 :
1051 1096 1169 1152 Nos
1200 1102 1464 1152 nostrum
1497 1113 1690 1169 regem
1724 1097 1832 1152 ha-

189 1189 393 1243 bemus
416 1184 718 1241 diabolum
743 1203 757 1252 ;
790 1184 902 1239 iste
934 1201 1033 1239 rex
1061 1184 1255 1257 gloriae
1287 1186 1420 1257 quis
1449 1186 1583 1242 est?
1614 1209 1642 1236 «
1668 1186 1829 1254 Quis,

187 1276 402 1347 inquit,
435 1279 492 1330 et
522 1275 633 1330 iste
662 1290 762 1329 rex
792 1273 988 1346 gloriae
1010 1274 1036 1327 ‘.’
1070 1299 1091 1327 υ
1150 1275 1481 1346 Respondet
1508 1275 1609 1346 qui
1639 1275 1831 1347 loqui-

188 1371 331 1420 tur:
387 1384 414 1417 α
442 1363 726 1419 Dominus
781 1363 953 1418 fortis
1000 1367 1060 1418 et
1109 1369 1333 1435 pot-ns.
1370 1386 1396 1412 n
1448 1364 1567 1419 Vox
1596 1365 1830 1435 angelo-

188 1471 321 1510 rum
380 1455 690 1509 bonorum.
734 1452 926 1507 Fortis
984 1456 1094 1517 est,
1154 1452 1254 1523 qui
1311 1452 1570 1523 alligavit
1622 1453 1830 1507 fortem

184 1542 508 1615 principem
564 1544 825 1596 vestrum
887 1541 1085 1612 (Marc.
1143 1557 1227 1609 ιιι,
1268 1541 1382 1610 27).
1442 1542 1635 1607 Fortis,
1695 1558 1829 1597 cum

183 1630 445 1702 suscepit
489 1635 778 1698 mortem;
822 1633 1035 1700 potens,
1069 1645 1204 1684 cum
1252 1629 1391 1683 vicit
1418 1629 1735 1684 infernum.
1770 1637 1833 1686 In

183 1721 403 1792 praelia,
427 1735 582 1786 cum,
614 1718 864 1790 spoliato
894 1720 1157 1786 Tartaro,
1194 1717 1425 1775 reduxit
1453 1735 1650 1773 secum
1684 1718 1831 1774 mul-

183 1809 499 1864 titudinem
529 1808 912 1879 captivorum.
943 1806 1169 1862 Clamat
1197 1806 1421 1875 iterato,
1452 1811 1510 1863 et
1539 1807 1681 1863 dicit
1714 1826 1727 1863 :

260 1920 283 1947 α
316 1896 522 1953 Tollite
551 1901 772 1969 portas,
806 1895 1119 1968 principes,
1147 1901 1392 1964 vestras,
1416 1902 1472 1952 et
1500 1896 1827 1966 elevamini,

177 1991 363 2059 portae
392 1985 715 2042 eternales.
748 2007 775 2034 ››
808 1984 1118 2040 Eleventur
1141 1985 1401 2041 aethereaa
1424 1987 1622 2057 janum
1652 2005 1665 2042 :
1700 2004 1831 2059 ape-

178 2076 412 2131 riantur
441 2080 791 2131 teternarum
821 2075 1032 2130 aedium
1060 2074 1257 2129 valvae.
1298 2096 1324 2127 υ
1345 2079 1412 2130 Et
1441 2075 1706 2131 introibit
1734 2093 1832 2132 rex

177 2165 405 2236 gloriae.
433 2187 462 2215 »
492 2164 640 2228 Quia
667 2181 782 2219 non
806 2163 998 2219 solum
1030 2168 1163 2235 post
1191 2165 1695 2233 resurrectionem,
1719 2166 1828 2220 im-

174 2270 454 2309 mensam
499 2252 760 2325 possedit
806 2251 1133 2307 claritatem
1168 2270 1182 2307 :
1231 2268 1432 2308 verum
1465 2256 1638 2308 etiam
1672 2258 1728 2308 et
1754 2252 1831 2307 i1-

170 2342 303 2399 lam
340 2358 520 2414 quam
552 2341 834 2413 aequalem
865 2357 998 2396 cum
1033 2341 1198 2396 Patre
1237 2341 1444 2397 habuit
1486 2342 1830 2414 priusquam

160 2432 348 2487 ﬁeret
395 2432 675 2486 mundus.
731 2431 1053 2486 Adorantes
1098 2431 1281 2503 igitur
1325 2431 1385 2486 hi
1429 2436 1604 2487 tanta:
1634 2431 1830 2504 gloria:

168 2522 421 2577 unicam
456 2519 930 2593 singularemque
957 2521 1298 2591 potentiam,
1331 2521 1499 2576 aiunt
1529 2536 1542 2575 :

248 2634 280 2661 ‹‹
314 2609 457 2672 Quis
485 2613 575 2665 est
603 2609 716 2665 iste
744 2626 843 2665 rex
882 2607 1078 2682 gloriae
1098 2609 1127 2663 ‘2
1158 2634 1180 2661 ι
1237 2610 1641 2681 Respondetur
1688 2609 1780 2665 his
1813 2627 1825 2661 :

156 2724 186 2751 α
225 2699 520 2755 Dominus
539 2700 827 2755 virtutum
850 2698 974 2770 ipse
996 2703 1085 2755 est
1108 2716 1203 2754 rex
1224 2698 1443 2770 gloriae.
1464 2722 1490 2749 »
1521 2698 1832 2755 Pluraliter

152 2789 266 2844 hic
302 2790 596 2855 virtutum,
629 2788 893 2844 Christus
927 2787 1277 2860 intelligitur
1308 2805 1320 2842 :
1357 2790 1496 2860 quia
1524 2805 1702 2859 super
1732 2804 1829 2845 no-

156 2894 303 2935 vem
341 2877 584 2932 virtutes
624 2876 903 2931 ccelorum
954 2877 1135 2932 sedet.
1168 2876 1270 2932 Vel
1322 2880 1592 2933 virtutum
1639 2877 1780 2933 dicit
1813 2894 1825 2931 :

155 2966 322 3038 quia
352 2982 528 3037 super
566 2982 772 3022 omnes
819 2966 1064 3020 virtutes
1113 2966 1350 3032 diaboli,
1387 2968 1669 3022 Dominus
1717 2971 1827 3023 est.

148 3055 272 3112 Vel
298 3057 578 3111 virtutum
605 3055 822 3110 dicitur
846 3072 859 3110 :
893 3055 1034 3125 quia
1063 3054 1334 3110 diabolus
1363 3073 1566 3111 novem
1596 3056 1830 3111 ordines

148 3144 522 3217 angelorum
554 3144 666 3200 sub
691 3161 800 3200 sua
828 3144 1036 3200 habuit
1056 3144 1474 3212 dominatione,
1500 3148 1619 3200 sive
1647 3146 1827 3200 bonos

1859 1843 1907 1907 B

1941 565 2215 635 charitas,
2239 570 2294 621 et
2325 566 2564 621 castitas
2594 571 2701 633 est,
2732 568 2870 638 quia
2902 584 3004 638 per
3033 567 3139 623 has
3169 573 3287 624 tres
3318 570 3585 627 Christus

1940 654 2254 709 Ecclesiam
2316 654 2661 726 ingreditur.
2725 655 2931 723 «,Quis
2986 661 3074 711 est
3130 656 3240 711 iste
3298 674 3396 713 rex
3460 660 3585 732 glo-

1940 742 2089 797 riae?
2119 766 2145 791 n
2198 748 2469 798 Humana
2521 744 2804 809 fragilitas
2854 744 3154 815 respondit
3186 762 3199 799 :
3262 766 3289 797 α
3317 747 3458 809 Quis
3497 754 3585 804 est

1940 831 2098 887 iste?
2153 838 2231 887 Ac
2262 832 2310 887 si
2341 830 2580 887 dicant:
2635 832 2749 888 Iste
2796 839 2884 887 est
2923 849 3095 905 quem
3137 850 3243 889 nos
3295 835 3583 889 cruciﬁxi-

1942 936 2097 987 mus,
2127 925 2184 976 et
2212 921 2759 992 improperavimus,
2794 939 2859 977 ac
2891 939 2993 993 pro
3025 921 3209 977 nihilo
3240 922 3579 979 habuimus.

1941 1008 2358 1079 Respondent:
2413 1033 2440 1059 ‹‹
2475 1010 2754 1077 Dominus
2798 1009 3101 1077 virtutum,
3138 1034 3165 1061 ››
3214 1011 3272 1065 id
3326 1017 3435 1083 est,
3482 1011 3583 1082 qui

1939 1104 2208 1152 mortuus
2240 1102 2327 1153 est
2358 1099 2428 1153 ad
2462 1103 2694 1170 tempus
2725 1116 2794 1153 ex
2822 1098 3164 1156 infirmitate
3193 1101 3383 1155 carnis
3418 1117 3431 1154 :
3482 1102 3583 1156 sed

1940 1201 2095 1240 nunc
2125 1187 2263 1240 vivit
2292 1203 2360 1241 ex
2390 1187 2602 1241 virtute
2633 1187 2732 1242 Dei
2774 1190 2847 1255 (II
2871 1191 2993 1245 Cor.
3029 1205 3153 1255 xm,
3190 1190 3265 1260 4).
3321 1189 3423 1245 Vel
3469 1190 3583 1244 vir-

1939 1279 2036 1329 tus
2069 1275 2197 1344 fuit,
2231 1276 2464 1346 quando
2496 1275 2640 1330 dixit
2668 1275 2942 1331 Thomas:
2976 1279 3130 1348 Infer
3156 1278 3397 1347 digitum
3423 1284 3586 1333 tuum

1940 1364 2004 1418 in
2034 1365 2213 1418 locum
2241 1365 2539 1432 clavorum,
2574 1369 2624 1420 et
2652 1368 2812 1420 mitte
2854 1383 3081 1421 manum
3132 1372 3285 1422 tuam
3331 1370 3395 1422 in
3444 1368 3586 1424 latus

1938 1469 2143 1520 meum,
2198 1457 2249 1507 et
2302 1454 2420 1508 noli
2474 1469 2586 1508 esse
2636 1455 2975 1521 incredulus,
3022 1456 3117 1509 sed
3170 1455 3348 1525 ﬁdelis
3406 1458 3583 1525 (Joan.

1939 1558 2035 1607 xx,
2074 1542 2187 1611 27).
2248 1542 2509 1597 Dominus
2566 1545 2829 1597 virtutum
2886 1543 3120 1611 dicitur,
3173 1543 3325 1599 sicut
3368 1544 3585 1600 Paulus
3659 1584 3669 1593 .

1939 1629 2064 1685 ait:
2120 1632 2254 1700 Quis
2299 1646 2401 1685 nos
2445 1631 2719 1702 separabit
2772 1648 2807 1685 α
2860 1631 3137 1687 charitate
3186 1632 3407 1687 Christi.
3463 1635 3582 1688 Tri-

1941 1718 2168 1788 bulatio,
2201 1736 2274 1774 an
2307 1722 2583 1791 angustia,
2614 1737 2689 1777 an
2713 1723 3037 1790 persecutio,
3067 1725 3125 1776 et
3155 1720 3380 1793 reliqua
3407 1722 3581 1792 (Rom.

1938 1823 2061 1875 vm,
2108 1810 2219 1879 35).
2273 1811 2463 1865 Item:
2517 1832 2546 1861 (ι
2578 1809 2783 1865 Tollite
2842 1814 3059 1881 portas,
3119 1809 3434 1882 principes,
3484 1827 3585 1867 ves

1942 1902 2115 1953 stras.
2139 1920 2167 1949 »
2200 1897 2323 1953 Vox
2350 1898 2717 1971 angelorum,
2750 1898 2849 1969 qui
2880 1915 3016 1954 cum
3046 1898 3275 1955 Christo
3303 1901 3376 1955 ad
3406 1900 3583 1955 infer-

1944 2003 2084 2042 num
2136 1987 2581 2052 descenderunt,
2630 1987 2701 2042 ad
2751 1987 3048 2056 subjectos
3095 1986 3312 2042 diaboli
3358 1987 3583 2042 dicunt.

1942 2075 2273 2132 Ostendunt
2301 2092 2363 2131 se
2394 2075 2719 2147 principem
2752 2073 2989 2130 illorum
3034 2075 3282 2147 ligatum
3325 2076 3536 2130 ducere
3568 2092 3581 2130 :

1943 2188 1969 2215 ‹‹
2002 2164 2213 2221 Tollite
2244 2169 2479 2237 portas;
2511 2187 2540 2217 ››
2594 2165 2733 2236 quia
2764 2164 2958 2220 fractae
2988 2169 3125 2219 sunt
3155 2169 3352 2237 portae,
3385 2165 3441 2219 id
3475 2168 3584 2234 est,

1942 2258 2203 2324 potestas
2233 2253 2467 2308 illorum
2500 2258 2640 2309 tunc
2671 2253 2966 2310 abstracta
2994 2258 3099 2309 est.
3152 2276 3181 2303 ‹ι
3216 2254 3283 2308 Et
3309 2252 3586 2308 elevami-

1942 2343 2022 2411 ni,
2057 2348 2234 2415 portae
2280 2342 2604 2398 aeternales.
2638 2364 2663 2394 ι
2719 2343 2785 2396 Et
2822 2346 2962 2399 tunc
2993 2342 3221 2398 elevata:
3253 2346 3392 2397 sunt
3421 2346 3586 2397 aiter-

1943 2431 2126 2499 nales,
2162 2432 2218 2487 id
2276 2435 2364 2487 est
2410 2431 2618 2487 animae
2651 2435 2988 2486 sanctorum
3022 2431 3095 2486 de
3122 2430 3371 2486 inferno.
3404 2431 3586 2487 [Eter-

1943 2519 2103 2575 nales
2156 2521 2451 2593 dicuntur,
2485 2520 2624 2592 quia
2653 2536 2885 2591 semper
2916 2519 3043 2576 sine
3072 2522 3187 2575 tine
3217 2520 3371 2592 apud
3404 2521 3586 2576 Deum

1940 2609 2239 2683 regnaturi
2284 2615 2444 2666 sunt.
2501 2633 2527 2658 «
2560 2608 2846 2664 Dominus
2876 2609 3181 2679 virtutum,
3216 2610 3340 2679 ipse
3370 2614 3461 2665 est
3488 2626 3588 2667 rex

1939 2699 2153 2771 gloriae.
2205 2704 2315 2755 Pro
2365 2701 2589 2755 Domino
2637 2702 2926 2765 virtutum,
2969 2698 3026 2753 in
3082 2698 3321 2753 Hebraeo
3371 2697 3587 2770 legitur

1939 2789 2201 2845 Dominus
2248 2789 2504 2853 Sabaoth,
2553 2790 2706 2859 quod
2760 2788 2817 2842 in
2864 2787 2976 2842 alio
3024 2786 3150 2843 loco
3202 2787 3586 2857 Septuaginta

1941 2880 2288 2950 Interpretes
2363 2880 2787 2948 omnipotentem
2860 2875 3311 2933 transtulerunt.
3380 2875 3583 2944 Merito

1945 2967 2220 3021 virtutum
2242 2966 2547 3032 Dominus,
2575 2965 2677 3038 qui
2709 2982 2810 3036 pro
2834 2965 3004 3020 nobis
3034 2964 3209 3020 homo
3236 2964 3425 3019 factus
3455 2968 3545 3018 est
3569 2980 3582 3018 :

1942 3055 2112 3110 morti
2146 3055 2417 3120 traditus,
2450 3053 2837 3110 infernalibus
2867 3059 2955 3109 est
2983 3053 3239 3109 tenebris
3271 3052 3538 3109 addictus
3568 3068 3581 3107 :

1941 3145 2095 3216 quod
2150 3143 2466 3199 clementer
2511 3143 2792 3215 suscepit,
2826 3142 3113 3215 patienter
3142 3140 3430 3209 toleravit,
3464 3142 3584 3197 for-

145 3211 295 3289 siv'e
333 3232 541 3289 malos.
580 3255 601 3281 ι
635 3231 844 3288 Tollite
875 3237 1095 3305 portas.
1131 3254 1160 3282 »
1202 3232 1325 3288 Vox
1357 3211 1699 3301 angelorum
1732 3234 1828 3288 bo-
1859 3211 1901 3277 C
1941 3211 2076 3288 titcr
2139 3231 2297 3299 vicit,
2357 3211 2704 3287 mirabiliter
2759 3211 3207 3287 consummavit.
3278 3232 3384 3296 Qui
3452 3247 3587 3285 cum

150 3338 417 3379 norum.
440 3321 542 3377 Vel
573 3338 680 3377 vox
700 3322 1006 3378 Dominica
1034 3322 1105 3378 ad
1135 3322 1374 3394 angelos
1406 3324 1607 3378 bonos.
1646 3344 1673 3373 α
1699 3321 1829 3377 Tol-

140 3411 270 3469 lite
308 3414 530 3483 portas,
562 3432 588 3459 n
621 3410 730 3466 hoc
759 3414 868 3480 est,
901 3411 1039 3482 quia
1071 3412 1304 3482 quando
1334 3411 1517 3467 Adam
1548 3411 1826 3484 peccavit,

143 3504 363 3575 porta:
391 3498 644 3571 paradisi
679 3498 890 3554 clausae
932 3500 1170 3556 fuerunt
1202 3519 1215 3556 :
1272 3505 1330 3557 et
1375 3502 1510 3557 data
1552 3506 1643 3558 est
1673 3518 1827 3558 rom-

138 3590 348 3662 phaea
400 3588 571 3660 ignea
619 3587 825 3660 angelo
873 3588 1203 3661 Seraphim,
1238 3594 1303 3644 ut
1349 3606 1483 3646 eum
1534 3590 1830 3646 custodire

144 3679 420 3734 deberet
448 3678 602 3750 (Gen.
640 3695 723 3746 III,
754 3677 863 3749 24).
922 3678 1034 3733 Sed
1084 3682 1393 3751 postquam
1433 3680 1702 3735 Christus
1730 3696 1831 3735 ve-

143 3768 255 3822 nit
316 3766 381 3821 in
433 3766 742 3832 mundum,
777 3769 837 3820 et
877 3765 1119 3821 luctavit
1154 3783 1288 3822 cum
1320 3767 1571 3835 diabolo,
1604 3768 1833 3838 aperuit

140 3856 501 3925 infernum,
535 3860 594 3910 et
620 3854 850 3911 animas
881 3861 1219 3911 sanctorum
1252 3872 1447 3912 secum
1478 3857 1681 3912 eduxit
1712 3875 1724 3911 :
1774 3861 1833 3913 et

135 3961 315 4001 cum
374 3943 595 4016 angelis
651 3943 822 3999 bonis
880 3944 954 3999 ad
1010 3943 1266 4000 cmlestia
1320 3945 1615 4000 remeavit.
1669 3946 1832 4000 Tunc

135 4037 366 4106 portae
411 4032 689 4104 paradisi,
724 4048 852 4104 qua:
904 4036 1037 4087 ante
1083 4032 1290 4089 clausae
1339 4034 1586 4105 fuerant,
1621 4039 1831 4106 apertae

135 4125 348 4178 sunt.
393 4119 490 4175 Vel
550 4145 569 4168 α
608 4125 786 4193 portae
834 4121 1153 4187 (eternales,
1190 4144 1216 4171 »
1270 4122 1459 4195 angeli
1508 4123 1830 4178 dicuntur:

130 4228 276 4283 per
313 4226 569 4280 quorum
596 4209 944 4279 custodiam,
979 4211 1051 4266 ad
1079 4210 1332 4267 ccelestia
1363 4212 1832 4267 conscendimus.

127 4299 431 4356 Elevatae
481 4299 777 4366 dicuntur,
814 4299 951 4371 quia
998 4303 1170 4355 antea
1221 4317 1422 4357 omnes
1462 4301 1669 4356 animae
1701 4318 1835 4356 san-

124 4395 416 4445 ctorum
447 4388 517 4441 ad
550 4387 845 4443 infernum
892 4388 1338 4444 descendebant.
1373 4389 1481 4443 Sed
1526 4395 1837 4461 postquam

125 4477 459 4535 Christus
492 4477 755 4531 ascendit
785 4493 903 4531 una
934 4493 1067 4532 cum
1102 4494 1339 4549 corpore
1370 4495 1478 4534 suo
1509 4495 1686 4550 super
1717 4495 1838 4534 om-

1938 3322 2150 3377 virtute
2203 3321 2436 3394 propria
2489 3320 2721 3376 calcans
2771 3320 3036 3376 inferos:
3095 3336 3229 3375 cum
3286 3319 3585 3390 triumpho

1939 3410 2169 3466 rediens
2218 3412 2289 3465 ad
2344 3423 2586 3482 superos
2619 3427 2633 3465 :
2688 3426 2818 3465 cum
2862 3409 3048 3482 gloria
3075 3409 3337 3465 ascendit
3367 3408 3437 3463 ad
3474 3425 3585 3463 ca:-

1939 3498 2029 3555 los
2063 3516 2076 3553 :
2127 3501 2289 3555 sedet
2334 3515 2489 3554 nunc
2521 3499 2591 3554 ad
2624 3499 2919 3554 dexteram
2956 3497 3051 3554 Dei
3082 3498 3272 3553 Patris
3312 3497 3586 3569 omnipo-

1938 3588 2134 3660 tentis,
2194 3588 2571 3661 interpellans
2628 3588 2843 3644 nostris
2893 3588 3115 3661 jugiter
3170 3604 3273 3659 pro
3331 3584 3582 3641 delictis.

1940 3683 2147 3733 Amen.

2474 3820 2804 3876 PSALMUS
2856 3819 3048 3875 XXIV.

1942 3929 2198 3983 Psalmus
2223 3926 2416 3983 David.
2438 3926 2767 3982 Vicesimus
2792 3931 3033 3994 quartus
3064 3924 3329 3996 psalmus
3361 3922 3586 3978 media-

2013 4000 2156 4054 toris
2188 3998 2370 4053 nostri
2404 3998 2647 4053 missam
2681 3999 2753 4053 ad
2785 3998 3012 4051 Patrem
3042 3996 3300 4051 continet
3336 4010 3533 4049 vocem
3568 4010 3582 4048 :

2014 4072 2309 4125 interdum
2342 4069 2515 4124 habet
2535 4067 2800 4125 Ecclesiae
2832 4066 3221 4140 supplicantis
3247 4064 3582 4121 clamorem.

2023 4237 2042 4262 ι
2078 4213 2162 4267 Ad
2209 4217 2287 4278 te,
2321 4211 2586 4278 Domine,
2618 4208 2796 4265 levavi
2846 4208 3104 4263 animam
3158 4224 3369 4263 meam.
3400 4227 3427 4259 ι»
3486 4206 3589 4263 Hic

1946 4319 2053 4358 vox
2086 4300 2345 4355 Ecclesiae
2378 4298 2726 4370 intelligitur
2753 4298 2823 4353 ad
2857 4297 3172 4352 Christum.
3200 4297 3398 4351 Levavi
3425 4296 3588 4359 dicit.

1949 4392 2004 4447 id
2038 4395 2144 4458 est,
2176 4387 2430 4445 elevavi:
2466 4388 2564 4458 qui
2600 4386 2764 4459 prius
2793 4386 2852 4440 in
2885 4384 3034 4441 valle
3062 4385 3476 4458 lacrymarum,
3503 4384 3593 4440 vel

1948 4481 2008 4536 in
2038 4480 2157 4534 imo
2181 4477 2414 4547 jacebat
2438 4474 2713 4540 Ecclesia,
2735 4480 3052 4546 antequam
3082 4473 3347 4528 Christus
3375 4472 3595 4528 veniret

121 4583 277 4623 nos
322 4564 571 4620 virtutes
599 4563 899 4631 caelorum,
929 4569 1062 4636 post
1093 4565 1279 4637 angeli
1314 4565 1490 4622 laetati
1519 4572 1680 4633 sunt,
1704 4566 1843 4638 quia
1873 4578 1917 4641 ι)
1947 4569 2007 4623 in
2036 4567 2386 4622 munduum.
2410 4565 2475 4619 In
2502 4564 2641 4636 quid
2666 4562 2959 4619 elevavit?
2984 4562 3101 4618 Hoc
3122 4566 3233 4631 est,
3252 4562 3311 4616 in
3334 4578 3458 4632 spe,
3484 4560 3595 4616 ﬁde

128 4656 428 4712 animas
461 4657 795 4708 sanctorum
828 4654 983 4725 apud
1034 4671 1094 4709 se
1141 4653 1279 4708 illuc
1329 4654 1586 4709 deduxit.
1639 4657 1842 4720 «Quis
1951 4662 2009 4713 et
2055 4656 2355 4721 charitate,
2396 4671 2499 4726 per
2546 4652 3091 4719 sanctificationem,
3145 4650 3284 4723 quia
3332 4648 3595 4704 triticum

122 4750 259 4801 est
305 4743 425 4796 iste
458 4756 556 4797 rex
586 4740 783 4813 gloriae
806 4742 835 4796 ‘?
873 4742 995 4798 Vox
1026 4742 1388 4815 angelorum,
1422 4744 1520 4815 qui
1553 4745 1707 4816 apud
1739 4744 1843 4799 Pa-
1955 4746 2004 4803 si
2030 4746 2089 4799 in
2118 4744 2236 4799 imo
2258 4744 2469 4815 jaceat,
2493 4741 2943 4813 computrescit;
2979 4741 3028 4796 si
3054 4755 3292 4795 sursum
3319 4737 3599 4804 elevatur,

124 4841 341 4889 trem
376 4847 605 4901 semper
636 4833 907 4900 fuerant;
943 4848 1007 4887 ac
1042 4832 1090 4886 si
1122 4831 1380 4887 dicerent
1414 4849 1426 4886 :
1469 4833 1583 4891 Nos
1615 4832 1844 4888 Patrem
1954 4832 2302 4890 custoditur.
2339 4830 2433 4886 Sic
2463 4836 2521 4885 et
2551 4830 2770 4895 anima,
2805 4830 2854 4884 si
2887 4830 2942 4883 in
2979 4832 3347 4900 peccatorum
3402 4829 3599 4897 putre-

121 4928 207 4981 et
257 4917 497 4975 Filium
539 4936 772 4991 semper
821 4919 997 4975 simul
1054 4937 1181 4975 esse
1232 4920 1541 4976 videmus:
1596 4920 1704 4976 iste
1750 4939 1847 4976 rex
1957 4921 2111 4989 dine,
2142 4921 2251 4977 hoc
2302 4925 2413 4989 est,
2454 4919 2503 4975 si
2553 4919 2613 4973 in
2663 4918 2782 4973 imo
2822 4919 3035 4988 jaceat,
3078 4914 3500 4987 computrescit
3544 4918 3602 4970 et

116 5007 394 5087 gloria
426 5007 559 5078 quis
588 5008 724 5063 est?
754 5008 860 5063 Pro
893 5014 1055 5082 parte
1086 5009 1279 5065 carnis
1309 5009 1577 5065 dicebant
1608 5028 1620 5065 :
1654 5033 1682 5059 ‹‹
1711 5010 1846 5065 Tol-
1958 5012 2124 5084 perit.
2158 5010 2304 5065 Nam
2335 5008 2384 5064 si
2419 5024 2657 5063 sursum
2689 5006 2945 5062 elevatur
2975 5006 3035 5059 in
3082 5005 3176 5060 bis
3222 5003 3598 5076 supradictis,

114 5103 281 5157 lite
356 5101 572 5167 portas.
610 5117 637 5143 »
686 5100 807 5151 Vox
855 5097 1149 5169 prophetae
1189 5099 1259 5153 de
1290 5097 1527 5167 Judznis,
1580 5121 1607 5147 «
1640 5097 1849 5154 Tollite
1958 5118 2082 5172 spe,
2113 5099 2226 5154 fide
2257 5103 2313 5153 et
2341 5097 2644 5166 charitate,
2681 5094 3011 5151 custoditur
3049 5112 3082 5149 a
3110 5094 3247 5150 Deo.
3281 5094 3404 5162 Vel,
3462 5113 3483 5141 ι
3518 5091 3603 5145 Ad

112 5192 420 5265 portas,
456 5209 483 5235 ››
516 5185 573 5240 id
605 5191 695 5241 est
724 5187 1082 5259 superbiam,
1117 5192 1174 5245 et
1203 5188 1605 5259 cupiditatem,
1639 5193 1694 5243 et
1723 5206 1850 5243 ava-
1959 5194 2034 5257 te,
2068 5184 2333 5253 Domine,
2366 5185 2543 5241 levavi
2589 5184 2844 5240 animam
2891 5199 3083 5239 meam
3120 5208 3140 5235 η
3203 5199 3305 5256 per
3350 5197 3602 5239 crucem.

110 5277 270 5337 riti
288 5291 399 5329 am
423 5279 442 5328 ἐ
472 5274 610 5347 quia
633 5292 732 5346 per
756 5274 864 5331 has
888 5279 1025 5347 tres,
1051 5277 1245 5332 omnis
1268 5276 1442 5332 homo
1464 5278 1533 5331 ad
1558 5277 1851 5332 internum
1963 5300 1989 5326 «
2025 5277 2176 5331 Deus
2218 5292 2403 5343 meus,
2436 5274 2494 5328 in
2544 5278 2598 5329 te
2645 5273 2893 5343 confido,
2927 5294 2953 5323 »
3008 5272 3272 5329 Ecclesiae
3321 5269 3606 5327 confessio

111 5363 612 5426 descendebat.
638 5362 739 5418 Vcl
762 5363 977 5419 elevate
1010 5370 1227 5437 portas,
1254 5364 1564 5439 principes,
1590 5370 1848 5420 vestras:
1963 5370 2095 5420 est:
2150 5387 2177 5414 «
2216 5365 2275 5418 In
2336 5366 2389 5417 te
2448 5362 2696 5428 conﬁdo,
2733 5383 2760 5409 ››
2822 5378 2934 5416 non
2996 5363 3054 5415 in
3114 5377 3230 5428 me,
3272 5361 3372 5415 sed
3422 5360 3481 5415 in
3531 5364 3606 5414 te.

106 5471 291 5534 pro
345 5468 456 5523 quo
486 5450 547 5505 in
580 5451 817 5506 Hebraeo
852 5452 1107 5522 positum
1150 5461 1237 5509 est
1270 5471 1280 5507 :
1340 5476 1365 5505 α
1400 5458 1621 5518 Levate,
1657 5459 1849 5525 porta},
1966 5477 1991 5501 ‹‹
2030 5453 2153 5507 Non
2187 5452 2552 5516 erubescam,
2586 5473 2613 5499 »
2661 5450 2797 5521 quia
2829 5450 2883 5503 in
2920 5450 3153 5505 homine
3184 5467 3297 5504 non
3332 5448 3559 5503 conﬁdo
3596 5464 3608 5502 :

104 5540 398 5615 capita
446 5546 677 5607 vestra;
714 5562 741 5589 »ι
800 5545 954 5596 recto
1006 5543 1266 5596 ferantur
1296 5543 1517 5597 itinere.
1552 5543 1633 5596 Ad
1669 5544 1853 5615 perl'c-
1967 5542 2037 5596 de
2070 5541 2283 5612 quibus
2314 5540 2538 5593 dictum
2574 5544 2663 5593 est
2696 5556 2707 5591 :
2760 5539 3074 5594 Malcdictus
3124 5540 3284 5592 homo
3329 5539 3425 5607 qui
3465 5552 3615 5607 spem

100 5641 273 5695 ctu
296 5644 371 5682 tn
404 5628 705 5683 munditiae
739 5628 881 5684 dicit
913 5630 1209 5687 hominem
1241 5632 1437 5685 venire
1479 5648 1592 5685 non
1638 5648 1808 5704 posse
1842 5650 1854 5687 :

100 5732 205 5784 et,
262 5732 656 5788 quemquam
707 5716 780 5771 ad
827 5721 1148 5790 perfcctum
1187 5720 1487 5775 munditiae
1517 5720 1712 5775 venire
1741 5737 1859 5776 non

1968 5647 2133 5685 suam
2179 5630 2332 5701 ponit
2386 5630 2440 5682 in
2498 5628 2714 5682 homine
2757 5627 2971 5697 (Jercm.
3020 5644 3156 5692 xvu,
3205 5628 3306 5697 5);
3355 5630 3456 5680 et:
3510 5626 3614 5678 Be-

1975 5720 2223 5774 nedictus
2250 5717 2343 5771 vir
2372 5717 2468 5787 qui
2496 5714 2717 5785 confidit
2748 5717 2807 5769 in
2836 5716 3064 5771 Domino
3105 5714 3276 5787 (Psat.
3312 5728 3507 5777 xxxm,
3537 5709 3614 5779 9).
