3964 6190
496 365 611 422 943

1979 359 2402 420 ΑΡΡΕΝΒΙΧ.

3674 361 3756 419 944

495 494 620 548 Non
679 492 756 546 sit
809 492 1010 546 dilatio
1065 493 1530 558 resurrectionis,
1577 510 1706 564 quae
1754 490 2135 564 cpprobrium
2165 494 2219 558 Α
2258 491 2518 546 Domine.
2545 487 2574 537 ἠ
2632 489 2780 553 Quia
2811 502 3086 558 provocas
3118 489 3431 556 peccatores
3462 486 3522 540 ad
3563 489 3757 556 peniten-

495 587 732 654 generct
759 580 913 635 inter
942 582 1265 637 credentes.

568 713 594 737 ‹‹
628 692 825 758 Neque
856 687 1133 742 irrideant
1157 706 1247 742 me
1277 688 1497 742 inimici
1535 688 1665 742 mei.
1699 712 1717 735 ν
1755 689 1860 750 Qui
1889 704 1980 740 me
2012 687 2142 740 irri-

497 780 694 831 serant
724 775 886 846 prius
920 792 1052 830 cum
1085 775 1334 830 dicerem
1372 794 1384 828 :
1437 778 1663 830 Possum
1699 775 1980 830 destruere
2011 779 2144 828 tem-

493 865 672 935 plum,
706 867 757 916 et
785 864 881 917 hoc
910 865 965 917 in
999 863 1182 919 triduo
1222 864 1562 933 resedi/icere
1611 863 1813 934 (illatth.
1847 881 1999 928 xxvx,
2030 854 2142 930 61).

501 957 686 1022 Neque
713 951 980 1006 irrideant
1024 969 1109 1006 me
1158 953 1386 1007 inimici
1434 955 1581 1013 mei;
1632 953 1690 1006 id
1724 957 1812 1006 est
1841 951 1922 1005 illi
1955 952 2055 1022 qui
2087 951 2145 1003 in

504 1041 738 1095 homine
769 1042 1174 1095 tantummodo
1199 1042 1522 1103 confidunt,
1549 1042 1686 1112 quia
1719 1047 2028 1111 postquam
2055 1039 2147 1092 ille

506 1130 764 1184 defectus
812 1129 1001 1197 fuerit,
1055 1129 1279 1183 inimici
1329 1130 1590 1200 ipsorum
1641 1130 1887 1183 irrident
1939 1129 2040 1183 ei:
2090 1132 2148 1182 et

506 1216 728 1271 inimici
776 1216 1040 1272 Ecclesia
1089 1221 1228 1271 sunt
1276 1219 1588 1282 daemones,
1622 1215 1894 1281 heretici,
1927 1215 2067 1269 vitia
2094 1220 2150 1268 et

507 1308 758 1378 peccata.
811 1330 838 1354 ‹‹
874 1306 1098 1360 Etenim
1151 1306 1404 1360 universi
1461 1306 1558 1376 qui
1617 1312 1673 1360 te
1727 1309 2146 1376 exspectant,»

508 1394 607 1464 qui
640 1398 694 1448 te
725 1393 1034 1459 sustinent,
1070 1411 1182 1448 non
1217 1394 1666 1448 confundentur.
1702 1416 1728 1442 ››
1787 1393 1985 1463 Neque
2032 1392 2146 1461 hic,

506 1498 695 1552 neque
725 1482 784 1536 in
819 1481 1010 1535 futuro
1038 1499 1050 1535 :
1083 1481 1350 1553 apostoli,
1374 1482 1462 1536 vel
1493 1482 1549 1535 hi
1585 1480 1684 1551 qui
1708 1481 1984 1534 credituri
2012 1486 2152 1534 sunt

504 1586 608 1641 per
636 1571 877 1625 verbum
909 1586 1110 1623 eorum
1143 1570 1202 1624 in
1235 1577 1311 1624 te.

575 1717 602 1744 ‹‹
638 1694 1082 1749 Confundantur
1138 1694 1341 1764 iniqua
1397 1697 1634 1765 agentes
1692 1708 2072 1764 supervacue.
2123 1712 2144 1736 ιι

505 1782 796 1853 Propheta
844 1799 958 1836 non
1016 1783 1290 1852 optando,
1340 1783 1440 1837 sed
1503 1781 1904 1853 prophetando
1963 1779 2147 1834 dicit:

506 1870 952 1924 Conl’undantur
971 1869 1028 1923 in
1051 1870 1145 1924 die
1165 1870 1376 1939 judicii
1408 1869 1514 1936 illi,
1540 1869 1640 1940 qui
1673 1885 1859 1941 usque
1890 1868 1948 1922 in
1972 1869 2148 1922 ﬁnem

505 1958 566 2011 in
599 1957 883 2012 malitiam
916 1958 1177 2029 ipsorum
1224 1963 1632 2029 perseverant;
1687 1958 1771 2012 illi
1821 1957 1923 2021 qui
1977 1972 2154 2027 super

504 2051 903 2118 perpetratum
932 2049 989 2101 in
1020 2063 1117 2113 me
1146 2046 1338 2103 scelus
1369 2047 1514 2102 illud
1549 2047 1921 2112 addiderunt,
1962 2050 2027 2100 ut
2074 2044 2150 2100 si-

507 2135 660 2207 gillis
692 2136 988 2191 tumulum
1037 2137 1489 2192 communirent.
1517 2136 1712 2208 Usque
1734 2136 1847 2190 huc
1869 2135 2152 2190 Dominus

508 2226 579 2280 de
627 2225 899 2296 passione
952 2243 1099 2292 sua;
1163 2225 1297 2280 hinc
1354 2243 1462 2281 vox
1519 2226 1778 2281 succedit
1837 2224 2149 2279 Ecclesia}:

507 2329 636 2382 quae
667 2319 799 2385 post
829 2316 1313 2369 resurrectionem
1347 2315 1709 2369 Dominicam
1756 2331 1818 2368 se
1864 2313 2157 2384 supplicat

507 2403 756 2457 edoceri.

579 2530 607 2556 «
640 2507 777 2562 Vias
831 2513 987 2574 tuas,
1025 2509 1282 2575 Domine,
1329 2512 1666 2564 demonstra
1716 2509 1859 2564 mihi
1897 2526 1908 2562 :
1962 2513 2018 2562 et
2067 2525 2156 2562 se-

510 2597 690 2651 mitas
721 2600 852 2650 tuas
882 2597 1057 2652 edoce
1088 2615 1198 2652 me.
1233 2622 1260 2646 ››
1317 2597 1451 2652 illas
1500 2615 1602 2669 per
1648 2615 1795 2668 quas
1839 2599 2066 2652 venitur
2096 2598 2156 2650 in

511 2701 755 2758 regnum
805 2689 996 2756 tuum,
1039 2686 1127 2741 vel
1176 2686 1298 2741 vias
1345 2691 1524 2741 tuas:
1583 2688 1686 2742 hoc
1740 2691 1850 2752 est,
1882 2686 2159 2740 mandata

511 2781 612 2830 tua
637 2792 649 2829 :
683 2779 850 2830 notas
882 2775 992 2844 fac,
1016 2775 1124 2829 hoc
1155 2780 1263 2841 est,
1291 2777 1628 2830 demonstra
1659 2776 1824 2842 mihi,
1854 2798 1880 2823 «
1907 2775 2156 2828 Semitas

511 2869 646 2919 tuas
677 2864 851 2919 edoce
883 2880 994 2917 me.
1030 2885 1058 2911 »
1102 2864 1323 2918 Semita
1352 2867 1545 2918 minor
1574 2869 1661 2918 est
1693 2880 1864 2934 quam
1897 2862 2025 2928 via;
2059 2879 2161 2932 per

516 2951 788 3008 semitam
842 2951 1192 3024 intelligitur
1250 2957 1411 3007 arcta
1467 2958 1522 3008 et
1580 2959 1829 3024 angusta
1876 2952 1989 3018 via,
2034 2967 2158 3021 quae

516 3040 678 3096 ducit
705 3041 777 3096 ad
807 3039 985 3095 vitam
1018 3040 1225 3110 (Matth.
1263 3059 1359 3107 vn,
1397 3042 1503 3112 14).

590 3187 618 3214 ‹‹
650 3165 846 3236 Dirige
902 3180 993 3219 me
1049 3165 1105 3218 in
1165 3165 1405 3220 veritate
1462 3170 1580 3219 tua.
1614 3188 1641 3216 »
1699 3166 1819 3220 Vox
1867 3163 2153 3220 Ecclesiae.

516 3268 551 3304 ‹(
576 3253 770 3325 Dirige
795 3269 908 3316 me,
941 3274 966 3303 »
1016 3255 1152 3324 quia
1182 3271 1286 3326 ego
1319 3259 1618 3310 tortuosus
1648 3271 1801 3309 sum.
1859 3277 1887 3303 ‹‹
1918 3254 1980 3308 In
2012 3250 2156 3306 veri-

516 3346 635 3398 tate
665 3346 790 3410 tua,
824 3365 851 3392 »
885 3342 992 3398 hoc
1025 3348 1132 3405 est,
1166 3343 1224 3396 in
1257 3343 1486 3398 Christo
1518 3348 1618 3398 tuo
1654 3359 1666 3398 :
1721 3367 1739 3390 -
1777 3343 1949 3398 edoce
1981 3357 2095 3408 me,
2132 3362 2159 3388 »

518 3435 586 3486 ut
614 3430 759 3486 nihil
790 3447 1058 3502 perverse
1089 3447 1279 3501 agam.
1330 3455 1356 3480 ‹‹
1392 3432 1537 3496 Quia
1566 3436 1630 3485 tu
1662 3448 1722 3486 es
1759 3432 1905 3485 Deus
1937 3429 2160 3484 saluta-

519 3520 602 3574 ris
634 3535 820 3574 meus.
856 3540 885 3566 »
934 3519 1057 3573 Tua
1105 3519 1259 3573 enim
1311 3519 1733 3574 resurrectione
1776 3535 1972 3574 meum
2003 3517 2161 3572 salu-

521 3612 645 3662 tare
674 3605 820 3660 mihi
849 3605 1126 3660 collatum
1157 3612 1265 3662 est.
1313 3632 1340 3657 «
1375 3609 1446 3662 Et
1473 3613 1528 3662 te
1560 3607 1813 3662 sustinui
1841 3612 1959 3662 tota
1987 3606 2097 3662 die.
2135 3628 2163 3655 »

522 3697 643 3748 Hoc
694 3697 802 3760 est,
837 3697 953 3748 toto
1007 3699 1283 3766 tempore.
1319 3696 1608 3751 Videbant
1653 3713 1743 3751 me
1793 3713 1892 3766 pro
1941 3702 1997 3751 te
2035 3712 2164 3750 sus-

527 3782 711 3837 tinere
769 3799 870 3853 per
926 3799 1097 3838 omne
1151 3784 1278 3837 vitae
1336 3784 1514 3854 hujus
1565 3789 1814 3855 tempus.
1851 3784 2166 3839 Audieram

527 3870 684 3925 enim
715 3886 818 3941 per
849 3887 1014 3924 voces
1046 3872 1459 3942 prophetarum
1491 3878 1546 3927 te
1573 3878 1882 3927 venturum
1929 3889 2060 3928 esse
2109 3873 2166 3926 in

531 3960 838 4014 mundum.
872 3959 1134 4014 Sustinui
1168 3963 1363 4014 autem
1406 3977 1508 4029 per
1555 3960 1754 4016 lumen
1799 3962 1953 4029 fidei,
1987 3962 2169 4016 donec
2231 3981 2238 3996 ι

529 4065 623 4104 me
658 4063 912 4104 vocares.

603 4175 626 4202 ι
683 4153 1076 4210 Reminiscere
1162 4154 1609 4210 miserationum
1700 4159 1972 4221 tuarum,
2060 4155 2170 4210 Do-

523 4249 701 4310 mine,
736 4267 763 4292 ››
817 4249 927 4300 etc.
981 4245 1042 4298 In
1099 4244 1316 4316 quibus
1367 4248 1431 4298 ut
1473 4261 1580 4299 nos
1632 4243 1968 4312 redimeres,
1999 4244 2171 4299 homo

521 4333 712 4386 factus
753 4349 835 4386 es.
867 4332 969 4385 Vel
1020 4331 1270 4403 populus
1319 4331 1690 4386 Christianus
1743 4331 2050 4402 loquitur:
2109 4335 2175 4384 ut

518 4424 708 4475 rectos
752 4437 850 4474 cos
899 4421 1071 4475 faciat
1117 4421 1187 4475 de
1240 4438 1348 4475 sua
1404 4421 1824 4487 miseratione;
1877 4425 1941 4474 ut
1986 4419 2171 4474 illud:

519 4508 899 4564 Misericordiae
945 4513 1056 4564 tute
1093 4510 1290 4565 multa?
1332 4515 1480 4572 sunt,
1514 4511 1742 4564 Domine
1771 4510 1944 4581 (Psal.
1976 4525 2168 4578 cxvm,

521 4599 646 4666 156)
673 4616 686 4666 ;
720 4604 776 4653 et
807 4614 819 4652 :
869 4597 1260 4653 Misericordia
1291 4606 1402 4654 tua?
1439 4615 1473 4650 a
1501 4600 1702 4654 saeculo
1731 4601 1884 4664 sunt,
1915 4603 1973 4652 et
2004 4615 2015 4652 :
2071 4598 2173 4652 Mi-
2204 4584 2251 4648 D

515 4687 850 4742 sericordias
895 4693 1022 4740 tuas
1077 4686 1144 4740 ab
1202 4688 1364 4741 initio
1411 4687 1612 4742 simulo
1661 4688 1972 4758 promisisti
2016 4687 2171 4742 nobis

520 4776 690 4846 (Psal.
724 4792 876 4841 Lvm,
922 4776 1031 4842 11).

593 4905 620 4931 ‹‹
655 4881 873 4937 Delicta
911 4880 1246 4951 juventutis
1295 4897 1434 4935 mea:
1486 4885 1543 4936 et
1598 4881 1957 4953 ignorantiae
2007 4898 2166 4937 meas

517 4988 592 5026 ne
623 4971 981 5036 memineris,
1020 4970 1279 5024 Domine.
1316 4991 1343 5018 »
1393 4969 1499 5024 Illa
1529 4986 1654 5040 quae
1686 4970 1744 5023 in
1777 4969 2168 5026 adolescentia

518 5061 694 5131 gessi,
727 5059 1072 5131 priusquam
1124 5059 1194 5113 de
1244 5060 1416 5114 domo
1460 5058 1642 5130 patris
1670 5058 1855 5130 iniqui
1894 5059 2164 5130 procede-

517 5165 660 5204 rem.
693 5151 805 5203 Aut
835 5148 1044 5203 dclicta
1078 5148 1406 5218 juventutis
1457 5153 1591 5202 ante
1637 5147 1998 5219 baptismum
2035 5165 2047 5202 :
2107 5155 2164 5204 et

514 5237 854 5308 ignorantia:
887 5253 1049 5302 mea,
1087 5237 1193 5292 hoc
1239 5242 1328 5292 est
1367 5242 1499 5308 post
1526 5237 1909 5308 baptismum.

586 5382 613 5410 «
646 5362 978 5417 Secundum
1012 5378 1287 5433 magnam
1322 5361 1779 5417 misericordiam
1825 5367 1988 5417 tuam
2037 5379 2157 5418 me-

512 5466 642 5506 mor
669 5455 793 5504 esto
829 5450 964 5517 mei,
997 5451 1173 5505 Deus.
1212 5474 1232 5498 ι»
1293 5451 1350 5504 1d
1385 5455 1494 5519 cst,
1526 5467 1641 5504 non
1674 5451 1999 5506 secundum
2031 5467 2154 5505 me-

510 5541 642 5610 rita,
667 5538 767 5593 sed
801 5540 1123 5593 secundum
1157 5544 1319 5592 tuam
1353 5539 1836 5594 misericordiam.
1864 5539 2156 5594 Immensa

510 5634 600 5686 est
631 5628 787 5683 enim
821 5627 1221 5690 misericordia
1252 5631 1374 5690 tua,
1410 5627 1512 5696 qui
1541 5643 1710 5682 vocas
1752 5645 1819 5682 ea
1859 5645 1986 5698 quae
2036 5645 2150 5683 non

511 5722 652 5781 sunt
671 5721 953 5786 tanquam
979 5731 1105 5785 quas
1128 5719 1286 5769 sunt.
1312 5737 1340 5764 «
1365 5713 1603 5785 Propter
1622 5715 1940 5770 bonitatem
1962 5721 2147 5786 tuam,

2249 580 2417 633 tiam.

2327 690 2354 717 «
2386 667 2584 722 Dulcis
2632 671 2689 722 et
2740 671 2934 721 rectus
2982 663 3286 719 Dominus.
3324 686 3350 710 ››
3397 663 3565 729 Dulcis,
3590 664 3691 735 quia
3709 673 3760 720 est

2254 755 2423 828 panis
2473 757 2624 810 vitae.
2679 756 2894 821 Dulcis,
2930 753 3067 825 quia
3098 751 3379 824 promittit
3406 753 3760 822 pramial’utun.

2257 849 2466 912 Rectus,
2498 845 2636 915 quia
2666 845 2857 899 reddit
2887 841 3208 912 unicuique
3229 840 3762 910 secundumoperasua.

2257 957 2283 982 ‹‹
2319 935 2559 1005 Propter
2588 934 2697 988 hoc
2722 933 2909 1004 legem
2941 931 3105 985 dabit
3133 929 3570 1001 delinquentibus
3593 929 3636 982 in
3656 929 3760 983 Via.»

2259 1024 2467 1093 Legem
2513 1021 2815 1076 charitatis
2843 1039 2856 1089 ;
2892 1036 2994 1092 per
3023 1035 3201 1090 quam
3235 1018 3555 1071 dimittentes
3581 1017 3759 1078 offensas,

2257 1109 2703 1166 reconciliamur
2754 1111 2891 1164 Deo.
2954 1105 3428 1178 Delinquentibus
3456 1105 3505 1159 in
3530 1106 3661 1176 via,»
3693 1123 3766 1176 pec-

2256 1200 2550 1254 catoribus
2582 1199 2639 1253 in
2671 1201 2783 1253 ista
2811 1198 2950 1252 vita.

2330 1331 2355 1355 ‹‹
2391 1307 2609 1377 Diriget
2649 1306 2819 1360 mites
2869 1304 2927 1358 in
2975 1303 3222 1373 judicio.
3259 1325 3284 1351 ››
3330 1301 3482 1356 Mites
3520 1304 3566 1354 et
3602 1299 3763 1354 humiles

2258 1396 2428 1450 corde
2485 1395 2695 1466 diriget
2753 1394 2807 1448 in
2863 1393 3112 1462 judicio,
3167 1392 3274 1446 hoc
3329 1396 3429 1460 est,
3475 1389 3762 1443 discretionem

2259 1484 2397 1537 facit
2441 1484 2533 1537 hic
2585 1483 2643 1536 in
2695 1481 2964 1552 praesenti
3013 1497 3228 1551 corpus
3274 1483 3329 1534 et
3375 1477 3630 1532 animam:
3668 1480 3706 1528 ut
3732 1491 3762 1528 se

2259 1572 2505 1627 invicem
2558 1571 2855 1642 corrigant
2909 1570 2969 1624 in
3026 1569 3136 1623 viis
3195 1568 3575 1623 mandatorum
3612 1564 3691 1618 Dei.
3710 1564 3763 1615 Vel

2257 1660 2404 1715 illud
2437 1661 2588 1730 quod
2623 1659 2896 1730 superius
2927 1658 3214 1729 scriptum
3267 1659 3354 1710 est
3384 1671 3395 1708 :
3448 1656 3638 1708 Peccata
3663 1651 3762 1705 adol/-

2259 1751 2474 1804 scentize
2503 1761 2638 1803 meae
2677 1756 2729 1802 et
2761 1747 3097 1817 ignorantiae
3129 1761 3263 1799 meae
3292 1760 3358 1798 ne
3384 1743 3652 1796 memineris
3670 1743 3762 1806 (Pal.

2182 1858 2228 1922 B
2263 1855 2412 1907 xxxv,
2434 1838 2512 1907 7).
2547 1838 2731 1892 Istum
2759 1839 2815 1890 et
2844 1840 2983 1890 aetas
3013 1838 3272 1922 excusat,
3295 1837 3350 1922 et
3373 1829 3660 1922 ignorantia.
3676 1827 3764 1922 t'nde

2260 1925 2644 1998 intelligimus
2665 1940 2800 1980 eum
2824 1923 2923 1996 qui
2959 1927 3162 1993 peccat
3190 1921 3250 1975 in
3278 1918 3637 1985 adolescentia,
3652 1921 3690 1970 et
3704 1930 3763 1968 non

2261 2016 2510 2088 ignorat,
2554 2014 2781 2069 veniam
2837 2030 2952 2067 non
3011 2012 3247 2066 habere.
3306 2010 3487 2064 Servus
3529 2005 3687 2077 quippe
3719 2004 3766 2072 qui

2260 2105 2411 2156 novit
2462 2103 2803 2156 voluntatem
2851 2101 3074 2154 Domini
3121 2100 3232 2164 sui,
3266 2104 3317 2152 et
3357 2113 3459 2152 non
3484 2096 3613 2166 facit,
3637 2091 3767 2160 vapula-

2266 2192 2340 2246 bit
2369 2193 2603 2245 multum
2659 2192 2807 2260 (Luc.
2843 2206 2943 2254 xu,
2975 2189 3086 2258 47).
3139 2187 3335 2242 Omnes
3379 2187 3479 2241 vite
3519 2181 3696 2240 Domini,
3713 2179 3766 2229 mi-

2262 2280 2568 2335 sericordia
2606 2287 2657 2334 et
2699 2281 2898 2334 veritas
2941 2278 3103 2348 (vers.
3140 2278 3228 2345 10)
3263 2292 3275 2329 :
3326 2275 3455 2346 quia
3482 2276 3532 2327 et
3554 2272 3651 2342 ipsa
3670 2267 3765 2320 mise-

2265 2369 2534 2433 ricordia,
2567 2369 2748 2440 aequis
2801 2372 2890 2422 est
2928 2366 3142 2421 librata
3187 2363 3544 2436 ponderibus.
3588 2353 3767 2411 «Docebit

2266 2463 2604 2512 mansuetos
2626 2458 2750 2512 vias
2777 2473 2936 2511 suas.
2961 2477 2985 2506 ›ι
3016 2452 3465 2509 Misericordiam
3486 2454 3534 2504 et
3549 2446 3767 2501 veritatem:

2266 2553 2325 2601 et
2371 2552 2433 2600 ut
2479 2562 2541 2600 se
2587 2563 2655 2601 ex
2697 2550 2816 2600 toto
2856 2544 3029 2600 corde
3059 2542 3328 2615 diligant,
3363 2557 3479 2612 quae
3507 2541 3581 2592 est
3601 2548 3692 2588 vera
3710 2530 3767 2581 via

2267 2636 2362 2691 Sic
2394 2635 2550 2690 enim
2597 2634 2864 2705 sequitur
2897 2649 2910 2687 :

2343 2763 2368 2787 ‹‹
2403 2741 2690 2807 Universae
2721 2740 2821 2794 via:
2850 2739 3080 2795 Domini
3129 2734 3513 2793 misericordia
3552 2736 3597 2786 et
3631 2727 3769 2780 veniat

2266 2829 2678 2899 Misericordia,
2712 2852 2739 2877 ››
2792 2829 2931 2900 quia
2971 2844 3078 2882 nos
3129 2827 3405 2891 redemit;
3457 2845 3476 2873 ι
3507 2827 3554 2877 et
3588 2816 3766 2878 veritas'

2268 2919 2409 2990 quia
2440 2918 2653 2989 impios
2676 2917 2989 2987 judicabit.
3015 2915 3217 2970 Dulcis
3249 2919 3306 2970 et
3335 2916 3510 2968 rectus
3535 2905 3768 2991 Dominus:

2269 3007 2408 3078 quia
2463 3007 2561 3077 qui
2620 3022 2682 3060 se
2741 3006 3023 3060 miserum
3083 3004 3409 3066 confitetur,
3456 2986 3768 3081 misereturﬂl'sli

2274 3075 2443 3151 Deus.
2481 3075 2536 3144 *α
2569 3093 3022 3165 Requirentibus
3065 3096 3475 3148 testamentum
3510 3087 3628 3156 ejus.
3655 3104 3672 3129 »ρ
3711 3075 3769 3130 Illis.

2273 3185 2408 3239 facit
2453 3182 2936 3247 misericordiam,
2968 3181 3067 3253 qui
3123 3181 3424 3253 requirunt
3451 3177 3634 3232 Novum
3657 3169 3769 3223 Testa-

2272 3277 2536 3328 mentum
2568 3289 2580 3326 :
2615 3287 2728 3343 quo
2785 3287 2891 3324 nos
2933 3271 3226 3342 sanguine
3254 3286 3358 3324 suo
3387 3257 3768 3322 reconciliavitDrJ

2269 3361 2446 3414 Patri.
2481 3383 2507 3409 «
2538 3360 2605 3414 Et
2634 3359 2971 3414 testimonia
2999 3359 3151 3429 ejus.
3185 3380 3214 3409 »
3249 3355 3541 3428 Prophetas
3566 3354 3611 3404 et
3633 3347 3769 3416 aposte-

2269 3449 2359 3504 los
2390 3465 2402 3502 :
2458 3465 2706 3520 quorum
2754 3447 3111 3503 testimoniis
3143 3452 3234 3502 est
3263 3443 3499 3501 Ecclesia
3524 3433 3767 3506 congregilut

2347 3577 2375 3603 «
2407 3555 2645 3626 Pr0pter
2691 3570 2902 3609 nomen
2952 3557 3150 3619 tuum,
3201 3550 3448 3616 Domine,
3495 3537 3769 3626 prapitiabenf

2275 3647 2510 3716 peccato
2570 3659 2717 3698 meo.
2772 3665 2798 3691 »
2855 3641 2979 3697 Non
3039 3645 3279 3714 propter
3334 3655 3453 3694 mea
3507 3617 3770 3716 mentm-$83

2277 3713 2512 3804 propter
2529 3735 2693 3786 tuam
2719 3713 3204 3786 misericordiam.
3238 3753 3264 3780 ‹‹
3291 3727 3521 3785 Multum
3549 3726 3618 3776 est
3639 3713 3771 3804 enim-ﬂ"

2279 3821 2507 3877 Grande
2554 3824 2643 3874 est
2695 3825 2999 3890 peccatum
3048 3836 3271 3875 meum.
3302 3815 3513 3872 Grande
3548 3804 3775 3874 est,inqm‘~»

2279 3908 2545 3983 generale
2576 3914 2876 3980 peccatum
2906 3926 2917 3962 :
2947 3910 3101 3979 quod
3126 3908 3241 3963 nisi
3266 3907 3413 3962 Deus
3437 3919 3526 3975 per
3543 3893 3773 3967 baptismum

2279 3999 2468 4054 delere
2498 3999 2790 4070 dignetur,
2817 3997 2983 4052 aliter
3013 4014 3131 4052 non
3165 3995 3448 4053 abluetur.

2359 4128 2378 4155 ι
2414 4106 2554 4169 Quis
2603 4111 2692 4160 est
2737 4105 2911 4160 homo
2962 4104 3063 4176 qui
3113 4104 3285 4159 timet
3321 4099 3634 4157 Dominum:
3671 4085 3772 4176 Ιεὲῗε

2282 4165 2487 4250 statuit
2531 4193 2582 4248 ei
2613 4193 2674 4246 in
2705 4193 2798 4248 via
2829 4165 3005 4264 quam
3039 4192 3236 4266 elegit.
3272 4215 3298 4241 ››
3350 4190 3416 4244 Ut
3445 4186 3507 4242 ad
3535 4200 3589 4237 ea
3611 4191 3697 4266 qua
3716 4165 3773 4219 ele-

2282 4284 2384 4356 git,
2420 4282 2781 4338 deflectatur.
2841 4261 2864 4330 ἔ
2898 4282 3098 4338 Simile
3133 4261 3286 4337 ’δαίς
3316 4296 3413 4352 per
3439 4275 3633 4345 Moysen
3654 4261 3774 4356 ait?

2282 4341 2489 4443 pulum
2544 4371 2828 4426 Dominus
2881 4375 3258 4443 protestetur,
3293 4341 3479 4423 dicens
3509 4341 3538 4414 ε*
3565 4360 3668 4448 Ecce

2281 4463 2452 4516 statui
2499 4470 2631 4515 ante
2676 4461 2857 4515 oculos
2910 4464 3031 4516 tuos
3080 4461 3260 4530 ignem
3300 4463 3352 4512 et
3391 4467 3584 4526 aquam.
3614 4443 3776 4532 ὺοηυηξίέ

2283 4551 2516 4614 malum,
2569 4552 2741 4604 vitam
2796 4559 2847 4605 et
2902 4553 3132 4605 mortem
3163 4567 3182 4603 :
3238 4548 3374 4615 elige
3425 4545 3591 4599 vitam,
3629 4538 3664 4585 el
3702 4531 3778 4576 τιατ

2283 4639 2460 4709 (Deut.
2495 4655 2623 4708 xxx,
2662 4639 2748 4704 19,
2788 4639 2900 4709 20).

2355 4768 2383 4795 ‹‹
2413 4745 2626 4799 Anima
2655 4746 2784 4813 ejus
2818 4745 2874 4798 in
2910 4743 3078 4800 bonis
3118 4740 3512 4799 demorabitur.
3545 4755 3567 4781 »
3607 4719 3772 4784 Sidet”

2279 4834 2353 4888 rit
2381 4833 2582 4888 vitam.
2642 4857 2661 4882 α
2698 4834 2768 4888 Et
2799 4849 2997 4888 semen
3037 4834 3166 4903 ejus
3211 4823 3548 4886 haereditabit
3585 4822 3773 4903 teri-alti“

2275 4922 2383 4977 Per
2428 4939 2605 4994 Opem
2645 4922 2913 4992 iustitiae,
2944 4899 3340 4977 hisreditatem
3377 4913 3541 4985 capiet
3566 4899 3773 4996 iiiregiolle

2272 4991 2564 5066 vivorum.
2590 4991 2690 5065 Vel
2728 5035 2747 5058 σι
2777 5011 2973 5066 anima
2996 5011 3124 5081 ejus
3154 5009 3213 5065 in
3245 5006 3405 5064 bonis
3423 4991 3776 5084 demorabitur:

2272 5099 2331 5154 id
2367 5104 2477 5165 est,
2511 5099 2769 5171 sperabit
2801 5101 2855 5153 in
2892 5078 3148 5170 praemiis
3182 5096 3406 5160 futuris,
3437 5097 3486 5146 et
3522 5092 3673 5172 semen
3705 5078 3776 5172 fl“?

2271 5169 2615 5243 haereditate
2679 5169 3002 5259 possidebit
3059 5192 3291 5243 terram.
3349 5207 3376 5232 «
3420 5181 3595 5235 Semen
3637 5169 3774 5259 elui:

2271 5294 2452 5348 opera
2482 5279 2631 5347 ejus,
2686 5300 2714 5327 «
2746 5276 3137 5349 possidebunt
3167 5280 3392 5338 terram,
3427 5291 3450 5316 »
3496 5263 3542 5318 id
3567 5259 3647 5320 est,
3672 5249 3774 5299 "tam

2273 5371 2576 5420 aeternam.

2353 5478 2371 5502 α
2415 5455 2876 5509 Firmamentum
2909 5459 2998 5510 est
3023 5454 3300 5510 Dominus
3327 5433 3772 5528 timentibuﬁ‘euﬂ':

2266 5542 2388 5600 Nos
2423 5541 2640 5597 inﬁrmi
2676 5547 2732 5596 et
2765 5539 3090 5599 imbecilles
3122 5555 3359 5605 sumus;
3402 5530 3488 5588 sed
3517 5526 3573 5580 ab
3601 5515 3669 5610 “l0

2261 5635 2458 5686 tamur
2505 5647 2573 5686 ne
2619 5631 2690 5685 ab
2740 5631 2919 5701 hujus
2979 5631 3173 5687 saeculi
3226 5602 3479 5682 ﬂuetibus
3519 5602 3768 5705 ςξξδίίδῗῗξ

2264 5741 2291 5768 ((
2325 5720 2395 5774 Et
2424 5679 2840 5774 testamentum
2870 5719 3056 5792 ipsius
3087 5723 3149 5776 ut
3177 5714 3494 5773 manifestur
3516 5698 3620 5756 illis.
3643 5710 3660 5734 υ
3685 5679 3755 5735 Hoc
