  <div class='ocr_page' id='page_1' title='image "/cluster/home/n/w/nwhite01/storage/ocr_20150623/26/hvd.32044052772472/500.png"; bbox 0 0 3964 6190; ppageno 0'>
   <div class='ocr_carea' id='block_1_1' title="bbox 143 359 251 418">
    <p class='ocr_par' dir='ltr' id='par_1_1' title="bbox 143 359 251 418">
     <span class='ocr_line' id='line_1_1' title="bbox 143 359 251 418; baseline -0.019 0"><span class='ocrx_word' id='word_1_1' title='bbox 143 359 251 418; x_wconf 74' lang='grc' dir='ltr'>9ιὸ</span> 
     </span>
    </p>
   </div>
   <div class='ocr_carea' id='block_1_2' title="bbox 136 573 1780 647">
    <p class='ocr_par' dir='ltr' id='par_1_2' title="bbox 136 573 1780 647">
     <span class='ocr_line' id='line_1_2' title="bbox 136 573 1780 647; baseline -0.001 -17"><span class='ocrx_word' id='word_1_2' title='bbox 136 577 291 632; x_wconf 89' lang='lat' dir='ltr'>tiavit</span> <span class='ocrx_word' id='word_1_3' title='bbox 321 591 424 647; x_wconf 84' lang='lat' dir='ltr'>per</span> <span class='ocrx_word' id='word_1_4' title='bbox 468 573 725 630; x_wconf 82' lang='lat' dir='ltr'>litteram</span> <span class='ocrx_word' id='word_1_5' title='bbox 757 573 966 644; x_wconf 89' lang='lat' dir='ltr'>velata,</span> <span class='ocrx_word' id='word_1_6' title='bbox 1000 574 1058 628; x_wconf 91' lang='lat' dir='ltr'>in</span> <span class='ocrx_word' id='word_1_7' title='bbox 1089 574 1319 630; x_wconf 83' lang='lat' dir='ltr'>Christo</span> <span class='ocrx_word' id='word_1_8' title='bbox 1352 575 1780 630; x_wconf 80' lang='lat' dir='ltr'>manifestatur.</span> 
     </span>
    </p>
   </div>
   <div class='ocr_carea' id='block_1_3' title="bbox 203 663 1784 734">
    <p class='ocr_par' dir='ltr' id='par_1_3' title="bbox 203 663 1784 734">
     <span class='ocr_line' id='line_1_3' title="bbox 203 663 1784 734; baseline -0.001 -14"><span class='ocrx_word' id='word_1_9' title='bbox 203 690 228 714; x_wconf 89' lang='grc'><em>‹‹</em></span> <span class='ocrx_word' id='word_1_10' title='bbox 264 663 421 720; x_wconf 89' lang='lat' dir='ltr'>Oculi</span> <span class='ocrx_word' id='word_1_11' title='bbox 458 663 571 718; x_wconf 90' lang='lat' dir='ltr'>mei</span> <span class='ocrx_word' id='word_1_12' title='bbox 604 678 838 734; x_wconf 84' lang='lat' dir='ltr'>semper</span> <span class='ocrx_word' id='word_1_13' title='bbox 868 664 938 718; x_wconf 91' lang='lat' dir='ltr'>ad</span> <span class='ocrx_word' id='word_1_14' title='bbox 971 664 1309 719; x_wconf 91' lang='lat' dir='ltr'>Dominum.</span> <span class='ocrx_word' id='word_1_15' title='bbox 1346 687 1373 712; x_wconf 90' lang='grc'><strong>››</strong></span> <span class='ocrx_word' id='word_1_16' title='bbox 1404 663 1568 718; x_wconf 88' lang='lat' dir='ltr'>Oculi</span> <span class='ocrx_word' id='word_1_17' title='bbox 1592 663 1784 718; x_wconf 82' lang='lat' dir='ltr'>cordis</span> 
     </span>
    </p>
   </div>
   <div class='ocr_carea' id='block_1_4' title="bbox 145 752 1787 824">
    <p class='ocr_par' dir='ltr' id='par_1_4' title="bbox 145 752 1787 824">
     <span class='ocr_line' id='line_1_4' title="bbox 145 752 1787 824; baseline -0.002 -15"><span class='ocrx_word' id='word_1_18' title='bbox 145 756 356 810; x_wconf 86' lang='lat' dir='ltr'>intenta</span> <span class='ocrx_word' id='word_1_19' title='bbox 382 757 576 808; x_wconf 89' lang='lat' dir='ltr'>mente</span> <span class='ocrx_word' id='word_1_20' title='bbox 610 752 681 806; x_wconf 90' lang='lat' dir='ltr'>ad</span> <span class='ocrx_word' id='word_1_21' title='bbox 705 752 891 807; x_wconf 89' lang='lat' dir='ltr'>Deum</span> <span class='ocrx_word' id='word_1_22' title='bbox 928 771 940 807; x_wconf 90' lang='lat'>:</span> <span class='ocrx_word' id='word_1_23' title='bbox 975 754 1045 807; x_wconf 90' lang='lat' dir='ltr'>de</span> <span class='ocrx_word' id='word_1_24' title='bbox 1076 753 1292 824; x_wconf 86' lang='lat' dir='ltr'>quibus</span> <span class='ocrx_word' id='word_1_25' title='bbox 1325 752 1543 806; x_wconf 91' lang='lat' dir='ltr'>dicitur</span> <span class='ocrx_word' id='word_1_26' title='bbox 1577 769 1589 806; x_wconf 94' lang='lat'>:</span> <span class='ocrx_word' id='word_1_27' title='bbox 1626 752 1787 807; x_wconf 86' lang='lat' dir='ltr'>Oculi</span> 
     </span>
    </p>
   </div>
   <div class='ocr_carea' id='block_1_5' title="bbox 152 840 1786 914">
    <p class='ocr_par' dir='ltr' id='par_1_5' title="bbox 152 840 1786 914">
     <span class='ocr_line' id='line_1_5' title="bbox 152 840 1786 914; baseline -0.001 -16"><span class='ocrx_word' id='word_1_28' title='bbox 152 844 405 914; x_wconf 76' lang='lat' dir='ltr'>sapientis</span> <span class='ocrx_word' id='word_1_29' title='bbox 435 843 493 896; x_wconf 82' lang='lat' dir='ltr'>in</span> <span class='ocrx_word' id='word_1_30' title='bbox 525 842 702 912; x_wconf 90' lang='lat' dir='ltr'>capite</span> <span class='ocrx_word' id='word_1_31' title='bbox 731 842 852 912; x_wconf 89' lang='lat' dir='ltr'>ejus</span> <span class='ocrx_word' id='word_1_32' title='bbox 879 841 1071 910; x_wconf 88' lang='lat' dir='ltr'>(Eccle.</span> <span class='ocrx_word' id='word_1_33' title='bbox 1122 859 1183 908; x_wconf 80' lang='grc' dir='ltr'>ιι,</span> <span class='ocrx_word' id='word_1_34' title='bbox 1238 843 1344 908; x_wconf 79' lang='grc'>14).</span> <span class='ocrx_word' id='word_1_35' title='bbox 1405 863 1430 892; x_wconf 75' lang='grc' dir='ltr'><strong>ει</strong></span> <span class='ocrx_word' id='word_1_36' title='bbox 1487 840 1630 905; x_wconf 84' lang='lat' dir='ltr'>Quia</span> <span class='ocrx_word' id='word_1_37' title='bbox 1662 841 1786 913; x_wconf 91' lang='lat' dir='ltr'>ipse</span> 
     </span>
    </p>
   </div>
   <div class='ocr_carea' id='block_1_6' title="bbox 139 930 1783 1001">
    <p class='ocr_par' dir='ltr' id='par_1_6' title="bbox 139 930 1783 1001">
     <span class='ocr_line' id='line_1_6' title="bbox 139 930 1783 1001; baseline -0.002 -13"><span class='ocrx_word' id='word_1_38' title='bbox 139 932 334 988; x_wconf 80' lang='lat' dir='ltr'>evellet</span> <span class='ocrx_word' id='word_1_39' title='bbox 359 932 430 986; x_wconf 92' lang='lat' dir='ltr'>de</span> <span class='ocrx_word' id='word_1_40' title='bbox 458 930 667 1001; x_wconf 89' lang='lat' dir='ltr'>laqueo</span> <span class='ocrx_word' id='word_1_41' title='bbox 698 930 874 1001; x_wconf 86' lang='lat' dir='ltr'>pedes</span> <span class='ocrx_word' id='word_1_42' title='bbox 906 946 1088 998; x_wconf 85' lang='lat' dir='ltr'>meos,</span> <span class='ocrx_word' id='word_1_43' title='bbox 1121 952 1149 979; x_wconf 86' lang='lat'>»</span> <span class='ocrx_word' id='word_1_44' title='bbox 1197 930 1307 985; x_wconf 90' lang='lat' dir='ltr'>hoc</span> <span class='ocrx_word' id='word_1_45' title='bbox 1335 935 1442 1000; x_wconf 89' lang='lat' dir='ltr'>est,</span> <span class='ocrx_word' id='word_1_46' title='bbox 1477 930 1546 984; x_wconf 90' lang='lat' dir='ltr'>de</span> <span class='ocrx_word' id='word_1_47' title='bbox 1575 930 1783 1000; x_wconf 85' lang='lat' dir='ltr'>laqueo</span> 
     </span>
    </p>
   </div>
   <div class='ocr_carea' id='block_1_7' title="bbox 135 1018 1784 1092">
    <p class='ocr_par' dir='ltr' id='par_1_7' title="bbox 135 1018 1784 1092">
     <span class='ocr_line' id='line_1_7' title="bbox 135 1018 1784 1092; baseline -0.002 -16"><span class='ocrx_word' id='word_1_48' title='bbox 135 1020 344 1076; x_wconf 88' lang='lat' dir='ltr'>diaboli</span> <span class='ocrx_word' id='word_1_49' title='bbox 403 1035 614 1074; x_wconf 84' lang='lat' dir='ltr'>sensus</span> <span class='ocrx_word' id='word_1_50' title='bbox 684 1035 864 1086; x_wconf 88' lang='lat' dir='ltr'>meos,</span> <span class='ocrx_word' id='word_1_51' title='bbox 919 1035 1033 1090; x_wconf 91' lang='lat' dir='ltr'>quo</span> <span class='ocrx_word' id='word_1_52' title='bbox 1090 1019 1254 1092; x_wconf 91' lang='lat' dir='ltr'>prius</span> <span class='ocrx_word' id='word_1_53' title='bbox 1305 1036 1405 1091; x_wconf 89' lang='lat' dir='ltr'>per</span> <span class='ocrx_word' id='word_1_54' title='bbox 1460 1018 1784 1090; x_wconf 85' lang='lat' dir='ltr'>voluptates</span> 
     </span>
    </p>
   </div>
   <div class='ocr_carea' id='block_1_8' title="bbox 134 1108 652 1179">
    <p class='ocr_par' dir='ltr' id='par_1_8' title="bbox 134 1108 652 1179">
     <span class='ocr_line' id='line_1_8' title="bbox 134 1108 652 1179; baseline -0.006 -14"><span class='ocrx_word' id='word_1_55' title='bbox 134 1109 328 1166; x_wconf 69' lang='lat' dir='ltr'>saeculi</span> <span class='ocrx_word' id='word_1_56' title='bbox 361 1108 652 1179; x_wconf 88' lang='lat' dir='ltr'>capiebar.</span> 
     </span>
    </p>
   </div>
   <div class='ocr_carea' id='block_1_9' title="bbox 199 1213 1784 1285">
    <p class='ocr_par' dir='ltr' id='par_1_9' title="bbox 199 1213 1784 1285">
     <span class='ocr_line' id='line_1_9' title="bbox 199 1213 1784 1285; baseline -0.001 -16"><span class='ocrx_word' id='word_1_57' title='bbox 199 1238 227 1264; x_wconf 83' lang='lat'><strong><em>«</em></strong></span> <span class='ocrx_word' id='word_1_58' title='bbox 264 1214 510 1285; x_wconf 82' lang='lat' dir='ltr'>Respice</span> <span class='ocrx_word' id='word_1_59' title='bbox 560 1213 619 1268; x_wconf 89' lang='lat' dir='ltr'>in</span> <span class='ocrx_word' id='word_1_60' title='bbox 670 1230 782 1280; x_wconf 90' lang='lat' dir='ltr'>me,</span> <span class='ocrx_word' id='word_1_61' title='bbox 818 1218 874 1269; x_wconf 88' lang='lat' dir='ltr'>et</span> <span class='ocrx_word' id='word_1_62' title='bbox 903 1214 1180 1270; x_wconf 83' lang='lat' dir='ltr'>miserere</span> <span class='ocrx_word' id='word_1_63' title='bbox 1211 1215 1345 1270; x_wconf 89' lang='lat' dir='ltr'>mei.</span> <span class='ocrx_word' id='word_1_64' title='bbox 1386 1238 1409 1262; x_wconf 74' lang='grc' dir='ltr'>η</span> <span class='ocrx_word' id='word_1_65' title='bbox 1455 1215 1691 1284; x_wconf 79' lang='lat' dir='ltr'>Respice,</span> <span class='ocrx_word' id='word_1_66' title='bbox 1724 1214 1784 1268; x_wconf 92' lang='lat' dir='ltr'>in</span> 
     </span>
    </p>
   </div>
   <div class='ocr_carea' id='block_1_10' title="bbox 131 1302 1782 1375">
    <p class='ocr_par' dir='ltr' id='par_1_10' title="bbox 131 1302 1782 1375">
     <span class='ocr_line' id='line_1_10' title="bbox 131 1302 1782 1375; baseline -0.001 -16"><span class='ocrx_word' id='word_1_67' title='bbox 131 1304 486 1375; x_wconf 86' lang='lat' dir='ltr'>adjutorium</span> <span class='ocrx_word' id='word_1_68' title='bbox 516 1320 529 1368; x_wconf 93' lang='lat'><strong>;</strong></span> <span class='ocrx_word' id='word_1_69' title='bbox 561 1306 612 1356; x_wconf 90' lang='lat' dir='ltr'>et</span> <span class='ocrx_word' id='word_1_70' title='bbox 641 1303 922 1369; x_wconf 82' lang='lat' dir='ltr'>miserere,</span> <span class='ocrx_word' id='word_1_71' title='bbox 957 1302 1097 1374; x_wconf 90' lang='lat' dir='ltr'>quia</span> <span class='ocrx_word' id='word_1_72' title='bbox 1155 1304 1336 1358; x_wconf 84' lang='lat' dir='ltr'>miser</span> <span class='ocrx_word' id='word_1_73' title='bbox 1383 1320 1535 1357; x_wconf 87' lang='lat' dir='ltr'>sum.</span> <span class='ocrx_word' id='word_1_74' title='bbox 1571 1325 1598 1352; x_wconf 87' lang='lat'><strong>«</strong></span> <span class='ocrx_word' id='word_1_75' title='bbox 1636 1302 1782 1367; x_wconf 87' lang='lat' dir='ltr'>Quia</span> 
     </span>
    </p>
   </div>
   <div class='ocr_carea' id='block_1_11' title="bbox 129 1391 1783 1462">
    <p class='ocr_par' dir='ltr' id='par_1_11' title="bbox 129 1391 1783 1462">
     <span class='ocr_line' id='line_1_11' title="bbox 129 1391 1783 1462; baseline -0.002 -14"><span class='ocrx_word' id='word_1_76' title='bbox 129 1392 339 1448; x_wconf 89' lang='lat' dir='ltr'>unicus</span> <span class='ocrx_word' id='word_1_77' title='bbox 369 1396 424 1446; x_wconf 91' lang='lat' dir='ltr'>et</span> <span class='ocrx_word' id='word_1_78' title='bbox 455 1407 677 1462; x_wconf 87' lang='lat' dir='ltr'>pauper</span> <span class='ocrx_word' id='word_1_79' title='bbox 706 1407 838 1446; x_wconf 89' lang='lat' dir='ltr'>sum</span> <span class='ocrx_word' id='word_1_80' title='bbox 873 1407 998 1462; x_wconf 87' lang='lat' dir='ltr'>ego.</span> <span class='ocrx_word' id='word_1_81' title='bbox 1060 1415 1088 1440; x_wconf 86' lang='lat'>»</span> <span class='ocrx_word' id='word_1_82' title='bbox 1119 1393 1203 1446; x_wconf 89' lang='lat' dir='ltr'>Ad</span> <span class='ocrx_word' id='word_1_83' title='bbox 1250 1392 1546 1447; x_wconf 83' lang='lat' dir='ltr'>Christum</span> <span class='ocrx_word' id='word_1_84' title='bbox 1608 1391 1783 1462; x_wconf 86' lang='lat' dir='ltr'>perti-</span> 
     </span>
    </p>
   </div>
   <div class='ocr_carea' id='block_1_12' title="bbox 133 1479 1784 1551">
    <p class='ocr_par' dir='ltr' id='par_1_12' title="bbox 133 1479 1784 1551">
     <span class='ocr_line' id='line_1_12' title="bbox 133 1479 1784 1551; baseline -0.002 -15"><span class='ocrx_word' id='word_1_85' title='bbox 133 1488 233 1536; x_wconf 89' lang='lat' dir='ltr'>net</span> <span class='ocrx_word' id='word_1_86' title='bbox 276 1498 288 1535; x_wconf 95' lang='lat'><strong>:</strong></span> <span class='ocrx_word' id='word_1_87' title='bbox 340 1479 476 1551; x_wconf 88' lang='lat' dir='ltr'>quia</span> <span class='ocrx_word' id='word_1_88' title='bbox 527 1479 794 1535; x_wconf 75' lang='lat' dir='ltr'>Christus</span> <span class='ocrx_word' id='word_1_89' title='bbox 843 1480 1053 1535; x_wconf 90' lang='lat' dir='ltr'>unicus</span> <span class='ocrx_word' id='word_1_90' title='bbox 1103 1481 1226 1536; x_wconf 90' lang='lat' dir='ltr'>sine</span> <span class='ocrx_word' id='word_1_91' title='bbox 1277 1486 1530 1551; x_wconf 90' lang='lat' dir='ltr'>peccato,</span> <span class='ocrx_word' id='word_1_92' title='bbox 1587 1485 1650 1534; x_wconf 89' lang='lat' dir='ltr'>ut</span> <span class='ocrx_word' id='word_1_93' title='bbox 1702 1479 1784 1533; x_wconf 89' lang='lat' dir='ltr'>ait</span> 
     </span>
    </p>
   </div>
   <div class='ocr_carea' id='block_1_13' title="bbox 129 1569 1778 1642">
    <p class='ocr_par' dir='ltr' id='par_1_13' title="bbox 129 1569 1778 1642">
     <span class='ocr_line' id='line_1_13' title="bbox 129 1569 1778 1642; baseline -0.001 -18"><span class='ocrx_word' id='word_1_94' title='bbox 129 1569 426 1642; x_wconf 82' lang='lat' dir='ltr'>propheta.</span> <span class='ocrx_word' id='word_1_95' title='bbox 478 1570 590 1638; x_wconf 88' lang='lat' dir='ltr'>Qui</span> <span class='ocrx_word' id='word_1_96' title='bbox 635 1577 928 1640; x_wconf 89' lang='lat' dir='ltr'>peccatum</span> <span class='ocrx_word' id='word_1_97' title='bbox 974 1585 1083 1624; x_wconf 82' lang='lat' dir='ltr'>non</span> <span class='ocrx_word' id='word_1_98' title='bbox 1150 1569 1283 1641; x_wconf 84' lang='lat' dir='ltr'>fecit</span> <span class='ocrx_word' id='word_1_99' title='bbox 1327 1570 1456 1640; x_wconf 85' lang='lat' dir='ltr'>(Isa.</span> <span class='ocrx_word' id='word_1_100' title='bbox 1533 1585 1650 1635; x_wconf 87' lang='lat' dir='ltr'>LIII,</span> <span class='ocrx_word' id='word_1_101' title='bbox 1701 1569 1778 1638; x_wconf 87' lang='lat'>9).</span> 
     </span>
    </p>
   </div>
   <div class='ocr_carea' id='block_1_14' title="bbox 128 1656 1784 1729">
    <p class='ocr_par' dir='ltr' id='par_1_14' title="bbox 128 1656 1784 1729">
     <span class='ocr_line' id='line_1_14' title="bbox 128 1656 1784 1729; baseline 0 -19"><span class='ocrx_word' id='word_1_102' title='bbox 128 1661 356 1729; x_wconf 88' lang='lat' dir='ltr'>Pauper</span> <span class='ocrx_word' id='word_1_103' title='bbox 397 1673 499 1728; x_wconf 89' lang='lat' dir='ltr'>pro</span> <span class='ocrx_word' id='word_1_104' title='bbox 559 1657 750 1722; x_wconf 90' lang='lat' dir='ltr'>nobis,</span> <span class='ocrx_word' id='word_1_105' title='bbox 787 1661 850 1711; x_wconf 88' lang='lat' dir='ltr'>ut</span> <span class='ocrx_word' id='word_1_106' title='bbox 881 1656 1097 1712; x_wconf 87' lang='lat' dir='ltr'>Paulus</span> <span class='ocrx_word' id='word_1_107' title='bbox 1147 1657 1322 1712; x_wconf 92' lang='lat' dir='ltr'>dicit:</span> <span class='ocrx_word' id='word_1_108' title='bbox 1350 1658 1598 1726; x_wconf 86' lang='lat' dir='ltr'>Quicum</span> <span class='ocrx_word' id='word_1_109' title='bbox 1627 1657 1784 1711; x_wconf 88' lang='lat' dir='ltr'>dives</span> 
     </span>
    </p>
   </div>
   <div class='ocr_carea' id='block_1_15' title="bbox 129 1746 1779 1817">
    <p class='ocr_par' dir='ltr' id='par_1_15' title="bbox 129 1746 1779 1817">
     <span class='ocr_line' id='line_1_15' title="bbox 129 1746 1779 1817; baseline 0 -17"><span class='ocrx_word' id='word_1_110' title='bbox 129 1754 288 1813; x_wconf 88' lang='lat' dir='ltr'>esset,</span> <span class='ocrx_word' id='word_1_111' title='bbox 312 1762 523 1817; x_wconf 85' lang='lat' dir='ltr'>pauper</span> <span class='ocrx_word' id='word_1_112' title='bbox 548 1748 729 1816; x_wconf 84' lang='lat' dir='ltr'>factus</span> <span class='ocrx_word' id='word_1_113' title='bbox 759 1749 860 1811; x_wconf 89' lang='lat' dir='ltr'>est,</span> <span class='ocrx_word' id='word_1_114' title='bbox 913 1752 975 1799; x_wconf 89' lang='lat' dir='ltr'>ut</span> <span class='ocrx_word' id='word_1_115' title='bbox 1010 1746 1165 1800; x_wconf 85' lang='lat' dir='ltr'>illius</span> <span class='ocrx_word' id='word_1_116' title='bbox 1221 1748 1407 1817; x_wconf 84' lang='lat' dir='ltr'>inopia</span> <span class='ocrx_word' id='word_1_117' title='bbox 1455 1763 1552 1801; x_wconf 85' lang='lat' dir='ltr'>nos</span> <span class='ocrx_word' id='word_1_118' title='bbox 1582 1746 1779 1800; x_wconf 77' lang='lat' dir='ltr'>divites</span> 
     </span>
    </p>
   </div>
   <div class='ocr_carea' id='block_1_16' title="bbox 129 1834 1855 1920">
    <p class='ocr_par' dir='ltr' id='par_1_16' title="bbox 129 1834 1855 1920">
     <span class='ocr_line' id='line_1_16' title="bbox 129 1834 1855 1920; baseline -0.002 -30"><span class='ocrx_word' id='word_1_119' title='bbox 129 1852 364 1890; x_wconf 86' lang='lat' dir='ltr'>essemus</span> <span class='ocrx_word' id='word_1_120' title='bbox 393 1837 467 1903; x_wconf 88' lang='lat' dir='ltr'>(II</span> <span class='ocrx_word' id='word_1_121' title='bbox 500 1835 623 1890; x_wconf 86' lang='lat' dir='ltr'>Cor.</span> <span class='ocrx_word' id='word_1_122' title='bbox 656 1853 778 1906; x_wconf 83' lang='lat' dir='ltr'>vm,</span> <span class='ocrx_word' id='word_1_123' title='bbox 805 1836 880 1906; x_wconf 82' lang='lat'>9).</span> <span class='ocrx_word' id='word_1_124' title='bbox 914 1834 1015 1890; x_wconf 89' lang='lat' dir='ltr'>Vel</span> <span class='ocrx_word' id='word_1_125' title='bbox 1049 1835 1279 1906; x_wconf 90' lang='lat' dir='ltr'>unicus,</span> <span class='ocrx_word' id='word_1_126' title='bbox 1330 1835 1582 1907; x_wconf 91' lang='lat' dir='ltr'>populus</span> <span class='ocrx_word' id='word_1_127' title='bbox 1612 1835 1775 1890; x_wconf 92' lang='lat' dir='ltr'>Chri-</span> <span class='ocrx_word' id='word_1_128' title='bbox 1813 1857 1855 1920; x_wconf 78' lang='grc' dir='ltr'>Β</span> 
     </span>
    </p>
   </div>
   <div class='ocr_carea' id='block_1_17' title="bbox 133 1924 1769 1996">
    <p class='ocr_par' dir='ltr' id='par_1_17' title="bbox 133 1924 1769 1996">
     <span class='ocr_line' id='line_1_17' title="bbox 133 1924 1769 1996; baseline -0.001 -16"><span class='ocrx_word' id='word_1_129' title='bbox 133 1925 382 1980; x_wconf 89' lang='lat' dir='ltr'>stianus.</span> <span class='ocrx_word' id='word_1_130' title='bbox 413 1925 522 1980; x_wconf 87' lang='lat' dir='ltr'>Sed</span> <span class='ocrx_word' id='word_1_131' title='bbox 581 1925 726 1980; x_wconf 89' lang='lat' dir='ltr'>bene</span> <span class='ocrx_word' id='word_1_132' title='bbox 758 1941 820 1979; x_wconf 90' lang='lat' dir='ltr'>se</span> <span class='ocrx_word' id='word_1_133' title='bbox 873 1925 1112 1979; x_wconf 90' lang='lat' dir='ltr'>unicum</span> <span class='ocrx_word' id='word_1_134' title='bbox 1143 1925 1302 1996; x_wconf 85' lang='lat' dir='ltr'>dicit,</span> <span class='ocrx_word' id='word_1_135' title='bbox 1337 1926 1475 1996; x_wconf 85' lang='lat' dir='ltr'>quia</span> <span class='ocrx_word' id='word_1_136' title='bbox 1505 1924 1769 1996; x_wconf 86' lang='lat' dir='ltr'>unigeni-</span> 
     </span>
    </p>
   </div>
   <div class='ocr_carea' id='block_1_18' title="bbox 124 2013 1773 2085">
    <p class='ocr_par' dir='ltr' id='par_1_18' title="bbox 124 2013 1773 2085">
     <span class='ocr_line' id='line_1_18' title="bbox 124 2013 1773 2085; baseline -0.001 -17"><span class='ocrx_word' id='word_1_137' title='bbox 124 2018 228 2068; x_wconf 87' lang='lat' dir='ltr'>tus</span> <span class='ocrx_word' id='word_1_138' title='bbox 259 2018 342 2069; x_wconf 90' lang='lat' dir='ltr'>est</span> <span class='ocrx_word' id='word_1_139' title='bbox 367 2013 578 2069; x_wconf 85' lang='lat' dir='ltr'>Patris.</span> <span class='ocrx_word' id='word_1_140' title='bbox 619 2013 726 2076; x_wconf 89' lang='lat' dir='ltr'>Qui</span> <span class='ocrx_word' id='word_1_141' title='bbox 758 2030 979 2085; x_wconf 88' lang='lat' dir='ltr'>pauper</span> <span class='ocrx_word' id='word_1_142' title='bbox 1025 2018 1197 2068; x_wconf 91' lang='lat' dir='ltr'>natus</span> <span class='ocrx_word' id='word_1_143' title='bbox 1240 2013 1297 2067; x_wconf 91' lang='lat' dir='ltr'>in</span> <span class='ocrx_word' id='word_1_144' title='bbox 1339 2030 1532 2083; x_wconf 90' lang='lat' dir='ltr'>carne,</span> <span class='ocrx_word' id='word_1_145' title='bbox 1583 2014 1773 2068; x_wconf 84' lang='lat' dir='ltr'>factus</span> 
     </span>
    </p>
   </div>
   <div class='ocr_carea' id='block_1_19' title="bbox 124 2103 1774 2174">
    <p class='ocr_par' dir='ltr' id='par_1_19' title="bbox 124 2103 1774 2174">
     <span class='ocr_line' id='line_1_19' title="bbox 124 2103 1774 2174; baseline 0 -18"><span class='ocrx_word' id='word_1_146' title='bbox 124 2108 220 2158; x_wconf 88' lang='lat' dir='ltr'>est</span> <span class='ocrx_word' id='word_1_147' title='bbox 253 2103 484 2158; x_wconf 89' lang='lat' dir='ltr'>unicum</span> <span class='ocrx_word' id='word_1_148' title='bbox 518 2103 769 2174; x_wconf 81' lang='lat' dir='ltr'>pretium</span> <span class='ocrx_word' id='word_1_149' title='bbox 805 2103 1032 2157; x_wconf 87' lang='lat' dir='ltr'>mundi.</span> <span class='ocrx_word' id='word_1_150' title='bbox 1064 2125 1092 2152; x_wconf 83' lang='lat'><strong>«</strong></span> <span class='ocrx_word' id='word_1_151' title='bbox 1125 2103 1270 2166; x_wconf 87' lang='lat' dir='ltr'>Quia</span> <span class='ocrx_word' id='word_1_152' title='bbox 1301 2103 1510 2158; x_wconf 85' lang='lat' dir='ltr'>unicus</span> <span class='ocrx_word' id='word_1_153' title='bbox 1538 2108 1592 2158; x_wconf 91' lang='lat' dir='ltr'>et</span> <span class='ocrx_word' id='word_1_154' title='bbox 1625 2119 1774 2173; x_wconf 89' lang='lat' dir='ltr'>pau-</span> 
     </span>
    </p>
   </div>
   <div class='ocr_carea' id='block_1_20' title="bbox 123 2190 1778 2264">
    <p class='ocr_par' dir='ltr' id='par_1_20' title="bbox 123 2190 1778 2264">
     <span class='ocr_line' id='line_1_20' title="bbox 123 2190 1778 2264; baseline -0.001 -18"><span class='ocrx_word' id='word_1_155' title='bbox 123 2208 238 2264; x_wconf 89' lang='lat' dir='ltr'>per</span> <span class='ocrx_word' id='word_1_156' title='bbox 264 2209 390 2246; x_wconf 88' lang='lat' dir='ltr'>sum</span> <span class='ocrx_word' id='word_1_157' title='bbox 439 2209 565 2263; x_wconf 85' lang='lat' dir='ltr'>ego.</span> <span class='ocrx_word' id='word_1_158' title='bbox 605 2213 632 2241; x_wconf 84' lang='lat'>«</span> <span class='ocrx_word' id='word_1_159' title='bbox 687 2191 779 2246; x_wconf 89' lang='lat' dir='ltr'>Sic</span> <span class='ocrx_word' id='word_1_160' title='bbox 832 2197 889 2246; x_wconf 90' lang='lat' dir='ltr'>et</span> <span class='ocrx_word' id='word_1_161' title='bbox 938 2190 1090 2246; x_wconf 85' lang='lat' dir='ltr'>Elias</span> <span class='ocrx_word' id='word_1_162' title='bbox 1137 2193 1299 2248; x_wconf 91' lang='lat' dir='ltr'>solus</span> <span class='ocrx_word' id='word_1_163' title='bbox 1350 2193 1630 2247; x_wconf 86' lang='lat' dir='ltr'>remansit</span> <span class='ocrx_word' id='word_1_164' title='bbox 1680 2193 1778 2258; x_wconf 89' lang='lat' dir='ltr'>(III</span> 
     </span>
    </p>
   </div>
   <div class='ocr_carea' id='block_1_21' title="bbox 121 2280 1773 2351">
    <p class='ocr_par' dir='ltr' id='par_1_21' title="bbox 121 2280 1773 2351">
     <span class='ocr_line' id='line_1_21' title="bbox 121 2280 1773 2351; baseline -0.002 -15"><span class='ocrx_word' id='word_1_165' title='bbox 121 2284 257 2351; x_wconf 77' lang='lat' dir='ltr'>Reg.</span> <span class='ocrx_word' id='word_1_166' title='bbox 297 2298 452 2348; x_wconf 79' lang='lat' dir='ltr'>xvm,</span> <span class='ocrx_word' id='word_1_167' title='bbox 494 2282 626 2347; x_wconf 85' lang='lat'>22);</span> <span class='ocrx_word' id='word_1_168' title='bbox 679 2285 734 2334; x_wconf 88' lang='lat' dir='ltr'>et</span> <span class='ocrx_word' id='word_1_169' title='bbox 778 2280 1062 2334; x_wconf 88' lang='lat' dir='ltr'>Jeremias</span> <span class='ocrx_word' id='word_1_170' title='bbox 1112 2281 1273 2336; x_wconf 90' lang='lat' dir='ltr'>solus</span> <span class='ocrx_word' id='word_1_171' title='bbox 1319 2281 1469 2336; x_wconf 87' lang='lat' dir='ltr'>sedit</span> <span class='ocrx_word' id='word_1_172' title='bbox 1510 2286 1567 2335; x_wconf 88' lang='lat' dir='ltr'>et</span> <span class='ocrx_word' id='word_1_173' title='bbox 1599 2280 1773 2345; x_wconf 83' lang='lat' dir='ltr'>flevit,</span> 
     </span>
    </p>
   </div>
   <div class='ocr_carea' id='block_1_22' title="bbox 124 2368 1775 2440">
    <p class='ocr_par' dir='ltr' id='par_1_22' title="bbox 124 2368 1775 2440">
     <span class='ocr_line' id='line_1_22' title="bbox 124 2368 1775 2440; baseline -0.002 -16"><span class='ocrx_word' id='word_1_174' title='bbox 124 2388 162 2424; x_wconf 88' lang='lat' dir='ltr'>a</span> <span class='ocrx_word' id='word_1_175' title='bbox 228 2368 395 2424; x_wconf 89' lang='lat' dir='ltr'>malis</span> <span class='ocrx_word' id='word_1_176' title='bbox 438 2369 776 2424; x_wconf 90' lang='lat' dir='ltr'>hominibus</span> <span class='ocrx_word' id='word_1_177' title='bbox 823 2374 1127 2440; x_wconf 90' lang='lat' dir='ltr'>separatus</span> <span class='ocrx_word' id='word_1_178' title='bbox 1179 2370 1372 2439; x_wconf 67' lang='lat' dir='ltr'>(Praef.</span> <span class='ocrx_word' id='word_1_179' title='bbox 1427 2372 1485 2424; x_wconf 84' lang='lat' dir='ltr'>in</span> <span class='ocrx_word' id='word_1_180' title='bbox 1539 2369 1775 2437; x_wconf 83' lang='lat' dir='ltr'>Thren.).</span> 
     </span>
    </p>
   </div>
   <div class='ocr_carea' id='block_1_23' title="bbox 135 2456 1783 2528">
    <p class='ocr_par' dir='ltr' id='par_1_23' title="bbox 135 2456 1783 2528">
     <span class='ocr_line' id='line_1_23' title="bbox 135 2456 1783 2528; baseline -0.001 -16"><span class='ocrx_word' id='word_1_181' title='bbox 135 2458 307 2512; x_wconf 83' lang='lat' dir='ltr'>Unde</span> <span class='ocrx_word' id='word_1_182' title='bbox 359 2462 415 2512; x_wconf 91' lang='lat' dir='ltr'>et</span> <span class='ocrx_word' id='word_1_183' title='bbox 475 2457 645 2512; x_wconf 90' lang='lat' dir='ltr'>David</span> <span class='ocrx_word' id='word_1_184' title='bbox 687 2456 823 2512; x_wconf 85' lang='lat' dir='ltr'>alibi</span> <span class='ocrx_word' id='word_1_185' title='bbox 880 2458 1021 2512; x_wconf 90' lang='lat' dir='ltr'>dicit</span> <span class='ocrx_word' id='word_1_186' title='bbox 1080 2475 1092 2512; x_wconf 90' lang='lat'>:</span> <span class='ocrx_word' id='word_1_187' title='bbox 1149 2459 1405 2513; x_wconf 79' lang='lat' dir='ltr'>Habitare</span> <span class='ocrx_word' id='word_1_188' title='bbox 1457 2461 1582 2528; x_wconf 86' lang='lat' dir='ltr'>fecit</span> <span class='ocrx_word' id='word_1_189' title='bbox 1613 2459 1783 2512; x_wconf 85' lang='lat' dir='ltr'>unius</span> 
     </span>
    </p>
   </div>
   <div class='ocr_carea' id='block_1_24' title="bbox 122 2546 1105 2617">
    <p class='ocr_par' dir='ltr' id='par_1_24' title="bbox 122 2546 1105 2617">
     <span class='ocr_line' id='line_1_24' title="bbox 122 2546 1105 2617; baseline 0 -17"><span class='ocrx_word' id='word_1_190' title='bbox 122 2547 316 2601; x_wconf 85' lang='lat' dir='ltr'>moris</span> <span class='ocrx_word' id='word_1_191' title='bbox 347 2546 407 2600; x_wconf 82' lang='lat' dir='ltr'>in</span> <span class='ocrx_word' id='word_1_192' title='bbox 438 2546 593 2600; x_wconf 87' lang='lat' dir='ltr'>domo</span> <span class='ocrx_word' id='word_1_193' title='bbox 623 2546 794 2616; x_wconf 84' lang='lat' dir='ltr'>(Psal.</span> <span class='ocrx_word' id='word_1_194' title='bbox 828 2563 997 2616; x_wconf 74' lang='lat' dir='ltr'>LXVII,</span> <span class='ocrx_word' id='word_1_195' title='bbox 1028 2547 1105 2617; x_wconf 86' lang='lat'>7).</span> 
     </span>
    </p>
   </div>
   <div class='ocr_carea' id='block_1_25' title="bbox 217 2651 1782 2724">
    <p class='ocr_par' dir='ltr' id='par_1_25' title="bbox 217 2651 1782 2724">
     <span class='ocr_line' id='line_1_25' title="bbox 217 2651 1782 2724; baseline 0 -18"><span class='ocrx_word' id='word_1_196' title='bbox 217 2675 247 2701; x_wconf 91' lang='grc'><em>‹‹</em></span> <span class='ocrx_word' id='word_1_197' title='bbox 280 2652 704 2708; x_wconf 90' lang='lat' dir='ltr'>Tribulationes</span> <span class='ocrx_word' id='word_1_198' title='bbox 758 2653 947 2708; x_wconf 90' lang='lat' dir='ltr'>cordis</span> <span class='ocrx_word' id='word_1_199' title='bbox 983 2651 1097 2707; x_wconf 89' lang='lat' dir='ltr'>mei</span> <span class='ocrx_word' id='word_1_200' title='bbox 1129 2651 1526 2724; x_wconf 71' lang='lat' dir='ltr'>multiplicatae</span> <span class='ocrx_word' id='word_1_201' title='bbox 1558 2658 1712 2708; x_wconf 91' lang='lat' dir='ltr'>sunt.</span> <span class='ocrx_word' id='word_1_202' title='bbox 1755 2676 1782 2700; x_wconf 88' lang='grc'><strong>››</strong></span> 
     </span>
    </p>
   </div>
   <div class='ocr_carea' id='block_1_26' title="bbox 128 2740 1784 2810">
    <p class='ocr_par' dir='ltr' id='par_1_26' title="bbox 128 2740 1784 2810">
     <span class='ocr_line' id='line_1_26' title="bbox 128 2740 1784 2810; baseline 0.001 -15"><span class='ocrx_word' id='word_1_203' title='bbox 128 2742 252 2796; x_wconf 90' lang='lat' dir='ltr'>Per</span> <span class='ocrx_word' id='word_1_204' title='bbox 301 2740 651 2810; x_wconf 88' lang='lat' dir='ltr'>passionem.</span> <span class='ocrx_word' id='word_1_205' title='bbox 702 2763 730 2790; x_wconf 83' lang='lat'><strong>«</strong></span> <span class='ocrx_word' id='word_1_206' title='bbox 779 2741 858 2795; x_wconf 90' lang='lat' dir='ltr'>De</span> <span class='ocrx_word' id='word_1_207' title='bbox 919 2740 1364 2796; x_wconf 87' lang='lat' dir='ltr'>necessitatibus</span> <span class='ocrx_word' id='word_1_208' title='bbox 1436 2740 1582 2796; x_wconf 90' lang='lat' dir='ltr'>meis</span> <span class='ocrx_word' id='word_1_209' title='bbox 1648 2758 1784 2796; x_wconf 90' lang='lat' dir='ltr'>erue</span> 
     </span>
    </p>
   </div>
   <div class='ocr_carea' id='block_1_27' title="bbox 129 2829 1784 2900">
    <p class='ocr_par' dir='ltr' id='par_1_27' title="bbox 129 2829 1784 2900">
     <span class='ocr_line' id='line_1_27' title="bbox 129 2829 1784 2900; baseline -0.001 -16"><span class='ocrx_word' id='word_1_210' title='bbox 129 2845 260 2884; x_wconf 89' lang='lat' dir='ltr'>me.</span> <span class='ocrx_word' id='word_1_211' title='bbox 294 2851 321 2876; x_wconf 86' lang='grc'>››</span> <span class='ocrx_word' id='word_1_212' title='bbox 354 2829 740 2884; x_wconf 85' lang='lat' dir='ltr'>Necessitates</span> <span class='ocrx_word' id='word_1_213' title='bbox 799 2845 939 2884; x_wconf 62' lang='lat' dir='ltr'>meae</span> <span class='ocrx_word' id='word_1_214' title='bbox 971 2835 1129 2894; x_wconf 91' lang='lat' dir='ltr'>sunt,</span> <span class='ocrx_word' id='word_1_215' title='bbox 1162 2835 1225 2883; x_wconf 91' lang='lat' dir='ltr'>ut</span> <span class='ocrx_word' id='word_1_216' title='bbox 1256 2829 1428 2885; x_wconf 90' lang='lat' dir='ltr'>homo</span> <span class='ocrx_word' id='word_1_217' title='bbox 1461 2847 1562 2900; x_wconf 92' lang='lat' dir='ltr'>pro</span> <span class='ocrx_word' id='word_1_218' title='bbox 1598 2831 1784 2885; x_wconf 93' lang='lat' dir='ltr'>homi-</span> 
     </span>
    </p>
   </div>
   <div class='ocr_carea' id='block_1_28' title="bbox 127 2917 1694 2990">
    <p class='ocr_par' dir='ltr' id='par_1_28' title="bbox 127 2917 1694 2990">
     <span class='ocr_line' id='line_1_28' title="bbox 127 2917 1694 2990; baseline 0 -18"><span class='ocrx_word' id='word_1_219' title='bbox 127 2918 318 2972; x_wconf 85' lang='lat' dir='ltr'>nibus</span> <span class='ocrx_word' id='word_1_220' title='bbox 350 2917 588 2984; x_wconf 87' lang='lat' dir='ltr'>moriar,</span> <span class='ocrx_word' id='word_1_221' title='bbox 620 2922 678 2972; x_wconf 90' lang='lat' dir='ltr'>et</span> <span class='ocrx_word' id='word_1_222' title='bbox 707 2917 834 2972; x_wconf 89' lang='lat' dir='ltr'>ideo</span> <span class='ocrx_word' id='word_1_223' title='bbox 867 2923 981 2972; x_wconf 89' lang='lat' dir='ltr'>ate</span> <span class='ocrx_word' id='word_1_224' title='bbox 1010 2917 1242 2989; x_wconf 91' lang='lat' dir='ltr'>eripiar,</span> <span class='ocrx_word' id='word_1_225' title='bbox 1277 2924 1338 2971; x_wconf 94' lang='lat' dir='ltr'>ut</span> <span class='ocrx_word' id='word_1_226' title='bbox 1372 2935 1694 2990; x_wconf 85' lang='lat' dir='ltr'>resurgam.</span> 
     </span>
    </p>
   </div>
   <div class='ocr_carea' id='block_1_29' title="bbox 214 3022 1789 3094">
    <p class='ocr_par' dir='ltr' id='par_1_29' title="bbox 214 3022 1789 3094">
     <span class='ocr_line' id='line_1_29' title="bbox 214 3022 1789 3094; baseline 0.002 -20"><span class='ocrx_word' id='word_1_227' title='bbox 214 3045 246 3070; x_wconf 90' lang='grc'>‹‹</span> <span class='ocrx_word' id='word_1_228' title='bbox 275 3022 414 3077; x_wconf 87' lang='lat' dir='ltr'>Vide</span> <span class='ocrx_word' id='word_1_229' title='bbox 444 3022 836 3078; x_wconf 88' lang='lat' dir='ltr'>humilitatem</span> <span class='ocrx_word' id='word_1_230' title='bbox 869 3040 1082 3078; x_wconf 90' lang='lat' dir='ltr'>meam.</span> <span class='ocrx_word' id='word_1_231' title='bbox 1135 3046 1163 3072; x_wconf 86' lang='grc'><strong>››</strong></span> <span class='ocrx_word' id='word_1_232' title='bbox 1212 3024 1314 3077; x_wconf 86' lang='lat' dir='ltr'>Per</span> <span class='ocrx_word' id='word_1_233' title='bbox 1343 3041 1519 3094; x_wconf 90' lang='lat' dir='ltr'>quam</span> <span class='ocrx_word' id='word_1_234' title='bbox 1553 3040 1789 3078; x_wconf 83' lang='lat' dir='ltr'>carnem</span> 
     </span>
    </p>
   </div>
   <div class='ocr_carea' id='block_1_30' title="bbox 123 3111 1788 3182">
    <p class='ocr_par' dir='ltr' id='par_1_30' title="bbox 123 3111 1788 3182">
     <span class='ocr_line' id='line_1_30' title="bbox 123 3111 1788 3182; baseline 0 -16"><span class='ocrx_word' id='word_1_235' title='bbox 123 3111 391 3182; x_wconf 85' lang='lat' dir='ltr'>suscepi.</span> <span class='ocrx_word' id='word_1_236' title='bbox 428 3135 453 3160; x_wconf 91' lang='grc'>‹‹</span> <span class='ocrx_word' id='word_1_237' title='bbox 489 3112 556 3165; x_wconf 89' lang='lat' dir='ltr'>Et</span> <span class='ocrx_word' id='word_1_238' title='bbox 589 3111 844 3167; x_wconf 89' lang='lat' dir='ltr'>laborem</span> <span class='ocrx_word' id='word_1_239' title='bbox 881 3128 1096 3166; x_wconf 87' lang='lat' dir='ltr'>meum.</span> <span class='ocrx_word' id='word_1_240' title='bbox 1133 3134 1162 3162; x_wconf 83' lang='lat'><strong>»</strong></span> <span class='ocrx_word' id='word_1_241' title='bbox 1194 3112 1317 3175; x_wconf 91' lang='lat' dir='ltr'>Quo</span> <span class='ocrx_word' id='word_1_242' title='bbox 1347 3112 1517 3166; x_wconf 90' lang='lat' dir='ltr'>morti</span> <span class='ocrx_word' id='word_1_243' title='bbox 1548 3113 1788 3167; x_wconf 89' lang='lat' dir='ltr'>subdor.</span> 
     </span>
    </p>
   </div>
   <div class='ocr_carea' id='block_1_31' title="bbox 125 3199 1787 3256">
    <p class='ocr_par' dir='ltr' id='par_1_31' title="bbox 125 3199 1787 3256">
     <span class='ocr_line' id='line_1_31' title="bbox 125 3199 1787 3256; baseline 0.001 -4"><span class='ocrx_word' id='word_1_244' title='bbox 125 3199 250 3254; x_wconf 86' lang='lat' dir='ltr'>Vel</span> <span class='ocrx_word' id='word_1_245' title='bbox 280 3199 448 3254; x_wconf 90' lang='lat' dir='ltr'>aliter</span> <span class='ocrx_word' id='word_1_246' title='bbox 482 3218 494 3255; x_wconf 95' lang='lat'>:</span> <span class='ocrx_word' id='word_1_247' title='bbox 529 3223 555 3249; x_wconf 83' lang='lat'>«</span> <span class='ocrx_word' id='word_1_248' title='bbox 589 3200 730 3255; x_wconf 87' lang='lat' dir='ltr'>Vide</span> <span class='ocrx_word' id='word_1_249' title='bbox 778 3200 1170 3255; x_wconf 88' lang='lat' dir='ltr'>humilitatem</span> <span class='ocrx_word' id='word_1_250' title='bbox 1222 3216 1412 3255; x_wconf 89' lang='lat' dir='ltr'>meam</span> <span class='ocrx_word' id='word_1_251' title='bbox 1443 3207 1500 3256; x_wconf 91' lang='lat' dir='ltr'>et</span> <span class='ocrx_word' id='word_1_252' title='bbox 1530 3201 1787 3256; x_wconf 87' lang='lat' dir='ltr'>laborem</span> 
     </span>
    </p>
   </div>
   <div class='ocr_carea' id='block_1_32' title="bbox 133 3288 1790 3358">
    <p class='ocr_par' dir='ltr' id='par_1_32' title="bbox 133 3288 1790 3358">
     <span class='ocr_line' id='line_1_32' title="bbox 133 3288 1790 3358; baseline 0 -14"><span class='ocrx_word' id='word_1_253' title='bbox 133 3305 370 3344; x_wconf 87' lang='lat' dir='ltr'>meum.</span> <span class='ocrx_word' id='word_1_254' title='bbox 403 3311 430 3336; x_wconf 87' lang='lat'>»</span> <span class='ocrx_word' id='word_1_255' title='bbox 463 3288 987 3358; x_wconf 84' lang='lat' dir='ltr'>Ecclesialoquitur</span> <span class='ocrx_word' id='word_1_256' title='bbox 1019 3289 1088 3343; x_wconf 84' lang='lat' dir='ltr'>ad</span> <span class='ocrx_word' id='word_1_257' title='bbox 1147 3288 1442 3344; x_wconf 91' lang='lat' dir='ltr'>Christum</span> <span class='ocrx_word' id='word_1_258' title='bbox 1476 3307 1488 3344; x_wconf 94' lang='lat'>:</span> <span class='ocrx_word' id='word_1_259' title='bbox 1527 3312 1553 3339; x_wconf 85' lang='grc'><em>‹‹</em></span> <span class='ocrx_word' id='word_1_260' title='bbox 1588 3293 1790 3344; x_wconf 85' lang='lat' dir='ltr'>Humi-</span> 
     </span>
    </p>
   </div>
   <div class='ocr_carea' id='block_1_33' title="bbox 127 3377 1792 3448">
    <p class='ocr_par' dir='ltr' id='par_1_33' title="bbox 127 3377 1792 3448">
     <span class='ocr_line' id='line_1_33' title="bbox 127 3377 1792 3448; baseline 0 -16"><span class='ocrx_word' id='word_1_261' title='bbox 127 3380 383 3446; x_wconf 81' lang='lat' dir='ltr'>litatem,</span> <span class='ocrx_word' id='word_1_262' title='bbox 417 3377 557 3448; x_wconf 88' lang='lat' dir='ltr'>quia</span> <span class='ocrx_word' id='word_1_263' title='bbox 615 3377 928 3431; x_wconf 89' lang='lat' dir='ltr'>humiliant</span> <span class='ocrx_word' id='word_1_264' title='bbox 957 3393 1084 3432; x_wconf 88' lang='lat' dir='ltr'>eam</span> <span class='ocrx_word' id='word_1_265' title='bbox 1119 3384 1472 3448; x_wconf 84' lang='lat' dir='ltr'>peccatores.</span> <span class='ocrx_word' id='word_1_266' title='bbox 1508 3381 1792 3447; x_wconf 83' lang='lat' dir='ltr'>Laborem,</span> 
     </span>
    </p>
   </div>
   <div class='ocr_carea' id='block_1_34' title="bbox 127 3464 1787 3523">
    <p class='ocr_par' dir='ltr' id='par_1_34' title="bbox 127 3464 1787 3523">
     <span class='ocr_line' id='line_1_34' title="bbox 127 3464 1787 3523; baseline -0.002 -3"><span class='ocrx_word' id='word_1_267' title='bbox 127 3467 204 3520; x_wconf 92' lang='lat' dir='ltr'>in</span> <span class='ocrx_word' id='word_1_268' title='bbox 243 3464 635 3520; x_wconf 86' lang='lat' dir='ltr'>tribulatione.</span> <span class='ocrx_word' id='word_1_269' title='bbox 675 3488 694 3514; x_wconf 78' lang='grc' dir='ltr'>ι</span> <span class='ocrx_word' id='word_1_270' title='bbox 730 3467 798 3520; x_wconf 92' lang='lat' dir='ltr'>Et</span> <span class='ocrx_word' id='word_1_271' title='bbox 830 3465 1056 3522; x_wconf 86' lang='lat' dir='ltr'>dimitte</span> <span class='ocrx_word' id='word_1_272' title='bbox 1086 3467 1282 3522; x_wconf 87' lang='lat' dir='ltr'>omnia</span> <span class='ocrx_word' id='word_1_273' title='bbox 1313 3467 1522 3522; x_wconf 82' lang='lat' dir='ltr'>delicta</span> <span class='ocrx_word' id='word_1_274' title='bbox 1559 3485 1704 3523; x_wconf 89' lang='lat' dir='ltr'>mea.</span> <span class='ocrx_word' id='word_1_275' title='bbox 1767 3489 1787 3517; x_wconf 73' lang='grc' dir='ltr'><strong><em>ι</em></strong></span> 
     </span>
    </p>
   </div>
   <div class='ocr_carea' id='block_1_35' title="bbox 131 3553 1269 3627">
    <p class='ocr_par' dir='ltr' id='par_1_35' title="bbox 131 3553 1269 3627">
     <span class='ocr_line' id='line_1_35' title="bbox 131 3553 1269 3627; baseline 0 -19"><span class='ocrx_word' id='word_1_276' title='bbox 131 3553 356 3625; x_wconf 90' lang='lat' dir='ltr'>Populi</span> <span class='ocrx_word' id='word_1_277' title='bbox 390 3553 620 3622; x_wconf 88' lang='lat' dir='ltr'>delicta,</span> <span class='ocrx_word' id='word_1_278' title='bbox 652 3571 777 3624; x_wconf 67' lang='lat' dir='ltr'>quae</span> <span class='ocrx_word' id='word_1_279' title='bbox 799 3555 858 3608; x_wconf 91' lang='lat' dir='ltr'>in</span> <span class='ocrx_word' id='word_1_280' title='bbox 892 3571 982 3609; x_wconf 91' lang='lat' dir='ltr'>me</span> <span class='ocrx_word' id='word_1_281' title='bbox 1012 3557 1269 3627; x_wconf 91' lang='lat' dir='ltr'>suscepi.</span> 
     </span>
    </p>
   </div>
   <div class='ocr_carea' id='block_1_36' title="bbox 222 3659 1795 3734">
    <p class='ocr_par' dir='ltr' id='par_1_36' title="bbox 222 3659 1795 3734">
     <span class='ocr_line' id='line_1_36' title="bbox 222 3659 1795 3734; baseline 0.003 -21"><span class='ocrx_word' id='word_1_282' title='bbox 222 3683 242 3706; x_wconf 77' lang='grc' dir='ltr'>ι</span> <span class='ocrx_word' id='word_1_283' title='bbox 280 3660 515 3730; x_wconf 81' lang='lat' dir='ltr'>Respice</span> <span class='ocrx_word' id='word_1_284' title='bbox 546 3659 814 3714; x_wconf 91' lang='lat' dir='ltr'>inimicos</span> <span class='ocrx_word' id='word_1_285' title='bbox 847 3676 1029 3717; x_wconf 91' lang='lat' dir='ltr'>meos.</span> <span class='ocrx_word' id='word_1_286' title='bbox 1092 3685 1114 3712; x_wconf 75' lang='grc' dir='ltr'><strong><em>ι</em></strong></span> <span class='ocrx_word' id='word_1_287' title='bbox 1176 3662 1410 3718; x_wconf 77' lang='lat' dir='ltr'>Iudaeos</span> <span class='ocrx_word' id='word_1_288' title='bbox 1469 3663 1691 3734; x_wconf 89' lang='lat' dir='ltr'>utique,</span> <span class='ocrx_word' id='word_1_289' title='bbox 1731 3667 1795 3717; x_wconf 90' lang='lat' dir='ltr'>ut</span> 
     </span>
    </p>
   </div>
   <div class='ocr_carea' id='block_1_37' title="bbox 124 3747 1794 3821">
    <p class='ocr_par' dir='ltr' id='par_1_37' title="bbox 124 3747 1794 3821">
     <span class='ocr_line' id='line_1_37' title="bbox 124 3747 1794 3821; baseline 0.001 -18"><span class='ocrx_word' id='word_1_290' title='bbox 124 3747 596 3803; x_wconf 86' lang='lat' dir='ltr'>confundantur.</span> <span class='ocrx_word' id='word_1_291' title='bbox 631 3770 659 3795; x_wconf 87' lang='lat'>»</span> <span class='ocrx_word' id='word_1_292' title='bbox 689 3747 931 3819; x_wconf 82' lang='lat' dir='ltr'>Respice</span> <span class='ocrx_word' id='word_1_293' title='bbox 989 3749 1260 3805; x_wconf 90' lang='lat' dir='ltr'>inimicos</span> <span class='ocrx_word' id='word_1_294' title='bbox 1293 3767 1472 3816; x_wconf 90' lang='lat' dir='ltr'>meos,</span> <span class='ocrx_word' id='word_1_295' title='bbox 1513 3752 1794 3821; x_wconf 87' lang='lat' dir='ltr'>quoniam</span> 
     </span>
    </p>
   </div>
   <div class='ocr_carea' id='block_1_38' title="bbox 123 3834 1792 3910">
    <p class='ocr_par' dir='ltr' id='par_1_38' title="bbox 123 3834 1792 3910">
     <span class='ocr_line' id='line_1_38' title="bbox 123 3834 1792 3910; baseline 0.001 -18"><span class='ocrx_word' id='word_1_296' title='bbox 123 3834 519 3905; x_wconf 85' lang='lat' dir='ltr'>multiplicati</span> <span class='ocrx_word' id='word_1_297' title='bbox 547 3841 705 3891; x_wconf 89' lang='lat' dir='ltr'>sunt.</span> <span class='ocrx_word' id='word_1_298' title='bbox 727 3860 754 3884; x_wconf 84' lang='lat'><em>»</em></span> <span class='ocrx_word' id='word_1_299' title='bbox 777 3841 899 3892; x_wconf 81' lang='lat' dir='ltr'>Vox</span> <span class='ocrx_word' id='word_1_300' title='bbox 920 3836 1184 3893; x_wconf 72' lang='lat' dir='ltr'>Ecclesiae</span> <span class='ocrx_word' id='word_1_301' title='bbox 1207 3839 1277 3893; x_wconf 92' lang='lat' dir='ltr'>de</span> <span class='ocrx_word' id='word_1_302' title='bbox 1301 3840 1792 3910; x_wconf 88' lang='lat' dir='ltr'>persecutoribus.</span> 
     </span>
    </p>
   </div>
   <div class='ocr_carea' id='block_1_39' title="bbox 121 3923 1793 3998">
    <p class='ocr_par' dir='ltr' id='par_1_39' title="bbox 121 3923 1793 3998">
     <span class='ocr_line' id='line_1_39' title="bbox 121 3923 1793 3998; baseline 0.005 -24"><span class='ocrx_word' id='word_1_303' title='bbox 121 3950 156 3974; x_wconf 86' lang='grc'>‹‹</span> <span class='ocrx_word' id='word_1_304' title='bbox 207 3924 354 3978; x_wconf 90' lang='lat' dir='ltr'>0dio</span> <span class='ocrx_word' id='word_1_305' title='bbox 384 3923 588 3996; x_wconf 90' lang='lat' dir='ltr'>iniquo</span> <span class='ocrx_word' id='word_1_306' title='bbox 642 3925 891 3980; x_wconf 92' lang='lat' dir='ltr'>oderunt</span> <span class='ocrx_word' id='word_1_307' title='bbox 934 3943 1047 3982; x_wconf 89' lang='lat' dir='ltr'>me.</span> <span class='ocrx_word' id='word_1_308' title='bbox 1086 3950 1112 3974; x_wconf 84' lang='lat'>»</span> <span class='ocrx_word' id='word_1_309' title='bbox 1157 3927 1429 3998; x_wconf 88' lang='lat' dir='ltr'>Iniquum</span> <span class='ocrx_word' id='word_1_310' title='bbox 1489 3928 1688 3982; x_wconf 87' lang='lat' dir='ltr'>odium</span> <span class='ocrx_word' id='word_1_311' title='bbox 1723 3929 1793 3982; x_wconf 91' lang='lat' dir='ltr'>ad</span> 
     </span>
    </p>
   </div>
   <div class='ocr_carea' id='block_1_40' title="bbox 115 4012 1797 4084">
    <p class='ocr_par' dir='ltr' id='par_1_40' title="bbox 115 4012 1797 4084">
     <span class='ocr_line' id='line_1_40' title="bbox 115 4012 1797 4084; baseline 0.001 -17"><span class='ocrx_word' id='word_1_312' title='bbox 115 4012 582 4068; x_wconf 86' lang='lat' dir='ltr'>distinctionem</span> <span class='ocrx_word' id='word_1_313' title='bbox 604 4014 754 4084; x_wconf 87' lang='lat' dir='ltr'>justi</span> <span class='ocrx_word' id='word_1_314' title='bbox 781 4013 1012 4069; x_wconf 91' lang='lat' dir='ltr'>dicitur.</span> <span class='ocrx_word' id='word_1_315' title='bbox 1075 4015 1132 4070; x_wconf 93' lang='lat' dir='ltr'>Si</span> <span class='ocrx_word' id='word_1_316' title='bbox 1189 4015 1344 4070; x_wconf 86' lang='lat' dir='ltr'>enim</span> <span class='ocrx_word' id='word_1_317' title='bbox 1390 4033 1503 4070; x_wconf 90' lang='lat' dir='ltr'>nan</span> <span class='ocrx_word' id='word_1_318' title='bbox 1537 4017 1797 4071; x_wconf 89' lang='lat' dir='ltr'>odissent</span> 
     </span>
    </p>
   </div>
   <div class='ocr_carea' id='block_1_41' title="bbox 119 4103 1402 4173">
    <p class='ocr_par' dir='ltr' id='par_1_41' title="bbox 119 4103 1402 4173">
     <span class='ocr_line' id='line_1_41' title="bbox 119 4103 1402 4173; baseline 0.001 -16"><span class='ocrx_word' id='word_1_319' title='bbox 119 4118 261 4171; x_wconf 87' lang='lat' dir='ltr'>me,</span> <span class='ocrx_word' id='word_1_320' title='bbox 298 4118 412 4156; x_wconf 92' lang='lat' dir='ltr'>non</span> <span class='ocrx_word' id='word_1_321' title='bbox 442 4103 645 4173; x_wconf 88' lang='lat' dir='ltr'>utique</span> <span class='ocrx_word' id='word_1_322' title='bbox 675 4103 1167 4159; x_wconf 89' lang='lat' dir='ltr'>condemnassent</span> <span class='ocrx_word' id='word_1_323' title='bbox 1196 4110 1402 4160; x_wconf 91' lang='lat' dir='ltr'>morte.</span> 
     </span>
    </p>
   </div>
   <div class='ocr_carea' id='block_1_42' title="bbox 215 4206 1795 4282">
    <p class='ocr_par' dir='ltr' id='par_1_42' title="bbox 215 4206 1795 4282">
     <span class='ocr_line' id='line_1_42' title="bbox 215 4206 1795 4282; baseline 0.005 -24"><span class='ocrx_word' id='word_1_324' title='bbox 215 4231 240 4255; x_wconf 76' lang='grc' dir='ltr'>«ε</span> <span class='ocrx_word' id='word_1_325' title='bbox 281 4206 520 4262; x_wconf 88' lang='lat' dir='ltr'>Custodi</span> <span class='ocrx_word' id='word_1_326' title='bbox 579 4209 838 4264; x_wconf 89' lang='lat' dir='ltr'>animam</span> <span class='ocrx_word' id='word_1_327' title='bbox 897 4226 1111 4276; x_wconf 90' lang='lat' dir='ltr'>meam,</span> <span class='ocrx_word' id='word_1_328' title='bbox 1171 4216 1228 4265; x_wconf 91' lang='lat' dir='ltr'>et</span> <span class='ocrx_word' id='word_1_329' title='bbox 1271 4210 1428 4282; x_wconf 86' lang='lat' dir='ltr'>eripe</span> <span class='ocrx_word' id='word_1_330' title='bbox 1459 4228 1569 4266; x_wconf 90' lang='lat' dir='ltr'>me.</span> <span class='ocrx_word' id='word_1_331' title='bbox 1602 4211 1795 4266; x_wconf 86' lang='lat' dir='ltr'>Eccle-</span> 
     </span>
    </p>
   </div>
   <div class='ocr_carea' id='block_1_43' title="bbox 120 4295 1793 4370">
    <p class='ocr_par' dir='ltr' id='par_1_43' title="bbox 120 4295 1793 4370">
     <span class='ocr_line' id='line_1_43' title="bbox 120 4295 1793 4370; baseline 0.002 -18"><span class='ocrx_word' id='word_1_332' title='bbox 120 4297 236 4352; x_wconf 88' lang='lat' dir='ltr'>sia</span> <span class='ocrx_word' id='word_1_333' title='bbox 266 4295 564 4368; x_wconf 90' lang='lat' dir='ltr'>supplicat</span> <span class='ocrx_word' id='word_1_334' title='bbox 617 4303 679 4352; x_wconf 93' lang='lat' dir='ltr'>ut</span> <span class='ocrx_word' id='word_1_335' title='bbox 728 4300 1094 4354; x_wconf 88' lang='lat' dir='ltr'>custodiatur</span> <span class='ocrx_word' id='word_1_336' title='bbox 1140 4303 1197 4354; x_wconf 91' lang='lat' dir='ltr'>et</span> <span class='ocrx_word' id='word_1_337' title='bbox 1225 4300 1506 4370; x_wconf 89' lang='lat' dir='ltr'>eripiatur</span> <span class='ocrx_word' id='word_1_338' title='bbox 1535 4301 1605 4355; x_wconf 91' lang='lat' dir='ltr'>ab</span> <span class='ocrx_word' id='word_1_339' title='bbox 1635 4301 1793 4355; x_wconf 90' lang='lat' dir='ltr'>omni</span> 
     </span>
    </p>
   </div>
   <div class='ocr_carea' id='block_1_44' title="bbox 119 4385 1794 4458">
    <p class='ocr_par' dir='ltr' id='par_1_44' title="bbox 119 4385 1794 4458">
     <span class='ocr_line' id='line_1_44' title="bbox 119 4385 1794 4458; baseline 0.002 -17"><span class='ocrx_word' id='word_1_340' title='bbox 119 4385 328 4441; x_wconf 85' lang='lat' dir='ltr'>malo.</span> <span class='ocrx_word' id='word_1_341' title='bbox 395 4409 416 4433; x_wconf 76' lang='grc' dir='ltr'><strong>ε</strong></span> <span class='ocrx_word' id='word_1_342' title='bbox 478 4389 605 4442; x_wconf 86' lang='lat' dir='ltr'>Non</span> <span class='ocrx_word' id='word_1_343' title='bbox 663 4388 1004 4458; x_wconf 85' lang='lat' dir='ltr'>confundar,</span> <span class='ocrx_word' id='word_1_344' title='bbox 1073 4389 1211 4458; x_wconf 90' lang='lat' dir='ltr'>quia</span> <span class='ocrx_word' id='word_1_345' title='bbox 1258 4389 1516 4444; x_wconf 87' lang='lat' dir='ltr'>invocavi</span> <span class='ocrx_word' id='word_1_346' title='bbox 1567 4395 1640 4444; x_wconf 89' lang='lat' dir='ltr'>te.</span> <span class='ocrx_word' id='word_1_347' title='bbox 1678 4413 1705 4438; x_wconf 81' lang='grc'>››</span> <span class='ocrx_word' id='word_1_348' title='bbox 1735 4390 1794 4444; x_wconf 89' lang='lat' dir='ltr'>In</span> 
     </span>
    </p>
   </div>
   <div class='ocr_carea' id='block_1_45' title="bbox 115 4477 1796 4547">
    <p class='ocr_par' dir='ltr' id='par_1_45' title="bbox 115 4477 1796 4547">
     <span class='ocr_line' id='line_1_45' title="bbox 115 4477 1796 4547; baseline 0.002 -17"><span class='ocrx_word' id='word_1_349' title='bbox 115 4491 365 4530; x_wconf 88' lang='lat' dir='ltr'>manus</span> <span class='ocrx_word' id='word_1_350' title='bbox 425 4481 559 4531; x_wconf 91' lang='lat' dir='ltr'>tuas</span> <span class='ocrx_word' id='word_1_351' title='bbox 620 4477 965 4531; x_wconf 90' lang='lat' dir='ltr'>commendo</span> <span class='ocrx_word' id='word_1_352' title='bbox 1017 4477 1290 4547; x_wconf 87' lang='lat' dir='ltr'>spiritum</span> <span class='ocrx_word' id='word_1_353' title='bbox 1350 4493 1566 4532; x_wconf 89' lang='lat' dir='ltr'>meum.</span> <span class='ocrx_word' id='word_1_354' title='bbox 1609 4478 1796 4532; x_wconf 82' lang='lat' dir='ltr'>«Non</span> 
     </span>
    </p>
   </div>
   <div class='ocr_carea' id='block_1_46' title="bbox 1290 356 2339 418">
    <p class='ocr_par' dir='ltr' id='par_1_46' title="bbox 1290 356 2339 418">
     <span class='ocr_line' id='line_1_46' title="bbox 1290 356 2339 418; baseline 0.001 -3"><span class='ocrx_word' id='word_1_355' title='bbox 1290 356 1786 418; x_wconf 77' lang='lat' dir='ltr'>BREVIARIUM</span> <span class='ocrx_word' id='word_1_356' title='bbox 1833 358 1908 417; x_wconf 86' lang='grc' dir='ltr'>ΙΝ</span> <span class='ocrx_word' id='word_1_357' title='bbox 1957 359 2339 418; x_wconf 82' lang='lat' dir='ltr'>PSALMOS.</span> 
     </span>
    </p>
   </div>
   <div class='ocr_carea' id='block_1_47' title="bbox 139 486 1867 558">
    <p class='ocr_par' dir='ltr' id='par_1_47' title="bbox 139 486 1867 558">
     <span class='ocr_line' id='line_1_47' title="bbox 139 486 1867 558; baseline -0.003 -14"><span class='ocrx_word' id='word_1_358' title='bbox 139 494 222 544; x_wconf 86' lang='lat' dir='ltr'>est</span> <span class='ocrx_word' id='word_1_359' title='bbox 250 488 467 542; x_wconf 89' lang='lat' dir='ltr'>Novum</span> <span class='ocrx_word' id='word_1_360' title='bbox 501 486 967 540; x_wconf 89' lang='lat' dir='ltr'>Testamentum.</span> <span class='ocrx_word' id='word_1_361' title='bbox 1027 486 1139 540; x_wconf 79' lang='lat' dir='ltr'>Lex</span> <span class='ocrx_word' id='word_1_362' title='bbox 1197 503 1326 558; x_wconf 72' lang='lat' dir='ltr'>qua)</span> <span class='ocrx_word' id='word_1_363' title='bbox 1381 502 1513 540; x_wconf 89' lang='lat' dir='ltr'>eum</span> <span class='ocrx_word' id='word_1_364' title='bbox 1551 504 1780 540; x_wconf 88' lang='lat' dir='ltr'>annun-</span> <span class='ocrx_word' id='word_1_365' title='bbox 1813 492 1867 555; x_wconf 76' lang='grc' dir='ltr'><strong>Α</strong></span> 
     </span>
    </p>
   </div>
   <div class='ocr_carea' id='block_1_48' title="bbox 3381 359 3552 426">
    <p class='ocr_par' dir='ltr' id='par_1_48' title="bbox 3381 359 3552 426">
     <span class='ocr_line' id='line_1_48' title="bbox 3381 359 3552 426; baseline -0.053 0"><span class='ocrx_word' id='word_1_366' title='bbox 3381 419 3388 426; x_wconf 93' lang='grc'><strong><em>.</em></strong></span> <span class='ocrx_word' id='word_1_367' title='bbox 3425 359 3552 420; x_wconf 76' lang='grc'>946</span> 
     </span>
    </p>
   </div>
   <div class='ocr_carea' id='block_1_49' title="bbox 1969 487 3548 553">
    <p class='ocr_par' dir='ltr' id='par_1_49' title="bbox 1969 487 3548 553">
     <span class='ocr_line' id='line_1_49' title="bbox 1969 487 3548 553; baseline 0.005 -17"><span class='ocrx_word' id='word_1_368' title='bbox 1969 511 1997 536; x_wconf 91' lang='grc'>‹‹</span> <span class='ocrx_word' id='word_1_369' title='bbox 2032 487 2233 542; x_wconf 90' lang='lat' dir='ltr'>Libera</span> <span class='ocrx_word' id='word_1_370' title='bbox 2266 504 2380 551; x_wconf 75' lang='lat' dir='ltr'>me,</span> <span class='ocrx_word' id='word_1_371' title='bbox 2432 491 2580 540; x_wconf 92' lang='lat' dir='ltr'>Deus</span> <span class='ocrx_word' id='word_1_372' title='bbox 2634 487 2833 553; x_wconf 89' lang='lat' dir='ltr'>Israel,</span> <span class='ocrx_word' id='word_1_373' title='bbox 2883 503 2950 540; x_wconf 84' lang='lat' dir='ltr'>ex</span> <span class='ocrx_word' id='word_1_374' title='bbox 2998 489 3270 543; x_wconf 89' lang='lat' dir='ltr'>omnibus</span> <span class='ocrx_word' id='word_1_375' title='bbox 3301 489 3548 544; x_wconf 90' lang='lat' dir='ltr'>tribula-</span> 
     </span>
    </p>
   </div>
   <div class='ocr_carea' id='block_1_50' title="bbox 1896 573 3544 633">
    <p class='ocr_par' dir='ltr' id='par_1_50' title="bbox 1896 573 3544 633">
     <span class='ocr_line' id='line_1_50' title="bbox 1896 573 3544 633; baseline 0.002 -4"><span class='ocrx_word' id='word_1_376' title='bbox 1896 575 2156 630; x_wconf 87' lang='lat' dir='ltr'>tionibus</span> <span class='ocrx_word' id='word_1_377' title='bbox 2187 576 2352 630; x_wconf 90' lang='lat' dir='ltr'>meis.</span> <span class='ocrx_word' id='word_1_378' title='bbox 2388 598 2416 626; x_wconf 93' lang='grc'><strong>››</strong></span> <span class='ocrx_word' id='word_1_379' title='bbox 2448 575 2519 630; x_wconf 89' lang='lat' dir='ltr'>Ut</span> <span class='ocrx_word' id='word_1_380' title='bbox 2551 574 2695 628; x_wconf 89' lang='lat' dir='ltr'>mihi</span> <span class='ocrx_word' id='word_1_381' title='bbox 2728 591 2884 629; x_wconf 89' lang='lat' dir='ltr'>mors</span> <span class='ocrx_word' id='word_1_382' title='bbox 2937 573 3086 629; x_wconf 93' lang='lat' dir='ltr'>ultra</span> <span class='ocrx_word' id='word_1_383' title='bbox 3115 593 3228 631; x_wconf 84' lang='lat' dir='ltr'>non</span> <span class='ocrx_word' id='word_1_384' title='bbox 3281 577 3544 633; x_wconf 90' lang='lat' dir='ltr'>domine-</span> 
     </span>
    </p>
   </div>
   <div class='ocr_carea' id='block_1_51' title="bbox 1895 663 3542 736">
    <p class='ocr_par' dir='ltr' id='par_1_51' title="bbox 1895 663 3542 736">
     <span class='ocr_line' id='line_1_51' title="bbox 1895 663 3542 736; baseline 0.002 -18"><span class='ocrx_word' id='word_1_385' title='bbox 1895 670 1991 719; x_wconf 86' lang='lat' dir='ltr'>tur</span> <span class='ocrx_word' id='word_1_386' title='bbox 2024 681 2036 718; x_wconf 92' lang='lat'>:</span> <span class='ocrx_word' id='word_1_387' title='bbox 2072 665 2224 720; x_wconf 90' lang='lat' dir='ltr'>sicut</span> <span class='ocrx_word' id='word_1_388' title='bbox 2253 663 2568 736; x_wconf 86' lang='lat' dir='ltr'>Apostolus</span> <span class='ocrx_word' id='word_1_389' title='bbox 2600 664 2681 718; x_wconf 88' lang='lat' dir='ltr'>ait</span> <span class='ocrx_word' id='word_1_390' title='bbox 2715 681 2726 718; x_wconf 91' lang='lat'>:</span> <span class='ocrx_word' id='word_1_391' title='bbox 2761 664 2960 718; x_wconf 77' lang='lat' dir='ltr'>Scitote</span> <span class='ocrx_word' id='word_1_392' title='bbox 2989 666 3119 736; x_wconf 84' lang='lat' dir='ltr'>quia</span> <span class='ocrx_word' id='word_1_393' title='bbox 3151 664 3397 720; x_wconf 85' lang='lat' dir='ltr'>Christus</span> <span class='ocrx_word' id='word_1_394' title='bbox 3453 684 3542 722; x_wconf 90' lang='lat' dir='ltr'>re-</span> 
     </span>
    </p>
   </div>
   <div class='ocr_carea' id='block_1_52' title="bbox 1893 754 3545 823">
    <p class='ocr_par' dir='ltr' id='par_1_52' title="bbox 1893 754 3545 823">
     <span class='ocr_line' id='line_1_52' title="bbox 1893 754 3545 823; baseline 0.001 -16"><span class='ocrx_word' id='word_1_395' title='bbox 1893 769 2120 823; x_wconf 86' lang='lat' dir='ltr'>surgens</span> <span class='ocrx_word' id='word_1_396' title='bbox 2176 770 2250 808; x_wconf 72' lang='lat' dir='ltr'>ex</span> <span class='ocrx_word' id='word_1_397' title='bbox 2297 756 2550 816; x_wconf 80' lang='lat' dir='ltr'>mortuis,</span> <span class='ocrx_word' id='word_1_398' title='bbox 2591 755 2709 823; x_wconf 89' lang='lat' dir='ltr'>jam</span> <span class='ocrx_word' id='word_1_399' title='bbox 2757 769 2869 808; x_wconf 85' lang='lat' dir='ltr'>non</span> <span class='ocrx_word' id='word_1_400' title='bbox 2917 754 3178 817; x_wconf 80' lang='lat' dir='ltr'>moritur,</span> <span class='ocrx_word' id='word_1_401' title='bbox 3241 769 3390 808; x_wconf 89' lang='lat' dir='ltr'>mors</span> <span class='ocrx_word' id='word_1_402' title='bbox 3451 757 3545 809; x_wconf 82' lang='lat' dir='ltr'>illi</span> 
     </span>
    </p>
   </div>
   <div class='ocr_carea' id='block_1_53' title="bbox 1894 839 3545 911">
    <p class='ocr_par' dir='ltr' id='par_1_53' title="bbox 1894 839 3545 911">
     <span class='ocr_line' id='line_1_53' title="bbox 1894 839 3545 911; baseline 0 -15"><span class='ocrx_word' id='word_1_403' title='bbox 1894 843 2042 897; x_wconf 88' lang='lat' dir='ltr'>uttra</span> <span class='ocrx_word' id='word_1_404' title='bbox 2085 859 2199 896; x_wconf 82' lang='lat' dir='ltr'>non</span> <span class='ocrx_word' id='word_1_405' title='bbox 2246 842 2622 896; x_wconf 86' lang='lat' dir='ltr'>dominabitur</span> <span class='ocrx_word' id='word_1_406' title='bbox 2666 843 2838 911; x_wconf 81' lang='lat' dir='ltr'>(Rom.</span> <span class='ocrx_word' id='word_1_407' title='bbox 2891 857 2966 894; x_wconf 79' lang='lat' dir='ltr'>v1.</span> <span class='ocrx_word' id='word_1_408' title='bbox 3000 839 3075 908; x_wconf 89' lang='lat'>9).</span> <span class='ocrx_word' id='word_1_409' title='bbox 3109 841 3424 896; x_wconf 89' lang='lat' dir='ltr'>Sciendum</span> <span class='ocrx_word' id='word_1_410' title='bbox 3458 848 3545 897; x_wconf 90' lang='lat' dir='ltr'>ta-</span> 
     </span>
    </p>
   </div>
   <div class='ocr_carea' id='block_1_54' title="bbox 1894 929 3545 1002">
    <p class='ocr_par' dir='ltr' id='par_1_54' title="bbox 1894 929 3545 1002">
     <span class='ocr_line' id='line_1_54' title="bbox 1894 929 3545 1002; baseline -0.001 -16"><span class='ocrx_word' id='word_1_411' title='bbox 1894 948 2048 1001; x_wconf 90' lang='lat' dir='ltr'>men,</span> <span class='ocrx_word' id='word_1_412' title='bbox 2077 931 2232 1002; x_wconf 93' lang='lat' dir='ltr'>quod</span> <span class='ocrx_word' id='word_1_413' title='bbox 2266 930 2570 985; x_wconf 88' lang='lat' dir='ltr'>humilitas</span> <span class='ocrx_word' id='word_1_414' title='bbox 2601 929 2878 985; x_wconf 90' lang='lat' dir='ltr'>orationis</span> <span class='ocrx_word' id='word_1_415' title='bbox 2911 946 3024 984; x_wconf 92' lang='lat' dir='ltr'>non</span> <span class='ocrx_word' id='word_1_416' title='bbox 3059 930 3130 983; x_wconf 89' lang='lat' dir='ltr'>ad</span> <span class='ocrx_word' id='word_1_417' title='bbox 3161 929 3545 998; x_wconf 87' lang='lat' dir='ltr'>divinitatem,</span> 
     </span>
    </p>
   </div>
   <div class='ocr_carea' id='block_1_55' title="bbox 1895 1018 3545 1089">
    <p class='ocr_par' dir='ltr' id='par_1_55' title="bbox 1895 1018 3545 1089">
     <span class='ocr_line' id='line_1_55' title="bbox 1895 1018 3545 1089; baseline -0.001 -14"><span class='ocrx_word' id='word_1_418' title='bbox 1895 1021 1994 1076; x_wconf 92' lang='lat' dir='ltr'>sed</span> <span class='ocrx_word' id='word_1_419' title='bbox 2026 1021 2095 1075; x_wconf 91' lang='lat' dir='ltr'>ad</span> <span class='ocrx_word' id='word_1_420' title='bbox 2131 1020 2518 1074; x_wconf 85' lang='lat' dir='ltr'>humilitatem</span> <span class='ocrx_word' id='word_1_421' title='bbox 2547 1024 2864 1089; x_wconf 67' lang='lat' dir='ltr'>assumpta:</span> <span class='ocrx_word' id='word_1_422' title='bbox 2893 1019 3085 1073; x_wconf 90' lang='lat' dir='ltr'>carnis</span> <span class='ocrx_word' id='word_1_423' title='bbox 3107 1023 3196 1073; x_wconf 90' lang='lat' dir='ltr'>est</span> <span class='ocrx_word' id='word_1_424' title='bbox 3221 1018 3545 1073; x_wconf 77' lang='lat' dir='ltr'>referenda.</span> 
     </span>
    </p>
   </div>
   <div class='ocr_carea' id='block_1_56' title="bbox 1897 1106 3548 1178">
    <p class='ocr_par' dir='ltr' id='par_1_56' title="bbox 1897 1106 3548 1178">
     <span class='ocr_line' id='line_1_56' title="bbox 1897 1106 3548 1178; baseline -0.001 -15"><span class='ocrx_word' id='word_1_425' title='bbox 1897 1109 2013 1163; x_wconf 89' lang='lat' dir='ltr'>Nos</span> <span class='ocrx_word' id='word_1_426' title='bbox 2043 1125 2176 1163; x_wconf 92' lang='lat' dir='ltr'>vero</span> <span class='ocrx_word' id='word_1_427' title='bbox 2224 1109 2606 1178; x_wconf 90' lang='lat' dir='ltr'>deprecemur</span> <span class='ocrx_word' id='word_1_428' title='bbox 2641 1107 2971 1172; x_wconf 85' lang='lat' dir='ltr'>Dominum,</span> <span class='ocrx_word' id='word_1_429' title='bbox 3026 1111 3089 1160; x_wconf 89' lang='lat' dir='ltr'>ut</span> <span class='ocrx_word' id='word_1_430' title='bbox 3136 1106 3393 1161; x_wconf 88' lang='lat' dir='ltr'>viventes</span> <span class='ocrx_word' id='word_1_431' title='bbox 3435 1107 3548 1160; x_wconf 89' lang='lat' dir='ltr'>im-</span> 
     </span>
    </p>
   </div>
   <div class='ocr_carea' id='block_1_57' title="bbox 1891 1194 3546 1266">
    <p class='ocr_par' dir='ltr' id='par_1_57' title="bbox 1891 1194 3546 1266">
     <span class='ocr_line' id='line_1_57' title="bbox 1891 1194 3546 1266; baseline -0.001 -14"><span class='ocrx_word' id='word_1_432' title='bbox 1891 1196 2189 1262; x_wconf 86' lang='lat' dir='ltr'>maculati,</span> <span class='ocrx_word' id='word_1_433' title='bbox 2213 1197 2282 1250; x_wconf 89' lang='lat' dir='ltr'>ab</span> <span class='ocrx_word' id='word_1_434' title='bbox 2320 1194 2704 1250; x_wconf 85' lang='lat' dir='ltr'>infernalibus</span> <span class='ocrx_word' id='word_1_435' title='bbox 2735 1195 3024 1266; x_wconf 87' lang='lat' dir='ltr'>angustiis</span> <span class='ocrx_word' id='word_1_436' title='bbox 3057 1194 3292 1249; x_wconf 87' lang='lat' dir='ltr'>liberari</span> <span class='ocrx_word' id='word_1_437' title='bbox 3325 1211 3546 1250; x_wconf 87' lang='lat' dir='ltr'>merca-</span> 
     </span>
    </p>
   </div>
   <div class='ocr_carea' id='block_1_58' title="bbox 1892 1282 3544 1354">
    <p class='ocr_par' dir='ltr' id='par_1_58' title="bbox 1892 1282 3544 1354">
     <span class='ocr_line' id='line_1_58' title="bbox 1892 1282 3544 1354; baseline -0.001 -14"><span class='ocrx_word' id='word_1_438' title='bbox 1892 1303 2044 1340; x_wconf 90' lang='lat' dir='ltr'>mur.</span> <span class='ocrx_word' id='word_1_439' title='bbox 2080 1288 2093 1320; x_wconf 90' lang='grc'>¹</span> <span class='ocrx_word' id='word_1_440' title='bbox 2130 1285 2274 1350; x_wconf 87' lang='lat' dir='ltr'>Quia</span> <span class='ocrx_word' id='word_1_441' title='bbox 2307 1283 2560 1339; x_wconf 88' lang='lat' dir='ltr'>sustinui</span> <span class='ocrx_word' id='word_1_442' title='bbox 2594 1289 2670 1348; x_wconf 91' lang='lat' dir='ltr'>te,</span> <span class='ocrx_word' id='word_1_443' title='bbox 2707 1282 2972 1337; x_wconf 90' lang='lat' dir='ltr'>Domine.</span> <span class='ocrx_word' id='word_1_444' title='bbox 3009 1283 3216 1338; x_wconf 88' lang='lat' dir='ltr'>Libera</span> <span class='ocrx_word' id='word_1_445' title='bbox 3244 1300 3357 1354; x_wconf 90' lang='lat' dir='ltr'>me,</span> <span class='ocrx_word' id='word_1_446' title='bbox 3391 1284 3544 1340; x_wconf 89' lang='lat' dir='ltr'>Deus</span> 
     </span>
    </p>
   </div>
   <div class='ocr_carea' id='block_1_59' title="bbox 1891 1371 3544 1438">
    <p class='ocr_par' dir='ltr' id='par_1_59' title="bbox 1891 1371 3544 1438">
     <span class='ocr_line' id='line_1_59' title="bbox 1891 1371 3544 1438; baseline -0.002 -9"><span class='ocrx_word' id='word_1_447' title='bbox 1891 1373 2088 1430; x_wconf 87' lang='lat' dir='ltr'>Israel.</span> <span class='ocrx_word' id='word_1_448' title='bbox 2140 1396 2167 1421; x_wconf 81' lang='grc'><strong>››</strong></span> <span class='ocrx_word' id='word_1_449' title='bbox 2223 1373 2281 1426; x_wconf 92' lang='lat' dir='ltr'>Id</span> <span class='ocrx_word' id='word_1_450' title='bbox 2333 1377 2442 1438; x_wconf 89' lang='lat' dir='ltr'>est,</span> <span class='ocrx_word' id='word_1_451' title='bbox 2490 1371 2823 1425; x_wconf 88' lang='lat' dir='ltr'>animarum</span> <span class='ocrx_word' id='word_1_452' title='bbox 2857 1371 3180 1425; x_wconf 84' lang='lat' dir='ltr'>videntium</span> <span class='ocrx_word' id='word_1_453' title='bbox 3222 1372 3425 1426; x_wconf 90' lang='lat' dir='ltr'>Deum.</span> <span class='ocrx_word' id='word_1_454' title='bbox 3461 1373 3544 1426; x_wconf 80' lang='lat' dir='ltr'>Ex</span> 
     </span>
    </p>
   </div>
   <div class='ocr_carea' id='block_1_60' title="bbox 1891 1459 3542 1531">
    <p class='ocr_par' dir='ltr' id='par_1_60' title="bbox 1891 1459 3542 1531">
     <span class='ocr_line' id='line_1_60' title="bbox 1891 1459 3542 1531; baseline -0.001 -14"><span class='ocrx_word' id='word_1_455' title='bbox 1891 1462 2167 1518; x_wconf 90' lang='lat' dir='ltr'>omnibus</span> <span class='ocrx_word' id='word_1_456' title='bbox 2197 1459 2508 1531; x_wconf 88' lang='lat' dir='ltr'>angustiis,</span> <span class='ocrx_word' id='word_1_457' title='bbox 2541 1482 2569 1508; x_wconf 88' lang='grc'>‹‹</span> <span class='ocrx_word' id='word_1_458' title='bbox 2605 1476 2673 1514; x_wconf 80' lang='lat' dir='ltr'>ex</span> <span class='ocrx_word' id='word_1_459' title='bbox 2730 1459 3006 1514; x_wconf 89' lang='lat' dir='ltr'>omnibus</span> <span class='ocrx_word' id='word_1_460' title='bbox 3063 1459 3542 1516; x_wconf 89' lang='lat' dir='ltr'>tribulationibus</span> 
     </span>
    </p>
   </div>
   <div class='ocr_carea' id='block_1_61' title="bbox 1893 1539 2170 1608">
    <p class='ocr_par' dir='ltr' id='par_1_61' title="bbox 1893 1539 2170 1608">
     <span class='ocr_line' id='line_1_61' title="bbox 1893 1539 2170 1608; baseline 0.004 -1"><span class='ocrx_word' id='word_1_461' title='bbox 1893 1552 2059 1607; x_wconf 91' lang='lat' dir='ltr'>meis.</span> <span class='ocrx_word' id='word_1_462' title='bbox 2102 1591 2119 1608; x_wconf 68' lang='grc' dir='ltr'><strong><em>η</em></strong></span> <span class='ocrx_word' id='word_1_463' title='bbox 2165 1539 2170 1546; x_wconf 67' lang='grc'><strong>’</strong></span> 
     </span>
    </p>
   </div>
   <div class='ocr_carea' id='block_1_62' title="bbox 2456 1638 2986 1695">
    <p class='ocr_par' dir='ltr' id='par_1_62' title="bbox 2456 1638 2986 1695">
     <span class='ocr_line' id='line_1_62' title="bbox 2456 1638 2986 1695; baseline -0.006 -1"><span class='ocrx_word' id='word_1_464' title='bbox 2456 1639 2780 1695; x_wconf 81' lang='lat' dir='ltr'>PSALMUS</span> <span class='ocrx_word' id='word_1_465' title='bbox 2821 1638 2986 1693; x_wconf 85' lang='lat' dir='ltr'>XXV.</span> 
     </span>
    </p>
   </div>
   <div class='ocr_carea' id='block_1_63' title="bbox 1888 1727 3539 1800">
    <p class='ocr_par' dir='ltr' id='par_1_63' title="bbox 1888 1727 3539 1800">
     <span class='ocr_line' id='line_1_63' title="bbox 1888 1727 3539 1800; baseline -0.002 -14"><span class='ocrx_word' id='word_1_466' title='bbox 1888 1733 1952 1786; x_wconf 81' lang='lat' dir='ltr'>In</span> <span class='ocrx_word' id='word_1_467' title='bbox 1983 1731 2165 1800; x_wconf 82' lang='lat' dir='ltr'>ﬁnem,</span> <span class='ocrx_word' id='word_1_468' title='bbox 2199 1730 2449 1784; x_wconf 84' lang='lat' dir='ltr'>Psalmus</span> <span class='ocrx_word' id='word_1_469' title='bbox 2482 1729 2681 1783; x_wconf 79' lang='lat' dir='ltr'>Dat-id.</span> <span class='ocrx_word' id='word_1_470' title='bbox 2718 1727 2985 1784; x_wconf 91' lang='lat' dir='ltr'>Psalmus</span> <span class='ocrx_word' id='word_1_471' title='bbox 3015 1728 3144 1796; x_wconf 89' lang='lat' dir='ltr'>iste,</span> <span class='ocrx_word' id='word_1_472' title='bbox 3180 1728 3249 1782; x_wconf 91' lang='lat' dir='ltr'>de</span> <span class='ocrx_word' id='word_1_473' title='bbox 3279 1728 3539 1800; x_wconf 87' lang='lat' dir='ltr'>homini-</span> 
     </span>
    </p>
   </div>
   <div class='ocr_carea' id='block_1_64' title="bbox 1961 1799 3538 1858">
    <p class='ocr_par' dir='ltr' id='par_1_64' title="bbox 1961 1799 3538 1858">
     <span class='ocr_line' id='line_1_64' title="bbox 1961 1799 3538 1858; baseline -0.002 -2"><span class='ocrx_word' id='word_1_474' title='bbox 1961 1799 2032 1858; x_wconf 87' lang='lat' dir='ltr'>ne</span> <span class='ocrx_word' id='word_1_475' title='bbox 2081 1808 2139 1857; x_wconf 88' lang='lat' dir='ltr'>et</span> <span class='ocrx_word' id='word_1_476' title='bbox 2186 1801 2414 1856; x_wconf 87' lang='lat' dir='ltr'>Christo</span> <span class='ocrx_word' id='word_1_477' title='bbox 2462 1805 2711 1856; x_wconf 88' lang='lat' dir='ltr'>testatur</span> <span class='ocrx_word' id='word_1_478' title='bbox 2758 1818 2770 1855; x_wconf 93' lang='lat'>:</span> <span class='ocrx_word' id='word_1_479' title='bbox 2830 1806 2886 1855; x_wconf 91' lang='lat' dir='ltr'>et</span> <span class='ocrx_word' id='word_1_480' title='bbox 2928 1801 3119 1854; x_wconf 90' lang='lat' dir='ltr'>omnis</span> <span class='ocrx_word' id='word_1_481' title='bbox 3171 1799 3443 1856; x_wconf 74' lang='lat' dir='ltr'>Ecclesiae</span> <span class='ocrx_word' id='word_1_482' title='bbox 3479 1802 3538 1854; x_wconf 90' lang='lat' dir='ltr'>in</span> 
     </span>
    </p>
   </div>
   <div class='ocr_carea' id='block_1_65' title="bbox 1958 1872 3019 1945">
    <p class='ocr_par' dir='ltr' id='par_1_65' title="bbox 1958 1872 3019 1945">
     <span class='ocr_line' id='line_1_65' title="bbox 1958 1872 3019 1945; baseline -0.004 -16"><span class='ocrx_word' id='word_1_483' title='bbox 1958 1873 2191 1929; x_wconf 87' lang='lat' dir='ltr'>Christo</span> <span class='ocrx_word' id='word_1_484' title='bbox 2221 1873 2486 1945; x_wconf 64' lang='lat' dir='ltr'>perfectis</span> <span class='ocrx_word' id='word_1_485' title='bbox 2519 1872 2776 1927; x_wconf 87' lang='lat' dir='ltr'>continet</span> <span class='ocrx_word' id='word_1_486' title='bbox 2800 1887 3019 1927; x_wconf 89' lang='lat' dir='ltr'>vocem.</span> 
     </span>
    </p>
   </div>
   <div class='ocr_carea' id='block_1_66' title="bbox 1955 1995 3532 2068">
    <p class='ocr_par' dir='ltr' id='par_1_66' title="bbox 1955 1995 3532 2068">
     <span class='ocr_line' id='line_1_66' title="bbox 1955 1995 3532 2068; baseline 0.002 -20"><span class='ocrx_word' id='word_1_487' title='bbox 1955 2022 1982 2048; x_wconf 79' lang='grc' dir='ltr'>α</span> <span class='ocrx_word' id='word_1_488' title='bbox 2013 1998 2222 2054; x_wconf 87' lang='lat' dir='ltr'>Judica</span> <span class='ocrx_word' id='word_1_489' title='bbox 2254 1996 2632 2064; x_wconf 89' lang='lat' dir='ltr'>me,Domine,</span> <span class='ocrx_word' id='word_1_490' title='bbox 2666 1996 2943 2067; x_wconf 88' lang='lat' dir='ltr'>quoniam</span> <span class='ocrx_word' id='word_1_491' title='bbox 2977 2012 3080 2068; x_wconf 87' lang='lat' dir='ltr'>ego</span> <span class='ocrx_word' id='word_1_492' title='bbox 3105 1997 3161 2050; x_wconf 92' lang='lat' dir='ltr'>in</span> <span class='ocrx_word' id='word_1_493' title='bbox 3195 1995 3532 2051; x_wconf 90' lang='lat' dir='ltr'>innocentia</span> 
     </span>
    </p>
   </div>
   <div class='ocr_carea' id='block_1_67' title="bbox 1884 2084 3529 2160">
    <p class='ocr_par' dir='ltr' id='par_1_67' title="bbox 1884 2084 3529 2160">
     <span class='ocr_line' id='line_1_67' title="bbox 1884 2084 3529 2160; baseline -0.003 -16"><span class='ocrx_word' id='word_1_494' title='bbox 1884 2105 2015 2144; x_wconf 90' lang='lat' dir='ltr'>mea</span> <span class='ocrx_word' id='word_1_495' title='bbox 2040 2088 2345 2160; x_wconf 89' lang='lat' dir='ltr'>ingressus</span> <span class='ocrx_word' id='word_1_496' title='bbox 2378 2085 2647 2142; x_wconf 83' lang='lat' dir='ltr'>sum.»Ut</span> <span class='ocrx_word' id='word_1_497' title='bbox 2668 2084 2744 2139; x_wconf 89' lang='lat' dir='ltr'>sit</span> <span class='ocrx_word' id='word_1_498' title='bbox 2769 2084 2913 2139; x_wconf 90' lang='lat' dir='ltr'>mihi</span> <span class='ocrx_word' id='word_1_499' title='bbox 2937 2085 3529 2156; x_wconf 89' lang='lat' dir='ltr'>perjudiciumtuum</span> 
     </span>
    </p>
   </div>
   <div class='ocr_carea' id='block_1_68' title="bbox 1885 2173 3527 2246">
    <p class='ocr_par' dir='ltr' id='par_1_68' title="bbox 1885 2173 3527 2246">
     <span class='ocr_line' id='line_1_68' title="bbox 1885 2173 3527 2246; baseline -0.003 -13"><span class='ocrx_word' id='word_1_500' title='bbox 1885 2175 2308 2241; x_wconf 89' lang='lat' dir='ltr'>misericordia;</span> <span class='ocrx_word' id='word_1_501' title='bbox 2333 2173 2610 2246; x_wconf 90' lang='lat' dir='ltr'>quoniam</span> <span class='ocrx_word' id='word_1_502' title='bbox 2634 2173 3090 2245; x_wconf 74' lang='lat' dir='ltr'>perinnoceutize</span> <span class='ocrx_word' id='word_1_503' title='bbox 3103 2173 3338 2245; x_wconf 88' lang='lat' dir='ltr'>gradior</span> <span class='ocrx_word' id='word_1_504' title='bbox 3352 2174 3502 2227; x_wconf 89' lang='lat' dir='ltr'>viam</span> <span class='ocrx_word' id='word_1_505' title='bbox 3515 2215 3527 2228; x_wconf 95' lang='lat'>.</span> 
     </span>
    </p>
   </div>
   <div class='ocr_carea' id='block_1_69' title="bbox 1887 2263 3528 2338">
    <p class='ocr_par' dir='ltr' id='par_1_69' title="bbox 1887 2263 3528 2338">
     <span class='ocr_line' id='line_1_69' title="bbox 1887 2263 3528 2338; baseline -0.003 -16"><span class='ocrx_word' id='word_1_506' title='bbox 1887 2267 2167 2338; x_wconf 85' lang='lat' dir='ltr'>Superius</span> <span class='ocrx_word' id='word_1_507' title='bbox 2198 2265 2417 2318; x_wconf 89' lang='lat' dir='ltr'>dictum</span> <span class='ocrx_word' id='word_1_508' title='bbox 2451 2268 2539 2318; x_wconf 88' lang='lat' dir='ltr'>est</span> <span class='ocrx_word' id='word_1_509' title='bbox 2593 2281 2610 2317; x_wconf 89' lang='lat'><strong><em>:</em></strong></span> <span class='ocrx_word' id='word_1_510' title='bbox 2667 2263 2859 2318; x_wconf 78' lang='lat' dir='ltr'>Iudico</span> <span class='ocrx_word' id='word_1_511' title='bbox 2917 2281 3019 2333; x_wconf 77' lang='lat' dir='ltr'>me,</span> <span class='ocrx_word' id='word_1_512' title='bbox 3080 2265 3305 2318; x_wconf 84' lang='lat' dir='ltr'>Domine</span> <span class='ocrx_word' id='word_1_513' title='bbox 3359 2263 3528 2333; x_wconf 85' lang='lat' dir='ltr'>(Psal.</span> 
     </span>
    </p>
   </div>
   <div class='ocr_carea' id='block_1_70' title="bbox 1887 2352 3526 2424">
    <p class='ocr_par' dir='ltr' id='par_1_70' title="bbox 1887 2352 3526 2424">
     <span class='ocr_line' id='line_1_70' title="bbox 1887 2352 3526 2424; baseline -0.007 -14"><span class='ocrx_word' id='word_1_514' title='bbox 1887 2373 1986 2420; x_wconf 83' lang='lat' dir='ltr'>vn,</span> <span class='ocrx_word' id='word_1_515' title='bbox 2019 2356 2092 2424; x_wconf 81' lang='lat'>9).</span> <span class='ocrx_word' id='word_1_516' title='bbox 2128 2353 2246 2408; x_wconf 82' lang='lat' dir='ltr'>Vox</span> <span class='ocrx_word' id='word_1_517' title='bbox 2277 2353 2539 2407; x_wconf 69' lang='lat' dir='ltr'>Ecclesiae</span> <span class='ocrx_word' id='word_1_518' title='bbox 2574 2352 2643 2406; x_wconf 91' lang='lat' dir='ltr'>ad</span> <span class='ocrx_word' id='word_1_519' title='bbox 2676 2352 2995 2407; x_wconf 88' lang='lat' dir='ltr'>Christum.</span> <span class='ocrx_word' id='word_1_520' title='bbox 3031 2376 3058 2402; x_wconf 86' lang='grc'>‹‹</span> <span class='ocrx_word' id='word_1_521' title='bbox 3107 2353 3310 2406; x_wconf 87' lang='lat' dir='ltr'>Judica</span> <span class='ocrx_word' id='word_1_522' title='bbox 3341 2368 3454 2419; x_wconf 89' lang='lat' dir='ltr'>me,</span> <span class='ocrx_word' id='word_1_523' title='bbox 3499 2374 3526 2400; x_wconf 88' lang='grc'><strong>››</strong></span> 
     </span>
    </p>
   </div>
   <div class='ocr_carea' id='block_1_71' title="bbox 1889 2440 3528 2514">
    <p class='ocr_par' dir='ltr' id='par_1_71' title="bbox 1889 2440 3528 2514">
     <span class='ocr_line' id='line_1_71' title="bbox 1889 2440 3528 2514; baseline -0.003 -16"><span class='ocrx_word' id='word_1_524' title='bbox 1889 2461 2003 2499; x_wconf 90' lang='lat' dir='ltr'>non</span> <span class='ocrx_word' id='word_1_525' title='bbox 2037 2444 2190 2514; x_wconf 90' lang='lat' dir='ltr'>quod</span> <span class='ocrx_word' id='word_1_526' title='bbox 2217 2442 2509 2512; x_wconf 88' lang='lat' dir='ltr'>judicium</span> <span class='ocrx_word' id='word_1_527' title='bbox 2542 2442 2803 2496; x_wconf 84' lang='lat' dir='ltr'>futurum</span> <span class='ocrx_word' id='word_1_528' title='bbox 2838 2451 2995 2513; x_wconf 83' lang='lat' dir='ltr'>roget</span> <span class='ocrx_word' id='word_1_529' title='bbox 3027 2459 3059 2495; x_wconf 89' lang='lat' dir='ltr'>a</span> <span class='ocrx_word' id='word_1_530' title='bbox 3089 2442 3225 2510; x_wconf 88' lang='lat' dir='ltr'>Deo,</span> <span class='ocrx_word' id='word_1_531' title='bbox 3278 2440 3377 2496; x_wconf 87' lang='lat' dir='ltr'>sed</span> <span class='ocrx_word' id='word_1_532' title='bbox 3411 2440 3528 2494; x_wconf 86' lang='lat' dir='ltr'>dis-</span> 
     </span>
    </p>
   </div>
   <div class='ocr_carea' id='block_1_72' title="bbox 1891 2528 3535 2602">
    <p class='ocr_par' dir='ltr' id='par_1_72' title="bbox 1891 2528 3535 2602">
     <span class='ocr_line' id='line_1_72' title="bbox 1891 2528 3535 2602; baseline -0.004 -14"><span class='ocrx_word' id='word_1_533' title='bbox 1891 2533 2204 2588; x_wconf 89' lang='lat' dir='ltr'>cretionem</span> <span class='ocrx_word' id='word_1_534' title='bbox 2242 2551 2254 2586; x_wconf 89' lang='lat'><strong>:</strong></span> <span class='ocrx_word' id='word_1_535' title='bbox 2289 2534 2359 2587; x_wconf 92' lang='lat' dir='ltr'>de</span> <span class='ocrx_word' id='word_1_536' title='bbox 2413 2548 2530 2602; x_wconf 84' lang='lat' dir='ltr'>qua</span> <span class='ocrx_word' id='word_1_537' title='bbox 2585 2531 2641 2584; x_wconf 92' lang='lat' dir='ltr'>in</span> <span class='ocrx_word' id='word_1_538' title='bbox 2698 2530 2809 2584; x_wconf 90' lang='lat' dir='ltr'>alio</span> <span class='ocrx_word' id='word_1_539' title='bbox 2853 2529 3078 2600; x_wconf 75' lang='lat' dir='ltr'>psalmo</span> <span class='ocrx_word' id='word_1_540' title='bbox 3109 2528 3358 2601; x_wconf 90' lang='lat' dir='ltr'>legimus</span> <span class='ocrx_word' id='word_1_541' title='bbox 3396 2545 3407 2584; x_wconf 93' lang='lat'>:</span> <span class='ocrx_word' id='word_1_542' title='bbox 3439 2531 3535 2584; x_wconf 85' lang='lat' dir='ltr'>Ju-</span> 
     </span>
    </p>
   </div>
   <div class='ocr_carea' id='block_1_73' title="bbox 1891 2619 3536 2689">
    <p class='ocr_par' dir='ltr' id='par_1_73' title="bbox 1891 2619 3536 2689">
     <span class='ocr_line' id='line_1_73' title="bbox 1891 2619 3536 2689; baseline -0.004 -11"><span class='ocrx_word' id='word_1_543' title='bbox 1891 2624 2013 2678; x_wconf 86' lang='lat' dir='ltr'>dica</span> <span class='ocrx_word' id='word_1_544' title='bbox 2072 2639 2179 2686; x_wconf 84' lang='lat' dir='ltr'>me,</span> <span class='ocrx_word' id='word_1_545' title='bbox 2241 2623 2378 2676; x_wconf 88' lang='lat' dir='ltr'>Deus</span> <span class='ocrx_word' id='word_1_546' title='bbox 2435 2625 2486 2676; x_wconf 81' lang='lat' dir='ltr'>et</span> <span class='ocrx_word' id='word_1_547' title='bbox 2528 2619 2780 2674; x_wconf 80' lang='lat' dir='ltr'>discerne</span> <span class='ocrx_word' id='word_1_548' title='bbox 2845 2636 3068 2673; x_wconf 85' lang='lat' dir='ltr'>causam</span> <span class='ocrx_word' id='word_1_549' title='bbox 3138 2635 3316 2673; x_wconf 85' lang='lat' dir='ltr'>meum</span> <span class='ocrx_word' id='word_1_550' title='bbox 3364 2619 3536 2689; x_wconf 84' lang='lat' dir='ltr'>(Psat.</span> 
     </span>
    </p>
   </div>
   <div class='ocr_carea' id='block_1_74' title="bbox 1893 2706 3536 2778">
    <p class='ocr_par' dir='ltr' id='par_1_74' title="bbox 1893 2706 3536 2778">
     <span class='ocr_line' id='line_1_74' title="bbox 1893 2706 3536 2778; baseline -0.003 -12"><span class='ocrx_word' id='word_1_551' title='bbox 1893 2729 2024 2778; x_wconf 80' lang='lat' dir='ltr'>XLII,</span> <span class='ocrx_word' id='word_1_552' title='bbox 2080 2711 2150 2777; x_wconf 80' lang='grc'>1),</span> <span class='ocrx_word' id='word_1_553' title='bbox 2204 2711 2312 2765; x_wconf 89' lang='lat' dir='ltr'>hoc</span> <span class='ocrx_word' id='word_1_554' title='bbox 2360 2714 2464 2773; x_wconf 91' lang='lat' dir='ltr'>est,</span> <span class='ocrx_word' id='word_1_555' title='bbox 2517 2714 2581 2763; x_wconf 89' lang='lat' dir='ltr'>ut</span> <span class='ocrx_word' id='word_1_556' title='bbox 2631 2725 2745 2762; x_wconf 91' lang='lat' dir='ltr'>non</span> <span class='ocrx_word' id='word_1_557' title='bbox 2797 2725 2888 2762; x_wconf 90' lang='lat' dir='ltr'>me</span> <span class='ocrx_word' id='word_1_558' title='bbox 2931 2707 3159 2776; x_wconf 89' lang='lat' dir='ltr'>judices</span> <span class='ocrx_word' id='word_1_559' title='bbox 3206 2706 3265 2760; x_wconf 90' lang='lat' dir='ltr'>in</span> <span class='ocrx_word' id='word_1_560' title='bbox 3320 2707 3536 2774; x_wconf 81' lang='lat' dir='ltr'>futuro,</span> 
     </span>
    </p>
   </div>
   <div class='ocr_carea' id='block_1_75' title="bbox 1897 2797 3540 2870">
    <p class='ocr_par' dir='ltr' id='par_1_75' title="bbox 1897 2797 3540 2870">
     <span class='ocr_line' id='line_1_75' title="bbox 1897 2797 3540 2870; baseline -0.005 -15"><span class='ocrx_word' id='word_1_561' title='bbox 1897 2801 2050 2856; x_wconf 89' lang='lat' dir='ltr'>sicut</span> <span class='ocrx_word' id='word_1_562' title='bbox 2085 2800 2269 2854; x_wconf 66' lang='lat' dir='ltr'>casteri</span> <span class='ocrx_word' id='word_1_563' title='bbox 2306 2803 2639 2870; x_wconf 86' lang='lat' dir='ltr'>peccatores</span> <span class='ocrx_word' id='word_1_564' title='bbox 2661 2797 2970 2868; x_wconf 89' lang='lat' dir='ltr'>judicandi</span> <span class='ocrx_word' id='word_1_565' title='bbox 3004 2802 3160 2851; x_wconf 88' lang='lat' dir='ltr'>sunt.</span> <span class='ocrx_word' id='word_1_566' title='bbox 3197 2819 3223 2843; x_wconf 93' lang='grc'><em>‹‹</em></span> <span class='ocrx_word' id='word_1_567' title='bbox 3254 2797 3540 2859; x_wconf 88' lang='lat' dir='ltr'>Quoniam</span> 
     </span>
    </p>
   </div>
   <div class='ocr_carea' id='block_1_76' title="bbox 1897 2883 3545 2961">
    <p class='ocr_par' dir='ltr' id='par_1_76' title="bbox 1897 2883 3545 2961">
     <span class='ocr_line' id='line_1_76' title="bbox 1897 2883 3545 2961; baseline -0.004 -17"><span class='ocrx_word' id='word_1_568' title='bbox 1897 2906 2002 2961; x_wconf 88' lang='lat' dir='ltr'>ego</span> <span class='ocrx_word' id='word_1_569' title='bbox 2035 2889 2092 2942; x_wconf 90' lang='lat' dir='ltr'>in</span> <span class='ocrx_word' id='word_1_570' title='bbox 2123 2887 2455 2942; x_wconf 90' lang='lat' dir='ltr'>innocentia</span> <span class='ocrx_word' id='word_1_571' title='bbox 2487 2903 2617 2940; x_wconf 87' lang='lat' dir='ltr'>mea</span> <span class='ocrx_word' id='word_1_572' title='bbox 2648 2887 2948 2958; x_wconf 88' lang='lat' dir='ltr'>ingressus</span> <span class='ocrx_word' id='word_1_573' title='bbox 2982 2901 3136 2938; x_wconf 89' lang='lat' dir='ltr'>sum.</span> <span class='ocrx_word' id='word_1_574' title='bbox 3188 2903 3214 2934; x_wconf 77' lang='grc' dir='ltr'>σι</span> <span class='ocrx_word' id='word_1_575' title='bbox 3243 2883 3350 2937; x_wconf 92' lang='lat' dir='ltr'>Pro</span> <span class='ocrx_word' id='word_1_576' title='bbox 3382 2886 3545 2954; x_wconf 89' lang='lat' dir='ltr'>parte</span> 
     </span>
    </p>
   </div>
   <div class='ocr_carea' id='block_1_77' title="bbox 1899 2971 3546 3033">
    <p class='ocr_par' dir='ltr' id='par_1_77' title="bbox 1899 2971 3546 3033">
     <span class='ocr_line' id='line_1_77' title="bbox 1899 2971 3546 3033; baseline -0.005 0"><span class='ocrx_word' id='word_1_577' title='bbox 1899 2995 2006 3033; x_wconf 91' lang='lat' dir='ltr'>sua</span> <span class='ocrx_word' id='word_1_578' title='bbox 2031 2976 2170 3031; x_wconf 91' lang='lat' dir='ltr'>dicit</span> <span class='ocrx_word' id='word_1_579' title='bbox 2200 2975 2476 3030; x_wconf 88' lang='lat' dir='ltr'>Ecclesia.</span> <span class='ocrx_word' id='word_1_580' title='bbox 2533 2978 2611 3028; x_wconf 89' lang='lat' dir='ltr'>Ac</span> <span class='ocrx_word' id='word_1_581' title='bbox 2663 2975 2711 3029; x_wconf 91' lang='lat' dir='ltr'>si</span> <span class='ocrx_word' id='word_1_582' title='bbox 2743 2974 2899 3028; x_wconf 86' lang='lat' dir='ltr'>dicat</span> <span class='ocrx_word' id='word_1_583' title='bbox 2932 2999 2944 3029; x_wconf 86' lang='lat'>:</span> <span class='ocrx_word' id='word_1_584' title='bbox 2982 2978 3190 3027; x_wconf 89' lang='lat' dir='ltr'>Parata</span> <span class='ocrx_word' id='word_1_585' title='bbox 3218 2989 3349 3026; x_wconf 90' lang='lat' dir='ltr'>sum</span> <span class='ocrx_word' id='word_1_586' title='bbox 3383 2971 3546 3025; x_wconf 83' lang='lat' dir='ltr'>inno-</span> 
     </span>
    </p>
   </div>
   <div class='ocr_carea' id='block_1_78' title="bbox 1900 3059 3544 3134">
    <p class='ocr_par' dir='ltr' id='par_1_78' title="bbox 1900 3059 3544 3134">
     <span class='ocr_line' id='line_1_78' title="bbox 1900 3059 3544 3134; baseline -0.006 -12"><span class='ocrx_word' id='word_1_587' title='bbox 1900 3073 2096 3122; x_wconf 90' lang='lat' dir='ltr'>center</span> <span class='ocrx_word' id='word_1_588' title='bbox 2124 3065 2333 3129; x_wconf 87' lang='lat' dir='ltr'>vivere,</span> <span class='ocrx_word' id='word_1_589' title='bbox 2362 3063 2500 3134; x_wconf 81' lang='lat' dir='ltr'>quia</span> <span class='ocrx_word' id='word_1_590' title='bbox 2531 3062 2672 3117; x_wconf 88' lang='lat' dir='ltr'>nulli</span> <span class='ocrx_word' id='word_1_591' title='bbox 2709 3061 3046 3127; x_wconf 88' lang='lat' dir='ltr'>nocuit,nec</span> <span class='ocrx_word' id='word_1_592' title='bbox 3079 3076 3285 3116; x_wconf 87' lang='lat' dir='ltr'>nocere</span> <span class='ocrx_word' id='word_1_593' title='bbox 3315 3059 3544 3114; x_wconf 83' lang='lat' dir='ltr'>deside-</span> 
     </span>
    </p>
   </div>
   <div class='ocr_carea' id='block_1_79' title="bbox 1903 3148 3550 3223">
    <p class='ocr_par' dir='ltr' id='par_1_79' title="bbox 1903 3148 3550 3223">
     <span class='ocr_line' id='line_1_79' title="bbox 1903 3148 3550 3223; baseline -0.005 -13"><span class='ocrx_word' id='word_1_594' title='bbox 1903 3161 1993 3210; x_wconf 90' lang='lat' dir='ltr'>rat</span> <span class='ocrx_word' id='word_1_595' title='bbox 2041 3153 2293 3208; x_wconf 86' lang='lat' dir='ltr'>Ecclesia</span> <span class='ocrx_word' id='word_1_596' title='bbox 2343 3170 2354 3206; x_wconf 93' lang='lat'><strong>:</strong></span> <span class='ocrx_word' id='word_1_597' title='bbox 2415 3177 2434 3199; x_wconf 74' lang='grc' dir='ltr'>ιι</span> <span class='ocrx_word' id='word_1_598' title='bbox 2488 3153 2789 3223; x_wconf 87' lang='lat' dir='ltr'>Ingressus</span> <span class='ocrx_word' id='word_1_599' title='bbox 2838 3168 2992 3216; x_wconf 87' lang='lat' dir='ltr'>sum,</span> <span class='ocrx_word' id='word_1_600' title='bbox 3047 3172 3073 3197; x_wconf 84' lang='grc'><strong>››</strong></span> <span class='ocrx_word' id='word_1_601' title='bbox 3128 3150 3186 3204; x_wconf 93' lang='lat' dir='ltr'>Id</span> <span class='ocrx_word' id='word_1_602' title='bbox 3237 3153 3345 3213; x_wconf 90' lang='lat' dir='ltr'>est,</span> <span class='ocrx_word' id='word_1_603' title='bbox 3397 3148 3550 3202; x_wconf 91' lang='lat' dir='ltr'>inter</span> 
     </span>
    </p>
   </div>
   <div class='ocr_carea' id='block_1_80' title="bbox 1822 3225 3547 3316">
    <p class='ocr_par' dir='ltr' id='par_1_80' title="bbox 1822 3225 3547 3316">
     <span class='ocr_line' id='line_1_80' title="bbox 1822 3225 3547 3316; baseline -0.006 -15"><span class='ocrx_word' id='word_1_604' title='bbox 1822 3225 1864 3289; x_wconf 78' lang='lat' dir='ltr'><strong>C</strong></span> <span class='ocrx_word' id='word_1_605' title='bbox 1903 3249 2254 3316; x_wconf 83' lang='lat' dir='ltr'>peccatores,</span> <span class='ocrx_word' id='word_1_606' title='bbox 2290 3242 2387 3296; x_wconf 92' lang='lat' dir='ltr'>ubi</span> <span class='ocrx_word' id='word_1_607' title='bbox 2422 3257 2606 3312; x_wconf 92' lang='lat' dir='ltr'>usque</span> <span class='ocrx_word' id='word_1_608' title='bbox 2638 3241 2696 3294; x_wconf 91' lang='lat' dir='ltr'>in</span> <span class='ocrx_word' id='word_1_609' title='bbox 2732 3240 2927 3306; x_wconf 84' lang='lat' dir='ltr'>linem,</span> <span class='ocrx_word' id='word_1_610' title='bbox 2989 3238 3235 3293; x_wconf 90' lang='lat' dir='ltr'>habitat.</span> <span class='ocrx_word' id='word_1_611' title='bbox 3297 3259 3325 3286; x_wconf 87' lang='lat'><strong>«</strong></span> <span class='ocrx_word' id='word_1_612' title='bbox 3388 3237 3458 3291; x_wconf 89' lang='lat' dir='ltr'>Et</span> <span class='ocrx_word' id='word_1_613' title='bbox 3488 3237 3547 3290; x_wconf 91' lang='lat' dir='ltr'>in</span> 
     </span>
    </p>
   </div>
   <div class='ocr_carea' id='block_1_81' title="bbox 1907 3324 3546 3402">
    <p class='ocr_par' dir='ltr' id='par_1_81' title="bbox 1907 3324 3546 3402">
     <span class='ocr_line' id='line_1_81' title="bbox 1907 3324 3546 3402; baseline -0.005 -15"><span class='ocrx_word' id='word_1_614' title='bbox 1907 3332 2147 3388; x_wconf 90' lang='lat' dir='ltr'>Domino</span> <span class='ocrx_word' id='word_1_615' title='bbox 2178 3347 2443 3402; x_wconf 85' lang='lat' dir='ltr'>sperans,</span> <span class='ocrx_word' id='word_1_616' title='bbox 2492 3347 2605 3384; x_wconf 92' lang='lat' dir='ltr'>non</span> <span class='ocrx_word' id='word_1_617' title='bbox 2657 3330 2939 3383; x_wconf 83' lang='lat' dir='ltr'>inﬁrmor.</span> <span class='ocrx_word' id='word_1_618' title='bbox 2995 3350 3022 3375; x_wconf 86' lang='grc'><strong>››</strong></span> <span class='ocrx_word' id='word_1_619' title='bbox 3072 3327 3183 3382; x_wconf 91' lang='lat' dir='ltr'>Sed</span> <span class='ocrx_word' id='word_1_620' title='bbox 3232 3325 3436 3380; x_wconf 85' lang='lat' dir='ltr'>ﬁrmor</span> <span class='ocrx_word' id='word_1_621' title='bbox 3484 3324 3546 3379; x_wconf 92' lang='lat' dir='ltr'>in</span> 
     </span>
    </p>
   </div>
   <div class='ocr_carea' id='block_1_82' title="bbox 1905 3415 3544 3487">
    <p class='ocr_par' dir='ltr' id='par_1_82' title="bbox 1905 3415 3544 3487">
     <span class='ocr_line' id='line_1_82' title="bbox 1905 3415 3544 3487; baseline -0.005 -11"><span class='ocrx_word' id='word_1_622' title='bbox 1905 3422 2034 3476; x_wconf 83' lang='lat' dir='ltr'>fide.</span> <span class='ocrx_word' id='word_1_623' title='bbox 2072 3443 2099 3469; x_wconf 85' lang='lat'><strong>«</strong></span> <span class='ocrx_word' id='word_1_624' title='bbox 2132 3420 2256 3474; x_wconf 92' lang='lat' dir='ltr'>Non</span> <span class='ocrx_word' id='word_1_625' title='bbox 2293 3420 2575 3482; x_wconf 85' lang='lat' dir='ltr'>inﬁrmor,</span> <span class='ocrx_word' id='word_1_626' title='bbox 2606 3442 2631 3465; x_wconf 87' lang='grc'><strong>››</strong></span> <span class='ocrx_word' id='word_1_627' title='bbox 2660 3417 2716 3472; x_wconf 92' lang='lat' dir='ltr'>id</span> <span class='ocrx_word' id='word_1_628' title='bbox 2747 3422 2853 3482; x_wconf 88' lang='lat' dir='ltr'>est,</span> <span class='ocrx_word' id='word_1_629' title='bbox 2883 3417 3032 3470; x_wconf 91' lang='lat' dir='ltr'>inter</span> <span class='ocrx_word' id='word_1_630' title='bbox 3057 3415 3161 3470; x_wconf 91' lang='lat' dir='ltr'>hos</span> <span class='ocrx_word' id='word_1_631' title='bbox 3191 3418 3544 3487; x_wconf 89' lang='lat' dir='ltr'>peccatores:</span> 
     </span>
    </p>
   </div>
   <div class='ocr_carea' id='block_1_83' title="bbox 1903 3504 3163 3582">
    <p class='ocr_par' dir='ltr' id='par_1_83' title="bbox 1903 3504 3163 3582">
     <span class='ocr_line' id='line_1_83' title="bbox 1903 3504 3163 3582; baseline -0.005 -19"><span class='ocrx_word' id='word_1_632' title='bbox 1903 3515 2209 3582; x_wconf 87' lang='lat' dir='ltr'>propterea</span> <span class='ocrx_word' id='word_1_633' title='bbox 2239 3509 2379 3579; x_wconf 89' lang='lat' dir='ltr'>quia</span> <span class='ocrx_word' id='word_1_634' title='bbox 2408 3507 2464 3559; x_wconf 91' lang='lat' dir='ltr'>in</span> <span class='ocrx_word' id='word_1_635' title='bbox 2502 3512 2554 3561; x_wconf 91' lang='lat' dir='ltr'>te</span> <span class='ocrx_word' id='word_1_636' title='bbox 2587 3523 2774 3577; x_wconf 91' lang='lat' dir='ltr'>spero,</span> <span class='ocrx_word' id='word_1_637' title='bbox 2809 3522 2922 3559; x_wconf 90' lang='lat' dir='ltr'>non</span> <span class='ocrx_word' id='word_1_638' title='bbox 2956 3504 3014 3558; x_wconf 90' lang='lat' dir='ltr'>in</span> <span class='ocrx_word' id='word_1_639' title='bbox 3049 3521 3163 3558; x_wconf 89' lang='lat' dir='ltr'>me.</span> 
     </span>
    </p>
   </div>
   <div class='ocr_carea' id='block_1_84' title="bbox 1974 3592 3549 3665">
    <p class='ocr_par' dir='ltr' id='par_1_84' title="bbox 1974 3592 3549 3665">
     <span class='ocr_line' id='line_1_84' title="bbox 1974 3592 3549 3665; baseline -0.004 -13"><span class='ocrx_word' id='word_1_640' title='bbox 1974 3599 2161 3652; x_wconf 89' lang='lat' dir='ltr'>Proba</span> <span class='ocrx_word' id='word_1_641' title='bbox 2193 3613 2304 3665; x_wconf 90' lang='lat' dir='ltr'>me,</span> <span class='ocrx_word' id='word_1_642' title='bbox 2354 3596 2618 3659; x_wconf 90' lang='lat' dir='ltr'>Domine,</span> <span class='ocrx_word' id='word_1_643' title='bbox 2673 3599 2730 3648; x_wconf 88' lang='lat' dir='ltr'>et</span> <span class='ocrx_word' id='word_1_644' title='bbox 2776 3600 2934 3648; x_wconf 91' lang='lat' dir='ltr'>tenla</span> <span class='ocrx_word' id='word_1_645' title='bbox 2983 3609 3094 3647; x_wconf 91' lang='lat' dir='ltr'>me.</span> <span class='ocrx_word' id='word_1_646' title='bbox 3151 3615 3178 3640; x_wconf 82' lang='lat'>»</span> <span class='ocrx_word' id='word_1_647' title='bbox 3219 3592 3455 3646; x_wconf 89' lang='lat' dir='ltr'>Probari</span> <span class='ocrx_word' id='word_1_648' title='bbox 3487 3607 3549 3646; x_wconf 91' lang='lat' dir='ltr'>se</span> 
     </span>
    </p>
   </div>
   <div class='ocr_carea' id='block_1_85' title="bbox 1905 3679 3551 3758">
    <p class='ocr_par' dir='ltr' id='par_1_85' title="bbox 1905 3679 3551 3758">
     <span class='ocr_line' id='line_1_85' title="bbox 1905 3679 3551 3758; baseline -0.004 -18"><span class='ocrx_word' id='word_1_649' title='bbox 1905 3692 2070 3758; x_wconf 89' lang='lat' dir='ltr'>rogat</span> <span class='ocrx_word' id='word_1_650' title='bbox 2100 3684 2376 3753; x_wconf 88' lang='lat' dir='ltr'>Ecclesia,</span> <span class='ocrx_word' id='word_1_651' title='bbox 2408 3689 2471 3737; x_wconf 92' lang='lat' dir='ltr'>ut</span> <span class='ocrx_word' id='word_1_652' title='bbox 2501 3699 2564 3738; x_wconf 88' lang='lat' dir='ltr'>se</span> <span class='ocrx_word' id='word_1_653' title='bbox 2595 3687 2815 3750; x_wconf 84' lang='lat' dir='ltr'>noscat,</span> <span class='ocrx_word' id='word_1_654' title='bbox 2879 3686 2932 3736; x_wconf 88' lang='lat' dir='ltr'>et</span> <span class='ocrx_word' id='word_1_655' title='bbox 2972 3679 3045 3736; x_wconf 83' lang='lat' dir='ltr'>ab</span> <span class='ocrx_word' id='word_1_656' title='bbox 3071 3681 3202 3735; x_wconf 90' lang='lat' dir='ltr'>aliis</span> <span class='ocrx_word' id='word_1_657' title='bbox 3234 3696 3551 3752; x_wconf 85' lang='lat' dir='ltr'>cognosca-</span> 
     </span>
    </p>
   </div>
   <div class='ocr_carea' id='block_1_86' title="bbox 1905 3771 3550 3844">
    <p class='ocr_par' dir='ltr' id='par_1_86' title="bbox 1905 3771 3550 3844">
     <span class='ocr_line' id='line_1_86' title="bbox 1905 3771 3550 3844; baseline -0.004 -15"><span class='ocrx_word' id='word_1_658' title='bbox 1905 3781 2001 3829; x_wconf 94' lang='lat' dir='ltr'>tur</span> <span class='ocrx_word' id='word_1_659' title='bbox 2031 3774 2292 3844; x_wconf 89' lang='lat' dir='ltr'>probata.</span> <span class='ocrx_word' id='word_1_660' title='bbox 2328 3774 2490 3828; x_wconf 89' lang='lat' dir='ltr'>Sicut</span> <span class='ocrx_word' id='word_1_661' title='bbox 2520 3772 2630 3826; x_wconf 86' lang='lat' dir='ltr'>Job</span> <span class='ocrx_word' id='word_1_662' title='bbox 2689 3771 2966 3842; x_wconf 89' lang='lat' dir='ltr'>probatus</span> <span class='ocrx_word' id='word_1_663' title='bbox 2999 3775 3106 3835; x_wconf 91' lang='lat' dir='ltr'>est,</span> <span class='ocrx_word' id='word_1_664' title='bbox 3140 3774 3205 3824; x_wconf 91' lang='lat' dir='ltr'>ut</span> <span class='ocrx_word' id='word_1_665' title='bbox 3245 3787 3308 3824; x_wconf 90' lang='lat' dir='ltr'>se</span> <span class='ocrx_word' id='word_1_666' title='bbox 3338 3785 3550 3840; x_wconf 88' lang='lat' dir='ltr'>cogno-</span> 
     </span>
    </p>
   </div>
   <div class='ocr_carea' id='block_1_87' title="bbox 1905 3857 3553 3932">
    <p class='ocr_par' dir='ltr' id='par_1_87' title="bbox 1905 3857 3553 3932">
     <span class='ocr_line' id='line_1_87' title="bbox 1905 3857 3553 3932; baseline -0.005 -13"><span class='ocrx_word' id='word_1_667' title='bbox 1905 3869 2112 3928; x_wconf 88' lang='lat' dir='ltr'>sceret,</span> <span class='ocrx_word' id='word_1_668' title='bbox 2162 3867 2218 3916; x_wconf 90' lang='lat' dir='ltr'>et</span> <span class='ocrx_word' id='word_1_669' title='bbox 2264 3861 2362 3916; x_wconf 91' lang='lat' dir='ltr'>alii</span> <span class='ocrx_word' id='word_1_670' title='bbox 2411 3879 2543 3916; x_wconf 88' lang='lat' dir='ltr'>eum</span> <span class='ocrx_word' id='word_1_671' title='bbox 2600 3864 3010 3932; x_wconf 88' lang='lat' dir='ltr'>cognoscerent</span> <span class='ocrx_word' id='word_1_672' title='bbox 3045 3877 3056 3914; x_wconf 92' lang='lat'><strong>:</strong></span> <span class='ocrx_word' id='word_1_673' title='bbox 3092 3859 3244 3913; x_wconf 90' lang='lat' dir='ltr'>sicut</span> <span class='ocrx_word' id='word_1_674' title='bbox 3271 3857 3355 3913; x_wconf 90' lang='lat' dir='ltr'>illi</span> <span class='ocrx_word' id='word_1_675' title='bbox 3388 3872 3553 3928; x_wconf 88' lang='lat' dir='ltr'>reges</span> 
     </span>
    </p>
   </div>
   <div class='ocr_carea' id='block_1_88' title="bbox 1906 3949 3550 4022">
    <p class='ocr_par' dir='ltr' id='par_1_88' title="bbox 1906 3949 3550 4022">
     <span class='ocr_line' id='line_1_88' title="bbox 1906 3949 3550 4022; baseline -0.005 -15"><span class='ocrx_word' id='word_1_676' title='bbox 1906 3954 2165 4008; x_wconf 86' lang='lat' dir='ltr'>fecerunt</span> <span class='ocrx_word' id='word_1_677' title='bbox 2213 3951 2312 4022; x_wconf 91' lang='lat' dir='ltr'>qui</span> <span class='ocrx_word' id='word_1_678' title='bbox 2363 3968 2496 4006; x_wconf 91' lang='lat' dir='ltr'>eum</span> <span class='ocrx_word' id='word_1_679' title='bbox 2547 3951 2929 4005; x_wconf 89' lang='lat' dir='ltr'>visitaverunt</span> <span class='ocrx_word' id='word_1_680' title='bbox 2972 3949 3106 4018; x_wconf 85' lang='lat' dir='ltr'>(Job.</span> <span class='ocrx_word' id='word_1_681' title='bbox 3159 3965 3220 4002; x_wconf 84' lang='lat' dir='ltr'>In</span> <span class='ocrx_word' id='word_1_682' title='bbox 3264 3951 3313 4001; x_wconf 90' lang='lat' dir='ltr'>et</span> <span class='ocrx_word' id='word_1_683' title='bbox 3360 3950 3550 4016; x_wconf 61' lang='lat' dir='ltr'>seqq).</span> 
     </span>
    </p>
   </div>
   <div class='ocr_carea' id='block_1_89' title="bbox 1906 4034 3556 4106">
    <p class='ocr_par' dir='ltr' id='par_1_89' title="bbox 1906 4034 3556 4106">
     <span class='ocr_line' id='line_1_89' title="bbox 1906 4034 3556 4106; baseline -0.005 -10"><span class='ocrx_word' id='word_1_684' title='bbox 1906 4043 2089 4096; x_wconf 88' lang='lat' dir='ltr'>Proba</span> <span class='ocrx_word' id='word_1_685' title='bbox 2125 4057 2236 4103; x_wconf 82' lang='lat' dir='ltr'>me,</span> <span class='ocrx_word' id='word_1_686' title='bbox 2272 4039 2535 4106; x_wconf 88' lang='lat' dir='ltr'>Domine,</span> <span class='ocrx_word' id='word_1_687' title='bbox 2571 4062 2598 4089; x_wconf 74' lang='grc' dir='ltr'>ι»</span> <span class='ocrx_word' id='word_1_688' title='bbox 2633 4039 2692 4093; x_wconf 89' lang='lat' dir='ltr'>in</span> <span class='ocrx_word' id='word_1_689' title='bbox 2725 4038 3151 4093; x_wconf 87' lang='lat' dir='ltr'>tentationibus</span> <span class='ocrx_word' id='word_1_690' title='bbox 3184 4051 3197 4091; x_wconf 91' lang='lat'>:</span> <span class='ocrx_word' id='word_1_691' title='bbox 3237 4057 3258 4083; x_wconf 75' lang='grc' dir='ltr'>ι</span> <span class='ocrx_word' id='word_1_692' title='bbox 3295 4034 3362 4088; x_wconf 87' lang='lat' dir='ltr'>Et</span> <span class='ocrx_word' id='word_1_693' title='bbox 3392 4038 3556 4088; x_wconf 89' lang='lat' dir='ltr'>tenta</span> 
     </span>
    </p>
   </div>
   <div class='ocr_carea' id='block_1_90' title="bbox 1907 4122 3553 4199">
    <p class='ocr_par' dir='ltr' id='par_1_90' title="bbox 1907 4122 3553 4199">
     <span class='ocr_line' id='line_1_90' title="bbox 1907 4122 3553 4199; baseline -0.005 -13"><span class='ocrx_word' id='word_1_694' title='bbox 1907 4147 2018 4197; x_wconf 89' lang='lat' dir='ltr'>me,</span> <span class='ocrx_word' id='word_1_695' title='bbox 2053 4153 2078 4179; x_wconf 86' lang='grc'><strong>››</strong></span> <span class='ocrx_word' id='word_1_696' title='bbox 2116 4147 2186 4186; x_wconf 92' lang='lat' dir='ltr'>ne</span> <span class='ocrx_word' id='word_1_697' title='bbox 2219 4129 2443 4199; x_wconf 90' lang='lat' dir='ltr'>aliquid</span> <span class='ocrx_word' id='word_1_698' title='bbox 2474 4129 2533 4182; x_wconf 92' lang='lat' dir='ltr'>in</span> <span class='ocrx_word' id='word_1_699' title='bbox 2595 4145 2687 4182; x_wconf 87' lang='lat' dir='ltr'>me</span> <span class='ocrx_word' id='word_1_700' title='bbox 2743 4127 2940 4182; x_wconf 86' lang='lat' dir='ltr'>delicti</span> <span class='ocrx_word' id='word_1_701' title='bbox 3001 4128 3314 4180; x_wconf 88' lang='lat' dir='ltr'>remaneat.</span> <span class='ocrx_word' id='word_1_702' title='bbox 3371 4145 3399 4171; x_wconf 85' lang='lat'><strong>«</strong></span> <span class='ocrx_word' id='word_1_703' title='bbox 3444 4122 3553 4178; x_wconf 90' lang='lat' dir='ltr'>Ure</span> 
     </span>
    </p>
   </div>
   <div class='ocr_carea' id='block_1_91' title="bbox 1907 4211 3552 4280">
    <p class='ocr_par' dir='ltr' id='par_1_91' title="bbox 1907 4211 3552 4280">
     <span class='ocr_line' id='line_1_91' title="bbox 1907 4211 3552 4280; baseline -0.005 -7"><span class='ocrx_word' id='word_1_704' title='bbox 1907 4235 2072 4273; x_wconf 91' lang='lat' dir='ltr'>renes</span> <span class='ocrx_word' id='word_1_705' title='bbox 2106 4234 2264 4272; x_wconf 90' lang='lat' dir='ltr'>meos</span> <span class='ocrx_word' id='word_1_706' title='bbox 2295 4222 2352 4271; x_wconf 91' lang='lat' dir='ltr'>et</span> <span class='ocrx_word' id='word_1_707' title='bbox 2381 4233 2477 4271; x_wconf 90' lang='lat' dir='ltr'>cor</span> <span class='ocrx_word' id='word_1_708' title='bbox 2533 4232 2750 4270; x_wconf 89' lang='lat' dir='ltr'>meum.</span> <span class='ocrx_word' id='word_1_709' title='bbox 2789 4238 2816 4262; x_wconf 90' lang='grc'><strong>››</strong></span> <span class='ocrx_word' id='word_1_710' title='bbox 2849 4213 2997 4278; x_wconf 87' lang='lat' dir='ltr'>Quid</span> <span class='ocrx_word' id='word_1_711' title='bbox 3031 4229 3198 4267; x_wconf 90' lang='lat' dir='ltr'>renes</span> <span class='ocrx_word' id='word_1_712' title='bbox 3230 4215 3459 4280; x_wconf 90' lang='lat' dir='ltr'>sonent,</span> <span class='ocrx_word' id='word_1_713' title='bbox 3493 4211 3552 4265; x_wconf 92' lang='lat' dir='ltr'>in</span> 
     </span>
    </p>
   </div>
   <div class='ocr_carea' id='block_1_92' title="bbox 1907 4299 3552 4377">
    <p class='ocr_par' dir='ltr' id='par_1_92' title="bbox 1907 4299 3552 4377">
     <span class='ocr_line' id='line_1_92' title="bbox 1907 4299 3552 4377; baseline -0.005 -16"><span class='ocrx_word' id='word_1_714' title='bbox 1907 4308 2076 4362; x_wconf 92' lang='lat' dir='ltr'>corde</span> <span class='ocrx_word' id='word_1_715' title='bbox 2108 4305 2440 4377; x_wconf 80' lang='lat' dir='ltr'>significat;</span> <span class='ocrx_word' id='word_1_716' title='bbox 2475 4305 2613 4376; x_wconf 90' lang='lat' dir='ltr'>quia</span> <span class='ocrx_word' id='word_1_717' title='bbox 2657 4301 3058 4357; x_wconf 88' lang='lat' dir='ltr'>misericordia</span> <span class='ocrx_word' id='word_1_718' title='bbox 3089 4311 3189 4355; x_wconf 89' lang='lat' dir='ltr'>tua</span> <span class='ocrx_word' id='word_1_719' title='bbox 3218 4299 3276 4354; x_wconf 90' lang='lat' dir='ltr'>in</span> <span class='ocrx_word' id='word_1_720' title='bbox 3309 4315 3552 4370; x_wconf 80' lang='lat' dir='ltr'>conspe-</span> 
     </span>
    </p>
   </div>
   <div class='ocr_carea' id='block_1_93' title="bbox 1907 4388 3556 4462">
    <p class='ocr_par' dir='ltr' id='par_1_93' title="bbox 1907 4388 3556 4462">
     <span class='ocr_line' id='line_1_93' title="bbox 1907 4388 3556 4462; baseline -0.005 -13"><span class='ocrx_word' id='word_1_721' title='bbox 1907 4401 2002 4450; x_wconf 93' lang='lat' dir='ltr'>ctu</span> <span class='ocrx_word' id='word_1_722' title='bbox 2035 4393 2338 4449; x_wconf 90' lang='lat' dir='ltr'>oculorum</span> <span class='ocrx_word' id='word_1_723' title='bbox 2372 4409 2635 4447; x_wconf 90' lang='lat' dir='ltr'>meorum</span> <span class='ocrx_word' id='word_1_724' title='bbox 2667 4396 2775 4446; x_wconf 88' lang='lat' dir='ltr'>est.</span> <span class='ocrx_word' id='word_1_725' title='bbox 2809 4391 2902 4445; x_wconf 91' lang='lat' dir='ltr'>Sic</span> <span class='ocrx_word' id='word_1_726' title='bbox 2961 4391 3103 4462; x_wconf 89' lang='lat' dir='ltr'>petit</span> <span class='ocrx_word' id='word_1_727' title='bbox 3141 4388 3459 4460; x_wconf 90' lang='lat' dir='ltr'>judicium,</span> <span class='ocrx_word' id='word_1_728' title='bbox 3492 4393 3556 4442; x_wconf 90' lang='lat' dir='ltr'>ut</span> 
     </span>
    </p>
   </div>
   <div class='ocr_carea' id='block_1_94' title="bbox 1908 4480 3555 4538">
    <p class='ocr_par' dir='ltr' id='par_1_94' title="bbox 1908 4480 3555 4538">
     <span class='ocr_line' id='line_1_94' title="bbox 1908 4480 3555 4538; baseline -0.005 -1"><span class='ocrx_word' id='word_1_729' title='bbox 1908 4482 2321 4538; x_wconf 68' lang='lat' dir='ltr'>misericordiae</span> <span class='ocrx_word' id='word_1_730' title='bbox 2357 4481 2712 4536; x_wconf 88' lang='lat' dir='ltr'>recordetur.</span> <span class='ocrx_word' id='word_1_731' title='bbox 2752 4501 2773 4526; x_wconf 77' lang='grc' dir='ltr'>ιι</span> <span class='ocrx_word' id='word_1_732' title='bbox 2810 4480 2917 4534; x_wconf 84' lang='lat' dir='ltr'>Ure</span> <span class='ocrx_word' id='word_1_733' title='bbox 2949 4495 3116 4534; x_wconf 90' lang='lat' dir='ltr'>renes</span> <span class='ocrx_word' id='word_1_734' title='bbox 3151 4494 3312 4533; x_wconf 89' lang='lat' dir='ltr'>meos</span> <span class='ocrx_word' id='word_1_735' title='bbox 3369 4483 3427 4531; x_wconf 89' lang='lat' dir='ltr'>et</span> <span class='ocrx_word' id='word_1_736' title='bbox 3457 4493 3555 4530; x_wconf 91' lang='lat' dir='ltr'>cor</span> 
     </span>
    </p>
   </div>
   <div class='ocr_carea' id='block_1_95' title="bbox 108 4563 3552 4651">
    <p class='ocr_par' dir='ltr' id='par_1_95' title="bbox 108 4563 3552 4651">
     <span class='ocr_line' id='line_1_95' title="bbox 108 4563 3552 4651; baseline -0.001 -32"><span class='ocrx_word' id='word_1_737' title='bbox 108 4563 495 4630; x_wconf 81' lang='lat' dir='ltr'>contundar,</span> <span class='ocrx_word' id='word_1_738' title='bbox 532 4586 559 4612; x_wconf 85' lang='grc'>››</span> <span class='ocrx_word' id='word_1_739' title='bbox 592 4581 780 4634; x_wconf 88' lang='lat' dir='ltr'>neque</span> <span class='ocrx_word' id='word_1_740' title='bbox 810 4563 925 4634; x_wconf 91' lang='lat' dir='ltr'>hic,</span> <span class='ocrx_word' id='word_1_741' title='bbox 977 4581 1164 4635; x_wconf 89' lang='lat' dir='ltr'>neque</span> <span class='ocrx_word' id='word_1_742' title='bbox 1208 4566 1265 4618; x_wconf 91' lang='lat' dir='ltr'>in</span> <span class='ocrx_word' id='word_1_743' title='bbox 1326 4566 1538 4632; x_wconf 84' lang='lat' dir='ltr'>futuro,</span> <span class='ocrx_word' id='word_1_744' title='bbox 1600 4569 1798 4638; x_wconf 83' lang='lat' dir='ltr'>«quia</span> <span class='ocrx_word' id='word_1_745' title='bbox 1828 4588 1871 4651; x_wconf 70' lang='grc' dir='ltr'>ι)</span> <span class='ocrx_word' id='word_1_746' title='bbox 1906 4588 2124 4627; x_wconf 86' lang='lat' dir='ltr'>meum.</span> <span class='ocrx_word' id='word_1_747' title='bbox 2162 4595 2188 4619; x_wconf 83' lang='lat'><strong><em>»</em></strong></span> <span class='ocrx_word' id='word_1_748' title='bbox 2237 4571 2523 4641; x_wconf 90' lang='lat' dir='ltr'>Spiritum</span> <span class='ocrx_word' id='word_1_749' title='bbox 2573 4574 2840 4625; x_wconf 88' lang='lat' dir='ltr'>sanctum</span> <span class='ocrx_word' id='word_1_750' title='bbox 2896 4568 3107 4622; x_wconf 90' lang='lat' dir='ltr'>adhibe</span> <span class='ocrx_word' id='word_1_751' title='bbox 3156 4564 3552 4622; x_wconf 87' lang='lat' dir='ltr'>delectationi-</span> 
     </span>
    </p>
   </div>
   <div class='ocr_carea' id='block_1_96' title="bbox 111 4651 584 4707">
    <p class='ocr_par' dir='ltr' id='par_1_96' title="bbox 111 4651 584 4707">
     <span class='ocr_line' id='line_1_96' title="bbox 111 4651 584 4707; baseline 0.002 -1"><span class='ocrx_word' id='word_1_752' title='bbox 111 4651 413 4706; x_wconf 84' lang='lat' dir='ltr'>invocavi</span> <span class='ocrx_word' id='word_1_753' title='bbox 444 4657 520 4707; x_wconf 91' lang='lat' dir='ltr'>te.</span> <span class='ocrx_word' id='word_1_754' title='bbox 556 4674 584 4701; x_wconf 90' lang='grc'><strong>››</strong></span> 
     </span>
    </p>
   </div>
   <div class='ocr_carea' id='block_1_97' title="bbox 216 4742 1802 4800">
    <p class='ocr_par' dir='ltr' id='par_1_97' title="bbox 216 4742 1802 4800">
     <span class='ocr_line' id='line_1_97' title="bbox 216 4742 1802 4800; baseline 0.003 -5"><span class='ocrx_word' id='word_1_755' title='bbox 216 4763 245 4789; x_wconf 89' lang='grc'>‹‹</span> <span class='ocrx_word' id='word_1_756' title='bbox 290 4742 633 4797; x_wconf 91' lang='lat' dir='ltr'>Innocentes</span> <span class='ocrx_word' id='word_1_757' title='bbox 690 4747 746 4796; x_wconf 89' lang='lat' dir='ltr'>et</span> <span class='ocrx_word' id='word_1_758' title='bbox 804 4743 942 4797; x_wconf 90' lang='lat' dir='ltr'>recti</span> <span class='ocrx_word' id='word_1_759' title='bbox 1001 4742 1370 4797; x_wconf 65' lang='lat' dir='ltr'>adhaeserunt</span> <span class='ocrx_word' id='word_1_760' title='bbox 1428 4743 1591 4798; x_wconf 89' lang='lat' dir='ltr'>mihi.</span> <span class='ocrx_word' id='word_1_761' title='bbox 1635 4746 1802 4800; x_wconf 89' lang='lat' dir='ltr'>Inno-</span> 
     </span>
    </p>
   </div>
   <div class='ocr_carea' id='block_1_98' title="bbox 108 4831 1798 4901">
    <p class='ocr_par' dir='ltr' id='par_1_98' title="bbox 108 4831 1798 4901">
     <span class='ocr_line' id='line_1_98' title="bbox 108 4831 1798 4901; baseline 0.002 -15"><span class='ocrx_word' id='word_1_762' title='bbox 108 4834 377 4895; x_wconf 88' lang='lat' dir='ltr'>centes,</span> <span class='ocrx_word' id='word_1_763' title='bbox 405 4851 430 4878; x_wconf 82' lang='lat' dir='ltr'>n</span> <span class='ocrx_word' id='word_1_764' title='bbox 473 4831 572 4901; x_wconf 90' lang='lat' dir='ltr'>qui</span> <span class='ocrx_word' id='word_1_765' title='bbox 605 4831 920 4900; x_wconf 89' lang='lat' dir='ltr'>puritatem</span> <span class='ocrx_word' id='word_1_766' title='bbox 950 4831 1082 4886; x_wconf 65' lang='lat' dir='ltr'>vitaz</span> <span class='ocrx_word' id='word_1_767' title='bbox 1112 4832 1183 4886; x_wconf 89' lang='lat' dir='ltr'>ab</span> <span class='ocrx_word' id='word_1_768' title='bbox 1213 4833 1445 4886; x_wconf 83' lang='lat' dir='ltr'>exordio</span> <span class='ocrx_word' id='word_1_769' title='bbox 1478 4834 1798 4889; x_wconf 87' lang='lat' dir='ltr'>nativitatis</span> 
     </span>
    </p>
   </div>
   <div class='ocr_carea' id='block_1_99' title="bbox 104 4918 1800 4992">
    <p class='ocr_par' dir='ltr' id='par_1_99' title="bbox 104 4918 1800 4992">
     <span class='ocr_line' id='line_1_99' title="bbox 104 4918 1800 4992; baseline 0.002 -18"><span class='ocrx_word' id='word_1_770' title='bbox 104 4919 586 4974; x_wconf 89' lang='lat' dir='ltr'>custodierunt.</span> <span class='ocrx_word' id='word_1_771' title='bbox 623 4918 787 4976; x_wconf 91' lang='lat' dir='ltr'>Sicut</span> <span class='ocrx_word' id='word_1_772' title='bbox 817 4920 962 4976; x_wconf 93' lang='lat' dir='ltr'>collo</span> <span class='ocrx_word' id='word_1_773' title='bbox 994 4920 1248 4976; x_wconf 73' lang='lat' dir='ltr'>adhaeret</span> <span class='ocrx_word' id='word_1_774' title='bbox 1278 4927 1470 4992; x_wconf 89' lang='lat' dir='ltr'>caput,</span> <span class='ocrx_word' id='word_1_775' title='bbox 1506 4929 1562 4977; x_wconf 90' lang='lat' dir='ltr'>et</span> <span class='ocrx_word' id='word_1_776' title='bbox 1616 4941 1800 4978; x_wconf 88' lang='lat' dir='ltr'>mem-</span> 
     </span>
    </p>
   </div>
   <div class='ocr_carea' id='block_1_100' title="bbox 99 5006 1800 5081">
    <p class='ocr_par' dir='ltr' id='par_1_100' title="bbox 99 5006 1800 5081">
     <span class='ocr_line' id='line_1_100' title="bbox 99 5006 1800 5081; baseline 0.002 -17"><span class='ocrx_word' id='word_1_777' title='bbox 99 5011 253 5064; x_wconf 87' lang='lat' dir='ltr'>bra</span> <span class='ocrx_word' id='word_1_778' title='bbox 311 5006 373 5060; x_wconf 90' lang='lat' dir='ltr'>in</span> <span class='ocrx_word' id='word_1_779' title='bbox 405 5008 606 5063; x_wconf 90' lang='lat' dir='ltr'>eodem</span> <span class='ocrx_word' id='word_1_780' title='bbox 639 5026 878 5081; x_wconf 89' lang='lat' dir='ltr'>corpore</span> <span class='ocrx_word' id='word_1_781' title='bbox 908 5010 1283 5066; x_wconf 89' lang='lat' dir='ltr'>continentur</span> <span class='ocrx_word' id='word_1_782' title='bbox 1337 5027 1348 5064; x_wconf 94' lang='lat'>:</span> <span class='ocrx_word' id='word_1_783' title='bbox 1411 5009 1493 5066; x_wconf 89' lang='lat' dir='ltr'>sic</span> <span class='ocrx_word' id='word_1_784' title='bbox 1524 5017 1579 5066; x_wconf 93' lang='lat' dir='ltr'>et</span> <span class='ocrx_word' id='word_1_785' title='bbox 1605 5012 1800 5068; x_wconf 88' lang='lat' dir='ltr'>Eccle-</span> 
     </span>
    </p>
   </div>
   <div class='ocr_carea' id='block_1_101' title="bbox 91 5095 1803 5172">
    <p class='ocr_par' dir='ltr' id='par_1_101' title="bbox 91 5095 1803 5172">
     <span class='ocr_line' id='line_1_101' title="bbox 91 5095 1803 5172; baseline 0.002 -19"><span class='ocrx_word' id='word_1_786' title='bbox 91 5095 233 5153; x_wconf 81' lang='lat' dir='ltr'>sia</span> <span class='ocrx_word' id='word_1_787' title='bbox 268 5096 693 5166; x_wconf 88' lang='lat' dir='ltr'>perjustitiam</span> <span class='ocrx_word' id='word_1_788' title='bbox 727 5098 971 5154; x_wconf 66' lang='lat' dir='ltr'>adhaesit</span> <span class='ocrx_word' id='word_1_789' title='bbox 1001 5097 1248 5166; x_wconf 89' lang='lat' dir='ltr'>Christo,</span> <span class='ocrx_word' id='word_1_790' title='bbox 1296 5104 1351 5154; x_wconf 92' lang='lat' dir='ltr'>et</span> <span class='ocrx_word' id='word_1_791' title='bbox 1383 5102 1646 5156; x_wconf 90' lang='lat' dir='ltr'>membra</span> <span class='ocrx_word' id='word_1_792' title='bbox 1675 5105 1803 5172; x_wconf 88' lang='lat' dir='ltr'>ejus</span> 
     </span>
    </p>
   </div>
   <div class='ocr_carea' id='block_1_102' title="bbox 87 5184 1805 5259">
    <p class='ocr_par' dir='ltr' id='par_1_102' title="bbox 87 5184 1805 5259">
     <span class='ocr_line' id='line_1_102' title="bbox 87 5184 1805 5259; baseline 0.002 -16"><span class='ocrx_word' id='word_1_793' title='bbox 87 5190 198 5243; x_wconf 85' lang='lat' dir='ltr'>in</span> <span class='ocrx_word' id='word_1_794' title='bbox 247 5184 460 5240; x_wconf 92' lang='lat' dir='ltr'>eodem</span> <span class='ocrx_word' id='word_1_795' title='bbox 502 5203 743 5259; x_wconf 91' lang='lat' dir='ltr'>corpore</span> <span class='ocrx_word' id='word_1_796' title='bbox 783 5188 1172 5242; x_wconf 90' lang='lat' dir='ltr'>continentur.</span> <span class='ocrx_word' id='word_1_797' title='bbox 1234 5189 1570 5255; x_wconf 76' lang='lat' dir='ltr'>Innocentes.</span> <span class='ocrx_word' id='word_1_798' title='bbox 1627 5192 1681 5245; x_wconf 93' lang='lat' dir='ltr'>id</span> <span class='ocrx_word' id='word_1_799' title='bbox 1715 5197 1805 5247; x_wconf 86' lang='lat' dir='ltr'>est</span> 
     </span>
    </p>
   </div>
   <div class='ocr_carea' id='block_1_103' title="bbox 87 5275 1803 5348">
    <p class='ocr_par' dir='ltr' id='par_1_103' title="bbox 87 5275 1803 5348">
     <span class='ocr_line' id='line_1_103' title="bbox 87 5275 1803 5348; baseline 0.003 -17"><span class='ocrx_word' id='word_1_800' title='bbox 87 5296 148 5331; x_wconf 73' lang='grc' dir='ltr'>ε</span> <span class='ocrx_word' id='word_1_801' title='bbox 169 5288 527 5330; x_wconf 90' lang='lat' dir='ltr'>uccessores</span> <span class='ocrx_word' id='word_1_802' title='bbox 559 5276 980 5348; x_wconf 88' lang='lat' dir='ltr'>apostolorum,</span> <span class='ocrx_word' id='word_1_803' title='bbox 1002 5275 1091 5331; x_wconf 90' lang='lat' dir='ltr'>vel</span> <span class='ocrx_word' id='word_1_804' title='bbox 1120 5278 1306 5332; x_wconf 66' lang='lat' dir='ltr'>caeteri</span> <span class='ocrx_word' id='word_1_805' title='bbox 1339 5280 1519 5333; x_wconf 89' lang='lat' dir='ltr'>sancti</span> <span class='ocrx_word' id='word_1_806' title='bbox 1557 5285 1612 5334; x_wconf 91' lang='lat' dir='ltr'>et</span> <span class='ocrx_word' id='word_1_807' title='bbox 1643 5282 1803 5348; x_wconf 87' lang='lat' dir='ltr'>recti,</span> 
     </span>
    </p>
   </div>
   <div class='ocr_carea' id='block_1_104' title="bbox 83 5366 1802 5437">
    <p class='ocr_par' dir='ltr' id='par_1_104' title="bbox 83 5366 1802 5437">
     <span class='ocr_line' id='line_1_104' title="bbox 83 5366 1802 5437; baseline 0.006 -22"><span class='ocrx_word' id='word_1_808' title='bbox 83 5383 162 5436; x_wconf 85' lang='lat' dir='ltr'>q</span> <span class='ocrx_word' id='word_1_809' title='bbox 185 5378 408 5416; x_wconf 89' lang='lat' dir='ltr'>uorum</span> <span class='ocrx_word' id='word_1_810' title='bbox 443 5381 540 5419; x_wconf 92' lang='lat' dir='ltr'>cor</span> <span class='ocrx_word' id='word_1_811' title='bbox 571 5382 686 5420; x_wconf 89' lang='lat' dir='ltr'>non</span> <span class='ocrx_word' id='word_1_812' title='bbox 718 5366 828 5420; x_wconf 82' lang='lat' dir='ltr'>fuit</span> <span class='ocrx_word' id='word_1_813' title='bbox 859 5381 1190 5437; x_wconf 90' lang='lat' dir='ltr'>perversum</span> <span class='ocrx_word' id='word_1_814' title='bbox 1224 5371 1355 5437; x_wconf 89' lang='lat' dir='ltr'>post</span> <span class='ocrx_word' id='word_1_815' title='bbox 1398 5369 1535 5423; x_wconf 89' lang='lat' dir='ltr'>deos</span> <span class='ocrx_word' id='word_1_816' title='bbox 1563 5368 1802 5426; x_wconf 86' lang='lat' dir='ltr'>alienos.</span> 
     </span>
    </p>
   </div>
   <div class='ocr_carea' id='block_1_105' title="bbox 85 5450 1804 5522">
    <p class='ocr_par' dir='ltr' id='par_1_105' title="bbox 85 5450 1804 5522">
     <span class='ocr_line' id='line_1_105' title="bbox 85 5450 1804 5522; baseline 0.007 -20"><span class='ocrx_word' id='word_1_817' title='bbox 85 5479 142 5503; x_wconf 64' lang='lat' dir='ltr'><strong><em>u</em></strong></span> <span class='ocrx_word' id='word_1_818' title='bbox 207 5450 612 5509; x_wconf 77' lang='lat' dir='ltr'>Adhzeserunt</span> <span class='ocrx_word' id='word_1_819' title='bbox 642 5454 809 5520; x_wconf 88' lang='lat' dir='ltr'>mihi,</span> <span class='ocrx_word' id='word_1_820' title='bbox 839 5476 866 5502; x_wconf 87' lang='lat'>»</span> <span class='ocrx_word' id='word_1_821' title='bbox 897 5455 1198 5510; x_wconf 89' lang='lat' dir='ltr'>revertenti</span> <span class='ocrx_word' id='word_1_822' title='bbox 1231 5473 1297 5510; x_wconf 80' lang='lat' dir='ltr'>ex</span> <span class='ocrx_word' id='word_1_823' title='bbox 1344 5457 1565 5512; x_wconf 88' lang='lat' dir='ltr'>inl&#39;eris.</span> <span class='ocrx_word' id='word_1_824' title='bbox 1607 5479 1632 5509; x_wconf 71' lang='grc' dir='ltr'><strong>α</strong></span> <span class='ocrx_word' id='word_1_825' title='bbox 1654 5459 1804 5522; x_wconf 89' lang='lat' dir='ltr'>Quo-</span> 
     </span>
    </p>
   </div>
   <div class='ocr_carea' id='block_1_106' title="bbox 79 5540 1809 5618">
    <p class='ocr_par' dir='ltr' id='par_1_106' title="bbox 79 5540 1809 5618">
     <span class='ocr_line' id='line_1_106' title="bbox 79 5540 1809 5618; baseline 0.007 -26"><span class='ocrx_word' id='word_1_826' title='bbox 79 5540 314 5600; x_wconf 77' lang='lat' dir='ltr'>niam</span> <span class='ocrx_word' id='word_1_827' title='bbox 349 5543 605 5597; x_wconf 89' lang='lat' dir='ltr'>sustinui</span> <span class='ocrx_word' id='word_1_828' title='bbox 640 5549 714 5614; x_wconf 89' lang='lat' dir='ltr'>te,</span> <span class='ocrx_word' id='word_1_829' title='bbox 750 5541 1010 5598; x_wconf 88' lang='lat' dir='ltr'>Domine.</span> <span class='ocrx_word' id='word_1_830' title='bbox 1047 5566 1074 5592; x_wconf 83' lang='lat'>»</span> <span class='ocrx_word' id='word_1_831' title='bbox 1110 5543 1368 5618; x_wconf 88' lang='lat' dir='ltr'>Implevi,</span> <span class='ocrx_word' id='word_1_832' title='bbox 1405 5547 1588 5614; x_wconf 87' lang='lat' dir='ltr'>Pater,</span> <span class='ocrx_word' id='word_1_833' title='bbox 1611 5549 1809 5604; x_wconf 86' lang='lat' dir='ltr'>volun-</span> 
     </span>
    </p>
   </div>
   <div class='ocr_carea' id='block_1_107' title="bbox 83 5633 560 5688">
    <p class='ocr_par' dir='ltr' id='par_1_107' title="bbox 83 5633 560 5688">
     <span class='ocr_line' id='line_1_107' title="bbox 83 5633 560 5688; baseline -0.002 0"><span class='ocrx_word' id='word_1_834' title='bbox 83 5635 338 5688; x_wconf 64' lang='lat' dir='ltr'>tatem</span> <span class='ocrx_word' id='word_1_835' title='bbox 376 5633 560 5688; x_wconf 89' lang='lat' dir='ltr'>tuam.</span> 
     </span>
    </p>
   </div>
   <div class='ocr_carea' id='block_1_108' title="bbox 1903 4658 3551 4732">
    <p class='ocr_par' dir='ltr' id='par_1_108' title="bbox 1903 4658 3551 4732">
     <span class='ocr_line' id='line_1_108' title="bbox 1903 4658 3551 4732; baseline -0.007 -16"><span class='ocrx_word' id='word_1_836' title='bbox 1903 4662 2014 4716; x_wconf 90' lang='lat' dir='ltr'>bus</span> <span class='ocrx_word' id='word_1_837' title='bbox 2047 4667 2104 4715; x_wconf 90' lang='lat' dir='ltr'>et</span> <span class='ocrx_word' id='word_1_838' title='bbox 2133 4659 2584 4732; x_wconf 86' lang='lat' dir='ltr'>cogitationibus</span> <span class='ocrx_word' id='word_1_839' title='bbox 2618 4658 2762 4713; x_wconf 90' lang='lat' dir='ltr'>meis</span> <span class='ocrx_word' id='word_1_840' title='bbox 2798 4675 2810 4712; x_wconf 90' lang='lat'><strong>:</strong></span> <span class='ocrx_word' id='word_1_841' title='bbox 2846 4658 2944 4728; x_wconf 91' lang='lat' dir='ltr'>qui</span> <span class='ocrx_word' id='word_1_842' title='bbox 2994 4663 3242 4726; x_wconf 87' lang='lat' dir='ltr'>utraque</span> <span class='ocrx_word' id='word_1_843' title='bbox 3283 4669 3551 4718; x_wconf 85' lang='lat' dir='ltr'>exurens,</span> 
     </span>
    </p>
   </div>
   <div class='ocr_carea' id='block_1_109' title="bbox 1912 4741 3553 4820">
    <p class='ocr_par' dir='ltr' id='par_1_109' title="bbox 1912 4741 3553 4820">
     <span class='ocr_line' id='line_1_109' title="bbox 1912 4741 3553 4820; baseline -0.006 -16"><span class='ocrx_word' id='word_1_844' title='bbox 1912 4767 2003 4804; x_wconf 93' lang='lat' dir='ltr'>me</span> <span class='ocrx_word' id='word_1_845' title='bbox 2044 4750 2291 4820; x_wconf 88' lang='lat' dir='ltr'>dignum</span> <span class='ocrx_word' id='word_1_846' title='bbox 2342 4748 2574 4803; x_wconf 82' lang='lat' dir='ltr'>efﬁciat.</span> <span class='ocrx_word' id='word_1_847' title='bbox 2628 4748 2759 4813; x_wconf 87' lang='lat' dir='ltr'>Ure,</span> <span class='ocrx_word' id='word_1_848' title='bbox 2807 4747 2914 4800; x_wconf 89' lang='lat' dir='ltr'>hoc</span> <span class='ocrx_word' id='word_1_849' title='bbox 2967 4752 3074 4816; x_wconf 90' lang='lat' dir='ltr'>est,</span> <span class='ocrx_word' id='word_1_850' title='bbox 3126 4746 3260 4816; x_wconf 87' lang='lat' dir='ltr'>igne</span> <span class='ocrx_word' id='word_1_851' title='bbox 3299 4741 3553 4813; x_wconf 88' lang='lat' dir='ltr'>Spiritus</span> 
     </span>
    </p>
   </div>
   <div class='ocr_carea' id='block_1_110' title="bbox 1911 4831 3558 4908">
    <p class='ocr_par' dir='ltr' id='par_1_110' title="bbox 1911 4831 3558 4908">
     <span class='ocr_line' id='line_1_110' title="bbox 1911 4831 3558 4908; baseline -0.006 -16"><span class='ocrx_word' id='word_1_852' title='bbox 1911 4838 2118 4902; x_wconf 80' lang='lat' dir='ltr'>sancti,</span> <span class='ocrx_word' id='word_1_853' title='bbox 2151 4838 2220 4892; x_wconf 89' lang='lat' dir='ltr'>de</span> <span class='ocrx_word' id='word_1_854' title='bbox 2252 4854 2366 4908; x_wconf 92' lang='lat' dir='ltr'>quo</span> <span class='ocrx_word' id='word_1_855' title='bbox 2398 4837 2531 4907; x_wconf 89' lang='lat' dir='ltr'>igne</span> <span class='ocrx_word' id='word_1_856' title='bbox 2562 4835 2703 4890; x_wconf 91' lang='lat' dir='ltr'>dicit</span> <span class='ocrx_word' id='word_1_857' title='bbox 2753 4853 2766 4889; x_wconf 90' lang='lat'><strong>:</strong></span> <span class='ocrx_word' id='word_1_858' title='bbox 2817 4841 3006 4903; x_wconf 83' lang='lat' dir='ltr'>Ignem</span> <span class='ocrx_word' id='word_1_859' title='bbox 3066 4835 3194 4888; x_wconf 81' lang='lat' dir='ltr'>veni</span> <span class='ocrx_word' id='word_1_860' title='bbox 3220 4833 3442 4886; x_wconf 86' lang='lat' dir='ltr'>mittere</span> <span class='ocrx_word' id='word_1_861' title='bbox 3497 4831 3558 4883; x_wconf 87' lang='lat' dir='ltr'>in</span> 
     </span>
    </p>
   </div>
   <div class='ocr_carea' id='block_1_111' title="bbox 1912 4927 2570 4995">
    <p class='ocr_par' dir='ltr' id='par_1_111' title="bbox 1912 4927 2570 4995">
     <span class='ocr_line' id='line_1_111' title="bbox 1912 4927 2570 4995; baseline -0.003 -14"><span class='ocrx_word' id='word_1_862' title='bbox 1912 4932 2114 4982; x_wconf 82' lang='lat' dir='ltr'>terram</span> <span class='ocrx_word' id='word_1_863' title='bbox 2146 4929 2296 4994; x_wconf 82' lang='lat' dir='ltr'>(Luc.</span> <span class='ocrx_word' id='word_1_864' title='bbox 2327 4943 2426 4995; x_wconf 80' lang='lat' dir='ltr'>xu,</span> <span class='ocrx_word' id='word_1_865' title='bbox 2459 4927 2570 4994; x_wconf 55' lang='lat' dir='ltr'>a9).</span> 
     </span>
    </p>
   </div>
   <div class='ocr_carea' id='block_1_112' title="bbox 1985 5009 3563 5079">
    <p class='ocr_par' dir='ltr' id='par_1_112' title="bbox 1985 5009 3563 5079">
     <span class='ocr_line' id='line_1_112' title="bbox 1985 5009 3563 5079; baseline -0.005 -9"><span class='ocrx_word' id='word_1_866' title='bbox 1985 5039 2012 5064; x_wconf 88' lang='grc'>‹‹</span> <span class='ocrx_word' id='word_1_867' title='bbox 2064 5015 2348 5079; x_wconf 86' lang='lat' dir='ltr'>Quoniam</span> <span class='ocrx_word' id='word_1_868' title='bbox 2400 5014 2796 5069; x_wconf 88' lang='lat' dir='ltr'>misericordia</span> <span class='ocrx_word' id='word_1_869' title='bbox 2847 5018 2946 5067; x_wconf 89' lang='lat' dir='ltr'>tua</span> <span class='ocrx_word' id='word_1_870' title='bbox 2997 5016 3129 5068; x_wconf 89' lang='lat' dir='ltr'>ante</span> <span class='ocrx_word' id='word_1_871' title='bbox 3169 5009 3367 5066; x_wconf 90' lang='lat' dir='ltr'>oculos</span> <span class='ocrx_word' id='word_1_872' title='bbox 3401 5025 3563 5063; x_wconf 91' lang='lat' dir='ltr'>meos</span> 
     </span>
    </p>
   </div>
   <div class='ocr_carea' id='block_1_113' title="bbox 1913 5096 3566 5173">
    <p class='ocr_par' dir='ltr' id='par_1_113' title="bbox 1913 5096 3566 5173">
     <span class='ocr_line' id='line_1_113' title="bbox 1913 5096 3566 5173; baseline -0.006 -15"><span class='ocrx_word' id='word_1_873' title='bbox 1913 5109 2020 5160; x_wconf 90' lang='lat' dir='ltr'>est.</span> <span class='ocrx_word' id='word_1_874' title='bbox 2055 5126 2081 5153; x_wconf 84' lang='grc'><strong>››</strong></span> <span class='ocrx_word' id='word_1_875' title='bbox 2123 5108 2192 5157; x_wconf 92' lang='lat' dir='ltr'>Ut</span> <span class='ocrx_word' id='word_1_876' title='bbox 2223 5104 2293 5157; x_wconf 80' lang='lat' dir='ltr'>ab</span> <span class='ocrx_word' id='word_1_877' title='bbox 2331 5104 2435 5156; x_wconf 90' lang='lat' dir='ltr'>hoc</span> <span class='ocrx_word' id='word_1_878' title='bbox 2466 5103 2599 5173; x_wconf 85' lang='lat' dir='ltr'>igne</span> <span class='ocrx_word' id='word_1_879' title='bbox 2655 5117 2886 5172; x_wconf 87' lang='lat' dir='ltr'>arguar,</span> <span class='ocrx_word' id='word_1_880' title='bbox 2937 5105 2993 5153; x_wconf 90' lang='lat' dir='ltr'>et</span> <span class='ocrx_word' id='word_1_881' title='bbox 3027 5115 3138 5153; x_wconf 93' lang='lat' dir='ltr'>non</span> <span class='ocrx_word' id='word_1_882' title='bbox 3171 5113 3399 5152; x_wconf 85' lang='lat' dir='ltr'>exurar.</span> <span class='ocrx_word' id='word_1_883' title='bbox 3439 5117 3465 5146; x_wconf 74' lang='grc' dir='ltr'>«ι</span> <span class='ocrx_word' id='word_1_884' title='bbox 3500 5096 3566 5149; x_wconf 85' lang='lat' dir='ltr'>Et</span> 
     </span>
    </p>
   </div>
   <div class='ocr_carea' id='block_1_114' title="bbox 1915 5187 3568 5262">
    <p class='ocr_par' dir='ltr' id='par_1_114' title="bbox 1915 5187 3568 5262">
     <span class='ocr_line' id='line_1_114' title="bbox 1915 5187 3568 5262; baseline -0.005 -16"><span class='ocrx_word' id='word_1_885' title='bbox 1915 5190 2241 5262; x_wconf 80' lang='lat' dir='ltr'>complacui</span> <span class='ocrx_word' id='word_1_886' title='bbox 2294 5191 2349 5244; x_wconf 90' lang='lat' dir='ltr'>in</span> <span class='ocrx_word' id='word_1_887' title='bbox 2400 5191 2640 5246; x_wconf 89' lang='lat' dir='ltr'>veritate</span> <span class='ocrx_word' id='word_1_888' title='bbox 2686 5196 2804 5242; x_wconf 92' lang='lat' dir='ltr'>tua.</span> <span class='ocrx_word' id='word_1_889' title='bbox 2849 5211 2875 5236; x_wconf 89' lang='grc'><strong>››</strong></span> <span class='ocrx_word' id='word_1_890' title='bbox 2931 5189 2989 5241; x_wconf 92' lang='lat' dir='ltr'>ln</span> <span class='ocrx_word' id='word_1_891' title='bbox 3042 5187 3271 5242; x_wconf 89' lang='lat' dir='ltr'>Christo</span> <span class='ocrx_word' id='word_1_892' title='bbox 3321 5190 3420 5240; x_wconf 93' lang='lat' dir='ltr'>tuo</span> <span class='ocrx_word' id='word_1_893' title='bbox 3455 5201 3468 5238; x_wconf 90' lang='lat'>:</span> <span class='ocrx_word' id='word_1_894' title='bbox 3503 5189 3568 5237; x_wconf 93' lang='lat' dir='ltr'>ut</span> 
     </span>
    </p>
   </div>
   <div class='ocr_carea' id='block_1_115' title="bbox 1918 5273 3566 5347">
    <p class='ocr_par' dir='ltr' id='par_1_115' title="bbox 1918 5273 3566 5347">
     <span class='ocr_line' id='line_1_115' title="bbox 1918 5273 3566 5347; baseline -0.004 -13"><span class='ocrx_word' id='word_1_895' title='bbox 1918 5297 2032 5334; x_wconf 81' lang='lat' dir='ltr'>nou</span> <span class='ocrx_word' id='word_1_896' title='bbox 2069 5280 2124 5333; x_wconf 92' lang='lat' dir='ltr'>in</span> <span class='ocrx_word' id='word_1_897' title='bbox 2161 5297 2287 5334; x_wconf 88' lang='lat' dir='ltr'>meo</span> <span class='ocrx_word' id='word_1_898' title='bbox 2320 5279 2642 5341; x_wconf 88' lang='lat' dir='ltr'>mendacio,</span> <span class='ocrx_word' id='word_1_899' title='bbox 2676 5279 2776 5333; x_wconf 90' lang='lat' dir='ltr'>sed</span> <span class='ocrx_word' id='word_1_900' title='bbox 2827 5279 2884 5332; x_wconf 90' lang='lat' dir='ltr'>in</span> <span class='ocrx_word' id='word_1_901' title='bbox 2935 5282 3035 5330; x_wconf 87' lang='lat' dir='ltr'>tua</span> <span class='ocrx_word' id='word_1_902' title='bbox 3081 5276 3322 5330; x_wconf 87' lang='lat' dir='ltr'>veritate</span> <span class='ocrx_word' id='word_1_903' title='bbox 3377 5273 3566 5347; x_wconf 83' lang='lat' dir='ltr'>place-</span> 
     </span>
    </p>
   </div>
   <div class='ocr_carea' id='block_1_116' title="bbox 1918 5387 2061 5425">
    <p class='ocr_par' dir='ltr' id='par_1_116' title="bbox 1918 5387 2061 5425">
     <span class='ocr_line' id='line_1_116' title="bbox 1918 5387 2061 5425; baseline -0.007 -1"><span class='ocrx_word' id='word_1_904' title='bbox 1918 5387 2061 5425; x_wconf 89' lang='lat' dir='ltr'>rem.</span> 
     </span>
    </p>
   </div>
   <div class='ocr_carea' id='block_1_117' title="bbox 1988 5454 3568 5512">
    <p class='ocr_par' dir='ltr' id='par_1_117' title="bbox 1988 5454 3568 5512">
     <span class='ocr_line' id='line_1_117' title="bbox 1988 5454 3568 5512; baseline -0.005 0"><span class='ocrx_word' id='word_1_905' title='bbox 1988 5482 2015 5507; x_wconf 91' lang='grc'>‹‹</span> <span class='ocrx_word' id='word_1_906' title='bbox 2047 5458 2171 5512; x_wconf 89' lang='lat' dir='ltr'>Non</span> <span class='ocrx_word' id='word_1_907' title='bbox 2209 5457 2331 5512; x_wconf 89' lang='lat' dir='ltr'>sedi</span> <span class='ocrx_word' id='word_1_908' title='bbox 2391 5458 2446 5510; x_wconf 91' lang='lat' dir='ltr'>in</span> <span class='ocrx_word' id='word_1_909' title='bbox 2506 5456 2749 5511; x_wconf 91' lang='lat' dir='ltr'>concilio</span> <span class='ocrx_word' id='word_1_910' title='bbox 2804 5457 3097 5510; x_wconf 87' lang='lat' dir='ltr'>vanitatis.</span> <span class='ocrx_word' id='word_1_911' title='bbox 3163 5477 3190 5503; x_wconf 88' lang='lat'>»</span> <span class='ocrx_word' id='word_1_912' title='bbox 3250 5454 3374 5508; x_wconf 89' lang='lat' dir='ltr'>Non</span> <span class='ocrx_word' id='word_1_913' title='bbox 3437 5467 3568 5507; x_wconf 90' lang='lat' dir='ltr'>sum</span> 
     </span>
    </p>
   </div>
   <div class='ocr_carea' id='block_1_118' title="bbox 1919 5543 3566 5617">
    <p class='ocr_par' dir='ltr' id='par_1_118' title="bbox 1919 5543 3566 5617">
     <span class='ocr_line' id='line_1_118' title="bbox 1919 5543 3566 5617; baseline -0.006 -14"><span class='ocrx_word' id='word_1_914' title='bbox 1919 5550 2270 5615; x_wconf 73' lang='lat' dir='ltr'>coniunctus</span> <span class='ocrx_word' id='word_1_915' title='bbox 2320 5547 2411 5600; x_wconf 89' lang='lat' dir='ltr'>his</span> <span class='ocrx_word' id='word_1_916' title='bbox 2457 5547 2554 5617; x_wconf 89' lang='lat' dir='ltr'>qui</span> <span class='ocrx_word' id='word_1_917' title='bbox 2601 5550 2803 5600; x_wconf 89' lang='lat' dir='ltr'>contra</span> <span class='ocrx_word' id='word_1_918' title='bbox 2872 5551 2948 5609; x_wconf 87' lang='lat' dir='ltr'>te,</span> <span class='ocrx_word' id='word_1_919' title='bbox 2999 5543 3297 5598; x_wconf 86' lang='lat' dir='ltr'>Christum</span> <span class='ocrx_word' id='word_1_920' title='bbox 3348 5557 3566 5605; x_wconf 89' lang='lat' dir='ltr'>meum,</span> 
     </span>
    </p>
   </div>
   <div class='ocr_carea' id='block_1_119' title="bbox 1922 5627 3569 5708">
    <p class='ocr_par' dir='ltr' id='par_1_119' title="bbox 1922 5627 3569 5708">
     <span class='ocr_line' id='line_1_119' title="bbox 1922 5627 3569 5708; baseline -0.008 -16"><span class='ocrx_word' id='word_1_921' title='bbox 1922 5653 2139 5692; x_wconf 87' lang='lat' dir='ltr'>vanum</span> <span class='ocrx_word' id='word_1_922' title='bbox 2193 5636 2445 5708; x_wconf 88' lang='lat' dir='ltr'>agebant</span> <span class='ocrx_word' id='word_1_923' title='bbox 2493 5633 2827 5691; x_wconf 89' lang='lat' dir='ltr'>concilium.</span> <span class='ocrx_word' id='word_1_924' title='bbox 2866 5656 2891 5682; x_wconf 88' lang='grc'><strong>‹‹</strong></span> <span class='ocrx_word' id='word_1_925' title='bbox 2923 5633 3045 5700; x_wconf 82' lang='lat' dir='ltr'>Non</span> <span class='ocrx_word' id='word_1_926' title='bbox 3081 5632 3203 5692; x_wconf 87' lang='lat' dir='ltr'>sedi</span> <span class='ocrx_word' id='word_1_927' title='bbox 3232 5631 3292 5686; x_wconf 91' lang='lat' dir='ltr'>in</span> <span class='ocrx_word' id='word_1_928' title='bbox 3325 5627 3569 5684; x_wconf 90' lang='lat' dir='ltr'>concilio</span> 
     </span>
    </p>
   </div>
  </div>
