3964 6190
460 321 576 379 947

1958 328 2381 389 APPENDIX.
3639 343 3724 403 9&8

459 450 756 523 vanitatis,
790 474 818 503 »
853 453 910 509 id
942 455 1154 525 est,qui
1183 458 1254 511 de
1282 458 1529 514 terrenis
1558 459 1818 531 cogitant
1848 476 2100 532 semper,
2133 464 2187 529 Α
2217 477 2383 516 meus
2411 461 2468 516 in
2501 461 2727 517 Christo
2761 478 2773 516 :
2807 462 2946 534 quia
2997 461 3122 533 ipse
3175 464 3264 517 est
3310 463 3409 519 via.
3450 486 3467 513 ε
3519 466 3601 524 Pes
3620 473 3724 527 enim

463 557 579 596 non
626 540 779 596 sedit
829 541 1087 599 Ecclesia
1130 545 1188 598 in
1240 561 1442 601 eorum
1491 546 1759 603 concilio.
1797 570 1824 598 «
1878 550 2106 604 Etcum

463 629 672 701 iniqua
691 629 1027 702 gerentibus
1060 649 1175 687 non
1200 634 1637 691 introibo.»Non
1661 638 1829 708 posui
1846 654 1993 715 cum
2015 638 2108 692 his

464 718 869 774 absconditam
900 721 1316 776 conscientiam
1346 739 1556 780 meam.

537 825 565 855 ‹‹
597 804 762 859 Odivi
812 805 1129 862 Ecclesiam
1186 809 1656 882 malignantium.
1693 834 1721 861 »
1750 813 2109 880 Judaeorum,

464 892 585 948 sive
616 892 1042 951 haereticorum.
1076 919 1104 944 «
1138 897 1203 951 Et
1234 914 1369 953 cum
1413 900 1612 971 impiis
1643 918 1756 956 non
1790 902 2002 958 sedebo
2033 920 2046 970 ;
2082 925 2110 952 »

464 985 701 1053 pactum
734 999 867 1037 cum
898 983 993 1040 his
1025 1001 1137 1040 non
1169 985 1347 1042 inibo.
1377 989 1444 1043 Et
1472 1005 1605 1043 cum
1641 989 1839 1061 impiis
1873 1007 1985 1046 non
2019 1008 2111 1047 se-

468 1071 615 1126 debo
659 1088 671 1139 ;
708 1094 736 1121 ››
768 1072 825 1126 id
848 1076 960 1143 est,
992 1090 1109 1129 non
1132 1074 1325 1130 solum
1364 1076 1763 1148 cogitaverunt
1807 1078 1867 1133 in
1918 1080 2111 1148 verbo,

469 1159 571 1215 sed
602 1160 968 1232 perfecerunt
995 1162 1056 1218 in
1086 1179 1277 1235 opere.

544 1271 572 1300 «
603 1249 827 1305 Lavabo
847 1250 998 1306 inter
1026 1253 1363 1309 innocentes
1387 1271 1596 1311 manus
1620 1273 1838 1313 meas.»
1862 1258 1922 1313 1n
1950 1258 2115 1314 bonis

473 1339 748 1411 operibus
776 1338 980 1395 lavabo
1012 1357 1225 1397 manus
1273 1359 1454 1410 meas,
1501 1360 1626 1416 qua:
1680 1347 1926 1415 peccatis
1985 1352 2118 1403 ante

472 1428 811 1484 sordebant.
845 1452 872 1478 «
908 1429 1117 1485 Manus
1150 1431 1383 1499 lavabo;
1421 1454 1450 1482 »
1494 1432 1550 1487 id
1602 1438 1690 1489 est
1720 1451 1915 1508 opera.
1942 1437 2119 1493 Lavat

471 1532 576 1588 per
619 1516 928 1589 lacrymas,
988 1535 1091 1590 per
1151 1519 1512 1592 baptismum
1572 1526 1628 1577 et
1691 1523 2115 1595 paenitentiam.

477 1627 500 1656 α
535 1606 606 1661 Et
636 1606 1012 1663 circumdabo
1045 1606 1226 1663 altare
1257 1613 1447 1678 tuum,
1497 1611 1759 1668 Domine.
1807 1635 1835 1662 »
1885 1614 2118 1686 Ample-

475 1698 599 1749 ctar
627 1694 905 1750 sublimia
931 1699 1050 1767 tua,
1083 1701 1148 1751 ut
1178 1697 1400 1753 discam
1448 1698 1688 1756 laudare
1719 1705 1793 1756 te.
1826 1704 2029 1769 Altare,
2063 1704 2120 1760 id

476 1787 565 1838 est
611 1784 778 1838 ﬁdes.
851 1784 1229 1853 Circumdabo,
1299 1787 1357 1842 id
1432 1792 1522 1844 est
1585 1791 1860 1862 operibus
1927 1793 2115 1849 bonis.

478 1870 898 1946 Unusquisque
928 1880 1169 1932 sanctus
1200 1875 1379 1933 altare
1430 1879 1658 1935 Domini
1707 1880 1767 1935 in
1806 1897 1869 1937 se
1899 1877 2122 1938 habet:

479 1962 634 2032 quod
665 1967 755 2018 est
783 1963 949 2021 ﬁdes.

549 2073 579 2100 «
631 2050 705 2106 Ut
754 2053 992 2109 audiam
1040 2071 1237 2110 vocem
1286 2056 1478 2114 laudis
1528 2062 1640 2114 tua:
1694 2076 1707 2115 :
1758 2064 1814 2115 et
1859 2077 2126 2117 enarrem

479 2139 751 2197 universa
797 2142 1090 2198 mirabilia
1134 2148 1256 2201 tua.
1292 2168 1320 2196 »
1352 2146 1424 2202 Ut
1470 2164 1605 2203 cum
1645 2148 1923 2218 didicero,
1955 2167 2127 2221 expo-

481 2246 617 2284 nam
649 2234 873 2288 caeteris
902 2231 1253 2289 miraculum
1295 2234 1441 2290 illud
1476 2253 1488 2289 ε
1525 2236 1772 2307 qualiter
1824 2256 1927 2311 pro
1960 2239 2127 2294 nobis

481 2321 570 2376 vel
604 2338 816 2392 passus
847 2338 930 2388 es,
963 2321 1045 2377 vel
1083 2324 1473 2379 resurrexisti.
1515 2347 1543 2375 «
1590 2327 1660 2381 Et
1701 2344 1964 2383 enarrem
1996 2328 2126 2382 uni-

479 2425 647 2464 versa
680 2409 977 2464 mirabilia
1004 2416 1126 2477 tua,
1163 2433 1191 2460 »
1240 2411 1430 2467 laudis
1461 2418 1573 2468 tua;
1633 2430 1646 2469 :
1709 2415 1765 2469 id
1814 2423 1922 2484 est,
1958 2417 2126 2488 quid-

484 2496 623 2567 quid
671 2497 809 2550 boni
863 2497 1116 2568 agimus,
1148 2516 1182 2553 a
1216 2505 1325 2554 Deo
1359 2506 1662 2572 reputatur
1690 2520 1839 2575 esse,
1870 2511 1927 2560 et
1956 2506 2126 2576 quid-

484 2585 624 2655 quid
658 2584 800 2639 mali
829 2585 1107 2654 facimus,
1156 2605 1191 2642 a
1222 2589 1391 2644 nobis
1423 2595 1528 2645 est.
1566 2599 1713 2648 Laus
1742 2593 1841 2648 Dei
1875 2595 2131 2666 perfecta

482 2677 591 2742 est,
626 2678 683 2728 et
711 2672 841 2728 laus
867 2673 1173 2731 hominum
1209 2676 1565 2750 imperfecta.

559 2784 580 2813 ι
615 2763 880 2831 Domine,
933 2763 1106 2820 dilexi
1138 2766 1405 2823 decorem
1436 2769 1649 2825 domus
1680 2775 1813 2837 tuae,
1846 2778 1904 2827 et
1931 2772 2127 2829 locum

482 2851 864 2909 habitationis
889 2853 1085 2925 gloriae
1116 2861 1248 2911 tum.
1278 2878 1303 2906 n
1340 2858 1645 2914 Pulchram
1680 2861 1840 2916 eli'eci
1873 2868 2126 2919 mentem

482 2957 696 3008 meam,
729 2946 796 2996 ut
847 2946 1000 2998 esset
1030 2944 1139 2998 tibi
1172 2946 1553 3002 commoratio
1601 2948 1779 3021 digna
1837 2966 1848 3004 :
1903 2950 1963 3005 in
2012 2969 2128 3022 qua

479 3029 758 3086 habitans
789 3030 1080 3103 glorifices
1111 3049 1203 3088 me
1248 3033 1434 3107 gloria
1462 3040 1580 3091 tua.
1642 3037 1864 3095 Domus
1896 3042 2126 3096 Domini

483 3123 573 3173 est
621 3119 894 3175 Ecclesia.
945 3121 1282 3178 Sacerdotes
1333 3127 1389 3179 et
1437 3125 1719 3182 habitatio
1771 3127 1968 3199 gloriae
2012 3134 2124 3185 tua;

481 3207 597 3279 ipsi
628 3212 771 3264 sunt
798 3209 857 3263 in
888 3210 1103 3280 quibus
1134 3211 1358 3267 habitat
1382 3213 1556 3269 Deus.

562 3319 582 3345 α
618 3296 700 3352 Ne
745 3298 956 3369 perdas
984 3316 1119 3354 cum
1151 3300 1351 3372 impiis
1384 3303 1643 3359 animam
1679 3322 1890 3361 meam.
1928 3330 1956 3358 »
1982 3310 2126 3364 Cum

484 3384 577 3440 his
601 3386 700 3456 qui
723 3403 825 3458 per
846 3386 1438 3459 impietatem,mitem
1451 3392 1834 3449 tradiderunt.
1868 3397 1973 3451 «Et
1994 3413 2126 3452 cum

482 3474 625 3529 viris
656 3476 1013 3547 sanguinum
1046 3477 1222 3531 vitam
1255 3494 1470 3535 meam.
1522 3503 1549 3531 ››
1585 3481 1693 3545 Qui
1745 3483 1945 3539 dolose
1981 3484 2129 3540 insi-

483 3562 736 3633 diantes,
770 3564 1103 3619 effuderunt
1131 3567 1478 3639 sanguinem
1509 3574 1700 3626 tuum.

556 3689 586 3718 «
624 3673 683 3721 ιη
706 3684 956 3739 quorum
980 3671 1252 3727 manibus
1281 3672 1622 3744 iniquitates
1643 3683 1840 3733 sunt.»
1870 3684 1990 3735 Hoc
2019 3686 2127 3752 est,

482 3755 543 3810 in
576 3756 851 3826 operibus
882 3774 1103 3813 eorum.
1150 3782 1178 3809 «
1237 3761 1482 3817 Dextera
1530 3781 1729 3820 eorum
1774 3767 1993 3840 repleta
2042 3776 2131 3826 est

482 3843 849 3900 muneribus.
906 3869 926 3895 ο
974 3846 1403 3905 Abstinendum
1453 3869 1487 3906 a
1530 3854 1874 3913 muneribus
1913 3859 2124 3915 docet:

481 3932 739 4011 culpans_
777 3951 876 3991 eos
925 3936 1024 4007 qui
1074 3936 1370 4009 accipiunt
1420 3957 1662 3998 munera
1711 3963 1724 4000 :
1776 3948 1873 4016 qui
1906 3948 2129 4020 iniqui-

480 4028 660 4078 tatem
703 4028 964 4095 agentes,
999 4030 1291 4096 quaestum
1322 4027 1502 4099 hujus
1548 4031 1867 4102 impietatis
1899 4035 2126 4092 lucrum

480 4110 715 4184 aliquod
747 4113 1014 4169 arbitrati
1054 4120 1193 4169 sunt
1234 4132 1248 4169 :
1299 4115 1452 4172 sicut
1499 4117 1626 4191 ipse
1654 4122 1917 4192 proditor
1945 4126 2128 4182 Judas

479 4202 618 4255 fecit
671 4202 894 4273 (Matth.
946 4220 1133 4274 xxxvr,
1192 4206 1299 4275 15).
1349 4206 1593 4262 Dextera
1646 4225 1849 4266 eorum
1910 4214 2129 4285 repleta

479 4294 570 4343 est
600 4290 966 4347 muneribus.
1001 4314 1028 4342 ››
1066 4297 1143 4347 De
1198 4294 1441 4350 sinistra
1472 4297 1735 4354 fecerunt
1788 4301 1899 4356 sibi
1930 4305 2121 4359 dexte-

480 4393 606 4432 ram
636 4394 648 4431 :
674 4380 812 4448 quia
840 4380 958 4435 vita
990 4381 1206 4449 futura,
1239 4383 1476 4440 dextera
1507 4386 1740 4450 dicitur.
1774 4394 1831 4444 et
1863 4390 2121 4464 sinistra,

476 4466 598 4521 vita
644 4484 921 4539 praesens.
985 4469 1072 4524 Illi
1124 4488 1226 4541 pro
1279 4473 1531 4543 dextera,
1597 4474 1931 4535 habuerunt
1977 4481 2122 4536 sini-

2155 1835 2207 1900 B

2155 3202 2198 3268 (ἶ
2237 3202 2309 3295 ag
2330 3202 2695 3293 essese
2713 3202 2747 3291 ⁷ε

2218 566 2406 619 meus,
2442 573 2468 599 »
2500 567 2571 608 ne
2604 551 2747 606 mihi
2778 549 3147 622 praevaleant,
3185 571 3212 601 ‹‹
3240 551 3391 608 stetit
3415 553 3464 608 in
3485 555 3561 610 via
3584 564 3724 623 recta,-

2217 639 2315 694 ille
2347 640 2588 707 scilicet,
2621 641 2680 694 in
2715 656 2830 711 quo
2865 640 2937 695 ad
2986 646 3045 695 te
3073 641 3337 696 accedere
3375 643 3497 713 ccepi
3520 660 3598 715 per
3615 648 3729 716 justi-

2220 728 2312 783 tie
2344 728 2519 783 viam.
2555 751 2583 778 »
2616 730 2678 783 In
2711 728 2952 785 Eclesiis
2982 729 3316 785 benedicam
3342 729 3617 788 Dominum.
3642 758 3662 783 ι
3686 742 3732 793 De

2223 817 2446 873 unitate
2503 818 2971 890 congregationis
3014 817 3175 874 dicit.
3229 818 3291 873 In
3346 817 3574 886 Ecclesia,
3597 826 3732 879 nonin

2223 904 2595 972 latebris,sed
2629 906 2687 960 in
2723 906 3142 962 conventiculis
3171 905 3491 979 populorum
3516 915 3560 964 te
3579 911 3735 967 benedi

2223 1011 2384 1050 cens.
2434 995 2765 1050 Praedicabo
2833 995 3206 1051 dilectionem
3256 995 3405 1051 illam
3448 1013 3544 1067 qua
3578 1003 3650 1053 tuo
3682 1016 3737 1055 me

2224 1084 2509 1156 sanguine
2541 1084 2840 1139 redemisti
2878 1102 2891 1140 :
2926 1084 3216 1156 baptismo
3249 1084 3467 1141 abluisti
3516 1103 3528 1140 :
3576 1103 3624 1141 ac
3642 1104 3735 1159 pane

2224 1170 2444 1228 caelesti
2474 1177 2530 1227 et
2559 1172 2741 1227 sacris
2775 1172 3027 1244 dapibus
3084 1172 3472 1246 adimpletum,
3501 1173 3735 1230 innocentia

2227 1278 2320 1316 me
2354 1260 2608 1316 melioris
2638 1261 2766 1316 vita
2798 1261 3129 1319 restituisti.

2759 1350 3089 1406 PSALMUS
3138 1350 3329 1406 XXVI.

2226 1443 2290 1496 In
2330 1441 2516 1511 ﬁnem,
2561 1441 2816 1496 Psatmus
2861 1439 3035 1495 David
3081 1448 3370 1511 antequam
3395 1444 3650 1511 angeretur.
3677 1442 3739 1495 Ter

2299 1517 2515 1583 unctus
2542 1515 2630 1565 est
2658 1511 2837 1566 David
2867 1528 2880 1567 :
2916 1511 3107 1566 Semel
3138 1512 3248 1567 sub
3278 1516 3435 1583 patre
3456 1529 3545 1567 suo
3564 1512 3681 1583 lassa
3696 1513 3728 1564 in

2300 1582 2639 1638 Bethlebem
2669 1586 2723 1651 (Ι
2747 1586 2873 1653 Reg.
2902 1599 3014 1650 xv1,
3051 1583 3140 1651 13)
3166 1600 3180 1647 ;
3239 1581 3495 1651 secundo,
3523 1583 3570 1636 in
3593 1581 3733 1636 Hebron

2303 1656 2373 1721 (ΙΙ
2414 1657 2545 1722 Reg.
2593 1670 2653 1720 II,
2705 1655 2757 1722 4)
2793 1672 2806 1721 ;
2865 1654 3058 1720 tertio,
3111 1654 3343 1724 quando
3387 1654 3606 1724 regnavit
3638 1668 3739 1723 super

2303 1740 2538 1782 omnem
2568 1725 2748 1802 Israel
2775 1725 2835 1802 in
2864 1724 3190 1802 Jerusalem
3218 1727 3294 1798 (ll
3318 1727 3434 1802 Reg.
3463 1743 3509 1789 ν,
3534 1725 3596 1794 3).
3619 1725 3743 1802 Quen:

2304 1813 2463 1869 ergo
2492 1796 2585 1852 cui
2631 1795 3048 1869 potissimuum
3107 1795 3233 1851 hic'
3264 1796 3506 1869 psalmus
3543 1795 3742 1850 conveniat

2307 1867 2596 1939 unctioni.
2622 1867 2937 1923 Sciendum
2971 1872 3170 1923 autem
3225 1867 3373 1939 quod
3427 1870 3659 1939 antequam
3686 1882 3742 1917 un-

2306 1938 2646 2018 geretur,_in'
2691 1939 2946 2018 Hebraeis
2996 1937 3393 2018 voluminibus
3437 1954 3536 2018 non
3574 1937 3741 2018 habetur.

2306 2008 2423 2089 Sed
2442 2012 2520 2089 de
2542 2010 2678 2089 istis
2694 2010 2897 2089 _tribus
2930 2011 3325 2089 unctionibus,
3357 2009 3533 2089 media
3552 2008 3742 2089 ad‘istnm

2308 2082 2901 2156 pertinetpsalmum.
2939 2082 3135 2156 David
3152 2083 3394 2156 figuram
3422 2080 3598 2135 Christi
3619 2084 3743 2156 tenet:

2308 2149 2534 2227 quiaget
2562 2149 2686 2227 ipse
2731 2158 2952 2227 unctus
2982 2159 3071 2227 est
3120 2149 3504 2224 inbaptismo,
3531 2149 3743 2221 quandoin

2309 2224 2499 2308 specie
2531 2224 2813 2308 columba?
2853 2224 3108 2308 Spiritus
3136 2231 3372 2280 sanctus
3413 2238 3565 2308 super
3580 2234 3741 2308 θυῐξιξτζ

2309 2296 2414 2351 nit.
2448 2296 2626 2351 David
2658 2313 2692 2349 a
2721 2296 2911 2366 prima
2933 2296 3211 2351 unctione
3240 2312 3353 2350 non
3383 2296 3573 2364 accepit
3593 2303 3742 2359 regnum

2309 2368 2393 2423 sic
2427 2385 2531 2422 nec
2562 2366 2827 2422 Christus
2859 2368 3185 2422 secundum
3210 2382 3433 2422 carnem
3463 2370 3745 2438 temporepgs-

2310 2440 2492 2495 sionis
2523 2439 2746 2510 accepit
2770 2438 3164 2510 regnum,nisi
3193 2442 3546 2509 posteaquam
3565 2432 3744 2489 ascendit

2308 2551 2337 2578 ‹‹
2372 2528 2659 2583 Dominus
2687 2526 3041 2582 illuminatio
3074 2543 3228 2597 mea,
3250 2531 3307 2582 et
3335 2524 3481 2581 salus
3507 2539 3625 2586 mea,
3644 2532 3746 2591 quem

2237 2616 2455 2672 timebo
2485 2615 2511 2670 '?
2562 2640 2583 2667 ι
2623 2615 2813 2670 Nullis
2844 2615 3102 2671 tenebris
3134 2615 3323 2687 obtegi
3354 2612 3605 2678 formidat,
3639 2622 3743 2679 quem

2236 2705 2523 2761 Dominus
2572 2703 2870 2759 illuminat
2917 2720 3153 2775 semper
3198 2708 3254 2759 et
3299 2702 3486 2758 salvat.
3517 2723 3539 2749 «
3570 2695 3747 2754 Dominus

2237 2792 2587 2848 illuminatio
2620 2809 2749 2848 mea
2769 2796 2827 2847 et
2848 2792 3008 2848 salus
3038 2808 3367 2864 mea,quem
3395 2787 3617 2845 timebo?
3646 2782 3748 2834 ενοι

2236 2881 2499 2937 Ecclesiae
2532 2882 2602 2936 ad
2634 2881 2953 2938 Christum.
3016 2882 3081 2936 In
3132 2880 3398 2937 omnibus
3425 2870 3748 2963 psalmis‘verlia

2236 2971 2488 3043 Spiritus
2520 2970 2706 3026 sancti
2739 2975 2896 3025 sunt.
2955 2970 3119 3025 Sicut
3175 2968 3325 3025 oculi
3352 2965 3575 3039 corporis
3611 2960 3745 3057 illami-

2236 3066 2449 3115 nantur
2472 3060 2544 3115 ab
2575 3059 2689 3115 alia
2718 3058 2846 3114 luce
2880 3076 2893 3114 :
2926 3060 3009 3114 sic
3035 3063 3095 3114 et
3144 3057 3292 3114 oculi
3341 3055 3514 3113 cordis
3560 3055 3696 3143 nostri
3730 3060 3747 3096 ι

2232 3150 2444 3204 virtute
2474 3148 2630 3215 fidei,
2663 3149 2771 3209 hoc
2817 3154 2906 3203 est
2950 3146 3204 3215 Christo,
3253 3146 3629 3202 illuminantur.
3669 3135 3738 3190 Un-

2802 3237 2907 3304 Qui
2934 3238 3225 3292 illuminat
3254 3250 3455 3291 omnem
3479 3230 3685 3285 hominem
3703 3234 3749 3273 re-

2235 3329 2479 3383 nientem
2508 3328 2566 3381 in
2600 3326 2744 3381 hunc
2773 3326 3045 3380 mundum
3076 3324 3254 3397 (Joan.
3288 3342 3324 3388 1,
3352 3323 3423 3391 9).

2309 3439 2336 3466 ‹‹
2373 3414 2653 3471 Dominus
2682 3414 2954 3469 defensor
2975 3396 3108 3469 vitae
3140 3430 3339 3479 meze,a
3359 3426 3461 3481 quo
3488 3396 3742 3476 trepidabo?»

2238 3507 2367 3576 Ipse
2396 3508 2484 3559 est
2511 3503 2667 3559 enim
2698 3502 2887 3557 fidelis
2917 3502 3127 3569 animae
3158 3496 3426 3574 proiectio
3457 3516 3468 3554 :
3500 3492 3745 3576 idcircone“

2238 3574 2446 3648 metuit
2492 3591 2820 3647 inimicum.
2872 3590 3152 3646 Defensor
3181 3595 3269 3671 est
3300 3590 3416 3671 ipse
3438 3585 3525 3658 qui
3549 3587 3594 3637 et
3620 3574 3747 3671 saltis;

2237 3681 2337 3737 sed
2369 3686 2562 3735 tamen
2622 3679 2892 3733 defensor
2920 3678 3156 3749 adjutor
3184 3650 3389 3733 dicitur
3419 3650 3485 3729 τί(
3515 3673 3551 3726 Α

2237 3770 2451 3842 pidabo
2474 3769 2501 3823 ‘.’
2541 3790 2568 3820 »
2602 3768 2755 3823 Dicit
2785 3748 3041 3822 Ecclesia
3074 3785 3087 3821 :
3123 3770 3167 3822 A
3200 3765 3373 3833 nullo,
3404 3776 3497 3818 nec
3536 3776 3563 3813 a
3586 3748 3745 3842 diabolo,

2238 3839 2427 3931 neque
2484 3857 2556 3913 ab
2612 3856 2903 3922 haeretico,
2965 3872 3155 3927 neque
3215 3873 3249 3909 a
3301 3839 3743 3926 persecutore,dum

2237 3949 2433 4021 ipsum
2466 3947 2651 4001 habeo
2682 3945 3095 4000 defensorem.’

2310 4036 2522 4091 «Dum
2578 4036 3057 4105 appropinquant
3107 4049 3283 4104 super
3330 4045 3415 4085 me
3457 4024 3680 4116 nocentes,
3716 4012 3749 4116 ul

2219 4127 2416 4205 pdant
2446 4141 2650 4179 carnes
2682 4138 2863 4177 meas.
2900 4146 2921 4173 λι
2961 4123 3276 4188 Accedunt,
3310 4123 3370 4174 ut
3397 4111 3678 4205 excitatisin
3697 4111 3746 4205 ne

2235 4188 2531 4287 prioribus
2560 4210 2808 4278 delictis,
2844 4227 3057 4282 corpus
3091 4226 3286 4266 meum
3330 4206 3514 4262 rabido
3538 4200 3666 4254 dente
3698 4188 3747 4240 di-

2234 4303 2508 4359 lacerent.
2544 4300 2669 4365 Vel,
2704 4326 2731 4350 ‹‹
2767 4301 2907 4354 dum
2942 4302 3406 4372 appropinquant
3433 4306 3583 4363 super
3608 4292 3746 4339 ωειιο-

2234 4397 2450 4458 centes,
2486 4397 2551 4445 ut
2579 4390 2754 4444 edant
2788 4405 2994 4444 carnes
3026 4405 3206 4453 meas,
3258 4409 3286 4436 ››
3336 4385 3388 4440 id
3434 4386 3526 4442 est,
3553 4374 3746 4429 damma5

2230 4481 2318 4535 vel
2370 4482 2791 4552 persecutores.
2852 4479 3066 4535 Carnes
3150 4493 3301 4545 vero,
3378 4472 3431 4526 id
3483 4471 3557 4523 est
3593 4458 3748 4552 anetina

477 4559 659 4611 stram
696 4573 708 4611 :
739 4561 804 4612 ut
831 4562 921 4612 est
950 4548 1098 4613 illud
1129 4576 1141 4614 :
1177 4564 1276 4615 Est
1331 4579 1550 4618 munus
1602 4581 1635 4619 a
1692 4565 1914 4640 lingua,
1941 4574 2012 4625 et
2039 4576 2128 4625 est
2154 4569 2201 4633 D
2235 4548 2426 4625 carnis
2485 4587 2497 4623 :
2552 4568 2691 4640 quia
2747 4567 2855 4621 hoc
2909 4570 2997 4621 est
3046 4567 3215 4622 cibus
3266 4565 3522 4635 ipsorum.
3550 4550 3746 4606 Εῐίδωθθ

477 4660 697 4701 munus
726 4663 761 4701 a
790 4662 993 4715 manu,
1023 4654 1078 4703 et
1107 4654 1196 4703 est
1230 4666 1447 4707 munus
1476 4653 1548 4707 ab
1597 4656 1899 4727 obsequio.
1932 4661 1978 4712 A
2011 4658 2122 4714 lin-

475 4733 774 4805 gua,qlaus
826 4752 839 4789 :
901 4734 1008 4791 hoc
1053 4742 1143 4792 est
1189 4738 1348 4793 favor
1394 4738 1710 4798 humanus.
1762 4752 1809 4797 Α
1859 4761 2059 4812 manu,
2093 4765 2126 4802 a

474 4823 652 4879 rebus
698 4824 964 4880 terrenis.
1017 4826 1096 4880 Ab
1148 4826 1453 4899 obsequio,
1515 4831 1817 4888 servitium
1868 4834 2125 4891 indebite

474 4913 833 4985 impensum.
881 4915 990 4971 Sed
1044 4915 1254 4971 melius
1302 4922 1412 4983 est,
1460 4920 1611 4989 quod
1665 4922 1747 4975 ait
1792 4927 2119 4995 propheta:

476 5002 582 5070 Qui
606 5004 818 5059 excutit
843 5020 1041 5059 manus
1069 5021 1199 5059 suas
1247 5005 1314 5059 ab
1345 5008 1496 5060 omni
1524 5024 1769 5078 munere,
1806 5013 1907 5066 iste
1936 5012 1997 5067 in
2026 5029 2122 5067 ex-

471 5092 629 5148 celsis
658 5092 870 5148 habitat
900 5095 1030 5167 (13a.
1065 5094 1265 5162 xxxui,
1299 5095 1408 5165 14).

549 5204 577 5231 α
611 5182 728 5253 Ego
760 5190 954 5238 autem
988 5184 1043 5238 in
1077 5182 1411 5240 innocentia
1439 5202 1569 5240 mea
1598 5186 1901 5260 ingressus
1930 5208 2122 5245 sum.»

472 5269 732 5326 Ecclesia
759 5270 1022 5343 loquitur
1042 5289 1145 5343 pro
1178 5278 1341 5344 parte
1370 5274 1651 5331 bonorum
1679 5295 1691 5331 :
1730 5295 1830 5349 per
1859 5280 2122 5335 studium

472 5363 686 5413 sancta:
718 5359 843 5414 vita:
876 5378 908 5415 a
962 5360 1255 5432 prioribus
1309 5361 1556 5419 delictis.
1592 5367 1919 5438 Ingressus,
1974 5371 2126 5424 inler

474 5451 827 5519 peccatores.
880 5473 907 5500 ‹‹
962 5450 1168 5505 Libera
1213 5466 1325 5519 me,
1374 5473 1402 5503 η
1448 5453 1519 5508 de
1565 5454 1960 5513 tribulatione.
1997 5483 2022 5507 ‹‹
2061 5459 2125 5513 Et

474 5535 756 5592 miserere
785 5538 920 5604 mei,
942 5538 1123 5611 nquia
1152 5539 1332 5594 miser
1362 5557 1517 5597 sum.

548 5648 576 5675 «
614 5626 715 5683 Pes
746 5626 902 5682 enim
950 5644 1118 5684 meus
1157 5628 1323 5684 stetit
1367 5630 1427 5683 in
1478 5631 1565 5687 via
1615 5640 1790 5690 recta.
1843 5659 1864 5684 ιι
1901 5636 2121 5693 Sensus

2235 4660 2450 4714 dantur
2480 4657 2596 4713 illis
2654 4672 2860 4712 carnes
2917 4656 3086 4711 edere
3146 4673 3158 4710 :
3219 4653 3275 4709 id
3304 4655 3405 4719 est,
3460 4641 3748 4736 corporei?

2235 4754 2462 4803 ctorum
2494 4747 2565 4801 ad
2591 4744 3197 4817 persequendum.Sed
3220 4742 3425 4797 habent
3444 4727 3601 4821 sancti
3622 4727 3746 4821 ςῇυξῒ

2232 4836 2509 4892 lationem
2544 4809 2871 4902 a-Domi—no,
2902 4838 2967 4887 ut
2998 4833 3078 4887 ait
3106 4833 3166 4887 in
3198 4823 3480 4899 Evangelio
3520 4834 3530 4873 :
3557 4809 3745 4902 Νοιίιειιξ

2231 4942 2382 4981 mere
2433 4942 2519 4979 eos
2565 4926 2662 4995 qui
2697 4924 2953 4979 occidunt
2998 4937 3210 4992 corpus,
3261 4919 3492 4974 animam
3526 4901 3745 4959 “mm”

2227 5022 2457 5085 possunt
2485 5013 2727 5067 ocridere
2758 5009 2967 5082 (Mauh.
3002 5028 3056 5076 Χ,
3087 5010 3199 5079 28>ο
3333 5094 3341 5096 ν
3419 5090 3430 5096 ,
3501 5084 3512 5096 ,
3556 5078 3566 5090 .

2305 5124 2333 5151 ‹‹
2369 5102 2475 5166 Qui
2506 5074 2789 5155 tribulant
2844 5114 2936 5153 me
2965 5098 3187 5153 inimici
3238 5094 3343 5150 mei
3376 5108 3387 5144 :
3416 5084 3513 5160 ἰρεί
3552 5074 3722 5170 inﬁf‘Fﬁ‘

2234 5155 2405 5247 sunt~
2425 5155 2481 5246 et
2537 5190 2891 5257 ceciderunt.
2928 5211 2950 5239 υ
2982 5187 3126 5252 00ίᾶ
3177 5155 3743 5291 ΒοφξηξῖἮῗίωῖηὲῒ

2234 5296 2364 5334 mea
2393 5284 2482 5333 est
2515 5295 2527 5333 :
2567 5302 2586 5327 α
2642 5277 2748 5341 Qui
2781 5274 3069 5331 tribulant
3125 5288 3217 5327 me
3270 5262 3472 5378 inimnici
3498 5250 3742 5378 ηἷξξιςῃῗξὲ

2234 5385 2457 5438 mones,
2486 5366 2574 5422 vel
2626 5370 3024 5439 persecutores
3059 5379 3071 5416 :
3132 5384 3159 5411 ‹‹
3195 5358 3302 5432 ipsi
3331 5347 3738 5465 inm-[Eatur

2234 5426 2587 5511 ceciderunt.
2626 5426 2652 5505 λ
2677 5456 2842 5510 Tunc
2871 5451 3148 5507 inﬁrmati
3178 5436 3537 5516 sunt,quand0
3559 5426 3680 5482 Chr”

2236 5551 2496 5601 nostram
2528 5543 2789 5616 suscepit
2818 5541 3264 5597 humanitatem.

2311 5658 2337 5686 α
2362 5634 2420 5688 Si
2465 5634 2789 5689 consistant
2818 5632 3126 5687 adversum
3159 5641 3249 5682 me
3276 5624 3482 5679 castra:
3512 5622 3570 5665 no

3657 5059 3743 5121 muti

3574 5593 3731 5657 ntimli
