3964 6190
201 341 323 401 949

1378 338 1611 399 BREVl
1625 334 1875 397 ARIUM
1918 333 1998 395 ΙΝ
2046 335 2431 397 PSALMOS.

3498 335 3621 395 950

198 472 288 527 bit
332 486 433 525 cor
479 484 699 523 meum.
736 488 764 517 »
813 467 1100 523 Dominus
1148 468 1305 523 enim
1365 468 1610 523 bellator
1666 466 1852 531 fortis,
1882 473 1939 530 Α
2045 484 2067 512 ι
2103 468 2165 520 In
2192 469 2356 536 petra
2404 465 2677 520 exaltavit
2725 481 2839 519 me.
2882 488 2911 515 ››
2961 465 3024 519 In
3073 464 3300 521 Christo
3343 462 3621 519 exaltavit

192 562 325 633 ipse
356 558 644 631 pugnabit
693 574 796 629 pro
846 573 960 611 me.
1016 579 1045 607 «
1075 557 1133 610 Si
1184 558 1511 613 consistant
1540 558 1853 611 adversum

194 667 293 705 me
324 653 555 714 castra;
592 668 619 696 ››
671 647 727 700 id
782 651 891 712 est,
946 646 1221 701 fortitudo
1271 646 1715 709 diemoniorum,
1768 645 1855 700 vel

196 741 667 810 persecutorum.
747 737 949 790 Castra
1022 735 1184 801 dicit,
1262 735 1587 793 secundum
1662 733 1850 788 illud:

198 826 584 883 Castrametati
631 827 761 878 sunt
786 823 969 893 (Num.
1017 840 1212 895 XXXIII,
1254 826 1309 889 5,
1357 826 1412 891 7,
1445 827 1601 889 etc.).
1656 844 1684 873 «
1726 823 1853 877 Non

195 914 435 970 timebit
463 928 563 967 cor
611 927 831 966 meum.
866 933 896 960 ››
926 911 1181 967 Ecclesia
1225 911 1388 981 dicit,
1433 917 1672 983 propter
1710 911 1853 966 illud

194 1003 351 1076 quod
387 1001 674 1057 Dominus
722 1000 903 1055 dixit:
950 1003 1079 1055 Ecce
1132 1016 1228 1071 ego
1263 1001 1536 1055 vobiscum
1586 1017 1706 1055 sum
1734 1017 1853 1055 om-

188 1093 358 1147 nibus
412 1090 621 1159 diebus,
696 1104 867 1159 usque
941 1088 1013 1144 ad
1076 1091 1603 1145 consummationem
1666 1090 1854 1144 saeculi

191 1181 396 1253 (Hatth
426 1194 625 1241 xxvm,
650 1178 762 1249 20).
884 1174 887 1177 ’

272 1269 383 1323 «Si
432 1271 676 1338 exurgat
722 1266 781 1320 in
830 1281 923 1321 me
971 1265 1260 1338 praelium,
1309 1266 1368 1321 in
1418 1266 1527 1321 hoc
1573 1282 1679 1338 ego
1717 1284 1852 1337 spe-

191 1359 362 1413 rabo.
401 1380 422 1406 σ
459 1358 530 1411 Et
558 1356 608 1411 si
642 1360 986 1411 moveantur
1016 1356 1299 1411 adversus
1333 1371 1426 1410 me
1455 1370 1684 1426 pugnes,
1714 1370 1849 1409 con-

189 1448 388 1503 ﬁdens
418 1461 551 1501 sum
602 1445 663 1499 in
708 1444 839 1499 his:
875 1460 941 1500 eo
986 1445 1142 1516 quod
1190 1443 1375 1515 possit
1414 1444 1588 1511 Deus,
1629 1443 1732 1514 qui
1762 1449 1853 1499 est

184 1552 329 1608 spes
358 1550 509 1599 mea,
559 1532 765 1603 iniqua
819 1531 930 1587 tela
978 1532 1038 1586 in
1085 1532 1461 1587 inimicorum
1508 1548 1610 1587 ora
1652 1532 1850 1587 detor-

184 1640 393 1697 quere.
420 1644 442 1672 ι
466 1623 525 1678 Si
544 1623 815 1692 insurgat
829 1621 890 1676 in
909 1637 1002 1677 me
1019 1621 1305 1692 praelium.
1329 1642 1357 1671 ››
1377 1622 1496 1676 Ista
1513 1621 1850 1692 supradicta

181 1712 413 1785 praelia,
460 1727 660 1783 pugna
709 1711 1152 1766 daemoniorum.
1205 1712 1346 1782 Ego,
1391 1710 1531 1765 dicit
1568 1710 1844 1777 Ecclesia,

179 1803 251 1857 in
284 1799 567 1857 auxilium
612 1804 782 1855 tuum
828 1804 887 1854 et
933 1799 1332 1854 defensionem
1380 1802 1543 1854 tuam
1576 1799 1845 1870 sperabo.

272 1913 301 1939 «
337 1890 522 1944 Unam
554 1888 694 1960 petii
724 1904 759 1943 a
807 1888 1075 1954 Domino,
1126 1887 1278 1943 hanc
1309 1887 1623 1959 requiram.
1656 1910 1683 1937 ››
1715 1888 1852 1953 Qui-

190 1972 335 2035 dein
386 1982 594 2050 putant
641 1993 821 2032 unam
872 1976 1235 2047 charitatem,
1287 1978 1408 2032 sive
1449 1975 1722 2049 gratiam,
1752 1981 1855 2032 aut

186 2073 351 2123 certe
380 2083 562 2122 unum
612 2065 956 2138 petitionem
1004 2065 1155 2120 dici:
1207 2081 1343 2120 cum
1372 2065 1580 2121 ahhath
1607 2066 1852 2120 verbum

184 2158 526 2223 Hebrisum,
557 2153 822 2210 absolute
850 2170 1026 2209 unum
1058 2153 1301 2209 neutrali
1336 2169 1545 2225 genere
1576 2157 1761 2220 sonet,
1793 2157 1852 2208 et

184 2244 466 2317 legatur:
501 2266 530 2295 «
562 2247 758 2299 Unum
808 2243 947 2315 petii
978 2259 1013 2298 a
1060 2243 1329 2313 Domino,
1364 2264 1393 2292 »
1433 2242 1490 2297 id
1536 2247 1626 2298 est
1653 2242 1850 2314 ipsum

182 2333 536 2388 Dominum.
565 2354 594 2382 ι(
645 2332 811 2387 Hunc
859 2332 1177 2403 requiram,
1212 2354 1240 2380 »
1290 2332 1349 2387 id
1379 2337 1469 2387 est
1509 2331 1707 2403 ipsum
1736 2331 1851 2386 Do-

182 2421 455 2476 minum.

268 2533 297 2559 «
326 2510 398 2565 Ut
417 2509 801 2565 inbabitatem
822 2510 880 2564 in
899 2511 1074 2565 domo
1095 2509 1327 2565 Domini
1347 2508 1623 2563 omnibus
1643 2508 1849 2564 diebus

128 2664 139 2669 λ
178 2598 326 2653 vitas
377 2614 539 2653 meae.
575 2618 603 2647 »ι
637 2602 702 2652 In
749 2599 922 2653 domo
972 2598 1225 2663 Domini,
1271 2598 1332 2651 in
1378 2596 1498 2652 vita
1531 2601 1843 2668 perpetua:

181 2688 337 2759 quia
366 2686 636 2758 quamvis
686 2686 943 2743 Ecclesia
970 2686 1064 2741 hic
1102 2686 1334 2741 dicatur
1370 2687 1619 2741 domus:
1650 2690 1846 2740 tamen

180 2792 312 2830 non
345 2776 595 2847 proprie,
651 2776 752 2830 sed
801 2775 1210 2846 nuncupative.
1268 2774 1429 2829 Unde
1481 2774 1659 2828 dicit:
1695 2774 1847 2829 Beati

178 2866 290 2937 qui
319 2864 570 2918 habitant
610 2866 671 2919 in
717 2864 874 2919 domo
904 2868 998 2919 tua
1033 2864 1262 2919 Domine
1292 2862 1460 2933 (Psal.
1509 2879 1735 2927 LXXXIII,
1766 2863 1841 2932 5).

265 2975 293 3002 «
330 2953 397 3009 Ut
448 2951 672 3008 videam
721 2951 1083 3008 voluntatem
1138 2951 1400 3018 Domini;
1456 2972 1482 2999 »
1521 2950 1578 3005 id
1623 2954 1712 3005 est
1756 2949 1843 3004 di-

176 3041 498 3097 lectionem
530 3041 663 3098 Dei:
696 3047 761 3096 ut
808 3040 997 3096 illud:
1048 3041 1356 3096 Videbimus
1402 3056 1528 3095 eum
1569 3041 1731 3094 sicuti
1767 3043 1845 3094 est

180 3132 371 3203 (Joan.
406 3148 491 3199 ιιι,
520 3131 598 3201 2),
626 3131 728 3186 sed
778 3129 874 3185 hic
921 3146 1025 3202 per
1047 3128 1379 3201 speculum.
1421 3152 1449 3179 ς(
1487 3128 1673 3183 Unam
1705 3127 1842 3199 petii

182 3236 228 3274 a
261 3218 524 3285 Domino,
574 3218 725 3274 hanc
776 3217 1091 3289 requiram.
1148 3240 1175 3266 ››
1223 3217 1540 3272 Videamus
1589 3232 1717 3287 quas
1756 3204 1920 3271 estC

181 3326 315 3364 una
344 3308 545 3379 petitio
574 3324 588 3363 :
624 3328 653 3358 «
684 3307 1185 3373 Utinhabitatem,
1210 3305 1425 3379 inquit,
1458 3306 1517 3360 in
1550 3306 1723 3360 domo
1749 3309 1850 3360 Do-

185 3397 342 3452 mini
375 3396 651 3451 omnibus
698 3395 907 3451 diebus
936 3395 1064 3450 vita)
1115 3411 1293 3462 meae;
1330 3418 1358 3444 »
1402 3400 1467 3450 ut
1512 3394 1571 3448 in
1598 3393 1708 3449 hac
1734 3394 1852 3448 vita

186 3483 453 3549 mortali,
501 3484 790 3557 templum
835 3489 1105 3539 sanctum
1155 3484 1395 3549 efﬁciar,
1443 3483 1503 3538 in
1552 3499 1666 3554 quo
1697 3483 1850 3539 Deus

186 3574 528 3629 inhabitare
579 3574 868 3645 dignetur.
927 3594 954 3625 ιι
999 3573 1065 3627 Et
1112 3573 1342 3629 visitem
1382 3572 1667 3644 templum
1699 3574 1849 3643 ejus.

184 3664 293 3718 Eis
327 3661 465 3734 quia
490 3661 553 3717 in
583 3662 756 3717 terris
806 3662 1003 3734 positi,
1054 3660 1348 3718 ccelestem
1409 3662 1585 3717 vitam
1646 3666 1849 3732 agunt,

188 3752 488 3825 particeps
519 3752 678 3806 fiam.
712 3752 783 3805 Et
812 3757 1085 3824 protegar
1112 3751 1174 3806 in
1204 3750 1423 3823 templo
1452 3756 1654 3807 sancto
1685 3751 1848 3820 ejus:

184 3841 248 3895 id
281 3845 395 3908 est,
430 3840 850 3912 protectioncm
882 3841 954 3895 ad
1006 3840 1132 3911 ipso
1164 3857 1343 3911 supra
1384 3839 1539 3895 dicto
1579 3839 1848 3894 habeam.

262 3948 293 3975 α
329 3928 613 3993 Quoniam
664 3927 973 3983 abscondit
1002 3945 1096 3984 me
1142 3927 1204 3982 in
1253 3927 1627 3983 tabernaculo
1657 3943 1785 3982 suo.
1822 3949 1849 3976 ››

182 4019 251 4073 In
287 4032 407 4088 quo
439 4032 543 4088 per
570 4016 747 4071 fidem
793 4016 1083 4071 inhabitet
1128 4032 1359 4071 mecum
1386 4034 1398 4071 :
1448 4031 1520 4071 ne
1550 4015 1696 4070 mihi
1728 4020 1852 4070 ten-

183 4104 485 4160 tationum
519 4104 825 4160 obviarent
871 4104 1155 4177 procellis.
1211 4103 1680 4159 Tabernaculum
1712 4103 1855 4158 divi-

191 4193 427 4263 nitatis,
458 4193 800 4249 humanitas
822 4192 1039 4249 Christi
1060 4197 1168 4249 est.
1192 4193 1514 4248 Abscondit
1534 4192 1850 4248 Ecclesiam

192 4284 255 4337 in
292 4281 675 4337 tabernaculo
705 4298 851 4337 suo:
900 4282 1040 4354 quia
1072 4286 1247 4354 caput
1293 4287 1561 4337 nostrum
1588 4281 1854 4336 Christus

184 4376 308 4434 est,
342 4374 400 4425 et
430 4387 535 4426 nos
583 4371 848 4426 membra
894 4370 1076 4426 illius.
1128 4370 1449 4426 Abscondit
1492 4387 1629 4443 ergo
1658 4370 1851 4425 Eccle-

188 4460 349 4516 siam
383 4460 536 4530 apud
588 4476 671 4527 se,
723 4464 789 4514 ut
838 4459 1061 4514 dictum
1112 4464 1236 4514 est:
1265 4459 1467 4514 Mortui
1515 4461 1666 4513 enim
1703 4456 1883 4523 estis,‘

181 4557 239 4605 et
266 4550 398 4604 vita
424 4557 606 4604 vestra
633 4548 951 4603 abscondita
979 4551 1058 4603 est
1094 4562 1219 4601 cum
1268 4547 1478 4602 Christo
1510 4549 1570 4601 in
1593 4548 1697 4602 Deo
1727 4546 1849 4617 (Co-
1884 4570 1934 4634 Β

183 4640 324 4694 loss.
359 4652 443 4705 ιιι,
495 4638 572 4709 3).
622 4659 650 4688 «
697 4636 762 4692 In
813 4635 905 4691 die
953 4634 1267 4691 malorum.
1323 4658 1351 4684 »ι
1402 4636 1698 4706 Numquid
1731 4636 1856 4691 dies

183 4725 335 4782 mali
391 4726 579 4781 sunt?
635 4730 782 4791 Non,
841 4724 943 4780 sed
993 4724 1053 4778 in
1109 4724 1326 4779 nostris
1382 4725 1657 4795 operibus
1710 4724 1846 4779 mali

184 4816 490 4881 dicuntur,
545 4818 611 4869 ut
665 4812 881 4869 Paulus
956 4812 1137 4868 dicit:
1217 4814 1491 4880 Quoniam
1552 4812 1667 4868 dies
1726 4830 1850 4868 ma.

186 4905 235 4959 li
263 4910 395 4958 sunt
424 4904 649 4974 (Ephes.
683 4919 737 4968 ν,
794 4904 900 4971 16).
938 4906 1014 4956 De
1047 4900 1178 4956 istis
1230 4901 1614 4972 presentibus
1645 4901 1853 4956 diebus

192 4990 364 5047 dicit.
414 4992 562 5057 Quia
609 4991 880 5064 quamvis
929 4994 1105 5061 caput
1152 5006 1389 5045 sursum
1442 4991 1539 5059 sit,
1592 4991 1857 5045 membra

194 5088 398 5135 tamen
432 5080 625 5136 adhuc
656 5083 930 5137 deorsum
969 5084 1107 5133 sunt
1154 5094 1343 5149 usque
1372 5078 1430 5133 in
1482 5080 1678 5134 ﬁnem.
1710 5078 1858 5142 Quia

184 5177 247 5226 et
280 5170 393 5225 hoc
421 5173 561 5241 puto
583 5168 926 5242 significari,
959 5168 1193 5239 quando
1225 5167 1349 5238 ipse
1372 5167 1534 5222 solus
1566 5169 1625 5222 in
1660 5173 1859 5223 monte

186 5257 404 5330 (Matth.
439 5275 552 5325 xiv,
585 5260 718 5326 25);
771 5256 1042 5313 navicula
1086 5255 1145 5310 in
1195 5255 1340 5310 mari
1383 5256 1713 5324 jactabatur
1745 5258 1858 5312 ﬂu-

187 5348 392 5401 ctibus
423 5348 631 5418 (Matth.
663 5364 785 5413 vui,
816 5348 929 5417 24),
980 5349 1038 5400 et
1065 5344 1195 5399 ideo
1237 5345 1311 5399 ab
1345 5343 1473 5415 ipso
1506 5346 1859 5415 protectione

192 5436 485 5507 indigent.
520 5459 547 5485 ι(
578 5441 641 5491 In
672 5435 767 5491 die
798 5433 1086 5489 malorum
1114 5451 1128 5500 ;
1160 5453 1187 5486 υ
1246 5432 1305 5487 in
1341 5433 1745 5489 insidiantium
1779 5436 1861 5488 fe-

194 5525 501 5588 1ioitate.«
558 5523 811 5581 Protexit
861 5539 954 5577 me
1000 5523 1061 5576 in
1111 5523 1456 5578 abscondito
1497 5523 1596 5577 tab
1636 5522 1861 5579 rnaculi

196 5612 321 5668 sui.
355 5635 383 5662 »
422 5614 485 5668 In
516 5614 689 5669 corde
715 5610 973 5668 credenti
1004 5611 1077 5667 ad
1099 5610 1416 5681 justitiam.

1968 570 2071 623 per
2100 553 2295 609 fidem.
2351 555 2534 621 Petra,
2584 553 2886 609 Christus:
2941 557 3003 607 ut
3051 553 3271 608 Paulus
3300 552 3416 609 ait:
3452 554 3619 607 Petra

1964 652 2151 697 autem
2182 648 2300 698 erat
2334 643 2579 697 Christus
2630 645 2675 709 (l
2706 642 2828 697 Cor.
2882 659 2936 710 x,
2990 642 3064 709 4).
3096 664 3123 690 ‹‹
3158 643 3217 695 In
3262 647 3426 711 petra
3455 641 3615 697 exal-

1964 731 2106 785 tavit
2137 749 2244 787 me.
2282 754 2309 780 ››
2342 733 2401 788 In
2436 747 2519 797 se,
2551 732 2651 801 qui
2683 738 2771 785 est
2815 730 3042 785 stabilis
3087 737 3253 800 petra
3283 746 3349 785 ac
3377 731 3617 806 verissi-

1966 837 2129 875 mum
2189 821 2659 876 fundamentum.
2720 844 2747 869 ‹‹
2804 820 2874 874 Et
2926 835 3081 874 nunc
3135 816 3405 873 exultavit
3442 824 3619 890 caput

1966 924 2161 963 meum
2192 926 2369 980 super
2420 909 2690 964 inimicos
2716 925 2898 964 meos.
2943 932 2971 957 ››
3002 910 3159 963 Nunc
3202 908 3257 962 in
3301 907 3614 978 praesenti;

1962 1014 2126 1068 super
2182 1000 2454 1066 inimicos,
2514 998 2570 1052 id
2631 1002 2722 1053 est
2778 1014 2955 1068 super
3018 996 3164 1051 istos
3222 996 3613 1066 supradictos,

1963 1085 2278 1142 exaltatum
2310 1092 2399 1141 est
2427 1092 2603 1157 caput
2645 1092 2935 1152 nostrum,
2986 1086 3141 1155 quod
3185 1090 3277 1140 est
3305 1084 3612 1154 Christus;

1961 1191 2139 1247 super
2166 1191 2372 1231 omnes
2398 1174 2664 1230 inimicos
2712 1174 3000 1230 Ecclesia).
3052 1196 3079 1223 «
3114 1175 3183 1228 Et
3221 1190 3377 1229 nunc
3406 1172 3615 1229 exalta-

1961 1274 2043 1329 vit
2073 1278 2250 1343 caput
2281 1288 2476 1327 meum
2509 1289 2685 1344 super
2713 1272 2984 1327 inimicos
3015 1287 3195 1340 meos,
3225 1292 3256 1322 ››
3291 1288 3467 1341 super
3496 1288 3616 1326 mo-

1959 1367 2057 1417 tus
2087 1362 2372 1429 carnales,
2403 1361 2501 1433 qui
2552 1378 2645 1415 me
2688 1376 2839 1432 saepe
2886 1360 3296 1426 bumiliabaut,
3338 1376 3409 1415 ne
3440 1360 3609 1415 coele-

1962 1451 2075 1505 stia
2096 1449 2542 1521 contemplarer.

2032 1562 2060 1590 ‹‹
2119 1540 2387 1595 Circuibo
2445 1544 2503 1595 et
2553 1538 2870 1594 immolabo
2926 1540 2986 1593 in
3042 1538 3421 1595 tabernaculo
3480 1539 3608 1609 ejus

1958 1629 2211 1686 hostiam
2251 1627 2642 1700 jubilationis.
2692 1649 2723 1677 ››
2773 1628 3043 1697 Circuibo,
3092 1628 3149 1682 id
3207 1632 3297 1683 est
3336 1628 3615 1683 exercita-

1958 1720 2065 1775 bor
2093 1719 2153 1774 in
2185 1719 2467 1774 creaturis
2514 1717 2655 1773 Dei:
2705 1717 3084 1772 considerans
3126 1717 3326 1771 orbem
3356 1717 3417 1770 in
3447 1716 3612 1771 Chri-

1961 1813 2054 1864 sto
2085 1808 2439 1863 credentem.
2465 1806 2610 1873 Quia
2640 1806 2971 1862 considerat
2992 1810 3290 1861 creaturas
3314 1806 3412 1859 Dei
3438 1822 3450 1859 :
3479 1821 3615 1859 cum

1963 1896 2179 1969 aliquis
2211 1896 2423 1951 ccelum
2453 1901 2510 1951 et
2538 1907 2778 1964 terram,
2808 1894 2896 1950 vel
2926 1910 3086 1949 mare
3124 1910 3258 1949 cum
3289 1895 3415 1950 suis
3445 1910 3616 1948 orna-

1962 1986 2179 2041 mentis
2210 1984 2593 2056 conspexerit,
2626 1984 2846 2038 invenit
2874 1984 3014 2054 quid
3048 1982 3314 2038 immolet
3342 1984 3473 2052 Deo,
3506 1982 3616 2037 hoc

1962 2079 2051 2130 est
2072 2074 2329 2130 laudem.
2366 2075 2637 2141 Circuibo,
2689 2072 2798 2127 hoc
2843 2077 2950 2140 est,
3000 2088 3103 2142 per
3140 2075 3392 2141 quatuor
3421 2075 3616 2141 partes

1961 2163 2165 2218 mundi
2199 2162 2462 2233 exempla
2483 2166 2821 2216 sanctorum
2850 2160 3103 2231 inquiro,
3129 2165 3186 2213 et
3216 2158 3295 2214 ibi
3320 2158 3615 2213 invenitur

1960 2252 2091 2307 laus
2123 2251 2240 2307 Dei.
2280 2272 2308 2301 «
2341 2251 2407 2305 Et
2452 2249 2771 2305 immolabo
2820 2250 2879 2303 in
2925 2246 3300 2303 tabernaculo
3341 2248 3471 2317 ejus
3501 2246 3610 2301 ho-

1960 2340 2135 2395 stiam
2165 2338 2616 2393 vociferationis.
2650 2361 2670 2385 ι
2723 2337 2885 2403 Quod
2918 2352 3018 2407 pro
3065 2334 3235 2390 nobis
3274 2335 3345 2389 ad
3378 2340 3611 2404 tempus

1958 2427 2353 2483 humilitatem
2403 2424 2709 2490 sustinuit,
2761 2424 3023 2496 gaudens
3074 2422 3439 2495 praedicabo:
3474 2422 3614 2492 quia

1958 2516 2176 2571 talibus
2207 2515 2416 2569 hostiis
2442 2514 2783 2569 delectatur.
2820 2536 2847 2563 ς(
2879 2512 3140 2566 Hostiam
3165 2509 3558 2581 jubilationis,
3586 2531 3614 2558 ››

1957 2604 2068 2659 hoc
2099 2609 2189 2659 est
2219 2602 2668 2675 praedicationis.
2702 2599 2938 2655 Jubilus
2977 2599 3210 2665 dicitur,
3246 2599 3345 2669 qui
3379 2615 3482 2654 nec
3513 2614 3617 2670 per

1957 2693 2195 2759 litteras,
2230 2709 2336 2747 nec
2387 2708 2489 2763 per
2535 2691 2810 2762 syllabas,
2861 2705 2964 2743 nec
3012 2688 3204 2743 verbis
3235 2692 3423 2758 potest
3454 2704 3614 2743 com-

1956 2781 2312 2854 pre‘hendere
2344 2779 2814 2851 magnitudinem
2860 2775 3220 2831 laudationis
3265 2775 3383 2830 Dei.
3416 2776 3618 2830 Hostia

1955 2870 2189 2935 dicitur,
2220 2887 2345 2941 qua:
2387 2885 2491 2941 per
2538 2872 2736 2939 partes
2787 2865 3085 2935 dividitur,
3134 2868 3191 2919 et
3235 2863 3477 2935 sanguis
3506 2864 3615 2917 cir~

1953 2975 2022 3013 ca
2051 2957 2233 3012 altare
2264 2957 2601 3024 effunditur,
2638 2961 2694 3009 et
2734 2955 2860 3024 ipsa
2904 2952 3099 3008 hostia
3144 2951 3285 3006 foris
3316 2950 3616 3006 comburi-

1952 3036 2066 3101 tur.
2101 3045 2459 3101 Sacriﬁcium
2484 3043 2700 3099 dicitur
2724 3042 2924 3097 vinum
2951 3046 3009 3096 et
3028 3040 3246 3104 oleum,
3277 3043 3332 3095 et
3354 3039 3614 3095 medium

1955 3134 2213 3190 animal:
2268 3140 2324 3189 et
2382 3133 2817 3195 holocaustum,
2868 3135 3054 3185 totum
3107 3129 3508 3194 combustum,
3560 3133 3617 3183 et

1956 3223 2217 3293 victima,
2267 3226 2583 3293 antequam
2632 3220 2951 3277 occidatur.
3004 3218 3165 3273 Unde
3216 3216 3464 3273 Paulus:
3511 3218 3617 3272 Ho-

1958 3315 2121 3367 stiam
2144 3314 2325 3367 vivam
2373 3312 2547 3382 (Rom.
2597 3327 2697 3379 xu,
2753 3311 2825 3379 1).
2866 3331 2893 3357 ‹‹
2946 3307 3201 3363 Cantabo
3233 3311 3292 3361 et
3321 3305 3615 3377 psalmum

1960 3401 2150 3456 dicam
2183 3400 2447 3455 Domino.
2486 3422 2514 3447 »
2547 3399 2810 3462 Cantabo,
2856 3396 3220 3468 praedicabo;
3254 3418 3281 3444 ‹‹
3313 3393 3618 3449 Psalmum

1960 3489 2173 3555 dicam,
2208 3512 2236 3537 ››
2268 3505 2441 3559 Opere
2491 3486 2853 3558 compleam:
2909 3484 2998 3540 vel
3046 3483 3251 3539 laudes
3281 3481 3620 3554 spirituales

1961 3582 2155 3633 mente
2185 3577 2488 3633 concinam
2523 3576 2785 3630 dilatata.

2039 3688 2067 3720 ιι
2099 3667 2339 3734 Exaudi,
2389 3665 2655 3734 Domine,
2702 3680 2898 3719 vocem
2952 3679 3166 3727 meam,
3214 3662 3331 3733 Qua
3369 3660 3619 3717 clamavi

1962 3756 2033 3810 ad
2064 3761 2157 3810 te:
2194 3755 2468 3810 miserere
2498 3754 2611 3809 mei
2643 3760 2700 3808 et
2730 3752 2938 3808 exaudi
2981 3769 3091 3807 me.
3128 3773 3156 3800 ν
3190 3751 3296 3805 Per
3324 3749 3618 3805 interioris

1962 3845 2119 3900 enim
2150 3844 2408 3899 hominis
2439 3842 2754 3898 clamorem
2788 3843 3066 3913 deprecor
3093 3845 3160 3896 ut
3189 3838 3466 3895 exaudias
3500 3856 3613 3893 me.

2038 3955 2059 3981 ι
2095 3933 2225 3989 Tibi
2259 3933 2403 3987 dixit
2430 3949 2530 3988 cor
2560 3948 2778 3997 meum,
2810 3930 3122 4001 exquisivit
3149 3934 3205 3984 tc
3237 3927 3414 3983 facies
3446 3943 3611 3981 mea:

1962 4021 2169 4077 faciem
2201 4025 2386 4090 tuam,
2418 4021 2683 4088 Domine,
2736 4020 3051 4090 requiram.
3086 4039 3114 4066 ››
3163 4016 3365 4071 Merito
3397 4016 3613 4085 corju-

1962 4110 2036 4165 sti
2065 4110 2292 4165 vultum
2324 4109 2571 4164 viventis
2615 4109 2709 4163 Dei
2762 4107 3045 4177 requirit:
3092 4106 3231 4176 quia
3260 4120 3393 4159 eum
3425 4103 3618 4158 videre

1963 4214 2134 4270 posse
2163 4197 2423 4253 conlidit.
2476 4199 2633 4252 Beati
2664 4199 2811 4251 enim
2858 4195 3060 4249 mundo
3106 4192 3308 4249 corde:
3357 4194 3619 4263 quoniam

1962 4288 2068 4358 ipsi
2112 4288 2283 4340 Deum
2334 4286 2593 4340 videbunt
2638 4284 2848 4355 (Matth,
2899 4301 2950 4349 v,
3004 4283 3081 4353 8).
3130 4281 3403 4346 Quaesivit
3442 4281 3619 4336 facies

1967 4391 2094 4429 mea
2125 4374 2329 4429 faciem
2381 4379 2567 4439 tuam,
2605 4391 2618 4428 :
2651 4373 2758 4426 hoc
2803 4377 2912 4440 est,
2965 4369 3223 4425 Ecclesia
3255 4386 3384 4424 mea
3412 4368 3617 4425 faciem

1962 4469 2121 4518 tuam
2157 4461 2499 4532 requisivit:
2534 4461 2642 4516 hoc
2674 4466 2764 4516 est
2796 4459 3163 4531 praesentiam
3196 4463 3379 4513 tuam.

2037 4575 2058 4601 ι
2094 4551 2176 4606 Ne
2207 4554 2435 4605 avertas
2484 4549 2689 4604 faciem
2740 4555 2900 4603 tuam
2932 4565 2966 4603 a
3012 4565 3120 4603 me.
3180 4570 3207 4596 ››
3252 4547 3402 4602 Alibi
3452 4545 3615 4600 dicit.

1964 4641 2152 4695 Averte
2196 4639 2397 4709 faciem
2458 4642 2613 4691 tuam
2663 4654 2695 4691 a
2748 4639 2980 4707 peccatis
3022 4638 3157 4690 meis
3206 4634 3372 4706 (Psal.
3427 4651 3458 4687 L
3504 4634 3591 4701 11)

1958 4729 2027 4782 Et
2055 4727 2163 4782 hoc
2194 4726 2480 4782 orandum
2529 4730 2637 4780 est.
2690 4726 2796 4781 Sed
2845 4725 2938 4779 hic
2985 4723 3158 4778 dicit:
3213 4746 3240 4773 «
3275 4723 3357 4777 Ne
3386 4726 3616 4776 avertas

1962 4814 2166 4870 faciem
2198 4820 2400 4881 tuam;
2436 4838 2455 4861 ι
2506 4813 2563 4867 id
2596 4818 2705 4883 est,
2738 4830 2810 4868 ne
2857 4808 3121 4867 dimittas
3165 4826 3257 4865 me
3291 4811 3349 4865 in
3381 4808 3618 4881 propria

1960 4902 2294 4959 voluntate:
2350 4903 2503 4958 sicut
2549 4902 2772 4956 dictum
2824 4908 2946 4956 est:
3001 4899 3245 4955 Tradidit
3293 4899 3417 4954 illos
3478 4900 3619 4954 Deus

1964 4994 2025 5046 in
2056 4991 2345 5063 reprobum
2399 5006 2616 5045 sensum
2670 4992 2900 5059 (Romi
2955 4990 3086 5058 28):
3148 4987 3258 5043 hoc
3313 4993 3423 5053 est,
3484 5003 3617 5057 per-

1966 5080 2146 5135 misit.
2181 5102 2209 5129 «
2242 5080 2323 5135 Ne
2370 5079 2626 5134 declines
2673 5078 2732 5131 in
2783 5078 2869 5131 ira
2897 5094 2929 5131 a
2977 5093 3140 5132 servo
3190 5081 3310 5131 tuo.
3347 5098 3374 5123 ››
3406 5076 3619 5131 Servus

1967 5169 2016 5223 si
2063 5168 2376 5223 Dominum
2432 5173 2729 5222 terrenum
2783 5166 3042 5235 offendit,
3093 5182 3227 5220 cum
3286 5181 3496 5236 pavore
3563 5169 3621 5218 ct

1969 5262 2125 5311 metu
2150 5262 2275 5311 est:
2307 5261 2526 5327 quanto
2558 5255 2745 5327 magis
2789 5255 2983 5326 homo,
3017 5255 3065 5310 si
3113 5255 3292 5309 Deum
3325 5253 3619 5309 cmlestem

1969 5344 2269 5400 offendat?
2324 5344 2472 5416 Ergo
2526 5343 2632 5399 hoc
2682 5349 2847 5415 rogat
2906 5343 3178 5411 Ecclesia,
3241 5342 3492 5398 utillam
3526 5342 3620 5398 hic

1971 5431 2265 5503 corripiat,
2296 5437 2352 5487 et
2381 5431 2545 5487 illum
2597 5433 2805 5487 videat.
2842 5432 2913 5487 Ut
2962 5450 3075 5486 non
3108 5433 3180 5487 ab
3237 5432 3337 5488 illa
3367 5448 3498 5487 cum
3535 5432 3620 5487 ira

1972 5522 2255 5590 discedat,
2288 5523 2386 5576 sed
2442 5527 2505 5575 ut
2529 5520 2630 5574 illa
2676 5527 2839 5592 gerat
2866 5537 2935 5575 ea
2960 5540 2995 5575 a
3039 5522 3251 5589 quibus
3292 5539 3407 5576 non
3442 5519 3618 5574 decli-

1974 5616 2107 5668 net:
2141 5610 2241 5665 sed
2272 5610 2418 5666 facie
2446 5608 2755 5681 propitiata
2786 5610 3073 5680 respiciat.
