3964 6190
464 312 575 372 951

1955 317 2373 378 APPENDIX.
3636 331 3714 391 952

536 473 560 497 ((
596 446 845 519 Adjutor
891 462 1056 500 meus
1105 451 1251 513 esto,
1301 447 1560 512 Domine,
1611 465 1682 502 ne
1735 447 2107 520 derelinquas
2138 451 2191 515 Α
2223 449 2376 518 quod
2436 452 2634 504 contra
2692 448 2836 502 alios
2879 448 3252 512 mentiuntur,
3294 448 3393 503 sibi
3440 455 3714 524 mentiuntur,

463 557 575 609 me,
632 555 820 609 neque
867 537 1155 608 despicias
1206 553 1296 590 me
1345 537 1496 591 Deus
1542 536 1816 592 salutaris
1857 554 2104 592 meus.»

460 630 706 700 Adjutor,
742 628 799 680 in
833 626 1124 698 prmsenti.
1155 627 1298 696 Esto,
1333 630 1451 679 tam
1501 626 1571 680 de
1605 626 1894 696 praesenti,
1928 643 2105 697 quam

463 719 532 772 de
564 719 756 771 futuro
804 715 1072 786 pertinet.
1113 736 1137 766 α
1189 715 1267 787 Ne
1300 714 1672 785 derelinquas
1724 733 1832 782 me,
1864 738 1890 764 »
1921 731 2108 786 neque

463 807 577 871 hic,
609 821 797 875 neque
829 804 887 857 in
922 804 1134 857 futuro.
1172 827 1197 852 «
1254 804 1449 874 Neque
1481 804 1768 874 despicias
1810 821 1922 868 me,
1957 803 2108 858 Deus

463 893 739 948 salutaris
770 909 956 948 meus.
990 914 1018 940 ι›
1063 892 1346 946 Salutaris
1378 899 1578 946 noster
1619 892 1886 947 Christus
1913 897 2020 962 est,
2055 899 2110 946 et

462 983 574 1037 hoc
602 985 766 1053 rogat
809 981 1061 1036 Ecclesia
1100 986 1164 1034 ut
1193 998 1307 1035 non
1361 982 1718 1051 despiciatur
1767 982 1838 1036 ab
1880 981 2015 1047 illo;
2050 982 2107 1035 id

462 1076 572 1135 est,
607 1088 720 1125 non
752 1069 1079 1125 committat
1106 1069 1251 1123 illud
1284 1076 1581 1140 peccatum
1615 1086 1717 1140 per
1746 1071 1895 1140 quod
1931 1087 1964 1124 a
1999 1072 2109 1125 Deo

463 1159 836 1230 despiciatur.
872 1181 898 1209 «
933 1159 1012 1212 Ne
1045 1157 1417 1228 derelinquas
1449 1175 1560 1223 me,
1600 1180 1624 1206 ››
1669 1175 1802 1212 cum
1835 1159 2110 1230 cruciﬁgo

461 1264 663 1302 carnes
696 1264 855 1302 meas
886 1263 1017 1300 cum
1049 1246 1202 1302 vitiis
1234 1252 1290 1301 et
1325 1247 1833 1318 concupiscentiis.
1863 1249 2111 1318 «Neque

463 1336 748 1407 despicias
807 1352 919 1402 me,
970 1335 1123 1390 Deus
1174 1335 1449 1390 salutaris
1502 1353 1687 1406 meus,
1727 1359 1747 1383 ιι
1800 1337 1937 1406 quia
1977 1341 2110 1394 etsi

461 1424 728 1479 mortalis
760 1441 912 1493 sum,
947 1428 1142 1478 tamen
1177 1423 1432 1478 ccelestia
1471 1441 1684 1494 quaero.

535 1533 562 1561 ‹‹
594 1512 878 1578 Quoniam
912 1517 1074 1583 pater
1125 1528 1289 1566 meus
1321 1519 1378 1567 et
1419 1519 1605 1568 mater
1635 1531 1764 1569 mea
1795 1514 2115 1585 derelique-

459 1609 597 1656 runt
629 1619 740 1656 me.
777 1623 804 1649 »
837 1603 1022 1667 Pater,
1059 1600 1365 1668 diabolus;
1416 1606 1620 1668 mater,
1654 1603 1989 1674 Babylonia,
2024 1603 2116 1657 vel

461 1690 779 1761 gentilitas,
813 1694 1127 1759 antequam
1159 1689 1424 1745 Christus
1459 1692 1681 1746 veniret
1708 1692 1766 1745 in
1799 1695 2114 1749 mundum,

2218 536 2360 590 dum
2407 537 2465 590 in
2517 553 2577 591 se
2625 537 2914 608 supplicia
2961 541 3300 608 praeparant,
3347 542 3566 609 putantes
3602 548 3716 602 Deum

2220 641 2333 679 non
2365 625 2659 680 vindicare
2692 626 3013 681 mendacia.

2290 736 2317 762 «
2351 713 2530 768 Credo
2550 715 2746 769 videre
2772 715 2924 770 bona
2943 713 3193 780 Domini,
3217 714 3273 768 in
3295 719 3432 770 terra
3446 717 3691 779 viventium.
3706 749 3719 770 θ

2218 805 2340 855 Vox
2372 802 2656 858 Ecclesia.
2693 827 2720 852 ‹‹
2757 804 2818 858 In
2850 808 3003 858 terra
3048 803 3378 868 viventium,
3400 825 3423 854 ι
3457 807 3565 876 quia
3587 811 3722 880 pignus

2220 896 2486 946 nostrum
2521 890 2658 947 illuc
2679 909 2914 947 sursum
2945 893 3246 963 habemus,
3271 893 3409 963 quod
3438 903 3510 948 est
3533 895 3722 954 Christus.

2219 979 2320 1033 llle
2350 981 2572 1051 accepit
2600 981 2670 1035 de
2703 987 2902 1036 nostra
2942 986 3096 1036 terra
3134 980 3367 1036 mortale
3395 999 3583 1054 corpus.
3605 994 3643 1040 et
3662 1006 3723 1042 nos

2218 1069 2288 1122 ab
2346 1067 2472 1138 ipso
2513 1070 2843 1141 accepimus
2875 1087 3037 1142 spem
3068 1074 3124 1126 et
3172 1070 3358 1135 ﬁdem,
3387 1076 3438 1125 et
3464 1088 3544 1142 per
3566 1091 3676 1144 spem
3694 1084 3725 1130 et

2222 1157 2395 1210 ﬁdem
2429 1158 2747 1223 credentes,
2773 1159 3177 1230 perveniemus
3202 1159 3258 1212 in
3279 1164 3473 1214 terram
3498 1162 3724 1222 viventium,

2221 1245 2280 1300 in
2314 1262 2430 1315 qua
2455 1248 2638 1301 sancti
2671 1248 2901 1319 capient
2931 1247 3321 1303 haereditatem
3365 1249 3505 1321 regni
3530 1249 3724 1305 calorum.

2225 1339 2538 1405 «Exspecta
2561 1337 2892 1390 Dominum.
2919 1359 2947 1385 »
2974 1337 3034 1390 Id
3057 1339 3164 1403 est,
3187 1353 3365 1408 usque
3384 1338 3436 1390 in
3453 1338 3592 1392 ﬁnem
3608 1341 3724 1392 seculi

2225 1423 2506 1494 quidquid
2583 1425 2689 1482 tibi
2764 1425 3078 1481 accesserit
3152 1427 3320 1493 [Forte
3383 1425 3633 1495 acciderit],
3670 1444 3723 1496 pm

2225 1512 2455 1567 Christo
2487 1514 2772 1584 patienter
2800 1516 3045 1570 sustine.

2298 1623 2324 1650 ‹‹
2360 1601 2614 1657 Viriliter
2663 1620 2787 1674 age.
2850 1625 2878 1652 »
2904 1605 2965 1658 Id
3026 1609 3118 1660 est
3169 1604 3389 1660 fortiter
3437 1620 3543 1676 age,
3584 1604 3726 1658 utdixit

2226 1689 2482 1761 Angelus
2534 1692 2605 1745 ad
2655 1691 2894 1746 Jesum:
2960 1691 3298 1763 Con/artare,
3352 1701 3397 1747 et
3442 1701 3530 1746 esto
3575 1692 3726 1745 robusta:

461 1785 729 1848 parentes
762 1778 930 1832 nobis
979 1777 1234 1831 fuerunt.
1287 1779 1456 1834 Modo
1505 1784 1667 1850 pater
1708 1784 1923 1846 noster,
1955 1782 2110 1837 Deus
2141 1819 2188 1882 B
2229 1781 2404 1877 (Josae
2435 1781 2581 1882 1,“6).
2616 1803 2643 1878 (ξ
2678 1781 2744 1834 Et
2791 1781 3161 1882 confortatur.
3194 1797 3288 1882 cor
3333 1784 3500 1882 tuum,

461 1871 572 1932 est,
623 1871 679 1920 et
728 1871 913 1919 mater
959 1870 1178 1932 nostra,
1224 1867 1551 1922 Jerusalem
1601 1869 1868 1939 coelestis,
1925 1875 1986 1925 ut
2030 1871 2110 1925 ait

459 1955 674 2009 Paulus
702 1973 714 2009 :
748 1956 1052 2009 Jerusalem
1094 1971 1217 2026 quae
1245 1961 1324 2011 est
1366 1966 1542 2012 mater
1581 1966 1769 2014 nostra
1798 1960 1995 2030 (Gatat.
2032 1979 2104 2029 ιν,

454 2046 566 2113 26).
602 2067 630 2093 «
663 2044 946 2107 Quoniam
998 2049 1158 2116 pater
1207 2062 1373 2100 meus
1422 2052 1478 2100 et
1527 2051 1712 2102 mater
1741 2065 1870 2103 mea
1899 2049 2107 2104 dereli-

457 2139 709 2204 querunt
762 2151 875 2200 me,
957 2134 1240 2189 Dominus
1297 2140 1490 2191 autem
1550 2138 1873 2208 assumpsit
1931 2155 2040 2193 me.
2080 2163 2098 2188 ι)

455 2223 743 2293 Regnum,
778 2224 983 2278 mundi
1013 2229 1070 2278 et
1110 2224 1374 2279 civitates
1422 2225 1602 2295 hujus
1634 2226 1830 2281 seaculi
1861 2245 1986 2298 quae
2014 2246 2105 2284 me

451 2316 799 2380 genuerunt,
834 2316 889 2366 et
919 2313 1138 2366 caduca
1168 2313 1604 2382 promittebant,
1635 2315 1864 2386 reliqui,
1901 2322 1955 2370 et
1987 2334 2018 2371 a
2050 2322 2105 2370 te

449 2403 812 2468 assumptus,
865 2400 935 2451 ab
985 2399 1078 2452 his
1123 2417 1255 2454 sum
1309 2401 1635 2456 derelictus.
1697 2427 1715 2450 α
1765 2404 1912 2467 Quia
1942 2411 2106 2475 pater

449 2500 616 2538 meus
646 2490 703 2539 et
735 2490 921 2539 mater
962 2503 1092 2541 mea
1135 2488 1572 2558 dereliquerunt
1620 2507 1730 2545 me.
1767 2515 1794 2538 »
1824 2492 2018 2548 Potest
2047 2501 2104 2549 et

449 2573 520 2626 de
551 2571 727 2626 David
780 2572 1127 2644 simpliciter
1175 2575 1378 2645 accipi,
1435 2579 1585 2646 quod
1640 2579 1920 2635 minimus
1951 2582 2103 2637 inter

449 2659 674 2728 fratres,
729 2679 762 2716 a
809 2662 1150 2732 parentibus
1201 2669 1595 2736 contemptus,
1645 2684 1678 2720 a
1727 2669 1835 2723 Deo
1881 2670 2100 2726 electus

447 2753 535 2803 est
565 2766 668 2811 per
698 2750 1030 2806 Samuelem
1062 2753 1110 2822 (I
1134 2755 1263 2821 Reg.
1293 2770 1405 2822 xvr,
1459 2755 1657 2824 11-13).
1693 2757 1755 2810 In
1789 2758 2098 2815 commiine

447 2854 600 2906 vero,
634 2844 945 2911 parentum
994 2841 1052 2894 in
1103 2841 1240 2896 ﬁliis
1289 2859 1454 2896 amor
1501 2850 1686 2899 morte
1722 2846 1963 2914 ﬁnitur;
1998 2850 2098 2904 Dei

445 2944 610 2983 amor
638 2929 848 2984 crescit
879 2930 936 2984 in
968 2934 1248 3002 tempore.

525 3039 553 3066 «
587 3019 801 3090 Legem
835 3019 980 3072 mihi
1038 3022 1351 3087 constitue,
1423 3023 1679 3078 Domine.
1733 3048 1761 3073 »
1795 3030 2009 3097 Legem,
2042 3033 2096 3084 te

450 3105 787 3176 metipsum,
849 3107 986 3178 quia
1042 3107 1167 3178 ipse
1224 3125 1284 3163 es
1313 3109 1422 3165 lex.
1481 3112 1544 3165 In
1601 3114 1832 3178 viatua,
1893 3116 1948 3170 id
1982 3122 2088 3183 est,

447 3195 741 3249 mandatis
789 3196 927 3251 tuis.
979 3196 1111 3259 Quae
1161 3203 1299 3252 sunt
1345 3198 1446 3253 illa
1489 3202 1810 3257 mandata?
1858 3204 1928 3258 Ut
1975 3180 2088 3260 non
2122 3180 2164 3246 Ο

445 3281 700 3339 declines
731 3285 803 3338 ad
835 3285 1150 3354 dexteram,
1184 3302 1371 3358 neque
1401 3289 1470 3342 ad
1521 3288 1842 3361 sinistram,
1887 3299 1945 3348 et
1978 3312 2092 3350 non

442 3372 720 3442 respicias
776 3378 949 3437 retro.
1009 3381 1073 3428 ut
1129 3375 1313 3430 illud:
1375 3381 1544 3432 Nemo
1593 3395 1802 3449 ponens
1863 3399 2094 3438 manum

441 3477 601 3514 suam
646 3464 708 3515 in
758 3467 944 3518 aratro
993 3474 1044 3517 et
1089 3467 1362 3534 aspiciens
1412 3475 1557 3522 retro
1608 3472 1766 3538 aptus
1814 3479 1891 3525 est
1927 3489 2093 3541 regno

440 3549 697 3603 caelorum
741 3551 892 3617 (Luc.
954 3569 1030 3618 1x,
1075 3553 1187 3618 62).
1237 3553 1304 3607 Et
1354 3554 1528 3611 item:
1580 3556 1863 3614 Memores
1909 3567 2092 3616 estote

443 3637 639 3691 uxoris
672 3638 774 3691 Lot
803 3639 952 3708 (Luc.
1003 3657 1135 3706 xvn,
1187 3642 1297 3709 32).
1351 3643 1417 3696 Et
1448 3659 1514 3697 ea
1554 3661 1672 3714 qum
1715 3664 1936 3702 sursum
1965 3660 2093 3705 sunt

445 3727 675 3794 quaerite
703 3741 810 3780 non
833 3742 958 3796 quae
985 3745 1147 3798 super
1185 3734 1391 3785 terram
1437 3731 1659 3798 (Cotoss.
1697 3751 1782 3800 III,
1816 3739 1887 3804 1).
1923 3761 1950 3788 ‹‹
1983 3739 2093 3794 Le-

445 3829 575 3884 gem
609 3830 756 3884 pone
787 3814 951 3882 mihi,
996 3818 1254 3886 Domine,
1307 3821 1366 3874 in
1397 3821 1487 3874 via
1534 3828 1672 3876 tua:
1703 3829 1759 3878 et
1786 3824 1970 3898 dirige
1999 3844 2093 3882 me

444 3903 506 3956 in
550 3902 758 3957 semita
805 3910 981 3959 recta.
1019 3929 1039 3956 ι
1099 3910 1173 3960 Ut
1216 3924 1328 3961 non
1379 3909 1660 3964 declinem
1709 3929 1742 3966 a
1788 3914 2006 3970 dextris
2038 3920 2093 3970 et

445 3991 722 4059 sinistris,
747 3993 846 4047 sed
872 3997 972 4048 tua
995 4011 1248 4064 sequens
1272 3998 1565 4066 mandata,
1584 3998 1854 4069 viamque
1876 4003 2089 4071 regiam

443 4079 738 4150 gradiens,
773 4087 986 4136 terram
1034 4085 1506 4155 repromissionis
1543 4088 1853 4158 ingrediar.
1888 4114 1914 4139 ‹‹
1949 4093 2090 4146 Pro-

439 4174 569 4238 pter
599 4169 866 4225 inimicos
916 4188 1099 4239 meos,
1136 4195 1157 4222 ι
1200 4173 1456 4229 carnales
1509 4182 1722 4245 motus,
1773 4178 2086 4249 daemones,

432 4255 732 4313 haereticos
773 4267 1198 4330 persecutores.

505 4365 533 4393 ‹‹
567 4345 648 4399 Ne
696 4347 1008 4403 tradideris
1069 4367 1160 4405 me
1214 4351 1271 4405 in
1323 4354 1552 4408 animas
1609 4358 2087 4428 persequentium

432 4449 545 4487 me.
581 4455 610 4482 »
636 4433 709 4488 Ut
740 4452 854 4490 non
887 4438 1131 4493 satietur
1177 4441 1375 4496 anima
1425 4459 1626 4498 eorum
1677 4445 2089 4502 de‘adversita-

2218 1868 2444 1923 sustine
2475 1868 2810 1923 Dominum.
2835 1869 3130 1940 Propheta
3149 1869 3240 1924 hic
3263 1869 3503 1924 hortatur
3523 1867 3680 1922 ﬁdelem
3694 1868 3729 1920 il-

2216 1956 2362 2025 lum,
2396 1957 2496 2027 qui
2527 1973 2713 2028 usque
2745 1975 2897 2012 nunc
2927 1957 3159 2015 locutus
3186 1963 3289 2025 est,
3315 1957 3525 2012 dicens:
3551 1956 3727 2025 Exspecta

2216 2046 2493 2117 primum,
2546 2051 2610 2100 ut
2655 2052 2855 2102 contra
2903 2047 3224 2101 certamina
3271 2045 3457 2100 mundi
3486 2049 3620 2098 εἰ)θο
3651 2059 3728 2096 con-

2216 2135 2460 2190 forteris.
2514 2137 2796 2206 Exspecta
2843 2135 3139 2206 deinceps,
3191 2139 3253 2188 ut
3302 2134 3468 2188 victor
3516 2131 3572 2185 ab
3607 2131 3727 2185 eodem

2216 2223 2457 2278 Domino
2489 2223 2820 2289 coroneris;
2855 2223 2994 2294 quia
3026 2240 3142 2278 non
3197 2221 3552 2285 coronabitur,
3578 2219 3654 2273 nisi
3672 2217 3726 2287 qui

2213 2311 2471 2383 legitime
2520 2312 2846 2367 certaverit.
2897 2312 3015 2366 Nos
3064 2328 3196 2367 vero
3245 2311 3581 2382 deprecemur
3616 2305 3728 2360 Domi-

2213 2420 2376 2472 num,
2436 2407 2501 2456 ut
2556 2402 2680 2473 ipso
2759 2402 3142 2472 confortante,
3219 2398 3533 2456 sustinendo
3576 2394 3728 2449 viriliter

2213 2491 2604 2545 mundialium
2656 2490 2942 2544 fluctuum
2992 2489 3294 2560 procellas,
3344 2491 3644 2559 expectemus
3672 2497 3727 2551 per

2212 2581 2408 2650 ﬁdem,
2441 2580 2822 2650 quoadusque
2872 2579 3067 2634 veniat
3117 2579 3368 2644 reddere,
3417 2592 3525 2647 quae
3550 2573 3726 2642 dignatus

2210 2663 2297 2724 est
2327 2667 2604 2740 polliceri.

2740 2812 3064 2868 PSALMUS
3103 2811 3321 2867 XXVII.

2205 2898 2467 2955 Psalmus
2496 2900 2602 2970 ipsi
2653 2899 2841 2954 David.
2894 2900 3168 2955 Psalmus
3213 2914 3402 2954 vocem
3444 2895 3588 2970 habet
3615 2889 3726 2970 ipsiug
3814 2915 3815 2918 η

2277 2957 2638 3037 mediatoris,
2692 2970 2985 3025 Passionis
3034 2972 3096 3026 in
3149 2971 3408 3026 conflictu
3445 2957 3666 3036 loquentis
3687 2957 3726 3011 ad

2277 3041 2524 3115 Patrem.
2559 3042 2691 3115 Quae
2723 3047 2918 3115 autem
2949 3041 3208 3115 inimicis
3239 3045 3494 3115 optantur
3515 3050 3637 3115 :Auon
3660 3045 3727 3115 ωθᾷ

2277 3113 2412 3167 litiae
2440 3117 2546 3183 est,
2581 3113 2681 3168 sed
2714 3114 2858 3167 ratio
2911 3113 3225 3184 prOphetize
3276 3111 3620 3184 praedicentis:
3655 3114 3726 3184 qua?

2273 3185 2356 3239 eis
2390 3201 2490 3254 pro
2522 3177 2877 3262 malisnsuis
2907 3177 3415 3262 immineant,'_l/el
3441 3177 3727 3262 voxhomjtlls

2273 3253 2563 3326 assumpti
2591 3256 2650 3309 in
2681 3255 2980 3310 divinitate
3005 3273 3015 3308 :
3055 3253 3334 3311 Clamavit
3360 3253 3512 3309 Jesus
3538 3253 3583 3301 in
3607 3255 3725 3301 cruce,

2273 3332 2329 3381 et
2360 3327 2539 3382 dixit:
2575 3327 2660 3380 Eli
2689 3327 2778 3380 Eli
2809 3328 3021 3397 (Matth.
3056 3344 3229 3392 xxvn,
3265 3326 3368 3396 46).

2274 3492 2301 3518 ‹‹
2335 3470 2421 3523 Ad
2455 3473 2528 3536 te,
2558 3469 2821 3537 Domine,
2869 3469 3136 3539 clamavi,
3188 3470 3336 3524 Deus
3367 3480 3531 3520 meus.
3561 3483 3580 3509 ››
3607 3456 3726 3551 Utine

2201 3557 2481 3612 clariﬁces
2514 3558 2612 3612 illa
2644 3557 2903 3612 claritate
2945 3574 3126 3629 quam
3175 3556 3348 3611 habui
3375 3552 3509 3625 apud
3537 3555 3580 3603 te
3605 3556 3726 3617 prius-

2203 3663 2376 3717 quam
2409 3647 2665 3701 mundus
2696 3646 2898 3712 ﬁeret;
2931 3647 3070 3716 quia
3102 3663 3257 3700 nunc
3290 3642 3555 3699 hominem
3578 3644 3724 3689 assum-

2203 3736 2312 3806 psi.
2357 3758 2381 3788 «
2411 3735 2490 3790 Ne
2520 3735 2693 3790 sileas
2725 3752 2758 3790 a
2792 3752 2902 3790 me.
2938 3757 2965 3784 ››
2997 3735 3111 3790 Sed
3155 3733 3440 3805 loquaris;
3469 3726 3582 3800 quia
3602 3733 3722 3790 aqua-

2202 3823 2314 3879 lem
2348 3829 2538 3879 tecum
2566 3823 2748 3878 habeo
2799 3823 3200 3878 zeternitatem.
3234 3845 3262 3872 «
3289 3822 3365 3877 Ne
3403 3818 3552 3874 sileas
3571 3830 3596 3865 a
3618 3823 3691 3866 me,
3712 3825 3725 3844 θ

2200 3913 2308 3968 hoc
2340 3917 2446 3978 est,
2481 3929 2594 3967 non
2641 3929 2735 3967 me
2781 3912 3168 3982 derelinquas.
3204 3934 3232 3962 «
3267 3912 3332 3966 Et
3375 3923 3462 3964 ero
3489 3893 3726 3993 similis-ile;

2201 4001 2611 4056 scendentibus
2643 4001 2702 4055 in
2736 4000 2998 4055 lacum.»
3041 4002 3102 4055 Id
3127 4005 3233 4066 est,
3266 4000 3322 4053 in
3346 3988 3727 4082 miseriam

2199 4090 2364 4157 vitae;
2398 4090 2536 4160 quia
2575 4089 2619 4143 si
2668 4088 2945 4143 divinitas
2995 4089 3065 4144 ab
3120 4106 3186 4145 eo
3235 4084 3555 4144 recessisset,
3592 4067 3725 4174 simills

2200 4181 2366 4234 nobis
2408 4181 2465 4234 in
2518 4180 2752 4235 miseria
2801 4181 3024 4235 fuisset.
3079 4181 3141 4235 Si
3196 4176 3433 4240 silueris,
3477 4186 3556 4227 ero
3592 4157 3724 4261 simil15

2198 4269 2579 4340 pereuntibus
2605 4288 2617 4337 ;
2648 4274 2841 4324 tamen
2873 4268 2921 4323 si
2952 4274 3167 4334 taccas,
3202 4284 3313 4323 non
3343 4267 3661 4335 cognoscens.

2273 4358 2551 4412 «Exaudi
2603 4374 2799 4413 vocem
2858 4357 3282 4429 deprecationis
3335 4369 3478 4420 meae,
3528 4346 3635 4400 dum
3667 4346 3724 4429 φο

2198 4449 2267 4502 ad
2301 4454 2376 4502 te.
2414 4471 2440 4496 »
2472 4448 2670 4502 Oravit
2716 4422 2978 4501 Christus
3007 4448 3066 4501 in
3099 4462 3264 4502 cruce
3307 4458 3400 4516 pro
3438 4441 3538 4493 toto
3564 4422 3723 4486 mundo,

431 4523 590 4578 tibus
622 4540 750 4594 quae
771 4525 1044 4580 accidunt
1075 4529 1239 4583 mihi.
1276 4554 1304 4579 «
1328 4532 1610 4596 Quoniam
1645 4534 2086 4591 insurrexerunt
2117 4545 2161 4608 1)
2194 4543 2250 4595 et
2279 4555 2381 4609 pro
2411 4538 2646 4602 Judteis,
2678 4542 2734 4590 et
2764 4554 2866 4608 pro
2897 4537 3197 4608 apostolis.
3235 4557 3260 4585 σι
3290 4534 3428 4589 Dum
3463 4520 3629 4582 extollo
3651 4527 3724 4609 mf'

433 4613 492 4686 in
525 4629 618 4667 me
647 4617 826 4668 testes
858 4615 1068 4686 iniqui,
1103 4623 1158 4671 et
1190 4619 1430 4674 mentita
1459 4626 1548 4676 est
1579 4622 1856 4693 iniquitas
1887 4625 2018 4678 sibi.
2051 4647 2080 4675 ››

429 4703 861 4758 lnsurrexerunt
918 4706 981 4758 in
1035 4723 1139 4774 me,
1191 4707 1449 4763 dicentes
1511 4711 1919 4777 mendacium;
1980 4714 2081 4768 sed

430 4807 565 4844 cum
595 4792 654 4845 in
686 4795 742 4846 te
775 4793 1148 4861 conﬁderem,
1194 4797 1475 4851 destructi
1527 4805 1665 4853 sunt
1695 4800 1753 4854 in
1782 4802 2083 4857 mendacio

432 4896 560 4934 suo.
589 4903 616 4929 ‹‹
641 4880 924 4944 Quoniam
953 4883 1390 4940 insurrexerunt
1413 4887 1468 4940 in
1494 4903 1587 4942 me
1619 4894 1794 4944 testes
1817 4888 2026 4961 iniqui.
2050 4914 2078 4941 »

433 4967 645 5023 Contra
677 4969 974 5026 Christum
998 4977 1177 5028 testes
1207 4973 1392 5045 iniqui
1417 4982 1814 5044 surrexerunt,
1848 4981 2082 5048 quando

435 5055 706 5112 dixerunt
733 5059 956 5116 Judeei:
996 5063 1094 5116 Hic
1142 5063 1324 5118 dixit:
1373 5066 1646 5120 Destruite
1692 5069 1948 5138 templum
1988 5071 2084 5123 hoc

435 5145 596 5213 [Dei],
630 5152 680 5201 et
709 5149 770 5201 in
799 5149 980 5204 triduo
1010 5152 1353 5221 rewttzﬁcabo
1385 5155 1524 5208 illud
1553 5155 1760 5224 (Matth.
1793 5173 1942 5222 xxvr,
1975 5159 2037 5211 61
2066 5177 2078 5225 ;

431 5235 592 5288 Joan.
631 5252 691 5301 η,
727 5236 833 5308 19).
888 5239 990 5293 Vel
1042 5247 1243 5296 contra
1290 5242 1606 5297 Ecclesiam
1641 5244 1843 5298 dicunt
1884 5245 2083 5300 adver-

436 5321 595 5376 sarii.
636 5343 663 5373 α
708 5323 946 5380 Mentita
995 5333 1083 5382 est
1126 5329 1408 5400 iniquitas
1459 5332 1591 5396 sibi,
1646 5357 1671 5377 ι»
1723 5333 1781 5387 id
1830 5340 1936 5403 est,
1969 5335 2080 5389 sibi

434 5411 702 5483 metipsis
734 5415 959 5469 mentiti
1010 5423 1169 5482 sunt,
1220 5425 1276 5472 et
1307 5436 1421 5474 non
1474 5421 1661 5488 mihi;
1709 5422 1846 5492 quia
1878 5423 2082 5478 unius-

433 5500 719 5572 cujusque
748 5501 954 5557 vitium
1001 5504 1056 5558 in
1089 5522 1264 5560 suum
1316 5509 1561 5562 recurrit
1600 5515 1916 5564 auctorem.
1951 5534 1978 5559 «
2013 5513 2082 5566 Et

433 5591 676 5647 mentita
701 5597 791 5648 est
821 5591 1100 5666 iniquitas
1130 5595 1264 5650 sibi.
1300 5621 1322 5647 ι
1361 5598 1562 5654 Testes
1594 5598 1889 5669 ﬂagitiosi,
1924 5600 1982 5654 in
2012 5616 2077 5654 eo

2196 4598 2307 4682 nus
2339 4641 2497 4680 meas
2548 4625 2616 4680 ad
2669 4624 2954 4696 templum
3008 4633 3276 4681 sanctum
3321 4626 3491 4676 tuum.
3534 4598 3723 4664 nEIwu"

2191 4732 2388 4771 manus
2418 4732 2588 4780 meas,
2623 4715 2680 4768 id
2730 4720 2836 4780 est,
2871 4715 2943 4769 ad
2977 4715 3084 4770 hoc
3137 4711 3357 4768 extendi
3401 4722 3485 4762 eas
3528 4701 3574 4754 in
3599 4702 3722 4790 cruce:

2194 4807 2271 4860 Ad
2319 4776 2582 4874 templum.
2622 4776 2888 4870 sanctum,
2936 4804 2996 4857 id
3045 4807 3152 4868 est,
3203 4802 3271 4857 ad
3319 4799 3418 4853 hoc
3457 4776 3721 4874 ementiti“

2192 4863 2478 4964 templum
2511 4892 2616 4946 tibi
2661 4863 3082 4964 praepararem;
3117 4863 3222 4947 hoc
3269 4893 3369 4956 est,
3401 4863 3720 4972 corpus

2195 4960 2410 5037 size-Et
2432 4960 2801 5036 assimilabor
2823 4980 3306 5036 descendentibus
3326 4975 3378 5029 in
3403 4972 3582 5027 lacum.
3601 4960 3721 5052 baculs

2194 5070 2486 5142 signiﬁcat
2512 5070 2804 5123 internum
2831 5086 2843 5123 :
2870 5068 3063 5124 locum
3087 5066 3346 5123 videlicet
3365 5071 3540 5142 eorum
3561 5063 3634 5120 qm
3651 5035 3718 5142 ευξ)

2193 5122 2840 5213 εξεῑοάίέςτεείέιεηως
2885 5158 2951 5212 Et
2998 5157 3136 5212 alibi
3185 5153 3468 5248 εοτηέηυτε
3507 5122 3717 5248 υέαυεοεξς

2193 5247 2478 5318 captivam
2537 5264 2662 5318 quae
2737 5251 2860 5301 erat
2928 5247 2988 5301 in
3068 5246 3194 5301 lacu
3269 5237 3443 5314 (Exod.
3504 5245 3581 5291 xu,
3632 5215 3713 5318 '39}:

2193 5360 2218 5386 ‹‹
2252 5336 2473 5390 Exaudi
2505 5352 2700 5391 vocem
2751 5336 3173 5407 deprecationis
3239 5347 3388 5394 mea?)
3424 5324 3539 5377 dum
3576 5325 3647 5407 0",)
3669 5301 3711 5407 aii

2191 5429 2246 5479 te
2273 5443 2284 5491 ;
2319 5426 2457 5479 dum
2489 5423 2697 5480 extollo
2722 5401 2931 5480 manus
2954 5441 3112 5480 meas
3142 5423 3212 5478 ad
3242 5414 3494 5487 templum
3521 5401 3706 5480 sanctum

2191 5518 2396 5580 tuum;
2435 5536 2460 5561 »
2518 5512 2577 5566 in
2641 5529 2808 5567 cruce
2869 5513 3089 5568 scilicet
3135 5528 3235 5583 pro
3281 5497 3606 5563 credentibus,
3644 5491 3706 5549 qi“

2187 5600 2472 5674 templum
2504 5605 2672 5656 tuum
2706 5602 2884 5656 futuri
2915 5605 3070 5658 sunt.
