  <div class='ocr_page' id='page_1' title='image "/cluster/home/n/w/nwhite01/storage/ocr_20150623/26/hvd.32044052772472/504.png"; bbox 0 0 3964 6190; ppageno 0'>
   <div class='ocr_carea' id='block_1_1' title="bbox 244 327 358 386">
    <p class='ocr_par' dir='ltr' id='par_1_1' title="bbox 244 327 358 386">
     <span class='ocr_line' id='line_1_1' title="bbox 244 327 358 386; baseline -0.018 0"><span class='ocrx_word' id='word_1_1' title='bbox 244 327 358 386; x_wconf 85' lang='grc'>953</span> 
     </span>
    </p>
   </div>
   <div class='ocr_carea' id='block_1_2' title="bbox 1417 322 2458 385">
    <p class='ocr_par' dir='ltr' id='par_1_2' title="bbox 1417 322 2458 385">
     <span class='ocr_line' id='line_1_2' title="bbox 1417 322 2458 385; baseline 0 -2"><span class='ocrx_word' id='word_1_2' title='bbox 1417 322 1908 384; x_wconf 78' lang='lat' dir='ltr'>BREVIARIUM</span> <span class='ocrx_word' id='word_1_3' title='bbox 1951 323 2027 383; x_wconf 86' lang='lat' dir='ltr'>IN</span> <span class='ocrx_word' id='word_1_4' title='bbox 2077 323 2458 385; x_wconf 80' lang='lat' dir='ltr'>PSALMOS.</span> 
     </span>
    </p>
   </div>
   <div class='ocr_carea' id='block_1_3' title="bbox 3520 329 3638 386">
    <p class='ocr_par' dir='ltr' id='par_1_3' title="bbox 3520 329 3638 386">
     <span class='ocr_line' id='line_1_3' title="bbox 3520 329 3638 386; baseline -0.008 -1"><span class='ocrx_word' id='word_1_5' title='bbox 3520 329 3638 386; x_wconf 74' lang='grc'>954</span> 
     </span>
    </p>
   </div>
   <div class='ocr_carea' id='block_1_4' title="bbox 315 424 3636 527">
    <p class='ocr_par' dir='ltr' id='par_1_4' title="bbox 315 424 3636 527">
     <span class='ocr_line' id='line_1_4' title="bbox 315 424 3636 527; baseline 0 -17"><span class='ocrx_word' id='word_1_6' title='bbox 315 479 342 505; x_wconf 91' lang='grc'>‹‹</span> <span class='ocrx_word' id='word_1_7' title='bbox 374 456 456 511; x_wconf 89' lang='lat' dir='ltr'>Ne</span> <span class='ocrx_word' id='word_1_8' title='bbox 487 455 664 510; x_wconf 87' lang='lat' dir='ltr'>simul</span> <span class='ocrx_word' id='word_1_9' title='bbox 695 456 894 510; x_wconf 78' lang='lat' dir='ltr'>tradas</span> <span class='ocrx_word' id='word_1_10' title='bbox 925 424 1182 510; x_wconf 87' lang='lat' dir='ltr'>mecum</span> <span class='ocrx_word' id='word_1_11' title='bbox 1213 454 1636 527; x_wconf 82' lang='lat' dir='ltr'>peccatoribus.</span> <span class='ocrx_word' id='word_1_12' title='bbox 1666 477 1692 503; x_wconf 84' lang='lat'>»</span> <span class='ocrx_word' id='word_1_13' title='bbox 1743 454 1885 509; x_wconf 92' lang='lat' dir='ltr'>Pec-</span> <span class='ocrx_word' id='word_1_14' title='bbox 1915 454 1972 520; x_wconf 82' lang='grc' dir='ltr'><strong>Α</strong></span> <span class='ocrx_word' id='word_1_15' title='bbox 1999 455 2296 520; x_wconf 86' lang='lat' dir='ltr'>Protector,</span> <span class='ocrx_word' id='word_1_16' title='bbox 2329 456 2436 511; x_wconf 92' lang='lat' dir='ltr'>hoc</span> <span class='ocrx_word' id='word_1_17' title='bbox 2489 463 2576 511; x_wconf 92' lang='lat' dir='ltr'>est</span> <span class='ocrx_word' id='word_1_18' title='bbox 2619 459 2906 512; x_wconf 80' lang='lat' dir='ltr'>defensor.</span> <span class='ocrx_word' id='word_1_19' title='bbox 2956 479 2984 506; x_wconf 85' lang='lat'><strong><em>«</em></strong></span> <span class='ocrx_word' id='word_1_20' title='bbox 3016 457 3372 512; x_wconf 89' lang='lat' dir='ltr'>Salutarium</span> <span class='ocrx_word' id='word_1_21' title='bbox 3422 457 3636 514; x_wconf 83' lang='lat' dir='ltr'>Christi</span> 
     </span>
    </p>
   </div>
   <div class='ocr_carea' id='block_1_5' title="bbox 247 542 1886 615">
    <p class='ocr_par' dir='ltr' id='par_1_5' title="bbox 247 542 1886 615">
     <span class='ocr_line' id='line_1_5' title="bbox 247 542 1886 615; baseline -0.002 -14"><span class='ocrx_word' id='word_1_22' title='bbox 247 551 495 610; x_wconf 91' lang='lat' dir='ltr'>catores,</span> <span class='ocrx_word' id='word_1_23' title='bbox 529 545 804 614; x_wconf 83' lang='lat' dir='ltr'>latrones,</span> <span class='ocrx_word' id='word_1_24' title='bbox 837 543 990 599; x_wconf 90' lang='lat' dir='ltr'>inter</span> <span class='ocrx_word' id='word_1_25' title='bbox 1018 560 1164 615; x_wconf 89' lang='lat' dir='ltr'>quos</span> <span class='ocrx_word' id='word_1_26' title='bbox 1197 543 1507 614; x_wconf 81' lang='lat' dir='ltr'>pendebat,</span> <span class='ocrx_word' id='word_1_27' title='bbox 1539 547 1606 597; x_wconf 90' lang='lat' dir='ltr'>ut</span> <span class='ocrx_word' id='word_1_28' title='bbox 1639 542 1722 598; x_wconf 89' lang='lat' dir='ltr'>ait</span> <span class='ocrx_word' id='word_1_29' title='bbox 1754 559 1886 614; x_wconf 87' lang='lat' dir='ltr'>pro-</span> 
     </span>
    </p>
   </div>
   <div class='ocr_carea' id='block_1_6' title="bbox 247 633 1884 707">
    <p class='ocr_par' dir='ltr' id='par_1_6' title="bbox 247 633 1884 707">
     <span class='ocr_line' id='line_1_6' title="bbox 247 633 1884 707; baseline -0.002 -18"><span class='ocrx_word' id='word_1_30' title='bbox 247 635 451 707; x_wconf 84' lang='lat' dir='ltr'>pheta:</span> <span class='ocrx_word' id='word_1_31' title='bbox 489 634 558 688; x_wconf 90' lang='lat' dir='ltr'>Et</span> <span class='ocrx_word' id='word_1_32' title='bbox 605 634 759 688; x_wconf 91' lang='lat' dir='ltr'>inter</span> <span class='ocrx_word' id='word_1_33' title='bbox 794 633 1028 704; x_wconf 90' lang='lat' dir='ltr'>iniquos</span> <span class='ocrx_word' id='word_1_34' title='bbox 1078 635 1391 704; x_wconf 89' lang='lat' dir='ltr'>deputatus</span> <span class='ocrx_word' id='word_1_35' title='bbox 1439 637 1526 688; x_wconf 89' lang='lat' dir='ltr'>est</span> <span class='ocrx_word' id='word_1_36' title='bbox 1580 633 1711 703; x_wconf 87' lang='lat' dir='ltr'>(Isa.</span> <span class='ocrx_word' id='word_1_37' title='bbox 1765 649 1884 697; x_wconf 87' lang='lat' dir='ltr'>Lm,</span> 
     </span>
    </p>
   </div>
   <div class='ocr_carea' id='block_1_7' title="bbox 250 721 1880 794">
    <p class='ocr_par' dir='ltr' id='par_1_7' title="bbox 250 721 1880 794">
     <span class='ocr_line' id='line_1_7' title="bbox 250 721 1880 794; baseline -0.001 -17"><span class='ocrx_word' id='word_1_38' title='bbox 250 725 353 794; x_wconf 79' lang='grc'>12).</span> <span class='ocrx_word' id='word_1_39' title='bbox 394 745 421 775; x_wconf 75' lang='grc' dir='ltr'>ιι</span> <span class='ocrx_word' id='word_1_40' title='bbox 441 722 584 777; x_wconf 88' lang='lat' dir='ltr'>Cum</span> <span class='ocrx_word' id='word_1_41' title='bbox 609 722 984 794; x_wconf 82' lang='lat' dir='ltr'>operantibus</span> <span class='ocrx_word' id='word_1_42' title='bbox 1007 721 1376 793; x_wconf 82' lang='lat' dir='ltr'>iniquitatem</span> <span class='ocrx_word' id='word_1_43' title='bbox 1397 738 1468 776; x_wconf 90' lang='lat' dir='ltr'>ne</span> <span class='ocrx_word' id='word_1_44' title='bbox 1490 722 1699 793; x_wconf 84' lang='lat' dir='ltr'>perdas</span> <span class='ocrx_word' id='word_1_45' title='bbox 1717 738 1829 776; x_wconf 92' lang='lat' dir='ltr'>me.</span> <span class='ocrx_word' id='word_1_46' title='bbox 1859 744 1880 769; x_wconf 72' lang='grc' dir='ltr'><strong>υ</strong></span> 
     </span>
    </p>
   </div>
   <div class='ocr_carea' id='block_1_8' title="bbox 247 811 1884 882">
    <p class='ocr_par' dir='ltr' id='par_1_8' title="bbox 247 811 1884 882">
     <span class='ocr_line' id='line_1_8' title="bbox 247 811 1884 882; baseline -0.001 -15"><span class='ocrx_word' id='word_1_47' title='bbox 247 813 305 867; x_wconf 89' lang='lat' dir='ltr'>Id</span> <span class='ocrx_word' id='word_1_48' title='bbox 336 818 444 879; x_wconf 91' lang='lat' dir='ltr'>est,</span> <span class='ocrx_word' id='word_1_49' title='bbox 479 813 539 866; x_wconf 89' lang='lat' dir='ltr'>in</span> <span class='ocrx_word' id='word_1_50' title='bbox 572 812 663 866; x_wconf 91' lang='lat' dir='ltr'>die</span> <span class='ocrx_word' id='word_1_51' title='bbox 685 811 894 882; x_wconf 90' lang='lat' dir='ltr'>judicii</span> <span class='ocrx_word' id='word_1_52' title='bbox 927 828 1060 866; x_wconf 90' lang='lat' dir='ltr'>cum</span> <span class='ocrx_word' id='word_1_53' title='bbox 1092 811 1184 865; x_wconf 91' lang='lat' dir='ltr'>his</span> <span class='ocrx_word' id='word_1_54' title='bbox 1231 811 1581 878; x_wconf 84' lang='lat' dir='ltr'>latronibus,</span> <span class='ocrx_word' id='word_1_55' title='bbox 1632 816 1734 866; x_wconf 90' lang='lat' dir='ltr'>aut</span> <span class='ocrx_word' id='word_1_56' title='bbox 1780 828 1884 866; x_wconf 75' lang='lat' dir='ltr'>caa-</span> 
     </span>
    </p>
   </div>
   <div class='ocr_carea' id='block_1_9' title="bbox 243 899 1886 972">
    <p class='ocr_par' dir='ltr' id='par_1_9' title="bbox 243 899 1886 972">
     <span class='ocr_line' id='line_1_9' title="bbox 243 899 1886 972; baseline -0.001 -16"><span class='ocrx_word' id='word_1_57' title='bbox 243 902 384 956; x_wconf 88' lang='lat' dir='ltr'>teris</span> <span class='ocrx_word' id='word_1_58' title='bbox 414 900 605 956; x_wconf 90' lang='lat' dir='ltr'>malis.</span> <span class='ocrx_word' id='word_1_59' title='bbox 639 902 781 955; x_wconf 89' lang='lat' dir='ltr'>Tam</span> <span class='ocrx_word' id='word_1_60' title='bbox 813 901 885 955; x_wconf 88' lang='lat' dir='ltr'>ad</span> <span class='ocrx_word' id='word_1_61' title='bbox 919 900 1236 967; x_wconf 80' lang='lat' dir='ltr'>Christum,</span> <span class='ocrx_word' id='word_1_62' title='bbox 1265 917 1440 972; x_wconf 79' lang='lat' dir='ltr'>quam</span> <span class='ocrx_word' id='word_1_63' title='bbox 1465 902 1538 956; x_wconf 90' lang='lat' dir='ltr'>ad</span> <span class='ocrx_word' id='word_1_64' title='bbox 1570 899 1886 956; x_wconf 87' lang='lat' dir='ltr'>Ecclesiam</span> 
     </span>
    </p>
   </div>
   <div class='ocr_carea' id='block_1_10' title="bbox 247 989 1882 1062">
    <p class='ocr_par' dir='ltr' id='par_1_10' title="bbox 247 989 1882 1062">
     <span class='ocr_line' id='line_1_10' title="bbox 247 989 1882 1062; baseline 0 -18"><span class='ocrx_word' id='word_1_65' title='bbox 247 991 521 1062; x_wconf 85' lang='lat' dir='ltr'>pertinet,</span> <span class='ocrx_word' id='word_1_66' title='bbox 555 994 619 1044; x_wconf 89' lang='lat' dir='ltr'>ut</span> <span class='ocrx_word' id='word_1_67' title='bbox 647 1007 762 1044; x_wconf 82' lang='lat' dir='ltr'>non</span> <span class='ocrx_word' id='word_1_68' title='bbox 796 990 879 1044; x_wconf 91' lang='lat' dir='ltr'>sic</span> <span class='ocrx_word' id='word_1_69' title='bbox 927 1005 1180 1060; x_wconf 85' lang='lat' dir='ltr'>peream,</span> <span class='ocrx_word' id='word_1_70' title='bbox 1241 994 1487 1046; x_wconf 90' lang='lat' dir='ltr'>mortem</span> <span class='ocrx_word' id='word_1_71' title='bbox 1535 989 1882 1061; x_wconf 89' lang='lat' dir='ltr'>suscipiens,</span> 
     </span>
    </p>
   </div>
   <div class='ocr_carea' id='block_1_11' title="bbox 248 1077 1053 1150">
    <p class='ocr_par' dir='ltr' id='par_1_11' title="bbox 248 1077 1053 1150">
     <span class='ocr_line' id='line_1_11' title="bbox 248 1077 1053 1150; baseline -0.001 -17"><span class='ocrx_word' id='word_1_72' title='bbox 248 1080 398 1133; x_wconf 88' lang='lat' dir='ltr'>sicut</span> <span class='ocrx_word' id='word_1_73' title='bbox 426 1077 673 1150; x_wconf 85' lang='lat' dir='ltr'>operarii</span> <span class='ocrx_word' id='word_1_74' title='bbox 705 1078 1053 1149; x_wconf 88' lang='lat' dir='ltr'>iniquitatis.</span> 
     </span>
    </p>
   </div>
   <div class='ocr_carea' id='block_1_12' title="bbox 328 1165 1888 1239">
    <p class='ocr_par' dir='ltr' id='par_1_12' title="bbox 328 1165 1888 1239">
     <span class='ocr_line' id='line_1_12' title="bbox 328 1165 1888 1239; baseline 0.006 -24"><span class='ocrx_word' id='word_1_75' title='bbox 328 1190 354 1216; x_wconf 89' lang='grc'>‹‹</span> <span class='ocrx_word' id='word_1_76' title='bbox 403 1167 547 1220; x_wconf 90' lang='lat' dir='ltr'>Cum</span> <span class='ocrx_word' id='word_1_77' title='bbox 597 1165 690 1220; x_wconf 91' lang='lat' dir='ltr'>his</span> <span class='ocrx_word' id='word_1_78' title='bbox 721 1166 818 1238; x_wconf 90' lang='lat' dir='ltr'>qui</span> <span class='ocrx_word' id='word_1_79' title='bbox 871 1166 1190 1235; x_wconf 87' lang='lat' dir='ltr'>loquuntur</span> <span class='ocrx_word' id='word_1_80' title='bbox 1217 1184 1418 1238; x_wconf 89' lang='lat' dir='ltr'>pacem</span> <span class='ocrx_word' id='word_1_81' title='bbox 1459 1185 1593 1222; x_wconf 89' lang='lat' dir='ltr'>cum</span> <span class='ocrx_word' id='word_1_82' title='bbox 1625 1168 1888 1239; x_wconf 88' lang='lat' dir='ltr'>proximo</span> 
     </span>
    </p>
   </div>
   <div class='ocr_carea' id='block_1_13' title="bbox 247 1252 1883 1328">
    <p class='ocr_par' dir='ltr' id='par_1_13' title="bbox 247 1252 1883 1328">
     <span class='ocr_line' id='line_1_13' title="bbox 247 1252 1883 1328; baseline 0.003 -21"><span class='ocrx_word' id='word_1_83' title='bbox 247 1269 351 1307; x_wconf 91' lang='lat' dir='ltr'>suo</span> <span class='ocrx_word' id='word_1_84' title='bbox 377 1269 389 1307; x_wconf 93' lang='lat'>:</span> <span class='ocrx_word' id='word_1_85' title='bbox 417 1252 571 1307; x_wconf 88' lang='lat' dir='ltr'>mala</span> <span class='ocrx_word' id='word_1_86' title='bbox 601 1259 863 1318; x_wconf 82' lang='lat' dir='ltr'>autem,»</span> <span class='ocrx_word' id='word_1_87' title='bbox 897 1259 1004 1308; x_wconf 89' lang='lat' dir='ltr'>etc.</span> <span class='ocrx_word' id='word_1_88' title='bbox 1041 1257 1451 1325; x_wconf 89' lang='lat' dir='ltr'>Loquebantur</span> <span class='ocrx_word' id='word_1_89' title='bbox 1477 1257 1659 1311; x_wconf 65' lang='lat' dir='ltr'>Judaei</span> <span class='ocrx_word' id='word_1_90' title='bbox 1683 1273 1883 1328; x_wconf 85' lang='lat' dir='ltr'>pacem</span> 
     </span>
    </p>
   </div>
   <div class='ocr_carea' id='block_1_14' title="bbox 247 1341 1888 1416">
    <p class='ocr_par' dir='ltr' id='par_1_14' title="bbox 247 1341 1888 1416">
     <span class='ocr_line' id='line_1_14' title="bbox 247 1341 1888 1416; baseline 0.003 -20"><span class='ocrx_word' id='word_1_91' title='bbox 247 1359 376 1396; x_wconf 89' lang='lat' dir='ltr'>cum</span> <span class='ocrx_word' id='word_1_92' title='bbox 407 1342 655 1408; x_wconf 88' lang='lat' dir='ltr'>Christo,</span> <span class='ocrx_word' id='word_1_93' title='bbox 688 1341 946 1397; x_wconf 89' lang='lat' dir='ltr'>dicentes</span> <span class='ocrx_word' id='word_1_94' title='bbox 972 1359 983 1396; x_wconf 90' lang='lat'>:</span> <span class='ocrx_word' id='word_1_95' title='bbox 1017 1343 1290 1414; x_wconf 83' lang='lat' dir='ltr'>Magister,</span> <span class='ocrx_word' id='word_1_96' title='bbox 1323 1347 1524 1400; x_wconf 78' lang='lat' dir='ltr'>scimus</span> <span class='ocrx_word' id='word_1_97' title='bbox 1555 1349 1686 1416; x_wconf 85' lang='lat' dir='ltr'>quia</span> <span class='ocrx_word' id='word_1_98' title='bbox 1715 1363 1888 1401; x_wconf 73' lang='lat' dir='ltr'>verax</span> 
     </span>
    </p>
   </div>
   <div class='ocr_carea' id='block_1_15' title="bbox 246 1433 1885 1504">
    <p class='ocr_par' dir='ltr' id='par_1_15' title="bbox 246 1433 1885 1504">
     <span class='ocr_line' id='line_1_15' title="bbox 246 1433 1885 1504; baseline 0.003 -19"><span class='ocrx_word' id='word_1_99' title='bbox 246 1447 316 1498; x_wconf 85' lang='lat' dir='ltr'>es,</span> <span class='ocrx_word' id='word_1_100' title='bbox 347 1435 398 1486; x_wconf 88' lang='lat' dir='ltr'>et</span> <span class='ocrx_word' id='word_1_101' title='bbox 427 1433 558 1501; x_wconf 89' lang='lat' dir='ltr'>quia</span> <span class='ocrx_word' id='word_1_102' title='bbox 585 1447 619 1485; x_wconf 89' lang='lat' dir='ltr'>a</span> <span class='ocrx_word' id='word_1_103' title='bbox 650 1433 753 1486; x_wconf 92' lang='lat' dir='ltr'>Deo</span> <span class='ocrx_word' id='word_1_104' title='bbox 782 1434 985 1486; x_wconf 85' lang='lat' dir='ltr'>venisti</span> <span class='ocrx_word' id='word_1_105' title='bbox 1014 1437 1292 1504; x_wconf 74' lang='lat' dir='ltr'>magister,</span> <span class='ocrx_word' id='word_1_106' title='bbox 1323 1444 1377 1489; x_wconf 88' lang='lat' dir='ltr'>et</span> <span class='ocrx_word' id='word_1_107' title='bbox 1409 1438 1555 1489; x_wconf 88' lang='lat' dir='ltr'>viam</span> <span class='ocrx_word' id='word_1_108' title='bbox 1574 1436 1671 1490; x_wconf 86' lang='lat' dir='ltr'>Dei</span> <span class='ocrx_word' id='word_1_109' title='bbox 1701 1438 1760 1490; x_wconf 90' lang='lat' dir='ltr'>in</span> <span class='ocrx_word' id='word_1_110' title='bbox 1790 1452 1885 1490; x_wconf 87' lang='lat' dir='ltr'>ve-</span> 
     </span>
    </p>
   </div>
   <div class='ocr_carea' id='block_1_16' title="bbox 247 1521 1884 1592">
    <p class='ocr_par' dir='ltr' id='par_1_16' title="bbox 247 1521 1884 1592">
     <span class='ocr_line' id='line_1_16' title="bbox 247 1521 1884 1592; baseline 0.004 -18"><span class='ocrx_word' id='word_1_111' title='bbox 247 1522 409 1575; x_wconf 88' lang='lat' dir='ltr'>ritate</span> <span class='ocrx_word' id='word_1_112' title='bbox 450 1521 600 1575; x_wconf 88' lang='lat' dir='ltr'>doces</span> <span class='ocrx_word' id='word_1_113' title='bbox 656 1521 876 1592; x_wconf 82' lang='lat' dir='ltr'>(Matth.</span> <span class='ocrx_word' id='word_1_114' title='bbox 934 1539 1073 1592; x_wconf 83' lang='lat' dir='ltr'>xxn,</span> <span class='ocrx_word' id='word_1_115' title='bbox 1136 1523 1244 1592; x_wconf 82' lang='lat'>16).</span> <span class='ocrx_word' id='word_1_116' title='bbox 1295 1523 1443 1578; x_wconf 88' lang='lat' dir='ltr'>Mala</span> <span class='ocrx_word' id='word_1_117' title='bbox 1500 1529 1696 1579; x_wconf 89' lang='lat' dir='ltr'>autem</span> <span class='ocrx_word' id='word_1_118' title='bbox 1747 1530 1884 1580; x_wconf 91' lang='lat' dir='ltr'>sunt</span> 
     </span>
    </p>
   </div>
   <div class='ocr_carea' id='block_1_17' title="bbox 247 1607 1880 1682">
    <p class='ocr_par' dir='ltr' id='par_1_17' title="bbox 247 1607 1880 1682">
     <span class='ocr_line' id='line_1_17' title="bbox 247 1607 1880 1682; baseline 0.003 -21"><span class='ocrx_word' id='word_1_119' title='bbox 247 1607 307 1661; x_wconf 91' lang='lat' dir='ltr'>in</span> <span class='ocrx_word' id='word_1_120' title='bbox 337 1607 609 1662; x_wconf 88' lang='lat' dir='ltr'>cordibus</span> <span class='ocrx_word' id='word_1_121' title='bbox 649 1624 870 1674; x_wconf 91' lang='lat' dir='ltr'>eorum,</span> <span class='ocrx_word' id='word_1_122' title='bbox 907 1630 934 1656; x_wconf 83' lang='lat'>»</span> <span class='ocrx_word' id='word_1_123' title='bbox 966 1610 1198 1679; x_wconf 90' lang='lat' dir='ltr'>quando</span> <span class='ocrx_word' id='word_1_124' title='bbox 1245 1609 1684 1682; x_wconf 86' lang='lat' dir='ltr'>interrogabant</span> <span class='ocrx_word' id='word_1_125' title='bbox 1713 1628 1880 1666; x_wconf 88' lang='lat' dir='ltr'>eum:</span> 
     </span>
    </p>
   </div>
   <div class='ocr_carea' id='block_1_18' title="bbox 250 1697 1706 1768">
    <p class='ocr_par' dir='ltr' id='par_1_18' title="bbox 250 1697 1706 1768">
     <span class='ocr_line' id='line_1_18' title="bbox 250 1697 1706 1768; baseline 0.003 -18"><span class='ocrx_word' id='word_1_126' title='bbox 250 1698 391 1751; x_wconf 88' lang='lat' dir='ltr'>Licet</span> <span class='ocrx_word' id='word_1_127' title='bbox 411 1697 677 1752; x_wconf 84' lang='lat' dir='ltr'>tributum</span> <span class='ocrx_word' id='word_1_128' title='bbox 707 1697 836 1751; x_wconf 84' lang='lat' dir='ltr'>dari</span> <span class='ocrx_word' id='word_1_129' title='bbox 867 1697 1095 1766; x_wconf 69' lang='lat' dir='ltr'>Caesari,</span> <span class='ocrx_word' id='word_1_130' title='bbox 1129 1715 1197 1752; x_wconf 85' lang='lat' dir='ltr'>an</span> <span class='ocrx_word' id='word_1_131' title='bbox 1231 1715 1341 1754; x_wconf 86' lang='lat' dir='ltr'>non</span> <span class='ocrx_word' id='word_1_132' title='bbox 1380 1699 1539 1768; x_wconf 80' lang='lat' dir='ltr'>(Ibid.</span> <span class='ocrx_word' id='word_1_133' title='bbox 1577 1700 1706 1768; x_wconf 80' lang='lat' dir='ltr'>l7)?</span> 
     </span>
    </p>
   </div>
   <div class='ocr_carea' id='block_1_19' title="bbox 1996 544 3638 616">
    <p class='ocr_par' dir='ltr' id='par_1_19' title="bbox 1996 544 3638 616">
     <span class='ocr_line' id='line_1_19' title="bbox 1996 544 3638 616; baseline 0.002 -19"><span class='ocrx_word' id='word_1_134' title='bbox 1996 544 2087 598; x_wconf 89' lang='lat' dir='ltr'>sui</span> <span class='ocrx_word' id='word_1_135' title='bbox 2131 550 2294 599; x_wconf 85' lang='lat' dir='ltr'>est.»</span> <span class='ocrx_word' id='word_1_136' title='bbox 2349 544 2656 600; x_wconf 89' lang='lat' dir='ltr'>Pluraliter</span> <span class='ocrx_word' id='word_1_137' title='bbox 2713 545 2889 600; x_wconf 90' lang='lat' dir='ltr'>dicit:</span> <span class='ocrx_word' id='word_1_138' title='bbox 2953 547 3092 616; x_wconf 89' lang='lat' dir='ltr'>quia</span> <span class='ocrx_word' id='word_1_139' title='bbox 3139 563 3343 602; x_wconf 91' lang='lat' dir='ltr'>omnes</span> <span class='ocrx_word' id='word_1_140' title='bbox 3391 547 3638 602; x_wconf 85' lang='lat' dir='ltr'>virtutes</span> 
     </span>
    </p>
   </div>
   <div class='ocr_carea' id='block_1_20' title="bbox 1994 633 2821 690">
    <p class='ocr_par' dir='ltr' id='par_1_20' title="bbox 1994 633 2821 690">
     <span class='ocr_line' id='line_1_20' title="bbox 1994 633 2821 690; baseline -0.001 -1"><span class='ocrx_word' id='word_1_141' title='bbox 1994 633 2205 689; x_wconf 87' lang='lat' dir='ltr'>Christi</span> <span class='ocrx_word' id='word_1_142' title='bbox 2239 633 2516 690; x_wconf 87' lang='lat' dir='ltr'>divinitas</span> <span class='ocrx_word' id='word_1_143' title='bbox 2546 635 2821 689; x_wconf 87' lang='lat' dir='ltr'>custodit.</span> 
     </span>
    </p>
   </div>
   <div class='ocr_carea' id='block_1_21' title="bbox 2072 722 3632 795">
    <p class='ocr_par' dir='ltr' id='par_1_21' title="bbox 2072 722 3632 795">
     <span class='ocr_line' id='line_1_21' title="bbox 2072 722 3632 795; baseline 0.005 -22"><span class='ocrx_word' id='word_1_144' title='bbox 2072 742 2098 773; x_wconf 77' lang='grc' dir='ltr'><strong>α</strong></span> <span class='ocrx_word' id='word_1_145' title='bbox 2129 722 2365 777; x_wconf 89' lang='lat' dir='ltr'>Salvum</span> <span class='ocrx_word' id='word_1_146' title='bbox 2399 723 2487 778; x_wconf 85' lang='lat' dir='ltr'>fac</span> <span class='ocrx_word' id='word_1_147' title='bbox 2519 723 2800 795; x_wconf 90' lang='lat' dir='ltr'>populum</span> <span class='ocrx_word' id='word_1_148' title='bbox 2823 728 3014 790; x_wconf 91' lang='lat' dir='ltr'>tuum,</span> <span class='ocrx_word' id='word_1_149' title='bbox 3038 724 3301 780; x_wconf 89' lang='lat' dir='ltr'>Domine.</span> <span class='ocrx_word' id='word_1_150' title='bbox 3327 745 3352 775; x_wconf 73' lang='grc' dir='ltr'>η</span> <span class='ocrx_word' id='word_1_151' title='bbox 3382 727 3498 781; x_wconf 86' lang='lat' dir='ltr'>Hoc</span> <span class='ocrx_word' id='word_1_152' title='bbox 3522 733 3632 793; x_wconf 92' lang='lat' dir='ltr'>est,</span> 
     </span>
    </p>
   </div>
   <div class='ocr_carea' id='block_1_22' title="bbox 1997 811 3634 885">
    <p class='ocr_par' dir='ltr' id='par_1_22' title="bbox 1997 811 3634 885">
     <span class='ocr_line' id='line_1_22' title="bbox 1997 811 3634 885; baseline 0.004 -21"><span class='ocrx_word' id='word_1_153' title='bbox 1997 811 2277 883; x_wconf 90' lang='lat' dir='ltr'>populum</span> <span class='ocrx_word' id='word_1_154' title='bbox 2337 812 2753 867; x_wconf 88' lang='lat' dir='ltr'>Christianum.</span> <span class='ocrx_word' id='word_1_155' title='bbox 2805 811 2931 878; x_wconf 90' lang='lat' dir='ltr'>Vel,</span> <span class='ocrx_word' id='word_1_156' title='bbox 2989 812 3210 867; x_wconf 89' lang='lat' dir='ltr'>salvam</span> <span class='ocrx_word' id='word_1_157' title='bbox 3261 814 3350 867; x_wconf 89' lang='lat' dir='ltr'>fac</span> <span class='ocrx_word' id='word_1_158' title='bbox 3409 815 3634 885; x_wconf 88' lang='lat' dir='ltr'>plebem</span> 
     </span>
    </p>
   </div>
   <div class='ocr_carea' id='block_1_23' title="bbox 1994 900 3638 972">
    <p class='ocr_par' dir='ltr' id='par_1_23' title="bbox 1994 900 3638 972">
     <span class='ocr_line' id='line_1_23' title="bbox 1994 900 3638 972; baseline 0.004 -21"><span class='ocrx_word' id='word_1_159' title='bbox 1994 903 2180 965; x_wconf 90' lang='lat' dir='ltr'>tuam,</span> <span class='ocrx_word' id='word_1_160' title='bbox 2207 900 2471 971; x_wconf 87' lang='lat' dir='ltr'>Domine,</span> <span class='ocrx_word' id='word_1_161' title='bbox 2497 918 2673 972; x_wconf 92' lang='lat' dir='ltr'>quam</span> <span class='ocrx_word' id='word_1_162' title='bbox 2708 906 2894 956; x_wconf 92' lang='lat' dir='ltr'>morte</span> <span class='ocrx_word' id='word_1_163' title='bbox 2926 918 3054 957; x_wconf 89' lang='lat' dir='ltr'>mea</span> <span class='ocrx_word' id='word_1_164' title='bbox 3086 902 3324 956; x_wconf 89' lang='lat' dir='ltr'>redemi.</span> <span class='ocrx_word' id='word_1_165' title='bbox 3363 924 3388 946; x_wconf 80' lang='grc' dir='ltr'>ιι</span> <span class='ocrx_word' id='word_1_166' title='bbox 3421 903 3488 956; x_wconf 91' lang='lat' dir='ltr'>Et</span> <span class='ocrx_word' id='word_1_167' title='bbox 3545 903 3638 957; x_wconf 93' lang='lat' dir='ltr'>be-</span> 
     </span>
    </p>
   </div>
   <div class='ocr_carea' id='block_1_24' title="bbox 1996 986 3634 1061">
    <p class='ocr_par' dir='ltr' id='par_1_24' title="bbox 1996 986 3634 1061">
     <span class='ocr_line' id='line_1_24' title="bbox 1996 986 3634 1061; baseline 0.003 -22"><span class='ocrx_word' id='word_1_168' title='bbox 1996 986 2164 1041; x_wconf 88' lang='lat' dir='ltr'>nedic</span> <span class='ocrx_word' id='word_1_169' title='bbox 2197 986 2518 1042; x_wconf 68' lang='lat' dir='ltr'>haereditati</span> <span class='ocrx_word' id='word_1_170' title='bbox 2549 994 2684 1045; x_wconf 66' lang='lat' dir='ltr'>tute.</span> <span class='ocrx_word' id='word_1_171' title='bbox 2711 1012 2738 1039; x_wconf 84' lang='grc'>››</span> <span class='ocrx_word' id='word_1_172' title='bbox 2772 992 2957 1055; x_wconf 90' lang='lat' dir='ltr'>Quam</span> <span class='ocrx_word' id='word_1_173' title='bbox 2988 1006 3090 1061; x_wconf 90' lang='lat' dir='ltr'>per</span> <span class='ocrx_word' id='word_1_174' title='bbox 3121 989 3378 1060; x_wconf 90' lang='lat' dir='ltr'>corporis</span> <span class='ocrx_word' id='word_1_175' title='bbox 3410 996 3466 1044; x_wconf 90' lang='lat' dir='ltr'>et</span> <span class='ocrx_word' id='word_1_176' title='bbox 3498 1007 3634 1044; x_wconf 84' lang='lat' dir='ltr'>san-</span> 
     </span>
    </p>
   </div>
   <div class='ocr_carea' id='block_1_25' title="bbox 1994 1075 3638 1150">
    <p class='ocr_par' dir='ltr' id='par_1_25' title="bbox 1994 1075 3638 1150">
     <span class='ocr_line' id='line_1_25' title="bbox 1994 1075 3638 1150; baseline 0.002 -22"><span class='ocrx_word' id='word_1_177' title='bbox 1994 1075 2190 1145; x_wconf 87' lang='lat' dir='ltr'>guinis</span> <span class='ocrx_word' id='word_1_178' title='bbox 2211 1076 2325 1130; x_wconf 89' lang='lat' dir='ltr'>mei</span> <span class='ocrx_word' id='word_1_179' title='bbox 2351 1078 2693 1148; x_wconf 80' lang='lat' dir='ltr'>mysterium</span> <span class='ocrx_word' id='word_1_180' title='bbox 2715 1077 2774 1131; x_wconf 91' lang='lat' dir='ltr'>in</span> <span class='ocrx_word' id='word_1_181' title='bbox 2793 1077 3047 1132; x_wconf 86' lang='lat' dir='ltr'>Ecclesia</span> <span class='ocrx_word' id='word_1_182' title='bbox 3077 1079 3458 1150; x_wconf 87' lang='lat' dir='ltr'>congregasti.</span> <span class='ocrx_word' id='word_1_183' title='bbox 3517 1079 3638 1132; x_wconf 66' lang='lat' dir='ltr'>Hae-</span> 
     </span>
    </p>
   </div>
   <div class='ocr_carea' id='block_1_26' title="bbox 1996 1164 3634 1236">
    <p class='ocr_par' dir='ltr' id='par_1_26' title="bbox 1996 1164 3634 1236">
     <span class='ocr_line' id='line_1_26' title="bbox 1996 1164 3634 1236; baseline 0.002 -19"><span class='ocrx_word' id='word_1_184' title='bbox 1996 1164 2212 1218; x_wconf 89' lang='lat' dir='ltr'>reditas</span> <span class='ocrx_word' id='word_1_185' title='bbox 2237 1165 2471 1236; x_wconf 90' lang='lat' dir='ltr'>Christi,</span> <span class='ocrx_word' id='word_1_186' title='bbox 2494 1183 2602 1222; x_wconf 89' lang='lat' dir='ltr'>sua</span> <span class='ocrx_word' id='word_1_187' title='bbox 2651 1166 2926 1234; x_wconf 88' lang='lat' dir='ltr'>Ecclesia,</span> <span class='ocrx_word' id='word_1_188' title='bbox 2985 1168 3055 1221; x_wconf 91' lang='lat' dir='ltr'>de</span> <span class='ocrx_word' id='word_1_189' title='bbox 3096 1184 3211 1236; x_wconf 89' lang='lat' dir='ltr'>qua</span> <span class='ocrx_word' id='word_1_190' title='bbox 3259 1167 3440 1221; x_wconf 83' lang='lat' dir='ltr'>dixit:</span> <span class='ocrx_word' id='word_1_191' title='bbox 3489 1168 3634 1221; x_wconf 86' lang='lat' dir='ltr'>Dabo</span> 
     </span>
    </p>
   </div>
   <div class='ocr_carea' id='block_1_27' title="bbox 1995 1254 3637 1326">
    <p class='ocr_par' dir='ltr' id='par_1_27' title="bbox 1995 1254 3637 1326">
     <span class='ocr_line' id='line_1_27' title="bbox 1995 1254 3637 1326; baseline 0.001 -19"><span class='ocrx_word' id='word_1_192' title='bbox 1995 1254 2097 1308; x_wconf 83' lang='lat' dir='ltr'>tibi</span> <span class='ocrx_word' id='word_1_193' title='bbox 2122 1262 2304 1323; x_wconf 83' lang='lat' dir='ltr'>gentes</span> <span class='ocrx_word' id='word_1_194' title='bbox 2334 1257 2393 1308; x_wconf 87' lang='lat' dir='ltr'>in</span> <span class='ocrx_word' id='word_1_195' title='bbox 2441 1256 2818 1310; x_wconf 70' lang='lat' dir='ltr'>haereditatem</span> <span class='ocrx_word' id='word_1_196' title='bbox 2861 1260 3014 1310; x_wconf 86' lang='lat' dir='ltr'>tuam</span> <span class='ocrx_word' id='word_1_197' title='bbox 3063 1256 3234 1322; x_wconf 84' lang='lat' dir='ltr'>(Psal.</span> <span class='ocrx_word' id='word_1_198' title='bbox 3289 1274 3347 1321; x_wconf 77' lang='grc' dir='ltr'>ιι,</span> <span class='ocrx_word' id='word_1_199' title='bbox 3378 1256 3454 1326; x_wconf 87' lang='grc'>8).</span> <span class='ocrx_word' id='word_1_200' title='bbox 3510 1279 3532 1305; x_wconf 76' lang='grc' dir='ltr'>σι</span> <span class='ocrx_word' id='word_1_201' title='bbox 3567 1255 3637 1308; x_wconf 91' lang='lat' dir='ltr'>Et</span> 
     </span>
    </p>
   </div>
   <div class='ocr_carea' id='block_1_28' title="bbox 1999 1343 3636 1416">
    <p class='ocr_par' dir='ltr' id='par_1_28' title="bbox 1999 1343 3636 1416">
     <span class='ocr_line' id='line_1_28' title="bbox 1999 1343 3636 1416; baseline 0.002 -20"><span class='ocrx_word' id='word_1_202' title='bbox 1999 1358 2127 1413; x_wconf 88' lang='lat' dir='ltr'>rege</span> <span class='ocrx_word' id='word_1_203' title='bbox 2158 1359 2276 1413; x_wconf 92' lang='lat' dir='ltr'>eos,</span> <span class='ocrx_word' id='word_1_204' title='bbox 2313 1349 2369 1398; x_wconf 90' lang='lat' dir='ltr'>et</span> <span class='ocrx_word' id='word_1_205' title='bbox 2395 1343 2600 1398; x_wconf 86' lang='lat' dir='ltr'>extolle</span> <span class='ocrx_word' id='word_1_206' title='bbox 2632 1343 2763 1399; x_wconf 90' lang='lat' dir='ltr'>illos</span> <span class='ocrx_word' id='word_1_207' title='bbox 2800 1361 2986 1416; x_wconf 89' lang='lat' dir='ltr'>usque</span> <span class='ocrx_word' id='word_1_208' title='bbox 3017 1345 3075 1398; x_wconf 92' lang='lat' dir='ltr'>in</span> <span class='ocrx_word' id='word_1_209' title='bbox 3109 1343 3404 1398; x_wconf 86' lang='lat' dir='ltr'>saeculum.</span> <span class='ocrx_word' id='word_1_210' title='bbox 3440 1367 3467 1393; x_wconf 85' lang='lat'>»</span> <span class='ocrx_word' id='word_1_211' title='bbox 3499 1346 3636 1414; x_wconf 86' lang='lat' dir='ltr'>Rege</span> 
     </span>
    </p>
   </div>
   <div class='ocr_carea' id='block_1_29' title="bbox 1993 1432 3634 1505">
    <p class='ocr_par' dir='ltr' id='par_1_29' title="bbox 1993 1432 3634 1505">
     <span class='ocr_line' id='line_1_29' title="bbox 1993 1432 3634 1505; baseline 0.002 -20"><span class='ocrx_word' id='word_1_212' title='bbox 1993 1432 2138 1496; x_wconf 84' lang='lat' dir='ltr'>illos,</span> <span class='ocrx_word' id='word_1_213' title='bbox 2175 1448 2240 1486; x_wconf 92' lang='lat' dir='ltr'>ac</span> <span class='ocrx_word' id='word_1_214' title='bbox 2271 1432 2319 1486; x_wconf 85' lang='lat' dir='ltr'>si</span> <span class='ocrx_word' id='word_1_215' title='bbox 2345 1432 2538 1487; x_wconf 85' lang='lat' dir='ltr'>dicat:</span> <span class='ocrx_word' id='word_1_216' title='bbox 2573 1437 2652 1486; x_wconf 92' lang='lat' dir='ltr'>Tu</span> <span class='ocrx_word' id='word_1_217' title='bbox 2685 1449 2840 1505; x_wconf 90' lang='lat' dir='ltr'>rege,</span> <span class='ocrx_word' id='word_1_218' title='bbox 2876 1449 2988 1488; x_wconf 92' lang='lat' dir='ltr'>non</span> <span class='ocrx_word' id='word_1_219' title='bbox 3023 1432 3313 1498; x_wconf 89' lang='lat' dir='ltr'>diabolus,</span> <span class='ocrx_word' id='word_1_220' title='bbox 3349 1449 3452 1488; x_wconf 92' lang='lat' dir='ltr'>nec</span> <span class='ocrx_word' id='word_1_221' title='bbox 3501 1449 3634 1504; x_wconf 87' lang='lat' dir='ltr'>pec-</span> 
     </span>
    </p>
   </div>
   <div class='ocr_carea' id='block_1_30' title="bbox 1995 1519 3636 1592">
    <p class='ocr_par' dir='ltr' id='par_1_30' title="bbox 1995 1519 3636 1592">
     <span class='ocr_line' id='line_1_30' title="bbox 1995 1519 3636 1592; baseline 0.001 -18"><span class='ocrx_word' id='word_1_222' title='bbox 1995 1526 2212 1574; x_wconf 88' lang='lat' dir='ltr'>catum.</span> <span class='ocrx_word' id='word_1_223' title='bbox 2246 1542 2272 1572; x_wconf 84' lang='lat'>«</span> <span class='ocrx_word' id='word_1_224' title='bbox 2302 1522 2367 1575; x_wconf 89' lang='lat' dir='ltr'>Et</span> <span class='ocrx_word' id='word_1_225' title='bbox 2397 1519 2603 1576; x_wconf 89' lang='lat' dir='ltr'>extolle</span> <span class='ocrx_word' id='word_1_226' title='bbox 2635 1538 2734 1576; x_wconf 91' lang='lat' dir='ltr'>eos</span> <span class='ocrx_word' id='word_1_227' title='bbox 2781 1538 2967 1592; x_wconf 91' lang='lat' dir='ltr'>usque</span> <span class='ocrx_word' id='word_1_228' title='bbox 3014 1523 3074 1576; x_wconf 93' lang='lat' dir='ltr'>in</span> <span class='ocrx_word' id='word_1_229' title='bbox 3123 1521 3422 1590; x_wconf 71' lang='lat' dir='ltr'>saeculum,</span> <span class='ocrx_word' id='word_1_230' title='bbox 3451 1544 3477 1569; x_wconf 89' lang='grc'><strong>››</strong></span> <span class='ocrx_word' id='word_1_231' title='bbox 3528 1521 3636 1577; x_wconf 92' lang='lat' dir='ltr'>hoc</span> 
     </span>
    </p>
   </div>
   <div class='ocr_carea' id='block_1_31' title="bbox 1994 1610 3632 1683">
    <p class='ocr_par' dir='ltr' id='par_1_31' title="bbox 1994 1610 3632 1683">
     <span class='ocr_line' id='line_1_31' title="bbox 1994 1610 3632 1683; baseline 0 -19"><span class='ocrx_word' id='word_1_232' title='bbox 1994 1614 2102 1680; x_wconf 91' lang='lat' dir='ltr'>est,</span> <span class='ocrx_word' id='word_1_233' title='bbox 2136 1610 2381 1665; x_wconf 83' lang='lat' dir='ltr'>defende</span> <span class='ocrx_word' id='word_1_234' title='bbox 2410 1627 2508 1666; x_wconf 90' lang='lat' dir='ltr'>eos</span> <span class='ocrx_word' id='word_1_235' title='bbox 2539 1627 2726 1681; x_wconf 90' lang='lat' dir='ltr'>usque</span> <span class='ocrx_word' id='word_1_236' title='bbox 2755 1611 2814 1665; x_wconf 90' lang='lat' dir='ltr'>in</span> <span class='ocrx_word' id='word_1_237' title='bbox 2843 1610 3145 1683; x_wconf 66' lang='lat' dir='ltr'>szeculum,</span> <span class='ocrx_word' id='word_1_238' title='bbox 3179 1612 3238 1665; x_wconf 93' lang='lat' dir='ltr'>in</span> <span class='ocrx_word' id='word_1_239' title='bbox 3269 1610 3386 1665; x_wconf 90' lang='lat' dir='ltr'>vita</span> <span class='ocrx_word' id='word_1_240' title='bbox 3400 1615 3632 1665; x_wconf 64' lang='lat' dir='ltr'>aeterna.</span> 
     </span>
    </p>
   </div>
   <div class='ocr_carea' id='block_1_32' title="bbox 1991 1698 3636 1771">
    <p class='ocr_par' dir='ltr' id='par_1_32' title="bbox 1991 1698 3636 1771">
     <span class='ocr_line' id='line_1_32' title="bbox 1991 1698 3636 1771; baseline 0.001 -19"><span class='ocrx_word' id='word_1_241' title='bbox 1991 1702 2095 1766; x_wconf 88' lang='lat' dir='ltr'>Tu,</span> <span class='ocrx_word' id='word_1_242' title='bbox 2129 1698 2390 1769; x_wconf 90' lang='lat' dir='ltr'>Domine,</span> <span class='ocrx_word' id='word_1_243' title='bbox 2426 1715 2554 1770; x_wconf 88' lang='lat' dir='ltr'>rege</span> <span class='ocrx_word' id='word_1_244' title='bbox 2584 1705 2639 1755; x_wconf 89' lang='lat' dir='ltr'>et</span> <span class='ocrx_word' id='word_1_245' title='bbox 2664 1699 2823 1755; x_wconf 89' lang='lat' dir='ltr'>eleva</span> <span class='ocrx_word' id='word_1_246' title='bbox 2854 1717 2992 1755; x_wconf 91' lang='lat' dir='ltr'>nos:</span> <span class='ocrx_word' id='word_1_247' title='bbox 3028 1701 3167 1771; x_wconf 89' lang='lat' dir='ltr'>quia</span> <span class='ocrx_word' id='word_1_248' title='bbox 3197 1699 3450 1770; x_wconf 89' lang='lat' dir='ltr'>populus</span> <span class='ocrx_word' id='word_1_249' title='bbox 3497 1706 3636 1754; x_wconf 89' lang='lat' dir='ltr'>tuus</span> 
     </span>
    </p>
   </div>
   <div class='ocr_carea' id='block_1_33' title="bbox 321 1785 3636 1886">
    <p class='ocr_par' dir='ltr' id='par_1_33' title="bbox 321 1785 3636 1886">
     <span class='ocr_line' id='line_1_33' title="bbox 321 1785 3636 1886; baseline 0.002 -52"><span class='ocrx_word' id='word_1_250' title='bbox 321 1811 346 1834; x_wconf 62' lang='grc' dir='ltr'>ιι</span> <span class='ocrx_word' id='word_1_251' title='bbox 381 1786 462 1840; x_wconf 89' lang='lat' dir='ltr'>Da</span> <span class='ocrx_word' id='word_1_252' title='bbox 493 1785 611 1840; x_wconf 92' lang='lat' dir='ltr'>illis</span> <span class='ocrx_word' id='word_1_253' title='bbox 639 1786 962 1840; x_wconf 88' lang='lat' dir='ltr'>secundum</span> <span class='ocrx_word' id='word_1_254' title='bbox 995 1802 1171 1857; x_wconf 89' lang='lat' dir='ltr'>opera</span> <span class='ocrx_word' id='word_1_255' title='bbox 1210 1803 1432 1842; x_wconf 89' lang='lat' dir='ltr'>eorum.</span> <span class='ocrx_word' id='word_1_256' title='bbox 1461 1811 1486 1837; x_wconf 82' lang='lat'>»</span> <span class='ocrx_word' id='word_1_257' title='bbox 1522 1789 1628 1853; x_wconf 89' lang='lat' dir='ltr'>Qui</span> <span class='ocrx_word' id='word_1_258' title='bbox 1661 1794 1714 1843; x_wconf 88' lang='lat' dir='ltr'>te</span> <span class='ocrx_word' id='word_1_259' title='bbox 1768 1805 1878 1843; x_wconf 90' lang='lat' dir='ltr'>non</span> <span class='ocrx_word' id='word_1_260' title='bbox 1915 1823 1964 1886; x_wconf 83' lang='lat' dir='ltr'><strong>B</strong></span> <span class='ocrx_word' id='word_1_261' title='bbox 1994 1805 2224 1856; x_wconf 88' lang='lat' dir='ltr'>sumus,</span> <span class='ocrx_word' id='word_1_262' title='bbox 2254 1792 2318 1842; x_wconf 90' lang='lat' dir='ltr'>ut</span> <span class='ocrx_word' id='word_1_263' title='bbox 2346 1789 2406 1842; x_wconf 92' lang='lat' dir='ltr'>in</span> <span class='ocrx_word' id='word_1_264' title='bbox 2438 1789 2546 1844; x_wconf 90' lang='lat' dir='ltr'>hac</span> <span class='ocrx_word' id='word_1_265' title='bbox 2576 1789 2695 1843; x_wconf 87' lang='lat' dir='ltr'>vita</span> <span class='ocrx_word' id='word_1_266' title='bbox 2725 1806 2851 1861; x_wconf 62' lang='lat' dir='ltr'>qua</span> <span class='ocrx_word' id='word_1_267' title='bbox 2884 1789 2991 1844; x_wconf 89' lang='lat' dir='ltr'>tibi</span> <span class='ocrx_word' id='word_1_268' title='bbox 3014 1794 3153 1844; x_wconf 91' lang='lat' dir='ltr'>sunt</span> <span class='ocrx_word' id='word_1_269' title='bbox 3185 1786 3399 1860; x_wconf 89' lang='lat' dir='ltr'>placita</span> <span class='ocrx_word' id='word_1_270' title='bbox 3421 1788 3636 1843; x_wconf 86' lang='lat' dir='ltr'>facien-</span> 
     </span>
    </p>
   </div>
   <div class='ocr_carea' id='block_1_34' title="bbox 247 1873 1880 1947">
    <p class='ocr_par' dir='ltr' id='par_1_34' title="bbox 247 1873 1880 1947">
     <span class='ocr_line' id='line_1_34' title="bbox 247 1873 1880 1947; baseline 0.002 -20"><span class='ocrx_word' id='word_1_271' title='bbox 247 1873 580 1946; x_wconf 91' lang='lat' dir='ltr'>intelligunt</span> <span class='ocrx_word' id='word_1_272' title='bbox 600 1890 704 1945; x_wconf 92' lang='lat' dir='ltr'>per</span> <span class='ocrx_word' id='word_1_273' title='bbox 731 1874 1031 1942; x_wconf 86' lang='lat' dir='ltr'>beneficia,</span> <span class='ocrx_word' id='word_1_274' title='bbox 1059 1874 1390 1946; x_wconf 83' lang='lat' dir='ltr'>intelligant</span> <span class='ocrx_word' id='word_1_275' title='bbox 1419 1892 1522 1947; x_wconf 92' lang='lat' dir='ltr'>per</span> <span class='ocrx_word' id='word_1_276' title='bbox 1568 1877 1880 1943; x_wconf 89' lang='lat' dir='ltr'>cruciatus,</span> 
     </span>
    </p>
   </div>
   <div class='ocr_carea' id='block_1_35' title="bbox 243 1963 1880 2037">
    <p class='ocr_par' dir='ltr' id='par_1_35' title="bbox 243 1963 1880 2037">
     <span class='ocr_line' id='line_1_35' title="bbox 243 1963 1880 2037; baseline 0.002 -20"><span class='ocrx_word' id='word_1_277' title='bbox 243 1973 308 2017; x_wconf 89' lang='lat' dir='ltr'>ut</span> <span class='ocrx_word' id='word_1_278' title='bbox 337 1963 488 2018; x_wconf 90' lang='lat' dir='ltr'>male</span> <span class='ocrx_word' id='word_1_279' title='bbox 518 1968 777 2035; x_wconf 87' lang='lat' dir='ltr'>agentes,</span> <span class='ocrx_word' id='word_1_280' title='bbox 807 1963 960 2018; x_wconf 90' lang='lat' dir='ltr'>bona</span> <span class='ocrx_word' id='word_1_281' title='bbox 989 1968 1092 2018; x_wconf 91' lang='lat' dir='ltr'>tua</span> <span class='ocrx_word' id='word_1_282' title='bbox 1150 1964 1408 2019; x_wconf 87' lang='lat' dir='ltr'>invenire</span> <span class='ocrx_word' id='word_1_283' title='bbox 1457 1982 1572 2020; x_wconf 91' lang='lat' dir='ltr'>non</span> <span class='ocrx_word' id='word_1_284' title='bbox 1630 1967 1880 2037; x_wconf 88' lang='lat' dir='ltr'>possint.</span> 
     </span>
    </p>
   </div>
   <div class='ocr_carea' id='block_1_36' title="bbox 239 2051 1877 2124">
    <p class='ocr_par' dir='ltr' id='par_1_36' title="bbox 239 2051 1877 2124">
     <span class='ocr_line' id='line_1_36' title="bbox 239 2051 1877 2124; baseline 0.002 -18"><span class='ocrx_word' id='word_1_285' title='bbox 239 2051 528 2123; x_wconf 88' lang='lat' dir='ltr'>Propheta</span> <span class='ocrx_word' id='word_1_286' title='bbox 559 2069 674 2107; x_wconf 92' lang='lat' dir='ltr'>non</span> <span class='ocrx_word' id='word_1_287' title='bbox 716 2052 989 2124; x_wconf 88' lang='lat' dir='ltr'>optando,</span> <span class='ocrx_word' id='word_1_288' title='bbox 1052 2054 1152 2107; x_wconf 88' lang='lat' dir='ltr'>sed</span> <span class='ocrx_word' id='word_1_289' title='bbox 1203 2053 1656 2124; x_wconf 89' lang='lat' dir='ltr'>pronuntiando,</span> <span class='ocrx_word' id='word_1_290' title='bbox 1699 2055 1877 2110; x_wconf 89' lang='lat' dir='ltr'>dicit:</span> 
     </span>
    </p>
   </div>
   <div class='ocr_carea' id='block_1_37' title="bbox 237 2139 1880 2198">
    <p class='ocr_par' dir='ltr' id='par_1_37' title="bbox 237 2139 1880 2198">
     <span class='ocr_line' id='line_1_37' title="bbox 237 2139 1880 2198; baseline 0.002 -5"><span class='ocrx_word' id='word_1_291' title='bbox 237 2147 318 2194; x_wconf 79' lang='lat' dir='ltr'>Ac</span> <span class='ocrx_word' id='word_1_292' title='bbox 350 2140 398 2194; x_wconf 92' lang='lat' dir='ltr'>si</span> <span class='ocrx_word' id='word_1_293' title='bbox 421 2139 699 2196; x_wconf 87' lang='lat' dir='ltr'>dixisset:</span> <span class='ocrx_word' id='word_1_294' title='bbox 744 2145 997 2196; x_wconf 91' lang='lat' dir='ltr'>Daturus</span> <span class='ocrx_word' id='word_1_295' title='bbox 1044 2157 1106 2195; x_wconf 91' lang='lat' dir='ltr'>es</span> <span class='ocrx_word' id='word_1_296' title='bbox 1153 2140 1270 2196; x_wconf 87' lang='lat' dir='ltr'>illis</span> <span class='ocrx_word' id='word_1_297' title='bbox 1319 2142 1633 2196; x_wconf 86' lang='lat' dir='ltr'>vindictam</span> <span class='ocrx_word' id='word_1_298' title='bbox 1685 2143 1741 2196; x_wconf 91' lang='lat' dir='ltr'>in</span> <span class='ocrx_word' id='word_1_299' title='bbox 1789 2143 1880 2198; x_wconf 89' lang='lat' dir='ltr'>die</span> 
     </span>
    </p>
   </div>
   <div class='ocr_carea' id='block_1_38' title="bbox 238 2228 1877 2300">
    <p class='ocr_par' dir='ltr' id='par_1_38' title="bbox 238 2228 1877 2300">
     <span class='ocr_line' id='line_1_38' title="bbox 238 2228 1877 2300; baseline 0.002 -18"><span class='ocrx_word' id='word_1_300' title='bbox 238 2228 460 2298; x_wconf 81' lang='lat' dir='ltr'>iudicii.</span> <span class='ocrx_word' id='word_1_301' title='bbox 490 2250 517 2278; x_wconf 75' lang='grc' dir='ltr'>ι(</span> <span class='ocrx_word' id='word_1_302' title='bbox 549 2231 616 2283; x_wconf 86' lang='lat' dir='ltr'>Et</span> <span class='ocrx_word' id='word_1_303' title='bbox 664 2229 986 2284; x_wconf 90' lang='lat' dir='ltr'>secundum</span> <span class='ocrx_word' id='word_1_304' title='bbox 1038 2229 1358 2300; x_wconf 87' lang='lat' dir='ltr'>nequitiam</span> <span class='ocrx_word' id='word_1_305' title='bbox 1401 2231 1877 2286; x_wconf 88' lang='lat' dir='ltr'>adinventionum</span> 
     </span>
    </p>
   </div>
   <div class='ocr_carea' id='block_1_39' title="bbox 237 2318 1877 2390">
    <p class='ocr_par' dir='ltr' id='par_1_39' title="bbox 237 2318 1877 2390">
     <span class='ocr_line' id='line_1_39' title="bbox 237 2318 1877 2390; baseline 0.002 -19"><span class='ocrx_word' id='word_1_306' title='bbox 237 2333 467 2383; x_wconf 90' lang='lat' dir='ltr'>eorum,</span> <span class='ocrx_word' id='word_1_307' title='bbox 498 2339 524 2365; x_wconf 85' lang='grc'>››</span> <span class='ocrx_word' id='word_1_308' title='bbox 559 2322 666 2372; x_wconf 91' lang='lat' dir='ltr'>etc.</span> <span class='ocrx_word' id='word_1_309' title='bbox 697 2318 902 2372; x_wconf 88' lang='lat' dir='ltr'>Studia</span> <span class='ocrx_word' id='word_1_310' title='bbox 934 2333 1131 2371; x_wconf 90' lang='lat' dir='ltr'>eorum</span> <span class='ocrx_word' id='word_1_311' title='bbox 1167 2322 1325 2386; x_wconf 91' lang='lat' dir='ltr'>sunt,</span> <span class='ocrx_word' id='word_1_312' title='bbox 1360 2324 1422 2372; x_wconf 86' lang='lat' dir='ltr'>ut</span> <span class='ocrx_word' id='word_1_313' title='bbox 1446 2318 1589 2373; x_wconf 91' lang='lat' dir='ltr'>mihi</span> <span class='ocrx_word' id='word_1_314' title='bbox 1613 2325 1877 2390; x_wconf 84' lang='lat' dir='ltr'>noceant,</span> 
     </span>
    </p>
   </div>
   <div class='ocr_carea' id='block_1_40' title="bbox 233 2404 1876 2477">
    <p class='ocr_par' dir='ltr' id='par_1_40' title="bbox 233 2404 1876 2477">
     <span class='ocr_line' id='line_1_40' title="bbox 233 2404 1876 2477; baseline 0.002 -17"><span class='ocrx_word' id='word_1_315' title='bbox 233 2410 297 2460; x_wconf 89' lang='lat' dir='ltr'>et</span> <span class='ocrx_word' id='word_1_316' title='bbox 321 2404 562 2475; x_wconf 89' lang='lat' dir='ltr'>laqueos</span> <span class='ocrx_word' id='word_1_317' title='bbox 577 2405 960 2460; x_wconf 87' lang='lat' dir='ltr'>tentationum</span> <span class='ocrx_word' id='word_1_318' title='bbox 997 2406 1341 2460; x_wconf 87' lang='lat' dir='ltr'>intendant:</span> <span class='ocrx_word' id='word_1_319' title='bbox 1377 2407 1506 2462; x_wconf 91' lang='lat' dir='ltr'>ideo</span> <span class='ocrx_word' id='word_1_320' title='bbox 1519 2407 1751 2477; x_wconf 86' lang='lat' dir='ltr'>justum</span> <span class='ocrx_word' id='word_1_321' title='bbox 1769 2413 1876 2475; x_wconf 91' lang='lat' dir='ltr'>est,</span> 
     </span>
    </p>
   </div>
   <div class='ocr_carea' id='block_1_41' title="bbox 232 2493 1878 2564">
    <p class='ocr_par' dir='ltr' id='par_1_41' title="bbox 232 2493 1878 2564">
     <span class='ocr_line' id='line_1_41' title="bbox 232 2493 1878 2564; baseline 0.003 -18"><span class='ocrx_word' id='word_1_322' title='bbox 232 2493 390 2546; x_wconf 90' lang='lat' dir='ltr'>utin</span> <span class='ocrx_word' id='word_1_323' title='bbox 453 2493 550 2548; x_wconf 91' lang='lat' dir='ltr'>his</span> <span class='ocrx_word' id='word_1_324' title='bbox 608 2494 717 2564; x_wconf 90' lang='lat' dir='ltr'>ipsi</span> <span class='ocrx_word' id='word_1_325' title='bbox 775 2493 1065 2548; x_wconf 86' lang='lat' dir='ltr'>deﬁciant.</span> <span class='ocrx_word' id='word_1_326' title='bbox 1119 2516 1147 2543; x_wconf 86' lang='lat'><strong>«</strong></span> <span class='ocrx_word' id='word_1_327' title='bbox 1181 2494 1376 2549; x_wconf 86' lang='lat' dir='ltr'>Redde</span> <span class='ocrx_word' id='word_1_328' title='bbox 1435 2495 1878 2551; x_wconf 86' lang='lat' dir='ltr'>retributionem</span> 
     </span>
    </p>
   </div>
   <div class='ocr_carea' id='block_1_42' title="bbox 230 2579 1876 2656">
    <p class='ocr_par' dir='ltr' id='par_1_42' title="bbox 230 2579 1876 2656">
     <span class='ocr_line' id='line_1_42' title="bbox 230 2579 1876 2656; baseline 0.003 -21"><span class='ocrx_word' id='word_1_329' title='bbox 230 2597 436 2636; x_wconf 88' lang='lat' dir='ltr'>eorum</span> <span class='ocrx_word' id='word_1_330' title='bbox 495 2581 710 2653; x_wconf 45' lang='lat' dir='ltr'>ipsis»</span> <span class='ocrx_word' id='word_1_331' title='bbox 766 2583 880 2654; x_wconf 89' lang='lat' dir='ltr'>lpsi</span> <span class='ocrx_word' id='word_1_332' title='bbox 933 2579 1088 2637; x_wconf 89' lang='lat' dir='ltr'>enim</span> <span class='ocrx_word' id='word_1_333' title='bbox 1139 2584 1522 2639; x_wconf 90' lang='lat' dir='ltr'>reddiderunt</span> <span class='ocrx_word' id='word_1_334' title='bbox 1571 2585 1726 2640; x_wconf 91' lang='lat' dir='ltr'>mala</span> <span class='ocrx_word' id='word_1_335' title='bbox 1772 2603 1876 2656; x_wconf 92' lang='lat' dir='ltr'>pro</span> 
     </span>
    </p>
   </div>
   <div class='ocr_carea' id='block_1_43' title="bbox 229 2669 1878 2742">
    <p class='ocr_par' dir='ltr' id='par_1_43' title="bbox 229 2669 1878 2742">
     <span class='ocr_line' id='line_1_43' title="bbox 229 2669 1878 2742; baseline 0.003 -18"><span class='ocrx_word' id='word_1_336' title='bbox 229 2669 425 2736; x_wconf 88' lang='lat' dir='ltr'>bonis,</span> <span class='ocrx_word' id='word_1_337' title='bbox 459 2674 515 2724; x_wconf 94' lang='lat' dir='ltr'>te</span> <span class='ocrx_word' id='word_1_338' title='bbox 548 2686 657 2726; x_wconf 88' lang='lat' dir='ltr'>non</span> <span class='ocrx_word' id='word_1_339' title='bbox 701 2670 1112 2742; x_wconf 90' lang='lat' dir='ltr'>intelligentes.</span> <span class='ocrx_word' id='word_1_340' title='bbox 1139 2693 1167 2721; x_wconf 86' lang='lat'><strong><em>«</em></strong></span> <span class='ocrx_word' id='word_1_341' title='bbox 1202 2672 1486 2736; x_wconf 88' lang='lat' dir='ltr'>Quoniam</span> <span class='ocrx_word' id='word_1_342' title='bbox 1541 2689 1655 2728; x_wconf 90' lang='lat' dir='ltr'>non</span> <span class='ocrx_word' id='word_1_343' title='bbox 1703 2673 1878 2729; x_wconf 91' lang='lat' dir='ltr'>intel-</span> 
     </span>
    </p>
   </div>
   <div class='ocr_carea' id='block_1_44' title="bbox 227 2757 1876 2834">
    <p class='ocr_par' dir='ltr' id='par_1_44' title="bbox 227 2757 1876 2834">
     <span class='ocr_line' id='line_1_44' title="bbox 227 2757 1876 2834; baseline 0.003 -22"><span class='ocrx_word' id='word_1_344' title='bbox 227 2757 498 2812; x_wconf 87' lang='lat' dir='ltr'>lexerunt</span> <span class='ocrx_word' id='word_1_345' title='bbox 527 2775 704 2829; x_wconf 90' lang='lat' dir='ltr'>opera</span> <span class='ocrx_word' id='word_1_346' title='bbox 735 2759 981 2830; x_wconf 84' lang='lat' dir='ltr'>Domini,</span> <span class='ocrx_word' id='word_1_347' title='bbox 1007 2782 1034 2809; x_wconf 87' lang='lat'>»</span> <span class='ocrx_word' id='word_1_348' title='bbox 1069 2764 1176 2816; x_wconf 87' lang='lat' dir='ltr'>etc.</span> <span class='ocrx_word' id='word_1_349' title='bbox 1212 2760 1490 2816; x_wconf 73' lang='lat' dir='ltr'>Machina:</span> <span class='ocrx_word' id='word_1_350' title='bbox 1522 2777 1722 2817; x_wconf 90' lang='lat' dir='ltr'>eorum</span> <span class='ocrx_word' id='word_1_351' title='bbox 1749 2779 1876 2834; x_wconf 77' lang='lat' dir='ltr'>quae</span> 
     </span>
    </p>
   </div>
   <div class='ocr_carea' id='block_1_45' title="bbox 235 2846 1872 2921">
    <p class='ocr_par' dir='ltr' id='par_1_45' title="bbox 235 2846 1872 2921">
     <span class='ocr_line' id='line_1_45' title="bbox 235 2846 1872 2921; baseline 0.002 -19"><span class='ocrx_word' id='word_1_352' title='bbox 235 2851 442 2902; x_wconf 88' lang='lat' dir='ltr'>contra</span> <span class='ocrx_word' id='word_1_353' title='bbox 454 2846 770 2902; x_wconf 89' lang='lat' dir='ltr'>Ecclesiam</span> <span class='ocrx_word' id='word_1_354' title='bbox 794 2864 983 2907; x_wconf 89' lang='lat' dir='ltr'>meam</span> <span class='ocrx_word' id='word_1_355' title='bbox 1015 2848 1322 2920; x_wconf 91' lang='lat' dir='ltr'>eriguntur</span> <span class='ocrx_word' id='word_1_356' title='bbox 1338 2849 1480 2904; x_wconf 89' lang='lat' dir='ltr'>nihil</span> <span class='ocrx_word' id='word_1_357' title='bbox 1505 2850 1872 2921; x_wconf 72' lang='lat' dir='ltr'>praevaleant.</span> 
     </span>
    </p>
   </div>
   <div class='ocr_carea' id='block_1_46' title="bbox 309 2936 1877 3004">
    <p class='ocr_par' dir='ltr' id='par_1_46' title="bbox 309 2936 1877 3004">
     <span class='ocr_line' id='line_1_46' title="bbox 309 2936 1877 3004; baseline 0.006 -19"><span class='ocrx_word' id='word_1_358' title='bbox 309 2959 334 2985; x_wconf 87' lang='grc'>‹‹</span> <span class='ocrx_word' id='word_1_359' title='bbox 357 2936 704 2992; x_wconf 89' lang='lat' dir='ltr'>Benedictus</span> <span class='ocrx_word' id='word_1_360' title='bbox 725 2937 1028 2992; x_wconf 89' lang='lat' dir='ltr'>Dominus.</span> <span class='ocrx_word' id='word_1_361' title='bbox 1053 2957 1080 2988; x_wconf 78' lang='grc' dir='ltr'>ι)</span> <span class='ocrx_word' id='word_1_362' title='bbox 1105 2941 1294 2993; x_wconf 90' lang='lat' dir='ltr'>Pater.</span> <span class='ocrx_word' id='word_1_363' title='bbox 1317 2961 1336 2987; x_wconf 76' lang='grc' dir='ltr'><strong>ιο</strong></span> <span class='ocrx_word' id='word_1_364' title='bbox 1371 2958 1392 2986; x_wconf 79' lang='grc' dir='ltr'>ι</span> <span class='ocrx_word' id='word_1_365' title='bbox 1409 2939 1691 3004; x_wconf 87' lang='lat' dir='ltr'>Quoniam</span> <span class='ocrx_word' id='word_1_366' title='bbox 1708 2957 1877 2995; x_wconf 86' lang='lat' dir='ltr'>exau-</span> 
     </span>
    </p>
   </div>
   <div class='ocr_carea' id='block_1_47' title="bbox 225 3024 1878 3098">
    <p class='ocr_par' dir='ltr' id='par_1_47' title="bbox 225 3024 1878 3098">
     <span class='ocr_line' id='line_1_47' title="bbox 225 3024 1878 3098; baseline 0.004 -20"><span class='ocrx_word' id='word_1_367' title='bbox 225 3024 376 3079; x_wconf 88' lang='lat' dir='ltr'>divit</span> <span class='ocrx_word' id='word_1_368' title='bbox 405 3041 603 3080; x_wconf 87' lang='lat' dir='ltr'>vocem</span> <span class='ocrx_word' id='word_1_369' title='bbox 634 3026 1058 3096; x_wconf 89' lang='lat' dir='ltr'>deprecationis</span> <span class='ocrx_word' id='word_1_370' title='bbox 1090 3041 1251 3082; x_wconf 83' lang='lat' dir='ltr'>meae.</span> <span class='ocrx_word' id='word_1_371' title='bbox 1278 3049 1307 3075; x_wconf 90' lang='lat'><strong>»</strong></span> <span class='ocrx_word' id='word_1_372' title='bbox 1334 3027 1712 3098; x_wconf 78' lang='lat' dir='ltr'>Respondeas</span> <span class='ocrx_word' id='word_1_373' title='bbox 1744 3033 1878 3084; x_wconf 87' lang='lat' dir='ltr'>ante</span> 
     </span>
    </p>
   </div>
   <div class='ocr_carea' id='block_1_48' title="bbox 226 3114 1875 3187">
    <p class='ocr_par' dir='ltr' id='par_1_48' title="bbox 226 3114 1875 3187">
     <span class='ocr_line' id='line_1_48' title="bbox 226 3114 1875 3187; baseline 0.002 -19"><span class='ocrx_word' id='word_1_374' title='bbox 226 3114 604 3185; x_wconf 79' lang='lat' dir='ltr'>passionem:</span> <span class='ocrx_word' id='word_1_375' title='bbox 669 3117 730 3170; x_wconf 83' lang='lat' dir='ltr'>Et</span> <span class='ocrx_word' id='word_1_376' title='bbox 782 3116 1103 3186; x_wconf 85' lang='lat' dir='ltr'>clariﬁcavi,</span> <span class='ocrx_word' id='word_1_377' title='bbox 1167 3119 1218 3170; x_wconf 91' lang='lat' dir='ltr'>et</span> <span class='ocrx_word' id='word_1_378' title='bbox 1291 3117 1492 3171; x_wconf 80' lang='lat' dir='ltr'>iterum</span> <span class='ocrx_word' id='word_1_379' title='bbox 1563 3117 1875 3187; x_wconf 80' lang='lat' dir='ltr'>clariﬁcabo</span> 
     </span>
    </p>
   </div>
   <div class='ocr_carea' id='block_1_49' title="bbox 219 3203 699 3275">
    <p class='ocr_par' dir='ltr' id='par_1_49' title="bbox 219 3203 699 3275">
     <span class='ocr_line' id='line_1_49' title="bbox 219 3203 699 3275; baseline -0.002 -16"><span class='ocrx_word' id='word_1_380' title='bbox 219 3203 419 3274; x_wconf 85' lang='lat' dir='ltr'>(Joan.</span> <span class='ocrx_word' id='word_1_381' title='bbox 453 3221 554 3270; x_wconf 79' lang='lat' dir='ltr'>x11,</span> <span class='ocrx_word' id='word_1_382' title='bbox 588 3204 699 3275; x_wconf 86' lang='lat'>28).</span> 
     </span>
    </p>
   </div>
   <div class='ocr_carea' id='block_1_50' title="bbox 307 3292 1874 3366">
    <p class='ocr_par' dir='ltr' id='par_1_50' title="bbox 307 3292 1874 3366">
     <span class='ocr_line' id='line_1_50' title="bbox 307 3292 1874 3366; baseline 0.003 -20"><span class='ocrx_word' id='word_1_383' title='bbox 307 3315 334 3342; x_wconf 91' lang='grc'>‹‹</span> <span class='ocrx_word' id='word_1_384' title='bbox 367 3292 651 3349; x_wconf 90' lang='lat' dir='ltr'>Dominus</span> <span class='ocrx_word' id='word_1_385' title='bbox 709 3294 943 3364; x_wconf 89' lang='lat' dir='ltr'>adjutor</span> <span class='ocrx_word' id='word_1_386' title='bbox 989 3309 1176 3350; x_wconf 89' lang='lat' dir='ltr'>meus.</span> <span class='ocrx_word' id='word_1_387' title='bbox 1205 3315 1234 3343; x_wconf 90' lang='lat'>»</span> <span class='ocrx_word' id='word_1_388' title='bbox 1284 3294 1348 3348; x_wconf 90' lang='lat' dir='ltr'>In</span> <span class='ocrx_word' id='word_1_389' title='bbox 1397 3294 1690 3366; x_wconf 88' lang='lat' dir='ltr'>passione.</span> <span class='ocrx_word' id='word_1_390' title='bbox 1748 3315 1774 3347; x_wconf 74' lang='grc' dir='ltr'><strong><em>α</em></strong></span> <span class='ocrx_word' id='word_1_391' title='bbox 1803 3297 1874 3350; x_wconf 88' lang='lat' dir='ltr'>Et</span> 
     </span>
    </p>
   </div>
   <div class='ocr_carea' id='block_1_51' title="bbox 221 3382 1876 3455">
    <p class='ocr_par' dir='ltr' id='par_1_51' title="bbox 221 3382 1876 3455">
     <span class='ocr_line' id='line_1_51' title="bbox 221 3382 1876 3455; baseline 0.002 -20"><span class='ocrx_word' id='word_1_392' title='bbox 221 3386 520 3454; x_wconf 89' lang='lat' dir='ltr'>protector</span> <span class='ocrx_word' id='word_1_393' title='bbox 550 3399 736 3437; x_wconf 91' lang='lat' dir='ltr'>meus.</span> <span class='ocrx_word' id='word_1_394' title='bbox 761 3405 788 3430; x_wconf 87' lang='grc'><strong>››</strong></span> <span class='ocrx_word' id='word_1_395' title='bbox 821 3383 884 3437; x_wconf 93' lang='lat' dir='ltr'>In</span> <span class='ocrx_word' id='word_1_396' title='bbox 921 3387 1128 3438; x_wconf 90' lang='lat' dir='ltr'>morte.</span> <span class='ocrx_word' id='word_1_397' title='bbox 1167 3405 1195 3434; x_wconf 86' lang='lat'><strong>«</strong></span> <span class='ocrx_word' id='word_1_398' title='bbox 1223 3383 1292 3437; x_wconf 88' lang='lat' dir='ltr'>Et</span> <span class='ocrx_word' id='word_1_399' title='bbox 1329 3382 1387 3438; x_wconf 91' lang='lat' dir='ltr'>in</span> <span class='ocrx_word' id='word_1_400' title='bbox 1447 3383 1576 3455; x_wconf 90' lang='lat' dir='ltr'>ipso</span> <span class='ocrx_word' id='word_1_401' title='bbox 1623 3384 1876 3455; x_wconf 89' lang='lat' dir='ltr'>speravit</span> 
     </span>
    </p>
   </div>
   <div class='ocr_carea' id='block_1_52' title="bbox 221 3471 1874 3543">
    <p class='ocr_par' dir='ltr' id='par_1_52' title="bbox 221 3471 1874 3543">
     <span class='ocr_line' id='line_1_52' title="bbox 221 3471 1874 3543; baseline 0.002 -19"><span class='ocrx_word' id='word_1_402' title='bbox 221 3487 332 3524; x_wconf 90' lang='lat' dir='ltr'>cor</span> <span class='ocrx_word' id='word_1_403' title='bbox 360 3486 576 3525; x_wconf 90' lang='lat' dir='ltr'>meum.</span> <span class='ocrx_word' id='word_1_404' title='bbox 605 3493 631 3520; x_wconf 88' lang='lat'>»</span> <span class='ocrx_word' id='word_1_405' title='bbox 663 3471 1009 3527; x_wconf 87' lang='lat' dir='ltr'>Humanitas</span> <span class='ocrx_word' id='word_1_406' title='bbox 1041 3472 1101 3526; x_wconf 92' lang='lat' dir='ltr'>in</span> <span class='ocrx_word' id='word_1_407' title='bbox 1133 3471 1506 3526; x_wconf 89' lang='lat' dir='ltr'>divinitate.»</span> <span class='ocrx_word' id='word_1_408' title='bbox 1537 3473 1607 3527; x_wconf 90' lang='lat' dir='ltr'>Et</span> <span class='ocrx_word' id='word_1_409' title='bbox 1635 3472 1874 3543; x_wconf 86' lang='lat' dir='ltr'>adjutus</span> 
     </span>
    </p>
   </div>
   <div class='ocr_carea' id='block_1_53' title="bbox 222 3558 1471 3632">
    <p class='ocr_par' dir='ltr' id='par_1_53' title="bbox 222 3558 1471 3632">
     <span class='ocr_line' id='line_1_53' title="bbox 222 3558 1471 3632; baseline 0.001 -19"><span class='ocrx_word' id='word_1_410' title='bbox 222 3574 383 3613; x_wconf 89' lang='lat' dir='ltr'>sum.</span> <span class='ocrx_word' id='word_1_411' title='bbox 409 3580 436 3607; x_wconf 82' lang='grc'>››</span> <span class='ocrx_word' id='word_1_412' title='bbox 474 3558 531 3612; x_wconf 93' lang='lat' dir='ltr'>ln</span> <span class='ocrx_word' id='word_1_413' title='bbox 561 3558 957 3624; x_wconf 80' lang='lat' dir='ltr'>tribulatione,</span> <span class='ocrx_word' id='word_1_414' title='bbox 992 3565 1057 3614; x_wconf 91' lang='lat' dir='ltr'>ut</span> <span class='ocrx_word' id='word_1_415' title='bbox 1085 3575 1471 3632; x_wconf 86' lang='lat' dir='ltr'>resurgerem.</span> 
     </span>
    </p>
   </div>
   <div class='ocr_carea' id='block_1_54' title="bbox 310 3646 1873 3706">
    <p class='ocr_par' dir='ltr' id='par_1_54' title="bbox 310 3646 1873 3706">
     <span class='ocr_line' id='line_1_54' title="bbox 310 3646 1873 3706; baseline 0.003 -7"><span class='ocrx_word' id='word_1_416' title='bbox 310 3667 341 3698; x_wconf 73' lang='grc' dir='ltr'>ιι</span> <span class='ocrx_word' id='word_1_417' title='bbox 371 3646 437 3701; x_wconf 91' lang='lat' dir='ltr'>Et</span> <span class='ocrx_word' id='word_1_418' title='bbox 463 3647 724 3702; x_wconf 86' lang='lat' dir='ltr'>reﬂoruit</span> <span class='ocrx_word' id='word_1_419' title='bbox 747 3664 878 3703; x_wconf 92' lang='lat' dir='ltr'>caro</span> <span class='ocrx_word' id='word_1_420' title='bbox 910 3664 1059 3704; x_wconf 89' lang='lat' dir='ltr'>mea.</span> <span class='ocrx_word' id='word_1_421' title='bbox 1089 3672 1116 3698; x_wconf 85' lang='lat'>»</span> <span class='ocrx_word' id='word_1_422' title='bbox 1154 3652 1294 3704; x_wconf 90' lang='lat' dir='ltr'>Caro</span> <span class='ocrx_word' id='word_1_423' title='bbox 1326 3648 1538 3704; x_wconf 89' lang='lat' dir='ltr'>Christi</span> <span class='ocrx_word' id='word_1_424' title='bbox 1571 3650 1631 3704; x_wconf 92' lang='lat' dir='ltr'>in</span> <span class='ocrx_word' id='word_1_425' title='bbox 1679 3666 1873 3706; x_wconf 89' lang='lat' dir='ltr'>resur-</span> 
     </span>
    </p>
   </div>
   <div class='ocr_carea' id='block_1_55' title="bbox 221 3735 1872 3810">
    <p class='ocr_par' dir='ltr' id='par_1_55' title="bbox 221 3735 1872 3810">
     <span class='ocr_line' id='line_1_55' title="bbox 221 3735 1872 3810; baseline 0.002 -20"><span class='ocrx_word' id='word_1_426' title='bbox 221 3735 488 3790; x_wconf 90' lang='lat' dir='ltr'>rectione</span> <span class='ocrx_word' id='word_1_427' title='bbox 518 3737 794 3792; x_wconf 89' lang='lat' dir='ltr'>reﬂoruit.</span> <span class='ocrx_word' id='word_1_428' title='bbox 833 3736 1005 3803; x_wconf 79' lang='lat' dir='ltr'>Vel,«</span> <span class='ocrx_word' id='word_1_429' title='bbox 1036 3737 1301 3793; x_wconf 86' lang='lat' dir='ltr'>refloruit</span> <span class='ocrx_word' id='word_1_430' title='bbox 1348 3755 1480 3793; x_wconf 92' lang='lat' dir='ltr'>caro</span> <span class='ocrx_word' id='word_1_431' title='bbox 1529 3755 1678 3794; x_wconf 92' lang='lat' dir='ltr'>mea.</span> <span class='ocrx_word' id='word_1_432' title='bbox 1709 3763 1736 3787; x_wconf 77' lang='grc' dir='ltr'>ι)</span> <span class='ocrx_word' id='word_1_433' title='bbox 1786 3757 1872 3810; x_wconf 82' lang='lat' dir='ltr'>re-</span> 
     </span>
    </p>
   </div>
   <div class='ocr_carea' id='block_1_56' title="bbox 223 3823 1873 3898">
    <p class='ocr_par' dir='ltr' id='par_1_56' title="bbox 223 3823 1873 3898">
     <span class='ocr_line' id='line_1_56' title="bbox 223 3823 1873 3898; baseline 0.003 -21"><span class='ocrx_word' id='word_1_434' title='bbox 223 3823 555 3879; x_wconf 88' lang='lat' dir='ltr'>ﬂoruerunt</span> <span class='ocrx_word' id='word_1_435' title='bbox 584 3824 852 3895; x_wconf 91' lang='lat' dir='ltr'>apostoli,</span> <span class='ocrx_word' id='word_1_436' title='bbox 878 3825 1018 3896; x_wconf 90' lang='lat' dir='ltr'>quia</span> <span class='ocrx_word' id='word_1_437' title='bbox 1039 3830 1170 3896; x_wconf 89' lang='lat' dir='ltr'>post</span> <span class='ocrx_word' id='word_1_438' title='bbox 1189 3826 1580 3898; x_wconf 91' lang='lat' dir='ltr'>negationem,</span> <span class='ocrx_word' id='word_1_439' title='bbox 1606 3828 1674 3881; x_wconf 92' lang='lat' dir='ltr'>ad</span> <span class='ocrx_word' id='word_1_440' title='bbox 1700 3828 1873 3882; x_wconf 81' lang='lat' dir='ltr'>ﬁdem</span> 
     </span>
    </p>
   </div>
   <div class='ocr_carea' id='block_1_57' title="bbox 217 3913 1874 3986">
    <p class='ocr_par' dir='ltr' id='par_1_57' title="bbox 217 3913 1874 3986">
     <span class='ocr_line' id='line_1_57' title="bbox 217 3913 1874 3986; baseline 0.004 -20"><span class='ocrx_word' id='word_1_441' title='bbox 217 3918 534 3968; x_wconf 89' lang='lat' dir='ltr'>venerunt.</span> <span class='ocrx_word' id='word_1_442' title='bbox 563 3936 592 3963; x_wconf 85' lang='lat'><strong>«</strong></span> <span class='ocrx_word' id='word_1_443' title='bbox 628 3913 912 3968; x_wconf 85' lang='lat' dir='ltr'>Reﬂoruit</span> <span class='ocrx_word' id='word_1_444' title='bbox 943 3930 1074 3969; x_wconf 91' lang='lat' dir='ltr'>caro</span> <span class='ocrx_word' id='word_1_445' title='bbox 1108 3930 1258 3980; x_wconf 89' lang='lat' dir='ltr'>mea,</span> <span class='ocrx_word' id='word_1_446' title='bbox 1284 3937 1312 3962; x_wconf 83' lang='lat'><strong>»</strong></span> <span class='ocrx_word' id='word_1_447' title='bbox 1368 3916 1687 3986; x_wconf 90' lang='lat' dir='ltr'>procedens</span> <span class='ocrx_word' id='word_1_448' title='bbox 1718 3934 1748 3971; x_wconf 90' lang='lat' dir='ltr'>e</span> <span class='ocrx_word' id='word_1_449' title='bbox 1777 3922 1874 3972; x_wconf 86' lang='lat' dir='ltr'>tu-</span> 
     </span>
    </p>
   </div>
   <div class='ocr_carea' id='block_1_58' title="bbox 220 4000 1872 4072">
    <p class='ocr_par' dir='ltr' id='par_1_58' title="bbox 220 4000 1872 4072">
     <span class='ocr_line' id='line_1_58' title="bbox 220 4000 1872 4072; baseline 0.004 -18"><span class='ocrx_word' id='word_1_450' title='bbox 220 4000 394 4056; x_wconf 88' lang='lat' dir='ltr'>mulo</span> <span class='ocrx_word' id='word_1_451' title='bbox 425 4001 780 4072; x_wconf 91' lang='lat' dir='ltr'>incorrupta.</span> <span class='ocrx_word' id='word_1_452' title='bbox 831 4024 858 4052; x_wconf 86' lang='lat'><strong><em>«</em></strong></span> <span class='ocrx_word' id='word_1_453' title='bbox 889 4003 959 4057; x_wconf 89' lang='lat' dir='ltr'>Et</span> <span class='ocrx_word' id='word_1_454' title='bbox 1015 4003 1276 4058; x_wconf 84' lang='lat' dir='ltr'>refloruit</span> <span class='ocrx_word' id='word_1_455' title='bbox 1331 4019 1463 4058; x_wconf 90' lang='lat' dir='ltr'>caro</span> <span class='ocrx_word' id='word_1_456' title='bbox 1513 4020 1661 4059; x_wconf 89' lang='lat' dir='ltr'>mea.</span> <span class='ocrx_word' id='word_1_457' title='bbox 1692 4027 1712 4053; x_wconf 68' lang='grc' dir='ltr'><strong>υ</strong></span> <span class='ocrx_word' id='word_1_458' title='bbox 1767 4005 1872 4061; x_wconf 91' lang='lat' dir='ltr'>Prc</span> 
     </span>
    </p>
   </div>
   <div class='ocr_carea' id='block_1_59' title="bbox 215 4091 1869 4163">
    <p class='ocr_par' dir='ltr' id='par_1_59' title="bbox 215 4091 1869 4163">
     <span class='ocr_line' id='line_1_59' title="bbox 215 4091 1869 4163; baseline 0.002 -18"><span class='ocrx_word' id='word_1_459' title='bbox 215 4107 412 4159; x_wconf 86' lang='lat' dir='ltr'>carne,</span> <span class='ocrx_word' id='word_1_460' title='bbox 472 4091 789 4146; x_wconf 89' lang='lat' dir='ltr'>Theodotio</span> <span class='ocrx_word' id='word_1_461' title='bbox 841 4108 934 4147; x_wconf 89' lang='lat' dir='ltr'>cor</span> <span class='ocrx_word' id='word_1_462' title='bbox 982 4092 1398 4163; x_wconf 89' lang='lat' dir='ltr'>interpretatus</span> <span class='ocrx_word' id='word_1_463' title='bbox 1465 4097 1572 4148; x_wconf 88' lang='lat' dir='ltr'>est.</span> <span class='ocrx_word' id='word_1_464' title='bbox 1648 4094 1869 4149; x_wconf 87' lang='lat' dir='ltr'>Aliter:</span> 
     </span>
    </p>
   </div>
   <div class='ocr_carea' id='block_1_60' title="bbox 216 4178 1874 4250">
    <p class='ocr_par' dir='ltr' id='par_1_60' title="bbox 216 4178 1874 4250">
     <span class='ocr_line' id='line_1_60' title="bbox 216 4178 1874 4250; baseline 0.004 -19"><span class='ocrx_word' id='word_1_465' title='bbox 216 4178 452 4250; x_wconf 88' lang='lat' dir='ltr'>Quippe</span> <span class='ocrx_word' id='word_1_466' title='bbox 483 4179 914 4236; x_wconf 84' lang='lat' dir='ltr'>resurreximus</span> <span class='ocrx_word' id='word_1_467' title='bbox 942 4197 1078 4236; x_wconf 90' lang='lat' dir='ltr'>cum</span> <span class='ocrx_word' id='word_1_468' title='bbox 1127 4181 1378 4237; x_wconf 89' lang='lat' dir='ltr'>Christo.</span> <span class='ocrx_word' id='word_1_469' title='bbox 1429 4183 1500 4237; x_wconf 91' lang='lat' dir='ltr'>Et</span> <span class='ocrx_word' id='word_1_470' title='bbox 1559 4183 1629 4237; x_wconf 93' lang='lat' dir='ltr'>de</span> <span class='ocrx_word' id='word_1_471' title='bbox 1677 4199 1874 4238; x_wconf 91' lang='lat' dir='ltr'>resur-</span> 
     </span>
    </p>
   </div>
   <div class='ocr_carea' id='block_1_61' title="bbox 213 4267 1871 4344">
    <p class='ocr_par' dir='ltr' id='par_1_61' title="bbox 213 4267 1871 4344">
     <span class='ocr_line' id='line_1_61' title="bbox 213 4267 1871 4344; baseline 0.003 -20"><span class='ocrx_word' id='word_1_472' title='bbox 213 4267 483 4324; x_wconf 84' lang='lat' dir='ltr'>rectione</span> <span class='ocrx_word' id='word_1_473' title='bbox 507 4270 754 4325; x_wconf 88' lang='lat' dir='ltr'>dicitur:</span> <span class='ocrx_word' id='word_1_474' title='bbox 790 4271 920 4326; x_wconf 88' lang='lat' dir='ltr'>Ossa</span> <span class='ocrx_word' id='word_1_475' title='bbox 953 4276 1129 4326; x_wconf 90' lang='lat' dir='ltr'>vestra</span> <span class='ocrx_word' id='word_1_476' title='bbox 1161 4279 1219 4326; x_wconf 87' lang='lat' dir='ltr'>ut</span> <span class='ocrx_word' id='word_1_477' title='bbox 1244 4272 1409 4326; x_wconf 84' lang='lat' dir='ltr'>herba</span> <span class='ocrx_word' id='word_1_478' title='bbox 1441 4275 1689 4328; x_wconf 84' lang='lat' dir='ltr'>orientur</span> <span class='ocrx_word' id='word_1_479' title='bbox 1744 4275 1871 4344; x_wconf 88' lang='lat' dir='ltr'>(Isa.</span> 
     </span>
    </p>
   </div>
   <div class='ocr_carea' id='block_1_62' title="bbox 215 4357 1869 4430">
    <p class='ocr_par' dir='ltr' id='par_1_62' title="bbox 215 4357 1869 4430">
     <span class='ocr_line' id='line_1_62' title="bbox 215 4357 1869 4430; baseline -0.001 -17"><span class='ocrx_word' id='word_1_480' title='bbox 215 4375 377 4426; x_wconf 82' lang='lat' dir='ltr'>LXVI,</span> <span class='ocrx_word' id='word_1_481' title='bbox 411 4360 518 4430; x_wconf 88' lang='grc'>14).</span> <span class='ocrx_word' id='word_1_482' title='bbox 545 4381 572 4409; x_wconf 86' lang='grc'><em>‹‹</em></span> <span class='ocrx_word' id='word_1_483' title='bbox 606 4357 673 4413; x_wconf 90' lang='lat' dir='ltr'>Et</span> <span class='ocrx_word' id='word_1_484' title='bbox 699 4375 766 4414; x_wconf 86' lang='lat' dir='ltr'>ex</span> <span class='ocrx_word' id='word_1_485' title='bbox 805 4358 1103 4415; x_wconf 87' lang='lat' dir='ltr'>voluntate</span> <span class='ocrx_word' id='word_1_486' title='bbox 1163 4377 1292 4416; x_wconf 88' lang='lat' dir='ltr'>mea</span> <span class='ocrx_word' id='word_1_487' title='bbox 1337 4361 1660 4416; x_wconf 85' lang='lat' dir='ltr'>confitebor</span> <span class='ocrx_word' id='word_1_488' title='bbox 1708 4362 1814 4416; x_wconf 90' lang='lat' dir='ltr'>illi.</span> <span class='ocrx_word' id='word_1_489' title='bbox 1841 4385 1869 4414; x_wconf 88' lang='lat'>»</span> 
     </span>
    </p>
   </div>
   <div class='ocr_carea' id='block_1_63' title="bbox 210 4445 1874 4519">
    <p class='ocr_par' dir='ltr' id='par_1_63' title="bbox 210 4445 1874 4519">
     <span class='ocr_line' id='line_1_63' title="bbox 210 4445 1874 4519; baseline 0.004 -18"><span class='ocrx_word' id='word_1_490' title='bbox 210 4445 339 4518; x_wconf 80' lang='lat' dir='ltr'>ipsi</span> <span class='ocrx_word' id='word_1_491' title='bbox 374 4447 548 4514; x_wconf 90' lang='lat' dir='ltr'>Patri,</span> <span class='ocrx_word' id='word_1_492' title='bbox 581 4451 646 4502; x_wconf 90' lang='lat' dir='ltr'>ut</span> <span class='ocrx_word' id='word_1_493' title='bbox 681 4447 865 4502; x_wconf 91' lang='lat' dir='ltr'>illud:</span> <span class='ocrx_word' id='word_1_494' title='bbox 929 4448 1190 4517; x_wconf 80' lang='lat' dir='ltr'>Conﬁteor</span> <span class='ocrx_word' id='word_1_495' title='bbox 1235 4449 1355 4517; x_wconf 87' lang='lat' dir='ltr'>tibi,</span> <span class='ocrx_word' id='word_1_496' title='bbox 1401 4455 1590 4519; x_wconf 87' lang='lat' dir='ltr'>Pater,</span> <span class='ocrx_word' id='word_1_497' title='bbox 1643 4454 1874 4507; x_wconf 86' lang='lat' dir='ltr'>Domine</span> 
     </span>
    </p>
   </div>
   <div class='ocr_carea' id='block_1_64' title="bbox 1995 1876 3634 1944">
    <p class='ocr_par' dir='ltr' id='par_1_64' title="bbox 1995 1876 3634 1944">
     <span class='ocr_line' id='line_1_64' title="bbox 1995 1876 3634 1944; baseline -0.001 -12"><span class='ocrx_word' id='word_1_498' title='bbox 1995 1878 2154 1933; x_wconf 90' lang='lat' dir='ltr'>tibus</span> <span class='ocrx_word' id='word_1_499' title='bbox 2211 1877 2280 1931; x_wconf 92' lang='lat' dir='ltr'>ad</span> <span class='ocrx_word' id='word_1_500' title='bbox 2338 1877 2448 1932; x_wconf 88' lang='lat' dir='ltr'>hac</span> <span class='ocrx_word' id='word_1_501' title='bbox 2496 1877 2852 1934; x_wconf 87' lang='lat' dir='ltr'>mortalitate</span> <span class='ocrx_word' id='word_1_502' title='bbox 2895 1879 2953 1932; x_wconf 91' lang='lat' dir='ltr'>in</span> <span class='ocrx_word' id='word_1_503' title='bbox 3006 1876 3527 1944; x_wconf 86' lang='lat' dir='ltr'>immortalitatem,</span> <span class='ocrx_word' id='word_1_504' title='bbox 3577 1881 3634 1931; x_wconf 87' lang='lat' dir='ltr'>te</span> 
     </span>
    </p>
   </div>
   <div class='ocr_carea' id='block_1_65' title="bbox 1992 1965 3631 2036">
    <p class='ocr_par' dir='ltr' id='par_1_65' title="bbox 1992 1965 3631 2036">
     <span class='ocr_line' id='line_1_65' title="bbox 1992 1965 3631 2036; baseline -0.001 -15"><span class='ocrx_word' id='word_1_505' title='bbox 1992 1970 2410 2036; x_wconf 89' lang='lat' dir='ltr'>commutante,</span> <span class='ocrx_word' id='word_1_506' title='bbox 2455 1965 2845 2034; x_wconf 81' lang='lat' dir='ltr'>extollamur;</span> <span class='ocrx_word' id='word_1_507' title='bbox 2898 1967 2952 2020; x_wconf 89' lang='lat' dir='ltr'>id</span> <span class='ocrx_word' id='word_1_508' title='bbox 3003 1971 3111 2034; x_wconf 88' lang='lat' dir='ltr'>est,</span> <span class='ocrx_word' id='word_1_509' title='bbox 3166 1967 3225 2020; x_wconf 92' lang='lat' dir='ltr'>in</span> <span class='ocrx_word' id='word_1_510' title='bbox 3298 1965 3631 2020; x_wconf 78' lang='lat' dir='ltr'>coelestibus</span> 
     </span>
    </p>
   </div>
   <div class='ocr_carea' id='block_1_66' title="bbox 1991 2054 3201 2126">
    <p class='ocr_par' dir='ltr' id='par_1_66' title="bbox 1991 2054 3201 2126">
     <span class='ocr_line' id='line_1_66' title="bbox 1991 2054 3201 2126; baseline -0.002 -16"><span class='ocrx_word' id='word_1_511' title='bbox 1991 2054 2303 2121; x_wconf 88' lang='lat' dir='ltr'>elevemur,</span> <span class='ocrx_word' id='word_1_512' title='bbox 2338 2057 2635 2126; x_wconf 88' lang='lat' dir='ltr'>regnaturi</span> <span class='ocrx_word' id='word_1_513' title='bbox 2667 2073 2800 2110; x_wconf 91' lang='lat' dir='ltr'>cum</span> <span class='ocrx_word' id='word_1_514' title='bbox 2825 2055 3045 2110; x_wconf 89' lang='lat' dir='ltr'>sanctis</span> <span class='ocrx_word' id='word_1_515' title='bbox 3063 2055 3201 2109; x_wconf 88' lang='lat' dir='ltr'>tuis.</span> 
     </span>
    </p>
   </div>
   <div class='ocr_carea' id='block_1_67' title="bbox 2507 2161 3119 2216">
    <p class='ocr_par' dir='ltr' id='par_1_67' title="bbox 2507 2161 3119 2216">
     <span class='ocr_line' id='line_1_67' title="bbox 2507 2161 3119 2216; baseline 0 -2"><span class='ocrx_word' id='word_1_516' title='bbox 2507 2161 2840 2216; x_wconf 87' lang='lat' dir='ltr'>PSALMUS</span> <span class='ocrx_word' id='word_1_517' title='bbox 2879 2161 3119 2216; x_wconf 82' lang='lat' dir='ltr'><strong>XXVIII.</strong></span> 
     </span>
    </p>
   </div>
   <div class='ocr_carea' id='block_1_68' title="bbox 1989 2249 3632 2320">
    <p class='ocr_par' dir='ltr' id='par_1_68' title="bbox 1989 2249 3632 2320">
     <span class='ocr_line' id='line_1_68' title="bbox 1989 2249 3632 2320; baseline -0.002 -15"><span class='ocrx_word' id='word_1_518' title='bbox 1989 2254 2049 2306; x_wconf 92' lang='lat' dir='ltr'>In</span> <span class='ocrx_word' id='word_1_519' title='bbox 2076 2251 2260 2320; x_wconf 84' lang='lat' dir='ltr'>ﬁnem,</span> <span class='ocrx_word' id='word_1_520' title='bbox 2293 2249 2552 2305; x_wconf 83' lang='lat' dir='ltr'>Psalmus</span> <span class='ocrx_word' id='word_1_521' title='bbox 2591 2250 2791 2315; x_wconf 80' lang='lat' dir='ltr'>David,</span> <span class='ocrx_word' id='word_1_522' title='bbox 2826 2253 2882 2304; x_wconf 86' lang='lat' dir='ltr'>in</span> <span class='ocrx_word' id='word_1_523' title='bbox 2934 2251 3405 2304; x_wconf 80' lang='lat' dir='ltr'>consummatione</span> <span class='ocrx_word' id='word_1_524' title='bbox 3449 2249 3632 2304; x_wconf 83' lang='lat' dir='ltr'>taber-</span> 
     </span>
    </p>
   </div>
   <div class='ocr_carea' id='block_1_69' title="bbox 2059 2320 3628 2391">
    <p class='ocr_par' dir='ltr' id='par_1_69' title="bbox 2059 2320 3628 2391">
     <span class='ocr_line' id='line_1_69' title="bbox 2059 2320 3628 2391; baseline -0.001 -15"><span class='ocrx_word' id='word_1_525' title='bbox 2059 2322 2266 2376; x_wconf 83' lang='lat' dir='ltr'>naculi.</span> <span class='ocrx_word' id='word_1_526' title='bbox 2300 2322 2539 2386; x_wconf 87' lang='lat' dir='ltr'>Quando</span> <span class='ocrx_word' id='word_1_527' title='bbox 2571 2338 2703 2376; x_wconf 81' lang='lat' dir='ltr'>arca</span> <span class='ocrx_word' id='word_1_528' title='bbox 2733 2323 2803 2375; x_wconf 90' lang='lat' dir='ltr'>de</span> <span class='ocrx_word' id='word_1_529' title='bbox 2834 2322 3165 2391; x_wconf 86' lang='lat' dir='ltr'>captivitate</span> <span class='ocrx_word' id='word_1_530' title='bbox 3189 2320 3628 2375; x_wconf 88' lang='lat' dir='ltr'>Philistinorum</span> 
     </span>
    </p>
   </div>
   <div class='ocr_carea' id='block_1_70' title="bbox 2060 2391 3629 2463">
    <p class='ocr_par' dir='ltr' id='par_1_70' title="bbox 2060 2391 3629 2463">
     <span class='ocr_line' id='line_1_70' title="bbox 2060 2391 3629 2463; baseline -0.001 -17"><span class='ocrx_word' id='word_1_531' title='bbox 2060 2393 2298 2447; x_wconf 90' lang='lat' dir='ltr'>reducta</span> <span class='ocrx_word' id='word_1_532' title='bbox 2327 2398 2434 2454; x_wconf 84' lang='lat' dir='ltr'>est,</span> <span class='ocrx_word' id='word_1_533' title='bbox 2468 2408 2572 2463; x_wconf 93' lang='lat' dir='ltr'>pro</span> <span class='ocrx_word' id='word_1_534' title='bbox 2604 2409 2720 2462; x_wconf 87' lang='lat' dir='ltr'>qua</span> <span class='ocrx_word' id='word_1_535' title='bbox 2752 2393 2934 2446; x_wconf 90' lang='lat' dir='ltr'>multa</span> <span class='ocrx_word' id='word_1_536' title='bbox 2966 2392 3119 2446; x_wconf 85' lang='lat' dir='ltr'>mala</span> <span class='ocrx_word' id='word_1_537' title='bbox 3148 2391 3498 2456; x_wconf 89' lang='lat' dir='ltr'>habuerunt,</span> <span class='ocrx_word' id='word_1_538' title='bbox 3541 2392 3629 2445; x_wconf 90' lang='lat' dir='ltr'>di-</span> 
     </span>
    </p>
   </div>
   <div class='ocr_carea' id='block_1_71' title="bbox 2061 2463 3629 2530">
    <p class='ocr_par' dir='ltr' id='par_1_71' title="bbox 2061 2463 3629 2530">
     <span class='ocr_line' id='line_1_71' title="bbox 2061 2463 3629 2530; baseline -0.001 -14"><span class='ocrx_word' id='word_1_539' title='bbox 2061 2465 2242 2518; x_wconf 89' lang='lat' dir='ltr'>missa</span> <span class='ocrx_word' id='word_1_540' title='bbox 2273 2470 2380 2530; x_wconf 90' lang='lat' dir='ltr'>est,</span> <span class='ocrx_word' id='word_1_541' title='bbox 2412 2463 2472 2517; x_wconf 92' lang='lat' dir='ltr'>in</span> <span class='ocrx_word' id='word_1_542' title='bbox 2502 2463 2638 2526; x_wconf 86' lang='lat' dir='ltr'>Silo,</span> <span class='ocrx_word' id='word_1_543' title='bbox 2680 2471 2737 2517; x_wconf 90' lang='lat' dir='ltr'>et</span> <span class='ocrx_word' id='word_1_544' title='bbox 2790 2464 2962 2517; x_wconf 83' lang='lat' dir='ltr'>David</span> <span class='ocrx_word' id='word_1_545' title='bbox 3019 2463 3325 2517; x_wconf 74' lang='lat' dir='ltr'>aediﬁcavit</span> <span class='ocrx_word' id='word_1_546' title='bbox 3355 2463 3405 2518; x_wconf 91' lang='lat' dir='ltr'>ei</span> <span class='ocrx_word' id='word_1_547' title='bbox 3439 2463 3629 2516; x_wconf 90' lang='lat' dir='ltr'>taber-</span> 
     </span>
    </p>
   </div>
   <div class='ocr_carea' id='block_1_72' title="bbox 2061 2534 3631 2606">
    <p class='ocr_par' dir='ltr' id='par_1_72' title="bbox 2061 2534 3631 2606">
     <span class='ocr_line' id='line_1_72' title="bbox 2061 2534 3631 2606; baseline 0 -18"><span class='ocrx_word' id='word_1_548' title='bbox 2061 2535 2370 2606; x_wconf 89' lang='lat' dir='ltr'>naculum;</span> <span class='ocrx_word' id='word_1_549' title='bbox 2405 2535 2462 2588; x_wconf 94' lang='lat' dir='ltr'>in</span> <span class='ocrx_word' id='word_1_550' title='bbox 2496 2551 2610 2606; x_wconf 91' lang='lat' dir='ltr'>quo</span> <span class='ocrx_word' id='word_1_551' title='bbox 2641 2534 2909 2589; x_wconf 88' lang='lat' dir='ltr'>hortatur</span> <span class='ocrx_word' id='word_1_552' title='bbox 2937 2534 3242 2605; x_wconf 88' lang='lat' dir='ltr'>populum,</span> <span class='ocrx_word' id='word_1_553' title='bbox 3278 2539 3341 2587; x_wconf 88' lang='lat' dir='ltr'>ut</span> <span class='ocrx_word' id='word_1_554' title='bbox 3388 2534 3631 2588; x_wconf 76' lang='lat' dir='ltr'>offerant</span> 
     </span>
    </p>
   </div>
   <div class='ocr_carea' id='block_1_73' title="bbox 2058 2605 3629 2677">
    <p class='ocr_par' dir='ltr' id='par_1_73' title="bbox 2058 2605 3629 2677">
     <span class='ocr_line' id='line_1_73' title="bbox 2058 2605 3629 2677; baseline -0.001 -17"><span class='ocrx_word' id='word_1_555' title='bbox 2058 2605 2343 2660; x_wconf 86' lang='lat' dir='ltr'>sacriﬁcia</span> <span class='ocrx_word' id='word_1_556' title='bbox 2386 2611 2496 2660; x_wconf 91' lang='lat' dir='ltr'>Deo</span> <span class='ocrx_word' id='word_1_557' title='bbox 2521 2605 2577 2676; x_wconf 39' lang='lat' dir='ltr'>&#39;(I</span> <span class='ocrx_word' id='word_1_558' title='bbox 2601 2607 2728 2677; x_wconf 84' lang='lat' dir='ltr'>Reg.</span> <span class='ocrx_word' id='word_1_559' title='bbox 2765 2623 2838 2676; x_wconf 87' lang='lat' dir='ltr'>1v,</span> <span class='ocrx_word' id='word_1_560' title='bbox 2873 2623 2906 2658; x_wconf 89' lang='lat' dir='ltr'>v</span> <span class='ocrx_word' id='word_1_561' title='bbox 2937 2610 2993 2660; x_wconf 91' lang='lat' dir='ltr'>et</span> <span class='ocrx_word' id='word_1_562' title='bbox 3019 2609 3177 2677; x_wconf 88' lang='lat' dir='ltr'>seq.).</span> <span class='ocrx_word' id='word_1_563' title='bbox 3235 2605 3408 2660; x_wconf 90' lang='lat' dir='ltr'>David</span> <span class='ocrx_word' id='word_1_564' title='bbox 3463 2620 3629 2675; x_wconf 82' lang='lat' dir='ltr'>aper-</span> 
     </span>
    </p>
   </div>
   <div class='ocr_carea' id='block_1_74' title="bbox 2055 2677 3628 2748">
    <p class='ocr_par' dir='ltr' id='par_1_74' title="bbox 2055 2677 3628 2748">
     <span class='ocr_line' id='line_1_74' title="bbox 2055 2677 3628 2748; baseline -0.001 -18"><span class='ocrx_word' id='word_1_565' title='bbox 2055 2678 2285 2748; x_wconf 88' lang='lat' dir='ltr'>tissime</span> <span class='ocrx_word' id='word_1_566' title='bbox 2316 2677 2809 2748; x_wconf 22' lang='lat' dir='ltr'>ﬁguramiChristi</span> <span class='ocrx_word' id='word_1_567' title='bbox 2847 2680 3024 2744; x_wconf 89' lang='lat' dir='ltr'>tenet,</span> <span class='ocrx_word' id='word_1_568' title='bbox 3084 2683 3139 2731; x_wconf 87' lang='lat' dir='ltr'>et</span> <span class='ocrx_word' id='word_1_569' title='bbox 3189 2693 3324 2748; x_wconf 88' lang='lat' dir='ltr'>arca</span> <span class='ocrx_word' id='word_1_570' title='bbox 3377 2677 3628 2748; x_wconf 77' lang='lat' dir='ltr'>figuram</span> 
     </span>
    </p>
   </div>
   <div class='ocr_carea' id='block_1_75' title="bbox 2055 2747 3624 2816">
    <p class='ocr_par' dir='ltr' id='par_1_75' title="bbox 2055 2747 3624 2816">
     <span class='ocr_line' id='line_1_75' title="bbox 2055 2747 3624 2816; baseline -0.002 -15"><span class='ocrx_word' id='word_1_571' title='bbox 2055 2747 2344 2802; x_wconf 76' lang='lat' dir='ltr'>Ecclesiae.</span> <span class='ocrx_word' id='word_1_572' title='bbox 2370 2747 2541 2802; x_wconf 86' lang='lat' dir='ltr'>Sicut</span> <span class='ocrx_word' id='word_1_573' title='bbox 2570 2747 2747 2802; x_wconf 87' lang='lat' dir='ltr'>David</span> <span class='ocrx_word' id='word_1_574' title='bbox 2784 2747 3011 2802; x_wconf 89' lang='lat' dir='ltr'>reduxit</span> <span class='ocrx_word' id='word_1_575' title='bbox 3041 2764 3236 2802; x_wconf 87' lang='lat' dir='ltr'>arcam</span> <span class='ocrx_word' id='word_1_576' title='bbox 3269 2747 3340 2801; x_wconf 91' lang='lat' dir='ltr'>de</span> <span class='ocrx_word' id='word_1_577' title='bbox 3387 2747 3624 2816; x_wconf 84' lang='lat' dir='ltr'>captivi-</span> 
     </span>
    </p>
   </div>
   <div class='ocr_carea' id='block_1_76' title="bbox 2057 2817 3626 2888">
    <p class='ocr_par' dir='ltr' id='par_1_76' title="bbox 2057 2817 3626 2888">
     <span class='ocr_line' id='line_1_76' title="bbox 2057 2817 3626 2888; baseline -0.001 -15"><span class='ocrx_word' id='word_1_578' title='bbox 2057 2825 2194 2888; x_wconf 86' lang='lat' dir='ltr'>tate,</span> <span class='ocrx_word' id='word_1_579' title='bbox 2219 2820 2301 2874; x_wconf 91' lang='lat' dir='ltr'>sic</span> <span class='ocrx_word' id='word_1_580' title='bbox 2332 2825 2388 2874; x_wconf 88' lang='lat' dir='ltr'>et</span> <span class='ocrx_word' id='word_1_581' title='bbox 2417 2819 2685 2874; x_wconf 90' lang='lat' dir='ltr'>Christus</span> <span class='ocrx_word' id='word_1_582' title='bbox 2714 2819 2943 2873; x_wconf 90' lang='lat' dir='ltr'>reduxit</span> <span class='ocrx_word' id='word_1_583' title='bbox 2974 2835 3189 2882; x_wconf 89' lang='lat' dir='ltr'>arcam,</span> <span class='ocrx_word' id='word_1_584' title='bbox 3214 2817 3324 2871; x_wconf 92' lang='lat' dir='ltr'>hoc</span> <span class='ocrx_word' id='word_1_585' title='bbox 3354 2822 3462 2881; x_wconf 87' lang='lat' dir='ltr'>est,</span> <span class='ocrx_word' id='word_1_586' title='bbox 3496 2834 3626 2871; x_wconf 89' lang='lat' dir='ltr'>san-</span> 
     </span>
    </p>
   </div>
   <div class='ocr_carea' id='block_1_77' title="bbox 2057 2889 3625 2960">
    <p class='ocr_par' dir='ltr' id='par_1_77' title="bbox 2057 2889 3625 2960">
     <span class='ocr_line' id='line_1_77' title="bbox 2057 2889 3625 2960; baseline -0.001 -16"><span class='ocrx_word' id='word_1_587' title='bbox 2057 2895 2212 2944; x_wconf 91' lang='lat' dir='ltr'>ctam</span> <span class='ocrx_word' id='word_1_588' title='bbox 2242 2889 2560 2945; x_wconf 89' lang='lat' dir='ltr'>Ecclesiam</span> <span class='ocrx_word' id='word_1_589' title='bbox 2591 2890 2662 2944; x_wconf 91' lang='lat' dir='ltr'>de</span> <span class='ocrx_word' id='word_1_590' title='bbox 2691 2889 3020 2960; x_wconf 88' lang='lat' dir='ltr'>captivitate</span> <span class='ocrx_word' id='word_1_591' title='bbox 3046 2915 3070 2954; x_wconf 53' lang='grc' dir='ltr'><strong>ι</strong></span> <span class='ocrx_word' id='word_1_592' title='bbox 3095 2890 3151 2943; x_wconf 91' lang='lat' dir='ltr'>id</span> <span class='ocrx_word' id='word_1_593' title='bbox 3182 2893 3289 2952; x_wconf 89' lang='lat' dir='ltr'>est,</span> <span class='ocrx_word' id='word_1_594' title='bbox 3323 2889 3394 2960; x_wconf 87' lang='lat' dir='ltr'>de</span> <span class='ocrx_word' id='word_1_595' title='bbox 3426 2893 3625 2958; x_wconf 89' lang='lat' dir='ltr'>potes-</span> 
     </span>
    </p>
   </div>
   <div class='ocr_carea' id='block_1_78' title="bbox 2055 2959 3625 3031">
    <p class='ocr_par' dir='ltr' id='par_1_78' title="bbox 2055 2959 3625 3031">
     <span class='ocr_line' id='line_1_78' title="bbox 2055 2959 3625 3031; baseline -0.001 -17"><span class='ocrx_word' id='word_1_596' title='bbox 2055 2967 2170 3016; x_wconf 89' lang='lat' dir='ltr'>tate</span> <span class='ocrx_word' id='word_1_597' title='bbox 2201 2961 2439 3016; x_wconf 90' lang='lat' dir='ltr'>diaboli.</span> <span class='ocrx_word' id='word_1_598' title='bbox 2476 2959 2910 3031; x_wconf 29' lang='lat' dir='ltr'>Psalmus’ergo</span> <span class='ocrx_word' id='word_1_599' title='bbox 2937 2975 3134 3014; x_wconf 89' lang='lat' dir='ltr'>vocem</span> <span class='ocrx_word' id='word_1_600' title='bbox 3184 2959 3445 3031; x_wconf 84' lang='lat' dir='ltr'>continet</span> <span class='ocrx_word' id='word_1_601' title='bbox 3492 2975 3625 3031; x_wconf 85' lang='lat' dir='ltr'>pro-</span> 
     </span>
    </p>
   </div>
   <div class='ocr_carea' id='block_1_79' title="bbox 2057 3029 3625 3102">
    <p class='ocr_par' dir='ltr' id='par_1_79' title="bbox 2057 3029 3625 3102">
     <span class='ocr_line' id='line_1_79' title="bbox 2057 3029 3625 3102; baseline -0.002 -15"><span class='ocrx_word' id='word_1_602' title='bbox 2057 3032 2240 3102; x_wconf 69' lang='lat' dir='ltr'>phetae</span> <span class='ocrx_word' id='word_1_603' title='bbox 2272 3031 2564 3102; x_wconf 84' lang='lat' dir='ltr'>loquentis</span> <span class='ocrx_word' id='word_1_604' title='bbox 2594 3033 2665 3086; x_wconf 91' lang='lat' dir='ltr'>de</span> <span class='ocrx_word' id='word_1_605' title='bbox 2713 3029 3061 3102; x_wconf 79' lang='lat' dir='ltr'>perfectione</span> <span class='ocrx_word' id='word_1_606' title='bbox 3093 3029 3359 3085; x_wconf 67' lang='lat' dir='ltr'>Ecclesiae</span> <span class='ocrx_word' id='word_1_607' title='bbox 3408 3031 3465 3083; x_wconf 89' lang='lat' dir='ltr'>in</span> <span class='ocrx_word' id='word_1_608' title='bbox 3516 3029 3625 3084; x_wconf 90' lang='lat' dir='ltr'>hoc</span> 
     </span>
    </p>
   </div>
   <div class='ocr_carea' id='block_1_80' title="bbox 2056 3102 2668 3174">
    <p class='ocr_par' dir='ltr' id='par_1_80' title="bbox 2056 3102 2668 3174">
     <span class='ocr_line' id='line_1_80' title="bbox 2056 3102 2668 3174; baseline -0.003 -16"><span class='ocrx_word' id='word_1_609' title='bbox 2056 3102 2266 3158; x_wconf 71' lang='lat' dir='ltr'>saeculo</span> <span class='ocrx_word' id='word_1_610' title='bbox 2288 3107 2668 3174; x_wconf 85' lang='lat' dir='ltr'>congregatae.</span> 
     </span>
    </p>
   </div>
   <div class='ocr_carea' id='block_1_81' title="bbox 2057 3208 3626 3280">
    <p class='ocr_par' dir='ltr' id='par_1_81' title="bbox 2057 3208 3626 3280">
     <span class='ocr_line' id='line_1_81' title="bbox 2057 3208 3626 3280; baseline 0.003 -21"><span class='ocrx_word' id='word_1_611' title='bbox 2057 3233 2084 3259; x_wconf 89' lang='grc'>‹‹</span> <span class='ocrx_word' id='word_1_612' title='bbox 2118 3210 2327 3264; x_wconf 79' lang='lat' dir='ltr'>Afferte</span> <span class='ocrx_word' id='word_1_613' title='bbox 2351 3210 2613 3280; x_wconf 90' lang='lat' dir='ltr'>Domino,</span> <span class='ocrx_word' id='word_1_614' title='bbox 2646 3208 2748 3263; x_wconf 84' lang='lat' dir='ltr'>ﬁlii</span> <span class='ocrx_word' id='word_1_615' title='bbox 2783 3208 2902 3263; x_wconf 92' lang='lat' dir='ltr'>Dei.</span> <span class='ocrx_word' id='word_1_616' title='bbox 2935 3231 2961 3256; x_wconf 84' lang='lat'>»</span> <span class='ocrx_word' id='word_1_617' title='bbox 2993 3209 3099 3271; x_wconf 88' lang='lat' dir='ltr'>Qui</span> <span class='ocrx_word' id='word_1_618' title='bbox 3131 3225 3233 3280; x_wconf 90' lang='lat' dir='ltr'>per</span> <span class='ocrx_word' id='word_1_619' title='bbox 3283 3209 3534 3280; x_wconf 88' lang='lat' dir='ltr'>gratiam</span> <span class='ocrx_word' id='word_1_620' title='bbox 3565 3208 3626 3263; x_wconf 91' lang='lat' dir='ltr'>in</span> 
     </span>
    </p>
   </div>
   <div class='ocr_carea' id='block_1_82' title="bbox 1985 3297 3622 3370">
    <p class='ocr_par' dir='ltr' id='par_1_82' title="bbox 1985 3297 3622 3370">
     <span class='ocr_line' id='line_1_82' title="bbox 1985 3297 3622 3370; baseline -0.002 -16"><span class='ocrx_word' id='word_1_621' title='bbox 1985 3299 2354 3370; x_wconf 89' lang='lat' dir='ltr'>adoptionem</span> <span class='ocrx_word' id='word_1_622' title='bbox 2380 3298 2635 3353; x_wconf 82' lang='lat' dir='ltr'>filiorum</span> <span class='ocrx_word' id='word_1_623' title='bbox 2664 3299 2850 3353; x_wconf 89' lang='lat' dir='ltr'>vocati</span> <span class='ocrx_word' id='word_1_624' title='bbox 2883 3298 3044 3353; x_wconf 87' lang='lat' dir='ltr'>estis.</span> <span class='ocrx_word' id='word_1_625' title='bbox 3079 3298 3200 3352; x_wconf 88' lang='lat' dir='ltr'>Vox</span> <span class='ocrx_word' id='word_1_626' title='bbox 3229 3297 3440 3352; x_wconf 89' lang='lat' dir='ltr'>Christi</span> <span class='ocrx_word' id='word_1_627' title='bbox 3479 3314 3622 3368; x_wconf 71' lang='lat' dir='ltr'>pra:-</span> 
     </span>
    </p>
   </div>
   <div class='ocr_carea' id='block_1_83' title="bbox 1985 3385 3626 3457">
    <p class='ocr_par' dir='ltr' id='par_1_83' title="bbox 1985 3385 3626 3457">
     <span class='ocr_line' id='line_1_83' title="bbox 1985 3385 3626 3457; baseline -0.002 -15"><span class='ocrx_word' id='word_1_628' title='bbox 1985 3388 2268 3443; x_wconf 91' lang='lat' dir='ltr'>dicatores</span> <span class='ocrx_word' id='word_1_629' title='bbox 2326 3388 2638 3442; x_wconf 90' lang='lat' dir='ltr'>admonet:</span> <span class='ocrx_word' id='word_1_630' title='bbox 2725 3386 2939 3441; x_wconf 79' lang='lat' dir='ltr'>Ail&#39;erte</span> <span class='ocrx_word' id='word_1_631' title='bbox 3009 3385 3502 3457; x_wconf 69' lang='lat' dir='ltr'>praedicationem,</span> <span class='ocrx_word' id='word_1_632' title='bbox 3570 3389 3626 3440; x_wconf 91' lang='lat' dir='ltr'>et</span> 
     </span>
    </p>
   </div>
   <div class='ocr_carea' id='block_1_84' title="bbox 1983 3474 3624 3548">
    <p class='ocr_par' dir='ltr' id='par_1_84' title="bbox 1983 3474 3624 3548">
     <span class='ocr_line' id='line_1_84' title="bbox 1983 3474 3624 3548; baseline -0.002 -17"><span class='ocrx_word' id='word_1_633' title='bbox 1983 3475 2336 3548; x_wconf 85' lang='lat' dir='ltr'>exemplum,</span> <span class='ocrx_word' id='word_1_634' title='bbox 2369 3475 2454 3531; x_wconf 88' lang='lat' dir='ltr'>vel</span> <span class='ocrx_word' id='word_1_635' title='bbox 2481 3476 2656 3530; x_wconf 83' lang='lat' dir='ltr'>ﬁdem</span> <span class='ocrx_word' id='word_1_636' title='bbox 2715 3481 2770 3530; x_wconf 88' lang='lat' dir='ltr'>et</span> <span class='ocrx_word' id='word_1_637' title='bbox 2817 3491 3009 3546; x_wconf 89' lang='lat' dir='ltr'>opera.</span> <span class='ocrx_word' id='word_1_638' title='bbox 3055 3498 3081 3524; x_wconf 90' lang='grc'>‹‹</span> <span class='ocrx_word' id='word_1_639' title='bbox 3112 3475 3323 3529; x_wconf 76' lang='lat' dir='ltr'>Aﬂ&#39;erte</span> <span class='ocrx_word' id='word_1_640' title='bbox 3382 3474 3624 3530; x_wconf 92' lang='lat' dir='ltr'>Domino</span> 
     </span>
    </p>
   </div>
   <div class='ocr_carea' id='block_1_85' title="bbox 1984 3563 3624 3635">
    <p class='ocr_par' dir='ltr' id='par_1_85' title="bbox 1984 3563 3624 3635">
     <span class='ocr_line' id='line_1_85' title="bbox 1984 3563 3624 3635; baseline -0.002 -16"><span class='ocrx_word' id='word_1_641' title='bbox 1984 3564 2135 3620; x_wconf 85' lang='lat' dir='ltr'>ﬁlios</span> <span class='ocrx_word' id='word_1_642' title='bbox 2165 3565 2435 3620; x_wconf 89' lang='lat' dir='ltr'>arietum.</span> <span class='ocrx_word' id='word_1_643' title='bbox 2467 3587 2493 3612; x_wconf 84' lang='lat'>»</span> <span class='ocrx_word' id='word_1_644' title='bbox 2526 3567 2680 3629; x_wconf 88' lang='lat' dir='ltr'>Quos</span> <span class='ocrx_word' id='word_1_645' title='bbox 2715 3581 2814 3635; x_wconf 91' lang='lat' dir='ltr'>per</span> <span class='ocrx_word' id='word_1_646' title='bbox 2841 3563 3217 3635; x_wconf 86' lang='lat' dir='ltr'>Evangelium</span> <span class='ocrx_word' id='word_1_647' title='bbox 3272 3563 3450 3617; x_wconf 90' lang='lat' dir='ltr'>duces</span> <span class='ocrx_word' id='word_1_648' title='bbox 3497 3579 3624 3634; x_wconf 91' lang='lat' dir='ltr'>gre-</span> 
     </span>
    </p>
   </div>
   <div class='ocr_carea' id='block_1_86' title="bbox 1983 3650 3622 3726">
    <p class='ocr_par' dir='ltr' id='par_1_86' title="bbox 1983 3650 3622 3726">
     <span class='ocr_line' id='line_1_86' title="bbox 1983 3650 3622 3726; baseline -0.002 -18"><span class='ocrx_word' id='word_1_649' title='bbox 1983 3670 2123 3726; x_wconf 91' lang='lat' dir='ltr'>gum</span> <span class='ocrx_word' id='word_1_650' title='bbox 2145 3652 2392 3724; x_wconf 83' lang='lat' dir='ltr'>apostoli</span> <span class='ocrx_word' id='word_1_651' title='bbox 2409 3657 2760 3724; x_wconf 88' lang='lat' dir='ltr'>genuerunt.</span> <span class='ocrx_word' id='word_1_652' title='bbox 2786 3652 3031 3719; x_wconf 75' lang='lat' dir='ltr'>Arietes,</span> <span class='ocrx_word' id='word_1_653' title='bbox 3057 3650 3304 3723; x_wconf 89' lang='lat' dir='ltr'>apostoli</span> <span class='ocrx_word' id='word_1_654' title='bbox 3326 3651 3622 3706; x_wconf 88' lang='lat' dir='ltr'>dicuntur.</span> 
     </span>
    </p>
   </div>
   <div class='ocr_carea' id='block_1_87' title="bbox 1962 3733 3627 3812">
    <p class='ocr_par' dir='ltr' id='par_1_87' title="bbox 1962 3733 3627 3812">
     <span class='ocr_line' id='line_1_87' title="bbox 1962 3733 3627 3812; baseline -0.002 -16"><span class='ocrx_word' id='word_1_655' title='bbox 1962 3733 2203 3796; x_wconf 22' lang='lat' dir='ltr'>‘Arietes</span> <span class='ocrx_word' id='word_1_656' title='bbox 2234 3741 2292 3795; x_wconf 93' lang='lat' dir='ltr'>in</span> <span class='ocrx_word' id='word_1_657' title='bbox 2341 3741 2526 3812; x_wconf 85' lang='lat' dir='ltr'>capite</span> <span class='ocrx_word' id='word_1_658' title='bbox 2583 3741 2697 3795; x_wconf 91' lang='lat' dir='ltr'>duo</span> <span class='ocrx_word' id='word_1_659' title='bbox 2754 3756 2973 3795; x_wconf 91' lang='lat' dir='ltr'>cornua</span> <span class='ocrx_word' id='word_1_660' title='bbox 3031 3739 3272 3804; x_wconf 90' lang='lat' dir='ltr'>habent,</span> <span class='ocrx_word' id='word_1_661' title='bbox 3329 3744 3385 3793; x_wconf 91' lang='lat' dir='ltr'>et</span> <span class='ocrx_word' id='word_1_662' title='bbox 3441 3738 3627 3794; x_wconf 86' lang='lat' dir='ltr'>sancti</span> 
     </span>
    </p>
   </div>
   <div class='ocr_carea' id='block_1_88' title="bbox 1983 3829 3622 3902">
    <p class='ocr_par' dir='ltr' id='par_1_88' title="bbox 1983 3829 3622 3902">
     <span class='ocr_line' id='line_1_88' title="bbox 1983 3829 3622 3902; baseline -0.002 -18"><span class='ocrx_word' id='word_1_663' title='bbox 1983 3830 2228 3902; x_wconf 88' lang='lat' dir='ltr'>apostoli</span> <span class='ocrx_word' id='word_1_664' title='bbox 2260 3831 2373 3885; x_wconf 92' lang='lat' dir='ltr'>duo</span> <span class='ocrx_word' id='word_1_665' title='bbox 2395 3846 2614 3884; x_wconf 91' lang='lat' dir='ltr'>cornua</span> <span class='ocrx_word' id='word_1_666' title='bbox 2641 3829 2993 3899; x_wconf 91' lang='lat' dir='ltr'>habuerunt,</span> <span class='ocrx_word' id='word_1_667' title='bbox 3025 3829 3084 3882; x_wconf 93' lang='lat' dir='ltr'>id</span> <span class='ocrx_word' id='word_1_668' title='bbox 3115 3833 3224 3897; x_wconf 92' lang='lat' dir='ltr'>est,</span> <span class='ocrx_word' id='word_1_669' title='bbox 3274 3829 3391 3882; x_wconf 91' lang='lat' dir='ltr'>duo</span> <span class='ocrx_word' id='word_1_670' title='bbox 3439 3832 3622 3883; x_wconf 92' lang='lat' dir='ltr'>testa-</span> 
     </span>
    </p>
   </div>
   <div class='ocr_carea' id='block_1_89' title="bbox 1985 3917 3625 3991">
    <p class='ocr_par' dir='ltr' id='par_1_89' title="bbox 1985 3917 3625 3991">
     <span class='ocr_line' id='line_1_89' title="bbox 1985 3917 3625 3991; baseline -0.003 -17"><span class='ocrx_word' id='word_1_671' title='bbox 1985 3924 2181 3974; x_wconf 86' lang='lat' dir='ltr'>menta</span> <span class='ocrx_word' id='word_1_672' title='bbox 2229 3919 2702 3991; x_wconf 64' lang='lat' dir='ltr'>praedicaverunt.</span> <span class='ocrx_word' id='word_1_673' title='bbox 2757 3917 2884 3973; x_wconf 90' lang='lat' dir='ltr'>Filii</span> <span class='ocrx_word' id='word_1_674' title='bbox 2935 3918 3205 3985; x_wconf 88' lang='lat' dir='ltr'>arietum,</span> <span class='ocrx_word' id='word_1_675' title='bbox 3257 3921 3625 3970; x_wconf 85' lang='lat' dir='ltr'>successores</span> 
     </span>
    </p>
   </div>
   <div class='ocr_carea' id='block_1_90' title="bbox 1985 4003 3624 4079">
    <p class='ocr_par' dir='ltr' id='par_1_90' title="bbox 1985 4003 3624 4079">
     <span class='ocr_line' id='line_1_90' title="bbox 1985 4003 3624 4079; baseline -0.004 -17"><span class='ocrx_word' id='word_1_676' title='bbox 1985 4007 2380 4079; x_wconf 82' lang='lat' dir='ltr'>apostolorum</span> <span class='ocrx_word' id='word_1_677' title='bbox 2439 4012 2601 4077; x_wconf 90' lang='lat' dir='ltr'>sunt,</span> <span class='ocrx_word' id='word_1_678' title='bbox 2653 4023 2800 4079; x_wconf 90' lang='lat' dir='ltr'>quos</span> <span class='ocrx_word' id='word_1_679' title='bbox 2856 4010 3188 4078; x_wconf 90' lang='lat' dir='ltr'>genuerunt</span> <span class='ocrx_word' id='word_1_680' title='bbox 3233 4021 3336 4075; x_wconf 90' lang='lat' dir='ltr'>per</span> <span class='ocrx_word' id='word_1_681' title='bbox 3383 4003 3624 4058; x_wconf 84' lang='lat' dir='ltr'>verbum</span> 
     </span>
    </p>
   </div>
   <div class='ocr_carea' id='block_1_91' title="bbox 1985 4092 3625 4168">
    <p class='ocr_par' dir='ltr' id='par_1_91' title="bbox 1985 4092 3625 4168">
     <span class='ocr_line' id='line_1_91' title="bbox 1985 4092 3625 4168; baseline -0.004 -17"><span class='ocrx_word' id='word_1_682' title='bbox 1985 4094 2887 4168; x_wconf 64' lang='lat' dir='ltr'>praedicationisConsummatio</span> <span class='ocrx_word' id='word_1_683' title='bbox 2910 4092 3625 4157; x_wconf 86' lang='lat' dir='ltr'>tabernaculi,secundum</span> 
     </span>
    </p>
   </div>
   <div class='ocr_carea' id='block_1_92' title="bbox 1985 4179 3718 4257">
    <p class='ocr_par' dir='ltr' id='par_1_92' title="bbox 1985 4179 3718 4257">
     <span class='ocr_line' id='line_1_92' title="bbox 1985 4179 3718 4257; baseline -0.003 -17"><span class='ocrx_word' id='word_1_684' title='bbox 1985 4202 2248 4254; x_wconf 88' lang='lat' dir='ltr'>sensum,</span> <span class='ocrx_word' id='word_1_685' title='bbox 2271 4185 2545 4257; x_wconf 85' lang='lat' dir='ltr'>perfectio</span> <span class='ocrx_word' id='word_1_686' title='bbox 2565 4184 2831 4240; x_wconf 71' lang='lat' dir='ltr'>Ecclesiae</span> <span class='ocrx_word' id='word_1_687' title='bbox 2854 4189 2940 4238; x_wconf 89' lang='lat' dir='ltr'>est</span> <span class='ocrx_word' id='word_1_688' title='bbox 2962 4183 3286 4251; x_wconf 72' lang='lat' dir='ltr'>conjuncta:</span> <span class='ocrx_word' id='word_1_689' title='bbox 3307 4181 3378 4235; x_wconf 91' lang='lat' dir='ltr'>de</span> <span class='ocrx_word' id='word_1_690' title='bbox 3405 4181 3626 4235; x_wconf 69' lang='lat' dir='ltr'>Judaais</span> <span class='ocrx_word' id='word_1_691' title='bbox 3694 4179 3718 4198; x_wconf 85' lang='lat'><strong><em>’</em></strong></span> 
     </span>
    </p>
   </div>
   <div class='ocr_carea' id='block_1_93' title="bbox 1984 4273 2878 4347">
    <p class='ocr_par' dir='ltr' id='par_1_93' title="bbox 1984 4273 2878 4347">
     <span class='ocr_line' id='line_1_93' title="bbox 1984 4273 2878 4347; baseline -0.004 -18"><span class='ocrx_word' id='word_1_692' title='bbox 1984 4280 2040 4330; x_wconf 91' lang='lat' dir='ltr'>et</span> <span class='ocrx_word' id='word_1_693' title='bbox 2069 4275 2344 4347; x_wconf 78' lang='lat' dir='ltr'>gentibus</span> <span class='ocrx_word' id='word_1_694' title='bbox 2377 4274 2472 4328; x_wconf 90' lang='lat' dir='ltr'>hic</span> <span class='ocrx_word' id='word_1_695' title='bbox 2496 4273 2555 4327; x_wconf 91' lang='lat' dir='ltr'>in</span> <span class='ocrx_word' id='word_1_696' title='bbox 2587 4273 2878 4344; x_wconf 68' lang='lat' dir='ltr'>praesenti.</span> 
     </span>
    </p>
   </div>
   <div class='ocr_carea' id='block_1_94' title="bbox 2056 4358 3628 4432">
    <p class='ocr_par' dir='ltr' id='par_1_94' title="bbox 2056 4358 3628 4432">
     <span class='ocr_line' id='line_1_94' title="bbox 2056 4358 3628 4432; baseline 0 -20"><span class='ocrx_word' id='word_1_697' title='bbox 2056 4386 2084 4412; x_wconf 90' lang='grc'>‹‹</span> <span class='ocrx_word' id='word_1_698' title='bbox 2117 4363 2328 4417; x_wconf 79' lang='lat' dir='ltr'>Aﬁ‘erte</span> <span class='ocrx_word' id='word_1_699' title='bbox 2356 4362 2604 4417; x_wconf 90' lang='lat' dir='ltr'>Domino</span> <span class='ocrx_word' id='word_1_700' title='bbox 2630 4359 2876 4432; x_wconf 91' lang='lat' dir='ltr'>gloriam</span> <span class='ocrx_word' id='word_1_701' title='bbox 2916 4364 2972 4414; x_wconf 91' lang='lat' dir='ltr'>et</span> <span class='ocrx_word' id='word_1_702' title='bbox 3001 4359 3303 4414; x_wconf 90' lang='lat' dir='ltr'>honorem.</span> <span class='ocrx_word' id='word_1_703' title='bbox 3330 4383 3352 4410; x_wconf 71' lang='grc' dir='ltr'>ι</span> <span class='ocrx_word' id='word_1_704' title='bbox 3407 4358 3480 4413; x_wconf 88' lang='lat' dir='ltr'>Ut</span> <span class='ocrx_word' id='word_1_705' title='bbox 3526 4375 3628 4429; x_wconf 91' lang='lat' dir='ltr'>per</span> 
     </span>
    </p>
   </div>
   <div class='ocr_carea' id='block_1_95' title="bbox 1984 4447 3626 4523">
    <p class='ocr_par' dir='ltr' id='par_1_95' title="bbox 1984 4447 3626 4523">
     <span class='ocr_line' id='line_1_95' title="bbox 1984 4447 3626 4523; baseline -0.004 -16"><span class='ocrx_word' id='word_1_706' title='bbox 1984 4468 2160 4523; x_wconf 89' lang='lat' dir='ltr'>opera</span> <span class='ocrx_word' id='word_1_707' title='bbox 2187 4454 2377 4505; x_wconf 90' lang='lat' dir='ltr'>vestra</span> <span class='ocrx_word' id='word_1_708' title='bbox 2407 4448 2765 4521; x_wconf 82' lang='lat' dir='ltr'>glorificetur</span> <span class='ocrx_word' id='word_1_709' title='bbox 2789 4454 3038 4504; x_wconf 68' lang='lat' dir='ltr'>aeternus</span> <span class='ocrx_word' id='word_1_710' title='bbox 3069 4449 3224 4503; x_wconf 91' lang='lat' dir='ltr'>Deus</span> <span class='ocrx_word' id='word_1_711' title='bbox 3255 4464 3357 4520; x_wconf 91' lang='lat' dir='ltr'>per</span> <span class='ocrx_word' id='word_1_712' title='bbox 3384 4447 3626 4502; x_wconf 91' lang='lat' dir='ltr'>verbum</span> 
     </span>
    </p>
   </div>
   <div class='ocr_carea' id='block_1_96' title="bbox 209 4535 3625 4618">
    <p class='ocr_par' dir='ltr' id='par_1_96' title="bbox 209 4535 3625 4618">
     <span class='ocr_line' id='line_1_96' title="bbox 209 4535 3625 4618; baseline -0.001 -28"><span class='ocrx_word' id='word_1_713' title='bbox 209 4535 350 4590; x_wconf 72' lang='lat' dir='ltr'>caeli</span> <span class='ocrx_word' id='word_1_714' title='bbox 374 4546 423 4590; x_wconf 88' lang='lat' dir='ltr'>et</span> <span class='ocrx_word' id='word_1_715' title='bbox 444 4539 639 4592; x_wconf 76' lang='lat' dir='ltr'>terrae:</span> <span class='ocrx_word' id='word_1_716' title='bbox 690 4538 822 4606; x_wconf 87' lang='lat' dir='ltr'>quia</span> <span class='ocrx_word' id='word_1_717' title='bbox 863 4537 1198 4592; x_wconf 83' lang='lat' dir='ltr'>abscondisti</span> <span class='ocrx_word' id='word_1_718' title='bbox 1239 4537 1351 4592; x_wconf 65' lang='lat' dir='ltr'>hzec</span> <span class='ocrx_word' id='word_1_719' title='bbox 1379 4555 1417 4592; x_wconf 87' lang='grc' dir='ltr'><em>α</em></span> <span class='ocrx_word' id='word_1_720' title='bbox 1453 4540 1796 4609; x_wconf 84' lang='lat' dir='ltr'>sapientibus</span> <span class='ocrx_word' id='word_1_721' title='bbox 1825 4543 1874 4594; x_wconf 89' lang='lat' dir='ltr'>et</span> <span class='ocrx_word' id='word_1_722' title='bbox 1909 4555 1950 4618; x_wconf 84' lang='lat' dir='ltr'>D</span> <span class='ocrx_word' id='word_1_723' title='bbox 1983 4544 2039 4595; x_wconf 91' lang='lat' dir='ltr'>et</span> <span class='ocrx_word' id='word_1_724' title='bbox 2069 4537 2423 4610; x_wconf 85' lang='lat' dir='ltr'>exemplum.</span> <span class='ocrx_word' id='word_1_725' title='bbox 2462 4537 2624 4592; x_wconf 91' lang='lat' dir='ltr'>Unde</span> <span class='ocrx_word' id='word_1_726' title='bbox 2652 4537 2831 4592; x_wconf 90' lang='lat' dir='ltr'>dicit:</span> <span class='ocrx_word' id='word_1_727' title='bbox 2867 4537 3330 4592; x_wconf 83' lang='lat' dir='ltr'>honoriﬁcabant</span> <span class='ocrx_word' id='word_1_728' title='bbox 3359 4540 3415 4590; x_wconf 88' lang='lat' dir='ltr'>et</span> <span class='ocrx_word' id='word_1_729' title='bbox 3451 4535 3625 4606; x_wconf 89' lang='lat' dir='ltr'>glori-</span> 
     </span>
    </p>
   </div>
   <div class='ocr_carea' id='block_1_97' title="bbox 201 4625 1870 4699">
    <p class='ocr_par' dir='ltr' id='par_1_97' title="bbox 201 4625 1870 4699">
     <span class='ocr_line' id='line_1_97' title="bbox 201 4625 1870 4699; baseline 0.001 -19"><span class='ocrx_word' id='word_1_730' title='bbox 201 4625 596 4698; x_wconf 80' lang='lat' dir='ltr'>prudentibus,</span> <span class='ocrx_word' id='word_1_731' title='bbox 628 4633 677 4681; x_wconf 88' lang='lat' dir='ltr'>et</span> <span class='ocrx_word' id='word_1_732' title='bbox 698 4626 956 4680; x_wconf 82' lang='lat' dir='ltr'>revelasti</span> <span class='ocrx_word' id='word_1_733' title='bbox 979 4642 1050 4681; x_wconf 87' lang='lat' dir='ltr'>ea</span> <span class='ocrx_word' id='word_1_734' title='bbox 1077 4628 1326 4696; x_wconf 73' lang='lat' dir='ltr'>parvulis</span> <span class='ocrx_word' id='word_1_735' title='bbox 1375 4626 1584 4695; x_wconf 79' lang='lat' dir='ltr'>(Matth.</span> <span class='ocrx_word' id='word_1_736' title='bbox 1629 4644 1710 4696; x_wconf 82' lang='lat' dir='ltr'>x1,</span> <span class='ocrx_word' id='word_1_737' title='bbox 1757 4629 1870 4699; x_wconf 80' lang='lat'>25).</span> 
     </span>
    </p>
   </div>
   <div class='ocr_carea' id='block_1_98' title="bbox 209 4713 1871 4787">
    <p class='ocr_par' dir='ltr' id='par_1_98' title="bbox 209 4713 1871 4787">
     <span class='ocr_line' id='line_1_98' title="bbox 209 4713 1871 4787; baseline 0 -17"><span class='ocrx_word' id='word_1_738' title='bbox 209 4716 296 4770; x_wconf 87' lang='lat' dir='ltr'>Et</span> <span class='ocrx_word' id='word_1_739' title='bbox 325 4713 581 4770; x_wconf 88' lang='lat' dir='ltr'>Ecclesia</span> <span class='ocrx_word' id='word_1_740' title='bbox 626 4713 875 4783; x_wconf 89' lang='lat' dir='ltr'>Christo,</span> <span class='ocrx_word' id='word_1_741' title='bbox 910 4719 973 4769; x_wconf 89' lang='lat' dir='ltr'>ut</span> <span class='ocrx_word' id='word_1_742' title='bbox 1004 4713 1148 4769; x_wconf 91' lang='lat' dir='ltr'>illud</span> <span class='ocrx_word' id='word_1_743' title='bbox 1178 4733 1190 4744; x_wconf 68' lang='grc' dir='ltr'><strong><em>ε</em></strong></span> <span class='ocrx_word' id='word_1_744' title='bbox 1240 4716 1586 4770; x_wconf 83' lang='lat' dir='ltr'>Providentes</span> <span class='ocrx_word' id='word_1_745' title='bbox 1628 4733 1871 4787; x_wconf 85' lang='lat' dir='ltr'>gregem,</span> 
     </span>
    </p>
   </div>
   <div class='ocr_carea' id='block_1_99' title="bbox 207 4802 1867 4875">
    <p class='ocr_par' dir='ltr' id='par_1_99' title="bbox 207 4802 1867 4875">
     <span class='ocr_line' id='line_1_99' title="bbox 207 4802 1867 4875; baseline 0.002 -19"><span class='ocrx_word' id='word_1_746' title='bbox 207 4819 336 4857; x_wconf 81' lang='lat' dir='ltr'>non</span> <span class='ocrx_word' id='word_1_747' title='bbox 391 4807 588 4870; x_wconf 89' lang='lat' dir='ltr'>coacte,</span> <span class='ocrx_word' id='word_1_748' title='bbox 648 4802 738 4858; x_wconf 83' lang='lat' dir='ltr'>sed</span> <span class='ocrx_word' id='word_1_749' title='bbox 795 4804 1104 4858; x_wconf 82' lang='lat' dir='ltr'>voluntarie</span> <span class='ocrx_word' id='word_1_750' title='bbox 1158 4803 1202 4874; x_wconf 90' lang='grc' dir='ltr'>(Ι</span> <span class='ocrx_word' id='word_1_751' title='bbox 1260 4805 1405 4859; x_wconf 89' lang='lat' dir='ltr'>Petr.</span> <span class='ocrx_word' id='word_1_752' title='bbox 1464 4821 1498 4858; x_wconf 91' lang='lat' dir='ltr'>v</span> <span class='ocrx_word' id='word_1_753' title='bbox 1554 4805 1637 4875; x_wconf 81' lang='lat'>2):</span> <span class='ocrx_word' id='word_1_754' title='bbox 1724 4805 1867 4860; x_wconf 78' lang='lat' dir='ltr'>item</span> 
     </span>
    </p>
   </div>
   <div class='ocr_carea' id='block_1_100' title="bbox 213 4892 1868 4962">
    <p class='ocr_par' dir='ltr' id='par_1_100' title="bbox 213 4892 1868 4962">
     <span class='ocr_line' id='line_1_100' title="bbox 213 4892 1868 4962; baseline 0.001 -16"><span class='ocrx_word' id='word_1_755' title='bbox 213 4893 542 4947; x_wconf 78' lang='lat' dir='ltr'>Voluntarie</span> <span class='ocrx_word' id='word_1_756' title='bbox 568 4893 887 4962; x_wconf 81' lang='lat' dir='ltr'>sacriﬁcabo</span> <span class='ocrx_word' id='word_1_757' title='bbox 936 4893 1054 4956; x_wconf 86' lang='lat' dir='ltr'>tibi,</span> <span class='ocrx_word' id='word_1_758' title='bbox 1084 4899 1135 4947; x_wconf 90' lang='lat' dir='ltr'>et</span> <span class='ocrx_word' id='word_1_759' title='bbox 1188 4892 1482 4960; x_wconf 76' lang='lat' dir='ltr'>conﬁtebor</span> <span class='ocrx_word' id='word_1_760' title='bbox 1516 4895 1732 4947; x_wconf 82' lang='lat' dir='ltr'>nomini</span> <span class='ocrx_word' id='word_1_761' title='bbox 1774 4903 1868 4948; x_wconf 89' lang='lat' dir='ltr'>tuo</span> 
     </span>
    </p>
   </div>
   <div class='ocr_carea' id='block_1_101' title="bbox 204 4979 1870 5050">
    <p class='ocr_par' dir='ltr' id='par_1_101' title="bbox 204 4979 1870 5050">
     <span class='ocr_line' id='line_1_101' title="bbox 204 4979 1870 5050; baseline 0.001 -15"><span class='ocrx_word' id='word_1_762' title='bbox 204 4981 393 5047; x_wconf 80' lang='lat' dir='ltr'>(Psal.</span> <span class='ocrx_word' id='word_1_763' title='bbox 428 4997 548 5046; x_wconf 84' lang='lat' dir='ltr'>Lm,</span> <span class='ocrx_word' id='word_1_764' title='bbox 606 4980 684 5050; x_wconf 93' lang='lat'>8).</span> <span class='ocrx_word' id='word_1_765' title='bbox 729 4981 847 5034; x_wconf 87' lang='lat' dir='ltr'>«Et</span> <span class='ocrx_word' id='word_1_766' title='bbox 902 4997 970 5036; x_wconf 82' lang='lat' dir='ltr'>ex</span> <span class='ocrx_word' id='word_1_767' title='bbox 1015 4979 1317 5035; x_wconf 89' lang='lat' dir='ltr'>voluntate</span> <span class='ocrx_word' id='word_1_768' title='bbox 1366 4997 1495 5036; x_wconf 88' lang='lat' dir='ltr'>mea</span> <span class='ocrx_word' id='word_1_769' title='bbox 1551 4983 1870 5037; x_wconf 83' lang='lat' dir='ltr'>conﬁtebor</span> 
     </span>
    </p>
   </div>
   <div class='ocr_carea' id='block_1_102' title="bbox 206 5061 1868 5143">
    <p class='ocr_par' dir='ltr' id='par_1_102' title="bbox 206 5061 1868 5143">
     <span class='ocr_line' id='line_1_102' title="bbox 206 5061 1868 5143; baseline 0.001 -19"><span class='ocrx_word' id='word_1_770' title='bbox 206 5069 296 5136; x_wconf 86' lang='lat' dir='ltr'>ei,</span> <span class='ocrx_word' id='word_1_771' title='bbox 336 5093 359 5120; x_wconf 75' lang='grc' dir='ltr'><strong><em>ι</em></strong></span> <span class='ocrx_word' id='word_1_772' title='bbox 397 5085 512 5124; x_wconf 94' lang='lat' dir='ltr'>non</span> <span class='ocrx_word' id='word_1_773' title='bbox 545 5085 612 5124; x_wconf 88' lang='lat' dir='ltr'>ex</span> <span class='ocrx_word' id='word_1_774' title='bbox 641 5069 1005 5124; x_wconf 89' lang='lat' dir='ltr'>necessitate.</span> <span class='ocrx_word' id='word_1_775' title='bbox 1040 5069 1368 5125; x_wconf 83' lang='lat' dir='ltr'>Confitebor</span> <span class='ocrx_word' id='word_1_776' title='bbox 1384 5070 1490 5124; x_wconf 90' lang='lat' dir='ltr'>tibi</span> <span class='ocrx_word' id='word_1_777' title='bbox 1513 5087 1615 5141; x_wconf 90' lang='lat' dir='ltr'>per</span> <span class='ocrx_word' id='word_1_778' title='bbox 1645 5061 1868 5143; x_wconf 85' lang='lat' dir='ltr'>baptis-</span> 
     </span>
    </p>
   </div>
   <div class='ocr_carea' id='block_1_103' title="bbox 207 5157 1869 5231">
    <p class='ocr_par' dir='ltr' id='par_1_103' title="bbox 207 5157 1869 5231">
     <span class='ocr_line' id='line_1_103' title="bbox 207 5157 1869 5231; baseline 0.002 -20"><span class='ocrx_word' id='word_1_779' title='bbox 207 5173 412 5212; x_wconf 86' lang='lat' dir='ltr'>mum.</span> <span class='ocrx_word' id='word_1_780' title='bbox 471 5177 492 5205; x_wconf 78' lang='grc' dir='ltr'>ι</span> <span class='ocrx_word' id='word_1_781' title='bbox 527 5157 810 5212; x_wconf 87' lang='lat' dir='ltr'>Dominus</span> <span class='ocrx_word' id='word_1_782' title='bbox 864 5158 1142 5213; x_wconf 84' lang='lat' dir='ltr'>fortitudo</span> <span class='ocrx_word' id='word_1_783' title='bbox 1199 5157 1353 5228; x_wconf 90' lang='lat' dir='ltr'>plebi</span> <span class='ocrx_word' id='word_1_784' title='bbox 1405 5175 1595 5213; x_wconf 65' lang='lat' dir='ltr'>suae.»</span> <span class='ocrx_word' id='word_1_785' title='bbox 1647 5159 1869 5231; x_wconf 91' lang='lat' dir='ltr'>Populo</span> 
     </span>
    </p>
   </div>
   <div class='ocr_carea' id='block_1_104' title="bbox 203 5245 1868 5317">
    <p class='ocr_par' dir='ltr' id='par_1_104' title="bbox 203 5245 1868 5317">
     <span class='ocr_line' id='line_1_104' title="bbox 203 5245 1868 5317; baseline 0.001 -17"><span class='ocrx_word' id='word_1_786' title='bbox 203 5245 572 5300; x_wconf 85' lang='lat' dir='ltr'>Christiano.</span> <span class='ocrx_word' id='word_1_787' title='bbox 598 5268 624 5294; x_wconf 92' lang='grc'><em>‹‹</em></span> <span class='ocrx_word' id='word_1_788' title='bbox 661 5245 726 5300; x_wconf 89' lang='lat' dir='ltr'>Et</span> <span class='ocrx_word' id='word_1_789' title='bbox 769 5250 1057 5317; x_wconf 90' lang='lat' dir='ltr'>protector</span> <span class='ocrx_word' id='word_1_790' title='bbox 1105 5245 1454 5301; x_wconf 87' lang='lat' dir='ltr'>salutarium</span> <span class='ocrx_word' id='word_1_791' title='bbox 1506 5246 1722 5302; x_wconf 88' lang='lat' dir='ltr'>Christi</span> <span class='ocrx_word' id='word_1_792' title='bbox 1775 5249 1868 5303; x_wconf 89' lang='lat' dir='ltr'>sui</span> 
     </span>
    </p>
   </div>
   <div class='ocr_carea' id='block_1_105' title="bbox 207 5333 1870 5406">
    <p class='ocr_par' dir='ltr' id='par_1_105' title="bbox 207 5333 1870 5406">
     <span class='ocr_line' id='line_1_105' title="bbox 207 5333 1870 5406; baseline 0.001 -18"><span class='ocrx_word' id='word_1_793' title='bbox 207 5339 333 5388; x_wconf 83' lang='lat' dir='ltr'>est.</span> <span class='ocrx_word' id='word_1_794' title='bbox 361 5356 388 5382; x_wconf 84' lang='lat'><strong>»</strong></span> <span class='ocrx_word' id='word_1_795' title='bbox 419 5333 758 5404; x_wconf 88' lang='lat' dir='ltr'>Quicunque</span> <span class='ocrx_word' id='word_1_796' title='bbox 787 5333 846 5388; x_wconf 91' lang='lat' dir='ltr'>in</span> <span class='ocrx_word' id='word_1_797' title='bbox 876 5334 1102 5389; x_wconf 91' lang='lat' dir='ltr'>Christo</span> <span class='ocrx_word' id='word_1_798' title='bbox 1133 5335 1460 5406; x_wconf 90' lang='lat' dir='ltr'>baptizatus</span> <span class='ocrx_word' id='word_1_799' title='bbox 1491 5339 1596 5400; x_wconf 89' lang='lat' dir='ltr'>est,</span> <span class='ocrx_word' id='word_1_800' title='bbox 1633 5341 1690 5390; x_wconf 91' lang='lat' dir='ltr'>et</span> <span class='ocrx_word' id='word_1_801' title='bbox 1746 5336 1870 5406; x_wconf 91' lang='lat' dir='ltr'>ipse</span> 
     </span>
    </p>
   </div>
   <div class='ocr_carea' id='block_1_106' title="bbox 1985 4623 3628 4698">
    <p class='ocr_par' dir='ltr' id='par_1_106' title="bbox 1985 4623 3628 4698">
     <span class='ocr_line' id='line_1_106' title="bbox 1985 4623 3628 4698; baseline -0.003 -17"><span class='ocrx_word' id='word_1_802' title='bbox 1985 4627 2256 4682; x_wconf 87' lang='lat' dir='ltr'>ﬁcabant.</span> <span class='ocrx_word' id='word_1_803' title='bbox 2294 4626 2465 4681; x_wconf 83' lang='lat' dir='ltr'>Filios</span> <span class='ocrx_word' id='word_1_804' title='bbox 2487 4630 2788 4698; x_wconf 86' lang='lat' dir='ltr'>generant,</span> <span class='ocrx_word' id='word_1_805' title='bbox 2813 4632 2879 4680; x_wconf 92' lang='lat' dir='ltr'>ut</span> <span class='ocrx_word' id='word_1_806' title='bbox 2907 4627 3184 4693; x_wconf 87' lang='lat' dir='ltr'>diximus,</span> <span class='ocrx_word' id='word_1_807' title='bbox 3218 4641 3320 4696; x_wconf 90' lang='lat' dir='ltr'>per</span> <span class='ocrx_word' id='word_1_808' title='bbox 3349 4623 3628 4695; x_wconf 74' lang='lat' dir='ltr'>praedica-</span> 
     </span>
    </p>
   </div>
   <div class='ocr_carea' id='block_1_107' title="bbox 1982 4714 3626 4786">
    <p class='ocr_par' dir='ltr' id='par_1_107' title="bbox 1982 4714 3626 4786">
     <span class='ocr_line' id='line_1_107' title="bbox 1982 4714 3626 4786; baseline -0.002 -16"><span class='ocrx_word' id='word_1_809' title='bbox 1982 4717 2222 4786; x_wconf 91' lang='lat' dir='ltr'>tionem,</span> <span class='ocrx_word' id='word_1_810' title='bbox 2255 4719 2318 4770; x_wconf 90' lang='lat' dir='ltr'>ut</span> <span class='ocrx_word' id='word_1_811' title='bbox 2350 4715 2566 4770; x_wconf 90' lang='lat' dir='ltr'>Paulus</span> <span class='ocrx_word' id='word_1_812' title='bbox 2605 4715 2750 4770; x_wconf 89' lang='lat' dir='ltr'>dixit</span> <span class='ocrx_word' id='word_1_813' title='bbox 2780 4733 2792 4769; x_wconf 92' lang='lat'>:</span> <span class='ocrx_word' id='word_1_814' title='bbox 2818 4721 2924 4770; x_wconf 85' lang='lat' dir='ltr'>Per</span> <span class='ocrx_word' id='word_1_815' title='bbox 2981 4714 3348 4782; x_wconf 83' lang='lat' dir='ltr'>Evangelium</span> <span class='ocrx_word' id='word_1_816' title='bbox 3391 4729 3483 4782; x_wconf 89' lang='lat' dir='ltr'>ego</span> <span class='ocrx_word' id='word_1_817' title='bbox 3533 4727 3626 4767; x_wconf 80' lang='lat' dir='ltr'>vos</span> 
     </span>
    </p>
   </div>
   <div class='ocr_carea' id='block_1_108' title="bbox 1982 4801 3623 4876">
    <p class='ocr_par' dir='ltr' id='par_1_108' title="bbox 1982 4801 3623 4876">
     <span class='ocr_line' id='line_1_108' title="bbox 1982 4801 3623 4876; baseline -0.002 -16"><span class='ocrx_word' id='word_1_818' title='bbox 1982 4807 2150 4875; x_wconf 89' lang='lat' dir='ltr'>genui</span> <span class='ocrx_word' id='word_1_819' title='bbox 2187 4805 2231 4876; x_wconf 87' lang='grc' dir='ltr'>(Ι</span> <span class='ocrx_word' id='word_1_820' title='bbox 2264 4804 2383 4860; x_wconf 89' lang='lat' dir='ltr'>Cor.</span> <span class='ocrx_word' id='word_1_821' title='bbox 2417 4822 2491 4874; x_wconf 80' lang='grc' dir='ltr'>ιν,</span> <span class='ocrx_word' id='word_1_822' title='bbox 2527 4806 2637 4874; x_wconf 86' lang='grc'>15).</span> <span class='ocrx_word' id='word_1_823' title='bbox 2672 4804 2788 4860; x_wconf 83' lang='grc' dir='ltr'>Ηοο</span> <span class='ocrx_word' id='word_1_824' title='bbox 2819 4810 2926 4868; x_wconf 84' lang='lat' dir='ltr'>est,</span> <span class='ocrx_word' id='word_1_825' title='bbox 2952 4803 3139 4875; x_wconf 86' lang='lat' dir='ltr'>gloria</span> <span class='ocrx_word' id='word_1_826' title='bbox 3185 4807 3242 4857; x_wconf 90' lang='lat' dir='ltr'>et</span> <span class='ocrx_word' id='word_1_827' title='bbox 3267 4802 3454 4856; x_wconf 91' lang='lat' dir='ltr'>honor</span> <span class='ocrx_word' id='word_1_828' title='bbox 3502 4801 3623 4856; x_wconf 90' lang='lat' dir='ltr'>Dei.</span> 
     </span>
    </p>
   </div>
   <div class='ocr_carea' id='block_1_109' title="bbox 1984 4889 3628 4964">
    <p class='ocr_par' dir='ltr' id='par_1_109' title="bbox 1984 4889 3628 4964">
     <span class='ocr_line' id='line_1_109' title="bbox 1984 4889 3628 4964; baseline -0.002 -16"><span class='ocrx_word' id='word_1_829' title='bbox 1984 4915 2012 4944; x_wconf 90' lang='lat'><strong>«</strong></span> <span class='ocrx_word' id='word_1_830' title='bbox 2043 4896 2253 4949; x_wconf 81' lang='lat' dir='ltr'>Atl‘erte</span> <span class='ocrx_word' id='word_1_831' title='bbox 2275 4893 2520 4948; x_wconf 90' lang='lat' dir='ltr'>Domino</span> <span class='ocrx_word' id='word_1_832' title='bbox 2543 4893 2789 4964; x_wconf 84' lang='lat' dir='ltr'>gloriam</span> <span class='ocrx_word' id='word_1_833' title='bbox 2814 4894 3036 4948; x_wconf 88' lang='lat' dir='ltr'>nomini</span> <span class='ocrx_word' id='word_1_834' title='bbox 3066 4893 3213 4962; x_wconf 85' lang='lat' dir='ltr'>ejus.</span> <span class='ocrx_word' id='word_1_835' title='bbox 3241 4913 3268 4941; x_wconf 84' lang='grc'><strong>››</strong></span> <span class='ocrx_word' id='word_1_836' title='bbox 3293 4889 3628 4946; x_wconf 89' lang='lat' dir='ltr'>Gloriosum</span> 
     </span>
    </p>
   </div>
   <div class='ocr_carea' id='block_1_110' title="bbox 1982 4980 3626 5055">
    <p class='ocr_par' dir='ltr' id='par_1_110' title="bbox 1982 4980 3626 5055">
     <span class='ocr_line' id='line_1_110' title="bbox 1982 4980 3626 5055; baseline -0.004 -17"><span class='ocrx_word' id='word_1_837' title='bbox 1982 4999 2088 5055; x_wconf 93' lang='lat' dir='ltr'>per</span> <span class='ocrx_word' id='word_1_838' title='bbox 2116 5000 2219 5038; x_wconf 89' lang='lat' dir='ltr'>vos</span> <span class='ocrx_word' id='word_1_839' title='bbox 2249 4999 2461 5038; x_wconf 90' lang='lat' dir='ltr'>nomen</span> <span class='ocrx_word' id='word_1_840' title='bbox 2493 4983 2621 5052; x_wconf 87' lang='lat' dir='ltr'>ejus</span> <span class='ocrx_word' id='word_1_841' title='bbox 2651 4982 2709 5036; x_wconf 92' lang='lat' dir='ltr'>in</span> <span class='ocrx_word' id='word_1_842' title='bbox 2745 4983 2972 5036; x_wconf 90' lang='lat' dir='ltr'>cunctis</span> <span class='ocrx_word' id='word_1_843' title='bbox 3007 4981 3354 5035; x_wconf 89' lang='lat' dir='ltr'>innotescat.</span> <span class='ocrx_word' id='word_1_844' title='bbox 3407 4980 3626 5034; x_wconf 89' lang='lat' dir='ltr'>Nomen</span> 
     </span>
    </p>
   </div>
   <div class='ocr_carea' id='block_1_111' title="bbox 1982 5067 3624 5141">
    <p class='ocr_par' dir='ltr' id='par_1_111' title="bbox 1982 5067 3624 5141">
     <span class='ocr_line' id='line_1_111' title="bbox 1982 5067 3624 5141; baseline -0.003 -15"><span class='ocrx_word' id='word_1_845' title='bbox 1982 5072 2200 5136; x_wconf 86' lang='lat' dir='ltr'>Patris,</span> <span class='ocrx_word' id='word_1_846' title='bbox 2261 5071 2442 5126; x_wconf 86' lang='lat' dir='ltr'>Filius</span> <span class='ocrx_word' id='word_1_847' title='bbox 2491 5076 2626 5138; x_wconf 89' lang='lat' dir='ltr'>est;</span> <span class='ocrx_word' id='word_1_848' title='bbox 2675 5069 2861 5141; x_wconf 88' lang='lat' dir='ltr'>gloria</span> <span class='ocrx_word' id='word_1_849' title='bbox 2909 5067 3144 5133; x_wconf 88' lang='lat' dir='ltr'>Christi,</span> <span class='ocrx_word' id='word_1_850' title='bbox 3198 5067 3450 5123; x_wconf 90' lang='lat' dir='ltr'>Ecclesia</span> <span class='ocrx_word' id='word_1_851' title='bbox 3517 5073 3624 5122; x_wconf 91' lang='lat' dir='ltr'>est.</span> 
     </span>
    </p>
   </div>
   <div class='ocr_carea' id='block_1_112' title="bbox 1983 5156 3628 5227">
    <p class='ocr_par' dir='ltr' id='par_1_112' title="bbox 1983 5156 3628 5227">
     <span class='ocr_line' id='line_1_112' title="bbox 1983 5156 3628 5227; baseline -0.002 -13"><span class='ocrx_word' id='word_1_852' title='bbox 1983 5182 2008 5209; x_wconf 85' lang='grc'>‹‹</span> <span class='ocrx_word' id='word_1_853' title='bbox 2043 5160 2290 5214; x_wconf 80' lang='lat' dir='ltr'>Adorate</span> <span class='ocrx_word' id='word_1_854' title='bbox 2322 5158 2638 5213; x_wconf 90' lang='lat' dir='ltr'>Dominum</span> <span class='ocrx_word' id='word_1_855' title='bbox 2671 5158 2729 5212; x_wconf 93' lang='lat' dir='ltr'>in</span> <span class='ocrx_word' id='word_1_856' title='bbox 2763 5158 2909 5212; x_wconf 90' lang='lat' dir='ltr'>atrio</span> <span class='ocrx_word' id='word_1_857' title='bbox 2968 5162 3169 5212; x_wconf 89' lang='lat' dir='ltr'>sancto</span> <span class='ocrx_word' id='word_1_858' title='bbox 3221 5158 3422 5227; x_wconf 82' lang='lat' dir='ltr'>ejus.»</span> <span class='ocrx_word' id='word_1_859' title='bbox 3470 5156 3628 5211; x_wconf 90' lang='lat' dir='ltr'>Dila-</span> 
     </span>
    </p>
   </div>
   <div class='ocr_carea' id='block_1_113' title="bbox 1981 5244 3630 5317">
    <p class='ocr_par' dir='ltr' id='par_1_113' title="bbox 1981 5244 3630 5317">
     <span class='ocr_line' id='line_1_113' title="bbox 1981 5244 3630 5317; baseline -0.001 -15"><span class='ocrx_word' id='word_1_860' title='bbox 1981 5252 2098 5302; x_wconf 89' lang='lat' dir='ltr'>tate</span> <span class='ocrx_word' id='word_1_861' title='bbox 2114 5263 2214 5302; x_wconf 89' lang='lat' dir='ltr'>cor</span> <span class='ocrx_word' id='word_1_862' title='bbox 2233 5254 2489 5302; x_wconf 89' lang='lat' dir='ltr'>vestrum</span> <span class='ocrx_word' id='word_1_863' title='bbox 2524 5249 2579 5300; x_wconf 93' lang='lat' dir='ltr'>in</span> <span class='ocrx_word' id='word_1_864' title='bbox 2613 5247 3074 5302; x_wconf 74' lang='lat' dir='ltr'>sanctificatione</span> <span class='ocrx_word' id='word_1_865' title='bbox 3115 5247 3387 5317; x_wconf 76' lang='lat' dir='ltr'>perfecta,</span> <span class='ocrx_word' id='word_1_866' title='bbox 3420 5244 3478 5298; x_wconf 91' lang='lat' dir='ltr'>in</span> <span class='ocrx_word' id='word_1_867' title='bbox 3512 5262 3630 5316; x_wconf 90' lang='lat' dir='ltr'>qua</span> 
     </span>
    </p>
   </div>
   <div class='ocr_carea' id='block_1_114' title="bbox 1982 5332 3624 5402">
    <p class='ocr_par' dir='ltr' id='par_1_114' title="bbox 1982 5332 3624 5402">
     <span class='ocr_line' id='line_1_114' title="bbox 1982 5332 3624 5402; baseline -0.002 -12"><span class='ocrx_word' id='word_1_868' title='bbox 1982 5340 2133 5390; x_wconf 90' lang='lat' dir='ltr'>Deus</span> <span class='ocrx_word' id='word_1_869' title='bbox 2164 5335 2415 5402; x_wconf 89' lang='lat' dir='ltr'>habitet;</span> <span class='ocrx_word' id='word_1_870' title='bbox 2440 5335 2497 5388; x_wconf 90' lang='lat' dir='ltr'>id</span> <span class='ocrx_word' id='word_1_871' title='bbox 2530 5340 2640 5401; x_wconf 90' lang='lat' dir='ltr'>est,</span> <span class='ocrx_word' id='word_1_872' title='bbox 2677 5337 2734 5389; x_wconf 92' lang='lat' dir='ltr'>in</span> <span class='ocrx_word' id='word_1_873' title='bbox 2769 5335 3042 5399; x_wconf 88' lang='lat' dir='ltr'>Ecclesia,</span> <span class='ocrx_word' id='word_1_874' title='bbox 3073 5332 3161 5389; x_wconf 90' lang='lat' dir='ltr'>vel</span> <span class='ocrx_word' id='word_1_875' title='bbox 3210 5334 3268 5387; x_wconf 92' lang='lat' dir='ltr'>in</span> <span class='ocrx_word' id='word_1_876' title='bbox 3321 5333 3624 5388; x_wconf 84' lang='lat' dir='ltr'>conscien-</span> 
     </span>
    </p>
   </div>
   <div class='ocr_carea' id='block_1_115' title="bbox 218 5420 3150 5494">
    <p class='ocr_par' dir='ltr' id='par_1_115' title="bbox 218 5420 3150 5494">
     <span class='ocr_line' id='line_1_115' title="bbox 218 5420 3150 5494; baseline 0.001 -19"><span class='ocrx_word' id='word_1_877' title='bbox 218 5420 496 5477; x_wconf 85' lang='lat' dir='ltr'>Christus</span> <span class='ocrx_word' id='word_1_878' title='bbox 525 5427 780 5477; x_wconf 90' lang='lat' dir='ltr'>vocatur.</span> <span class='ocrx_word' id='word_1_879' title='bbox 832 5423 1146 5478; x_wconf 91' lang='lat' dir='ltr'>Sciendum</span> <span class='ocrx_word' id='word_1_880' title='bbox 1197 5428 1394 5478; x_wconf 87' lang='lat' dir='ltr'>autem</span> <span class='ocrx_word' id='word_1_881' title='bbox 1441 5423 1596 5493; x_wconf 93' lang='lat' dir='ltr'>quod</span> <span class='ocrx_word' id='word_1_882' title='bbox 1645 5428 1700 5478; x_wconf 90' lang='lat' dir='ltr'>et</span> <span class='ocrx_word' id='word_1_883' title='bbox 1757 5425 1867 5478; x_wconf 90' lang='lat' dir='ltr'>iste</span> <span class='ocrx_word' id='word_1_884' title='bbox 1974 5424 2089 5478; x_wconf 91' lang='lat' dir='ltr'>tia:</span> <span class='ocrx_word' id='word_1_885' title='bbox 2126 5424 2224 5477; x_wconf 88' lang='lat' dir='ltr'>ubi</span> <span class='ocrx_word' id='word_1_886' title='bbox 2249 5424 2655 5494; x_wconf 89' lang='lat' dir='ltr'>unusquisque</span> <span class='ocrx_word' id='word_1_887' title='bbox 2687 5425 2929 5479; x_wconf 89' lang='lat' dir='ltr'>adorare</span> <span class='ocrx_word' id='word_1_888' title='bbox 2958 5425 3150 5479; x_wconf 89' lang='lat' dir='ltr'>debet.</span> 
     </span>
    </p>
   </div>
   <div class='ocr_carea' id='block_1_116' title="bbox 217 5509 1869 5582">
    <p class='ocr_par' dir='ltr' id='par_1_116' title="bbox 217 5509 1869 5582">
     <span class='ocr_line' id='line_1_116' title="bbox 217 5509 1869 5582; baseline 0.001 -18"><span class='ocrx_word' id='word_1_889' title='bbox 217 5509 521 5582; x_wconf 83' lang='lat' dir='ltr'>psalmus,</span> <span class='ocrx_word' id='word_1_890' title='bbox 551 5515 789 5582; x_wconf 86' lang='lat' dir='ltr'>excepta</span> <span class='ocrx_word' id='word_1_891' title='bbox 818 5527 934 5564; x_wconf 86' lang='lat' dir='ltr'>una.</span> <span class='ocrx_word' id='word_1_892' title='bbox 963 5510 1174 5576; x_wconf 87' lang='lat' dir='ltr'>littera,</span> <span class='ocrx_word' id='word_1_893' title='bbox 1213 5513 1272 5565; x_wconf 91' lang='lat' dir='ltr'>in</span> <span class='ocrx_word' id='word_1_894' title='bbox 1321 5511 1576 5567; x_wconf 67' lang='lat' dir='ltr'>Hebrazis</span> <span class='ocrx_word' id='word_1_895' title='bbox 1623 5511 1869 5567; x_wconf 86' lang='lat' dir='ltr'>volumi-</span> 
     </span>
    </p>
   </div>
   <div class='ocr_carea' id='block_1_117' title="bbox 215 5599 1868 5671">
    <p class='ocr_par' dir='ltr' id='par_1_117' title="bbox 215 5599 1868 5671">
     <span class='ocr_line' id='line_1_117' title="bbox 215 5599 1868 5671; baseline 0.002 -16"><span class='ocrx_word' id='word_1_896' title='bbox 215 5599 408 5655; x_wconf 84' lang='lat' dir='ltr'>nibus</span> <span class='ocrx_word' id='word_1_897' title='bbox 435 5599 690 5671; x_wconf 88' lang='lat' dir='ltr'>scriptus</span> <span class='ocrx_word' id='word_1_898' title='bbox 722 5599 799 5655; x_wconf 89' lang='lat' dir='ltr'>sit</span> <span class='ocrx_word' id='word_1_899' title='bbox 826 5600 1152 5654; x_wconf 88' lang='lat' dir='ltr'>secundum</span> <span class='ocrx_word' id='word_1_900' title='bbox 1204 5601 1469 5657; x_wconf 89' lang='lat' dir='ltr'>ordinem</span> <span class='ocrx_word' id='word_1_901' title='bbox 1518 5601 1868 5658; x_wconf 88' lang='lat' dir='ltr'>litterarum.</span> 
     </span>
    </p>
   </div>
   <div class='ocr_carea' id='block_1_118' title="bbox 2053 5512 3626 5586">
    <p class='ocr_par' dir='ltr' id='par_1_118' title="bbox 2053 5512 3626 5586">
     <span class='ocr_line' id='line_1_118' title="bbox 2053 5512 3626 5586; baseline 0.001 -22"><span class='ocrx_word' id='word_1_902' title='bbox 2053 5536 2079 5561; x_wconf 84' lang='lat'><strong>«</strong></span> <span class='ocrx_word' id='word_1_903' title='bbox 2114 5513 2235 5567; x_wconf 85' lang='lat' dir='ltr'>Vox</span> <span class='ocrx_word' id='word_1_904' title='bbox 2266 5512 2520 5567; x_wconf 90' lang='lat' dir='ltr'>Domini.</span> <span class='ocrx_word' id='word_1_905' title='bbox 2553 5537 2572 5560; x_wconf 73' lang='grc' dir='ltr'>ι</span> <span class='ocrx_word' id='word_1_906' title='bbox 2609 5512 2945 5568; x_wconf 69' lang='lat' dir='ltr'>Praedicatio</span> <span class='ocrx_word' id='word_1_907' title='bbox 2971 5515 3216 5568; x_wconf 89' lang='lat' dir='ltr'>Domini.</span> <span class='ocrx_word' id='word_1_908' title='bbox 3242 5515 3416 5586; x_wconf 87' lang='lat' dir='ltr'>Super</span> <span class='ocrx_word' id='word_1_909' title='bbox 3435 5528 3626 5584; x_wconf 85' lang='lat' dir='ltr'>aquas.</span> 
     </span>
    </p>
   </div>
   <div class='ocr_carea' id='block_1_119' title="bbox 1980 5601 3634 5675">
    <p class='ocr_par' dir='ltr' id='par_1_119' title="bbox 1980 5601 3634 5675">
     <span class='ocr_line' id='line_1_119' title="bbox 1980 5601 3634 5675; baseline -0.002 -18"><span class='ocrx_word' id='word_1_910' title='bbox 1980 5603 2168 5673; x_wconf 89' lang='lat' dir='ltr'>Super</span> <span class='ocrx_word' id='word_1_911' title='bbox 2211 5601 2474 5672; x_wconf 91' lang='lat' dir='ltr'>populos.</span> <span class='ocrx_word' id='word_1_912' title='bbox 2508 5601 2581 5656; x_wconf 93' lang='lat' dir='ltr'>Ut</span> <span class='ocrx_word' id='word_1_913' title='bbox 2612 5601 2755 5656; x_wconf 91' lang='lat' dir='ltr'>illud</span> <span class='ocrx_word' id='word_1_914' title='bbox 2782 5620 2794 5656; x_wconf 95' lang='lat'>:</span> <span class='ocrx_word' id='word_1_915' title='bbox 2827 5609 2996 5674; x_wconf 64' lang='lat' dir='ltr'>Aquav</span> <span class='ocrx_word' id='word_1_916' title='bbox 3017 5605 3228 5674; x_wconf 70' lang='lat' dir='ltr'>multae,</span> <span class='ocrx_word' id='word_1_917' title='bbox 3250 5604 3448 5675; x_wconf 81' lang='lat' dir='ltr'>populi</span> <span class='ocrx_word' id='word_1_918' title='bbox 3464 5602 3634 5657; x_wconf 84' lang='lat' dir='ltr'>multi</span> 
     </span>
    </p>
   </div>
  </div>
