3964 6190
383 307 501 364 955
1872 292 2291 354 APPENDIX.
3605 303 3681 364 ,ω

383 439 564 509 (Apoc.
596 449 736 502 xvu,
772 432 878 503 15).
905 430 1023 501 Vel,
1051 452 1080 480 «
1111 447 1222 485 vox
1251 428 1483 485 Domini
1515 443 1693 498 super
1748 442 1931 498 aquas
1957 468 1971 493 ,
1995 447 2023 475 η
2053 432 2108 496 Α
2136 443 2272 482 vero
2320 428 2644 499 praecidens
2695 428 2851 484 hunc
2898 429 3185 494 furorem,
3232 429 3508 484 credentes
3546 434 3687 487 ascivit

383 528 441 582 id
473 530 582 591 est,
612 525 671 578 in
705 523 1004 594 Baptisms
1036 536 1213 591 super
1231 519 1550 584 Christum,
1595 521 1662 571 ut
1709 515 1882 570 dicit:
1932 517 2030 570 Hic
2141 515 2408 571 charitati
2460 535 2615 573 suae:
2676 517 3010 574 incredulos
3065 522 3267 573 autem
3322 516 3541 589 reliquit.
3595 525 3691 576 Post

386 622 465 670 est
511 616 684 668 Filius
739 628 892 666 meus
948 611 1206 671 dilectus,
1255 609 1317 662 in
1372 623 1479 679 quo
1525 607 1671 659 mihi
1723 604 2032 675 complacui
2142 606 2441 663 ﬂammam
2474 625 2655 663 sonus
2683 609 2878 664 venit:
2915 608 2997 663 ita
3023 613 3082 663 et
3127 612 3261 679 post
3312 608 3691 678 praedicationem

389 704 599 775 (Matth.
632 720 715 767 ιιι,
768 701 875 771 17).
936 699 1109 769 Super
1159 713 1370 768 aquas:
1430 695 1569 765 quia
1625 693 1879 766 pepulus
1928 693 2027 764 qui
2142 696 2488 769 persecutio.
2510 720 2537 747 ‹‹
2568 698 2693 753 Vox
2741 698 2973 753 Domini
3031 695 3494 761 intercidentis,»
3534 696 3579 752 id
3615 704 3693 766 est,

386 794 604 848 ibidem
637 791 856 858 aderat,
886 803 1083 843 vocem
1115 784 1356 861 audivit.
1388 783 1511 854 Vel,
1541 800 1704 855 super
1728 799 1914 854 aquas,
1969 785 2036 836 ut
2142 785 2424 841 auxilium
2455 786 2615 842 illius
2645 787 2797 842 inter
2824 790 3248 858 persecutores,
3281 786 3412 856 quia
3459 786 3561 841 suis
3599 803 3692 841 san-

390 879 671 953 apostolis
707 879 817 933 ait:
852 880 946 947 Ite,
980 877 1253 945 baptizata
1281 890 1463 929 omnes
1492 877 1673 942 gentes
1703 875 1762 927 in
1806 874 2032 926 nomine
2141 876 2251 930 ctis
2297 876 2586 932 subvenit,
2643 898 2671 925 ‹‹
2707 875 3114 931 Interoidentis
3175 874 3487 942 ﬂammam,
3517 896 3540 923 ››
3581 874 3691 930 illam

389 971 596 1040 Patris,
646 972 699 1022 et
744 967 896 1037 Fil:i,
949 975 999 1020 et
1051 964 1289 1036 Spiritus
1344 964 1521 1018 sancti
1573 960 1779 1030 (Matth.
1836 977 2030 1025 XXVIII,
2142 964 2441 1031 ﬂammam
2473 964 2634 1034 idoli,
2666 964 2767 1019 ubi
2796 968 2916 1020 tres
2945 964 3110 1035 pueri
3142 963 3398 1017 fuerunt.
3426 962 3517 1016 Vel
3564 965 3695 1032 quoti-

394 1060 504 1129 19).
540 1081 567 1107 ‹‹
604 1063 752 1112 Deus
780 1052 1177 1125 majestatisﬁ»
1198 1054 1352 1108 Deus
1376 1051 1753 1123 potestatis.«
1778 1048 2036 1104 Intonuit
2143 1053 2233 1107 die
2285 1053 2341 1106 in
2400 1070 2752 1124 unoquoque
2800 1058 3094 1119 nostrum,
3146 1052 3442 1106 ﬂammam
3507 1049 3698 1105 libidinis

394 1147 677 1203 Dominus
735 1162 912 1216 super
939 1160 1124 1215 aquas
1178 1141 1468 1197 multas.»
1523 1140 1603 1195 De
1657 1137 2033 1194 tabernaculo
2143 1158 2245 1212 per
2273 1142 2699 1197 confessionem
2731 1146 2788 1196 et
2816 1141 3066 1213 gratiam
3099 1141 3303 1205 sancti
3327 1138 3552 1210 Spiritus
3574 1140 3698 1193 inter-

396 1236 653 1309 corporis
685 1233 995 1305 assumpti,
1024 1230 1363 1287 terribiliter
1418 1227 1653 1300 populis
1709 1228 2033 1282 conversio-
2144 1231 2306 1301 cidit,
2328 1230 2383 1293 id
2407 1235 2516 1300 est,
2539 1247 2640 1302 per
2662 1230 2982 1287 orationem
3013 1229 3340 1285 sacerdotis
3368 1228 3493 1284 facit
3519 1243 3699 1293 cessare,

399 1343 532 1382 nem
564 1322 918 1398 praedicavit,
990 1322 1227 1376 dicens:
1290 1319 1673 1373 Pamitentiam
1720 1318 1884 1386 agite,
1934 1333 2036 1386 ap-
2144 1319 2566 1391 sicutlegimus
2598 1336 2700 1392 per
2729 1327 2944 1383 Aaron,
2976 1319 3164 1375 Deum
3199 1317 3401 1373 fecisse
3428 1317 3482 1371 in
3530 1317 3696 1371 deserto

392 1415 787 1488 propinquabit
814 1415 962 1468 enim
992 1426 1221 1482 regnum
1246 1409 1505 1464 caelorum
1532 1407 1739 1473 (Matth.
1799 1422 1873 1473 ιν,
1924 1405 2032 1475 18).
2144 1411 2325 1479 (Num,
2359 1427 2474 1476 xvx,
2508 1410 2616 1480 46),
2654 1429 2682 1459 ‹‹
2711 1408 2833 1464 Vox
2881 1408 3118 1464 Domini
3168 1406 3539 1463 concutientis
3572 1406 3703 1461 deses

396 1506 555 1561 Sicut
584 1504 908 1559 tonitruum
940 1519 974 1556 a
1004 1501 1157 1555 nube
1212 1497 1494 1570 procedit,
1544 1495 1626 1549 ita
1683 1499 1739 1549 et
1769 1494 2036 1550 Christus
2144 1503 2292 1553 tum.
2325 1521 2352 1548 »
2387 1499 2597 1553 Anima
2640 1515 2766 1569 qua:
2825 1499 3058 1553 deserta
3107 1498 3323 1567 fuerat,
3369 1495 3702 1566 occupantibus

396 1594 653 1651 intonuit
680 1610 713 1648 ιι
744 1591 931 1646 nube:
966 1589 1072 1644 hoc
1103 1593 1209 1658 est,
1243 1589 1313 1642 de
1343 1601 1584 1657 corpore
1613 1601 1740 1649 suo,
1802 1583 2036 1654 quando
2146 1593 2278 1643 ante
2310 1605 2371 1643 se
2401 1588 2578 1653 vitiis,
2610 1589 2681 1643 ad
2714 1588 2891 1643 verba
2920 1586 3278 1660 pmnitentize
3308 1582 3702 1647 commovebitur,

397 1684 572 1740 dixit:
604 1682 992 1737 Paenitentiam
1019 1680 1165 1747 agite
1195 1676 1396 1747 (Ibid.).
2147 1682 2211 1732 ut
2240 1677 2586 1732 exeuntibus
2616 1677 2772 1732 vitiis
2829 1676 2900 1732 ab
2950 1675 3069 1744 illa,
3124 1672 3456 1731 habitabilis
3495 1677 3589 1728 Deo
3621 1670 3701 1725 ﬁat.

467 1797 494 1822 ε.
528 1772 650 1826 Vox
692 1768 923 1824 Domini
956 1768 1015 1822 in
1061 1767 1346 1822 virtute.»
1401 1765 1464 1819 In
1512 1762 1882 1818 credentibus
1932 1778 2033 1833 po-
2068 1814 2115 1833 τ,
2148 1790 2176 1817 ‹‹
2208 1766 2330 1821 Vox
2361 1766 2586 1821 Domini
2618 1765 3006 1821 concutientis
3052 1765 3424 1820 desertum.»
3479 1761 3549 1815 Ad
3586 1760 3702 1813 ﬁdem

468 1814 494 1822 ..
547 1814 650 1826 η..
692 1814 923 1824 --....-.-
958 1814 1015 1822 -..
1075 1814 1325 1822 .-_-_..--.
1402 1814 1464 1819 η
1933 1814 1996 1833 Γ
2156 1814 2175 1817 ν.
2229 1814 2586 1821 .--__-___.__-
2622 1814 3005 1821 ---_-_---,--_
3058 1814 3375 1820 ___---_-___
3530 1814 3535 1815 ,

396 1867 526 1917 tells
582 1861 756 1924 facta,
817 1857 1051 1930 quando
1109 1856 1290 1910 dixit:
1382 1856 1605 1921 Lazare,
1683 1852 1812 1907 υϐηἱ
1886 1854 2036 1923 foras
2068 1814 2520 1911 Bcommovens
2569 1860 2771 1927 gentes
2827 1856 3112 1924 desertas,
3182 1853 3244 1907 in
3312 1851 3513 1922 quibus
3566 1846 3704 1903 nullus

397 1952 578 2022 (Joan.
618 1966 696 2018 XI,
731 1948 839 2019 43).
875 1945 973 2002 Vel
1005 1946 1064 2001 in
1116 1944 1348 2013 virtute,
1408 1960 1525 2015 qua
1581 1943 1640 1998 in
1687 1955 2037 2012 unoquoque
2148 1943 2348 1999 sulcus
2379 1944 2809 2014 praedicationis
2840 1943 3158 2014 impositus
3187 1944 3315 1997 erat
3338 1941 3408 1996 ad
3463 1936 3705 2008 suscipien-

396 2043 598 2096 sancto
630 2038 908 2110 loquitur.
938 2058 967 2087 «
996 2036 1118 2091 Vox
1147 2033 1378 2090 Domini
1412 2034 1470 2089 in
1521 2030 1976 2105 magniﬁcentia.
2008 2050 2037 2079 »
2148 2034 2290 2087 dum
2319 2033 2563 2088 verbum
2597 2031 2716 2088 Dei.
2752 2031 2853 2088 Vel
2894 2037 3099 2104 gentes
3131 2048 3263 2104 quae
3318 2030 3537 2085 desertae
3576 2030 3704 2087 erant,

398 2129 638 2193 Quando
670 2128 1081 2200 magniﬁcatur
1110 2142 1211 2197 per
1242 2141 1417 2196 opera
1448 2127 1802 2180 sanctorum.
1836 2120 2040 2188 Magni—
2150 2138 2442 2177 conversae
2469 2126 2609 2179 sunt
2639 2123 2710 2177 de
2764 2121 3110 2177 inﬁdelitate
3142 2122 3215 2175 ad
3257 2120 3447 2186 ﬁdem,
3497 2132 3582 2187 per
3624 2130 3705 2168 ver-

398 2215 929 2292 ficentia,Ecclesiis
959 2214 1220 2271 dilatata.
2149 2213 2291 2267 bum
2350 2211 2807 2283 praedicationis.
2884 2211 3008 2265 «Et
3068 2207 3453 2265 commovebit
3502 2204 3703 2261 Dominus

473 2334 500 2361 «
532 2310 657 2365 Vox
714 2306 942 2362 Domini
1023 2303 1444 2375 confringant-is
1524 2302 1747 2357 cedros.
1773 2321 1800 2349 »
1873 2299 2040 2355 Cedri
2151 2303 2445 2357 desertum
2477 2300 2724 2356 Gades.»
2760 2301 2922 2355 Tunc
2946 2299 3396 2355 celebrabuntur
3423 2297 3521 2351 hac
3562 2292 3704 2349 mundi

403 2402 679 2456 dicuntur
709 2412 913 2451 omnes
935 2394 1240 2459 sublimes,
1274 2398 1330 2447 et
1359 2393 1590 2460 excelsi,
1642 2393 1729 2448 vel
1780 2395 2036 2466 superbi.
2152 2395 2469 2454 solitudine
2497 2394 2673 2449 verba
2703 2396 2905 2448 soncta
2936 2392 3130 2464 Legis,
3167 2407 3295 2461 qum
3327 2388 3477 2462 prius
3503 2403 3533 2441 a
3554 2382 3703 2438 Judais

404 2486 737 2556 Confringet
795 2482 948 2548 illos,
1009 2486 1109 2535 aut
1161 2481 1584 2552 paenitentiam,
1662 2486 1764 2537 aut
1830 2483 1889 2537 in
1949 2483 2042 2539 die
2152 2510 2269 2549 non
2319 2487 2833 2558 intelligebantur:
2890 2482 3029 2553 quia
3088 2482 3280 2546 Gades,
3357 2481 3704 2551 interpretatur,

394 2574 601 2648 judicii
659 2573 717 2626 in
774 2570 1048 2626 vindicta.
1114 2568 1325 2641 Cedros,
1405 2569 1689 2641 superbos
1755 2588 2039 2642 quosque.
2151 2585 2379 2638 sancta,
2427 2575 2529 2631 Vel
2588 2573 2791 2630 aliter:
2862 2572 3249 2628 «Commotio
3328 2570 3544 2626 tinem.-
3606 2567 3704 2622 Bene

403 2669 544 2721 Ecce
572 2663 778 2718 securis
807 2660 875 2715 ad
932 2659 1142 2713 radices
1171 2657 1439 2713 arborum
1482 2660 1662 2729 posita
1707 2667 1789 2714 est
1834 2660 2040 2729 (Matth.
2153 2668 2286 2726 illos
2314 2669 2481 2723 tinea;
2538 2662 2916 2734 comparavit,
2975 2661 3119 2732 quia
3164 2661 3317 2716 sicut
3364 2660 3507 2714 tinea
3547 2669 3706 2728 pannos

407 2771 491 2822 ιιι,
526 2752 634 2824 10).
686 2773 714 2801 ‹‹
747 2748 1183 2821 Gonfringentis
1241 2747 1519 2815 cedros,»
1576 2747 1898 2804 humilians
1951 2766 1972 2805 s

2154 2756 2442 2816 comedit:
2484 2753 2570 2810 sic
2630 2750 2989 2807 conscientia
3034 2767 3243 2806 eorum
3287 2766 3382 2805 eos
3425 2743 3701 2804 comedebat.

405 2843 636 2917 perbos.
670 2839 987 2896 Sciendum
1016 2837 1168 2910 quod
1197 2836 1407 2892 cedrus
1436 2836 1582 2892 duas
1614 2835 1791 2892 habet
1832 2838 2043 2893 intelli-
2156 2871 2184 2899 α
2216 2843 2535 2904 commotio
2602 2840 2769 2896 tinem
2793 2861 2821 2890 »
2873 2839 3107 2907 dicitur,
3162 2857 3228 2894 eo
3278 2838 3422 2910 quod
3477 2830 3708 2892 commovit

400 2933 655 3006 Bantius,
688 2930 841 2985 Βίοοῒ
877 2933 935 2983 9t
964 2926 1293 2983 υηίθονῐιίεε
1329 2925 1432 2981 hoc
1463 2931 1573 2993 est,
1629 2926 1677 2980 Si
1728 2926 1798 2982 ad
1832 2926 2042 2983 bonam
2155 2939 2286 2994 illos
2335 2936 2406 2991 de
2446 2932 2683 2988 illorum
2718 2928 3083 2986 conscientia
3134 2944 3330 3002 prava,
3363 2927 3429 2982 ad
3475 2924 3616 2980 ﬁdem
3640 2921 3707 2976 Ec-

405 3020 909 3094 partem,justos;
943 3017 991 3071 si
1039 3016 1107 3072 ad
1163 3014 1402 3079 malam,
1448 3019 1777 3087 peccatores
1827 3033 1894 3070 ac
1942 3034 2046 3072 su-
2156 3027 2364 3084 desim,

406 3110 617 3182 perbos
638 3106 913 3164 ostendit.
949 3128 975 3155 «
1010 3105 1077 3160 Et
1134 3104 1458 3176 confringet
1505 3104 1791 3160 Dominus
1844 3106 2045 3161 cedrus
2085 3172 2118 3182 Α
2230 3115 2411 3170 «Vox
2491 3110 2719 3168 Domini
2783 3109 3173 3181 prmparantis
3248 3121 3456 3162 cervos.
3486 3124 3509 3152 n
3565 3100 3709 3155 Cervos

406 3197 633 3253 Libani.
660 3218 687 3245 ››
720 3195 987 3250 Conteret
1016 3211 1119 3266 per
1146 3193 1545 3264 paenitentiam
1577 3192 1858 3250 elationes
1917 3195 2046 3264 ejus
2078 3172 2121 3237 σε
2158 3205 2361 3261 volunt
2417 3200 2656 3273 quidam
2717 3172 2925 3270 quasi-
2947 3202 3320 3268 superatores
3370 3199 3707 3247 venenosmm

407 3303 473 3342 ac
502 3284 733 3341 collidet
763 3284 903 3339 dum
934 3281 1214 3355 ignobilia
1244 3281 1435 3353 elegit,
1468 3291 1534 3337 ut
1561 3282 1734 3337 fortia
1789 3287 2050 3338 conterat
2157 3294 2492 3365 linguarum
2522 3290 2584 3343 in
2613 3287 2890 3343 Ecclesia.
2934 3285 3118 3355 Cervi,
3179 3282 3569 3358 pradicatores.
3610 3272 3707 3365 PMB:

404 3380 461 3431 εἴ
490 3375 828 3431 confundat
2159 3358 2382 3455 paravit
2409 3379 2562 3444 illos,
2591 3376 2825 3449 quando
2859 3375 3023 3430 misit
3044 3374 3211 3444 ipsos
3241 3371 3547 3445 praedicare.
3594 3358 3706 3455 Cervi

478 3488 506 3516 «
539 3466 611 3520 Et
640 3464 998 3519 comminuet
1026 3478 1124 3517 eos
1154 3465 1219 3516 ut
1249 3460 1464 3517 vitulos
1512 3460 1785 3517 Libani.»
1834 3462 2048 3517 Ramos
2158 3449 2485 3527 ξνεωεθυηι,
2531 3472 2589 3523 et
2644 3464 2873 3521 calcant
2929 3464 3134 3535 spinas
3194 3462 3277 3518 vel
3303 3462 3602 3531 serpentes:
3635 3449 3703 3511 sic,

407 3569 630 3619 eorum,
664 3557 720 3607 et
746 3550 999 3623 virgulta
1026 3549 1284 3605 calcibus
1311 3551 1643 3606 verberans.
1697 3554 1805 3605 Pro
1836 3549 1944 3605 hoc
1987 3551 2047 3605 in
2096 3579 2102 3585 ι
2158 3566 2213 3616 et
2245 3557 2652 3631 praedicatores
2680 3569 2897 3609 vevona
2917 3551 3135 3607 diaboli
3184 3555 3242 3607 et
3285 3549 3472 3621 spinas
3513 3542 3704 3631 peccato:

408 3641 644 3695 Hebraeo
675 3621 871 3706 habet,
904 3643 954 3694 et
1001 3639 1207 3694 vitulus
1259 3640 1478 3694 Libani.
1532 3638 1735 3694 Excisa
1775 3640 2050 3710 superbia
2159 3621 2289 3703 rum
2318 3648 2647 3712 transeunt,
2678 3646 2735 3697 et
2787 3642 2859 3698 ad
2909 3640 3118 3695 altiora
3169 3639 3428 3711 fugiunt:
3472 3633 3522 3687 id
3548 3632 3631 3693 est,
3662 3621 3704 3676 ad

409 3745 475 3784 ac
504 3727 842 3799 petulantia,
873 3727 1112 3782 adducit
1138 3743 1237 3783 eos
1284 3729 1355 3782 ad
1402 3726 1790 3782 imitationem
1842 3727 2048 3783 huma—
2158 3735 2474 3792 theorioam
2532 3733 2733 3789 vitam,
2772 3754 2792 3780 ι
2829 3731 2898 3785 Et,
2955 3728 3234 3785 revelabit
3279 3725 3604 3793 condensa.»
3632 3712 3706 3768 Ob-

410 3817 611 3873 nitatis
634 3833 773 3882 sum,
807 3816 945 3887 quia
973 3821 1255 3888 tanquam
1286 3816 1506 3871 vitulus
1551 3816 1890 3872 immolatus
1938 3820 2046 3872 est.
2160 3843 2329 3882 scum
2359 3824 2690 3880 divinarum
2737 3820 3177 3891 scripturarum
3228 3816 3344 3872 sive
3390 3805 3707 3891 mysteriorutn

411 3907 525 3962 Iste
545 3905 766 3961 vitulus
795 3886 884 3961 est
914 3886 1220 3977 saginatus
1250 3905 1349 3976 qui
1379 3906 1609 3961 occisus
1640 3911 1730 3961 est
1765 3910 1921 3974 (Luc.
1955 3923 2047 3976 xv,
2161 3912 2504 3979 caelestium,
2540 3926 2642 3983 per
2670 3886 2955 3979 Spiritum
2987 3898 3553 3977 sanctumjpatefccit.
3598 3886 3708 3983 [inde

408 3998 498 4061 23,
528 3997 618 4063 27,
651 3996 764 4067 30),
797 3995 905 4052 hoc
935 4000 1045 4060 est,
1094 3992 1361 4049 Christus
1420 4010 1525 4065 pro
1583 3993 1771 4049 salute
1820 3995 2047 4049 mundi.
2159 4004 2217 4058 io
2250 3977 2561 4073 {cvangelio
2590 3998 2675 4054 illi
2704 3977 2818 4052 duo
2869 3996 3085 4068 quibus
3132 3996 3258 4068 ipse
3306 3986 3564 4073 apparuit,
3603 3977 3706 4034 dice-

408 4085 567 4141 Sicut
594 4084 909 4157 confringit
937 4082 1156 4138 vitulus
1187 4083 1259 4138 de
1283 4082 1561 4138 cornibus
1590 4082 1843 4153 virgulta
1889 4087 1973 4138 ten

2159 4093 2339 4146 bant:
2371 4087 2949 4158 Nonnecoranostrum
2979 4084 3178 4140 ardens
3205 4082 3403 4139 eratin
3436 4072 3583 4135 nobis,
3626 4076 3706 4121 ουκ

412 4192 516 4229 ra:
553 4174 634 4228 ita
690 4173 958 4229 Christus
1006 4172 1289 4244 confregit
1341 4171 1595 4227 Judaaos.
1647 4171 1809 4226 Unde
1867 4171 2048 4227 dixit:
2162 4181 2475 4250 loqueretur
2503 4178 2564 4231 in
2589 4177 2701 4240 via,
2732 4184 2788 4229 et
2814 4176 3059 4244 aperiret
3086 4174 3248 4229 nobis
3304 4159 3706 4249 Scriptw-aHLult.

410 4266 533 4319 Jam
558 4264 763 4317 securis
795 4262 863 4316 ad
892 4262 1111 4317 radices
1165 4261 1423 4316 arborum
1467 4262 1645 4331 posita
1701 4263 1777 4315 est
1829 4260 2051 4330 (Matth.
2162 4249 2308 4335 xxiv,
2370 4264 2509 4336 3‘2)?
2572 4285 2598 4315 α
2630 4264 2700 4317 Et
2756 4264 2817 4317 in
2861 4260 3080 4333 templo
3142 4262 3289 4331 ejus.
3324 4279 3350 4308 »
3397 4256 3501 4311 Hoc
3544 4249 3635 4336 est,
3668 4253 3705 4336 ιῐξ

417 4368 502 4420 ιιι,
536 4350 643 4421 10).
680 4355 747 4404 Et
775 4349 1026 4405 dilectus
1057 4329 1555 4421 quemadmodum
1608 4348 1763 4405 ﬁlius
1816 4329 2053 4404 unicor-
2163 4329 2453 4412 Ecclosia;
2493 4374 2515 4403 σ
2547 4354 2761 4409 Omnes
2820 4329 3017 4407 diccn—t
3072 4329 3336 4424 glofiom,
3368 4368 3395 4397 ››
3448 4329 3709 4424 Collaudat}?

414 4418 613 4494 nium.
635 4460 662 4487 »
695 4438 905 4493 Factus
935 4443 1023 4493 est
1043 4418 1289 4494 dilectus
1324 4438 1501 4493 Filius
1530 4437 1630 4493 Dei
1680 4454 1782 4509 per
1831 4453 2056 4493 assum-
2112 4506 2120 4517 ἱ
2165 4444 2488 4500 claritatem
2518 4442 2639 4497 Dei,
2671 4440 2775 4496 Ve]
2799 4440 2985 4513 gloria
3006 4418 3182 4512 Ρέξιιί,
3216 4434 3436 4497 etpilio,
3463 4432 3513 4485 et
3534 4418 3705 4494 spiritui

414 4529 676 4602 ptionem
716 4528 997 4598 corporis.
1057 4527 1213 4583 {ilius
1256 4528 1616 4593 Judzeorum,
1676 4532 1732 4581 et
1790 4526 2059 4589 contrivit
2088 4538 2133 4601 D
2168 4538 2388 4589 sancto,

413 4636 512 4674 eos
543 4619 643 4690 qui
674 4634 777 4690 per
806 4616 1141 4688 superbiam
1174 4616 1558 4688 singularem,
1617 4632 1785 4671 suam
1836 4615 2056 4687 erigere
2238 4646 2265 4672 ‹‹
2299 4622 2584 4677 Dominus
2602 4619 2901 4674 diluvium
2933 4619 3256 4674 inhabitare
3302 4612 3443 4671 facit.
3467 4632 3486 4656 ι
3534 4596 3704 4692 Aridum

405 4707 704 4779 justitiam
738 4706 1119 4762 conabantur.
1163 4704 1431 4761 Christus
1488 4709 1576 4760 est
1623 4702 1780 4758 filius
1825 4703 2058 4759 Judaao-
2170 4716 2385 4766 terram
2447 4710 2600 4765 Deus
2649 4725 2764 4763 non
2816 4709 3094 4780 possidet.
3151 4703 3333 4763 Simul
3380 4692 3580 4755 attende
3628 4693 3704 4780 νιιιξ

414 4814 567 4867 rum,
623 4796 763 4869 quia
818 4813 886 4851 ex
938 4796 1118 4867 slirpe
1174 4810 1377 4849 eorum
1434 4794 1760 4849 secundum
1821 4808 2055 4847 carnem
2166 4798 2346 4866 verbi,
2380 4799 2535 4870 quod
2570 4814 2683 4853 non
2716 4770 2929 4852 dixerit
2970 4813 3171 4868 aquas,
3223 4792 3318 4850 sed
3365 4783 3629 4870 diluvium;
3665 4770 3704 4820 υί

416 4887 543 4942 fuit.
600 4887 785 4941 Judaei
839 4885 1151 4940 unicornes
1207 4884 1504 4949 dicuntur,
1564 4899 1667 4953 pro
1740 4899 1859 4937 una
1930 4880 1981 4937 le

2168 4866 2592 4943 abundantiam
2652 4885 2850 4956 gratias
2903 4866 3225 4957 Spiritualis
3269 4873 3589 4958 ostenderet,
3617 4866 3702 4958 ὶξης

415 4991 589 5045 quam
622 4975 977 5042 habuerunt,
1002 4991 1104 5045 per
1134 4989 1311 5044 quam
1343 4972 1401 5027 in
1448 4970 1781 5042 superbiam
1841 4987 1904 5025 se
1956 4986 2058 5025 ex-
2168 4993 2346 5048 quam
2378 4976 2434 5030 in
2469 4991 2605 5031 arca
2633 4953 2752 5030 Noe
2782 4953 3016 5030 sanctos
3046 4992 3080 5030 ει
3110 4968 3373 5028 ﬂuctibus
3387 4957 3550 5021 saeculi
3577 4953 3703 5048 hall”

415 5033 695 5119 t‘uloront.
964 5033 1021 5045 ’⁵
1150 5033 1168 5044 ⁸
1522 5033 1541 5042 ⁸
2168 5033 2478 5137 protegens
2508 5065 2674 5135 (Gen.
2706 5080 2804 5131 vn,
2839 5065 2948 5135 18).
2981 5065 3050 5119 Et
3105 5062 3273 5117 modo
3310 5048 3558 5137 inhabitat
3582 5033 3702 5137 .dl‘ll’:

485 5153 667 5207 «Vox
729 5154 955 5208 Domini
1012 5150 1415 5208 intereidentis
1472 5151 1773 5206 ﬂammam
1826 5149 2000 5222 ignis.
2030 5173 2056 5199 ››
2166 5156 2327 5209 vium
2378 5154 2437 5209 in
2486 5152 2846 5208 conscientia
2902 5127 3003 5224 per
3057 5144 3452 5207 abundantiam
3516 5127 3701 5224 δρίζίξίξξ

414 5242 814 5297 Paenitentiam
833 5207 1095 5298 Joannes
1115 5207 1436 5297 inideserto
1457 5240 1800 5312 praedicans,
1824 5207 2056 5295 amnem
2168 5207 2378 5307 sancti,
2404 5207 2508 5314 per
2529 5207 2542 5208 ί
2564 5257 2741 5313 quem
2797 5207 3068 5297 delentur
3109 5241 3352 5312 peccata.
3375 5254 3401 5280 »
3449 5226 3505 5281 Εἴ

413 5330 694 5403 gehennae
741 5332 1140 5404 restinguebat
1196 5336 1487 5386 ardorem.
1532 5331 1945 5395 Interccdentis,
1999 5328 2056 5384 id
2168 5300 2452 5387 Dominus
2484 5300 2597 5386 rex‘
2638 5331 2697 5385 in
2747 5300 3129 5385 aeternum»).
3164 5333 3227 5382 In
3276 5314 3515 5381 Ecclesiis
3558 5300 3695 5404 velut!)

413 5424 521 5489 est,
548 5419 862 5475 dividentis
884 5425 1318 5492 persecutorem
1348 5422 1635 5475 furentem
1659 5419 2055 5473 iracundiam:
2169 5420 2408 5487 sanctis,
2443 5420 2541 5491 qui
2575 5420 2741 5475 sedes
2773 5421 2900 5491 ejus
2931 5419 3112 5474 effecti
3146 5419 3297 5483 sunt,
3326 5408 3398 5464 vel
3440 5389 3693 5492 humili“?

415 5526 549 5564 cum
572 5509 669 5565 alii
702 5472 978 5576 dicerernt,
1005 5513 1101 5565 Hic
1125 5519 1202 5565 est
1246 5511 1513 5580 Christus,
1553 5509 1657 5564 alii
1699 5518 1885 5563 autem
1914 5507 2059 5562 dice-
2167 5507 2381 5564 Christi
2396 5472 2478 5564 ἀδ
2508 5472 2820 5564 dexteram"
2835 5509 2934 5564 Dei
2970 5506 3172 5565 Patris.
3223 5472 3411 5574 Reges,
3455 5478 3601 5545 sane“
3634 5472 3692 5525 δν

414 5602 569 5678 bant,
602 5619 712 5659 non
726 5620 745 5659 :
774 5601 887 5659 sed
914 5601 1122 5658 seducit
1149 5601 1371 5654 turbam
1401 5598 1579 5669 (Joan.
1639 5614 1740 5665 vn,
1796 5597 1906 5667 12).
1959 5595 2061 5651 Ille
2169 5601 2405 5669 cuntur,
2437 5595 2538 5669 qui
2568 5612 2630 5653 se
2653 5601 2885 5668 regunt.
