3964 6190
373 333 490 392 959

1867 336 2287 397 APPENDIX.

3587 341 3664 400 960

372 465 615 536 patubat
643 479 789 519 esse.
825 465 891 518 Et
918 466 1060 519 dum
1092 464 1175 519 sic
1216 467 1547 537 cogitasset,
1579 472 1636 522 et
1664 471 1828 522 tanta
1858 468 2010 523 bona
2041 471 2094 534 Α
2124 471 2212 523 est
2243 484 2578 535 conversus,
2613 471 2670 522 et
2699 483 2825 538 quin
2856 465 3129 536 deinceps
3161 480 3286 519 cum
3327 465 3437 536 ipso
3473 471 3671 538 Domino,

372 555 421 608 ei
451 555 726 620 dedisset,
779 554 953 625 empit
990 554 1245 625 cogitare
1293 556 1432 626 quid
1474 561 1628 611 esset
1661 573 1866 626 causae,
1920 574 2023 611 cur

375 644 742 713 praecepisset
785 643 836 698 ei
871 648 1018 698 Deus
1066 660 1136 698 ne
1185 646 1544 716 contingeret
1596 646 1665 700 de
1715 661 1886 716 pomo
1926 661 2019 700 ve-

374 732 477 788 tito
526 732 676 803 (Cen.
731 751 814 798 111,
865 733 898 786 3
935 735 1094 803 'seq.).
1161 734 1274 787 Hoc
1325 749 1480 804 vero,
1532 735 1741 805 inquit,
1776 735 2020 806 probare

376 823 522 875 volo.
558 823 624 875 Et
656 823 761 889 [AL
795 822 866 888 ei]
917 822 1178 893 contigit,
1229 827 1286 876 et
1316 823 1596 893 probavit,
1631 828 1769 895 quia
1797 825 2019 895 projec-

375 915 471 964 tus
505 915 611 964 est.

453 1019 480 1050 ‹‹
521 998 781 1065 Domine,
822 999 880 1052 in
928 999 1228 1054 voluntate
1285 1004 1388 1055 tua
1448 1002 1769 1071 praestitisti
1827 1003 2016 1058 decori

378 1105 505 1142 meo
551 1087 845 1142 virtutem.
902 1111 928 1136 ››
973 1089 1042 1141 Et
1092 1088 1220 1160 ipsa
1267 1093 1355 1143 est
1385 1106 1491 1144 vox
1540 1091 1673 1144 Adae
1705 1096 2018 1162 postquam

379 1178 672 1247 projectus
713 1182 800 1232 est
843 1178 910 1231 de
942 1177 1211 1247 paradiso
1244 1195 1346 1249 pro
1379 1195 1485 1234 suo
1519 1178 1708 1250 culpa.
1733 1180 1895 1248 (Ibid.
1930 1182 2017 1249 23,

375 1267 484 1335 24).
518 1270 678 1320 'I‘unc
709 1265 976 1337 cognovit
1020 1267 1174 1336 quod
1225 1266 1511 1337 sapientia
1557 1267 1704 1323 lucis
1735 1269 1806 1322 ab
1840 1286 1905 1323 eo
1929 1285 2018 1323 re-

383 1354 672 1419 cessisset,
734 1359 790 1408 et
833 1356 988 1426 quod
1039 1372 1071 1409 a
1113 1355 1228 1410 Deo
1280 1356 1336 1409 in
1400 1356 1668 1427 paradiso
1700 1357 2017 1413 collocatus

381 1444 568 1497 fuerat
600 1443 994 1508 abundantia),
1047 1460 1162 1498 non
1209 1462 1242 1498 a
1293 1445 1624 1516 semetipso.
1689 1469 1708 1494 α
1746 1446 2020 1502 Avertisti

375 1533 582 1588 faciem
615 1537 778 1586 tuam
822 1549 856 1587 a
907 1549 1020 1600 me,
1074 1538 1130 1586 et
1167 1533 1356 1588 factus
1387 1551 1520 1588 sum
1552 1535 1956 1589 conturbatus.
1991 1557 2017 1584 ››

376 1623 540 1676 Tunc
571 1622 776 1676 avertit
809 1621 1016 1676 faciem
1052 1639 1220 1676 suam
1249 1622 1402 1677 Deus
1434 1624 1504 1677 ab
1529 1624 1736 1691 Adam,
1787 1625 2019 1695 quando

376 1711 651 1783 peccavit.
684 1711 753 1763 Et
781 1714 920 1764 tunc
953 1711 1335 1766 conturbatus
1357 1715 1462 1778 est,
1498 1713 1730 1781 quando
1762 1713 1869 1768 sub
1902 1729 2021 1768 ma-

373 1799 686 1853 ledictione
717 1798 787 1851 de
819 1798 1089 1868 paradiso
1121 1801 1423 1870 projectus
1457 1806 1563 1855 est.
1600 1801 1667 1854 Et
1699 1801 2018 1872 unusquis-
2053 1840 2100 1904 B

383 1903 496 1958 que
545 1887 719 1942 homo
767 1887 998 1958 quando
1049 1889 1120 1942 de
1159 1888 1282 1943 suis
1333 1890 1717 1944 conturbatur
1746 1892 2017 1962 peccatis.

382 1976 486 2031 Vel
518 1975 721 2031 aliter:
771 1999 799 2024 ‹‹
835 1976 1094 2043 Domine,
1142 1977 1201 2031 in
1252 1977 1547 2033 voluntate
1576 1983 1695 2046 tua,
1732 2001 1760 2028 »
1805 1984 1860 2034 et
1907 1997 2023 2034 non

381 2083 449 2121 ex
481 2082 646 2120 mea:
683 2065 1059 2120 «Praestitisti
1092 2067 1283 2121 decori
1317 2084 1497 2134 meo,»
1536 2069 1760 2140 corpori
1791 2085 2023 2124 assum-

384 2160 482 2227 pto
517 2172 527 2208 :
563 2157 841 2220 virtutem,
871 2159 935 2208 ut
964 2160 1018 2210 te
1049 2171 1472 2227 cognoscerem.
1535 2181 1561 2206 «
1622 2158 1892 2213 avertisti
1944 2159 2024 2212 fa-

384 2245 530 2299 ciem
561 2249 723 2299 tuam
756 2261 790 2298 a
819 2260 931 2312 me,
958 2267 984 2292 ››
1020 2261 1148 2298 cum
1176 2263 1470 2316 peccaram
1495 2265 1507 2301 :
1535 2268 1556 2294 α
1585 2251 1640 2301 et
1671 2248 1858 2302 factus
1888 2263 2020 2302 sum

381 2333 786 2387 conturbatus.
815 2354 841 2379 »
865 2332 1207 2402 Ignorabam
1240 2333 1394 2388 enim
1429 2334 1618 2389 adhuc
1649 2335 1845 2390 lumen
1875 2336 2019 2390 veri-

383 2421 520 2475 tatis
551 2426 684 2474 tuae.

461 2533 480 2556 «ι
518 2509 601 2562 Ad
644 2514 719 2574 te,
755 2509 1016 2575 Domine,
1051 2509 1335 2577 clamabo,
1387 2517 1444 2566 et
1490 2513 1561 2566 ad
1613 2517 1790 2566 Deum
1825 2529 2020 2567 meum

385 2598 758 2669 deprecabor.
837 2617 857 2643 α
910 2597 1174 2653 Christus
1219 2599 1501 2655 Dominus
1541 2601 1649 2656 hoc
1700 2602 1863 2667 dicit,
1923 2603 2021 2673 qui

385 2704 487 2758 pro
557 2687 856 2758 redempto
932 2687 1145 2758 populo
1222 2688 1548 2757 interpellat
1622 2691 1692 2744 ad
1764 2690 2017 2746 Patrem.

385 2775 653 2832 Christus
712 2775 980 2832 clamavit
1040 2777 1096 2829 in
1156 2794 1344 2845 cruce,
1402 2783 1457 2832 et
1512 2778 1768 2834 Ecclesia
1807 2779 1867 2833 in
1901 2795 2023 2850 per-

385 2866 697 2921 secutione.

463 2980 482 3004 α
528 2959 660 3020 Quae
695 2955 916 3011 utilitas
947 2956 1004 3010 in
1049 2957 1333 3028 sanguine
1365 2975 1513 3028 meo,
1547 2959 1688 3013 dum
1741 2959 2025 3014 descendo

386 3047 445 3100 in
477 3046 908 3116 corruptionem
937 3045 963 3100 ?
991 3070 1012 3098 ι
1046 3046 1102 3099 Si
1134 3064 1248 3101 non
1281 3047 1695 3102 Resurrexero:
1727 3065 1860 3103 nam
1891 3049 2028 3120 quia

388 3131 608 3190 effusus
654 3141 743 3189 est
769 3134 1009 3206 sanguis
1041 3151 1226 3200 meus,
1261 3152 1498 3207 surgam
1553 3141 1609 3190 et
1656 3136 1732 3190 sit
1781 3135 2023 3199 utilitas.

2131 562 2188 612 et
2214 559 2285 612 ad
2317 557 2513 628 ipsum
2546 557 2880 623 Dominum,
2906 556 3027 626 jam
3059 554 3338 609 mundata
3366 557 3480 626 agni
3498 562 3675 629 sangui-

2132 663 2203 702 ne
2229 646 2400 700 dicit:

2206 758 2227 784 α
2290 735 2638 790 Conscidisti
2690 751 2924 790 saccum
2975 749 3210 788 meum.
3273 756 3300 781 »
3348 733 3673 792 Velamentum

2131 828 2497 895 peccatorum
2531 840 2828 890 meorum;
2863 822 3001 894 quia
3027 839 3253 888 saccus,
3286 827 3341 876 et
3383 822 3591 878 cilicium
3627 827 3674 880 ad

2129 916 2460 983 peccatores
2493 912 2761 984 pertinet.
2797 913 2943 966 Dum
2975 926 3110 982 ergo
3139 910 3312 965 dicit:
3354 933 3379 960 «
3409 911 3676 968 Conscidisti

2131 1018 2362 1057 saccum
2426 1018 2641 1056 meum.
2704 1023 2732 1050 »
2789 1005 2846 1055 et
2902 999 3039 1054 alibi
3097 999 3277 1065 dicit;
3335 1001 3588 1054 Induebum
3624 1019 3680 1056 me

2127 1092 2330 1156 cilicio,
2391 1101 2442 1146 et
2497 1090 2858 1146 humiliabam
2914 1091 2974 1143 in
3009 1089 3226 1160 jejunio
3282 1090 3505 1142 animam
3553 1108 3681 1145 meam

2131 1179 2305 1247 (Psal.
2366 1197 2568 1246 xxxiv,
2622 1179 2748 1249 13),
2803 1181 2859 1232 et
2900 1177 3137 1248 quidem
3194 1175 3447 1231 Christus
3495 1194 3585 1232 non
3626 1185 3685 1232 est

2130 1285 2274 1323 usus
2305 1269 2417 1322 isto
2449 1269 2813 1322 indumento.
2848 1266 2995 1332 Quid
3047 1265 3124 1320 sit
3154 1281 3355 1320 saccus
3383 1264 3581 1332 Christi,
3607 1267 3684 1321 nisi

2133 1356 2460 1411 mortalitas
2490 1373 2667 1426 quam
2720 1356 2790 1410 de
2837 1353 3005 1409 nobis
3054 1352 3574 1424 assumpsit?Tunc
3593 1371 3685 1408 con-

2131 1446 2354 1500 scissus
2384 1450 2473 1500 est
2499 1446 2607 1500 iste
2633 1460 2856 1515 saccus,
2891 1443 3124 1515 quando
3159 1442 3500 1506 ressurrexit,
3545 1447 3589 1497 et
3611 1444 3684 1497 im-

2131 1533 2396 1589 mortalis
2425 1535 2662 1589 ell‘ectus
2691 1538 2800 1589 est.
2860 1534 2928 1588 Et
2961 1532 3096 1587 licet
3144 1531 3349 1587 habuit
3377 1547 3594 1599 saccum,
3619 1534 3685 1585 sed

2131 1641 2244 1678 non
2294 1623 2500 1678 habuit
2551 1640 2698 1694 Opus
2752 1622 2923 1688 sacci,
2971 1621 3030 1675 id
3061 1625 3170 1688 est,
3206 1623 3506 1693 peccatum,
3533 1619 3590 1674 de
3611 1636 3685 1691 quo

2131 1713 2413 1783 scriptum
2455 1718 2568 1768 est:
2617 1713 2720 1779 Qui
2771 1714 3055 1782 peccatum
3099 1726 3212 1765 non
3260 1710 3429 1782 fecit:
3464 1725 3546 1764 nec
3581 1709 3686 1762 dolo:

2130 1805 2382 1858 inventus
2423 1807 2499 1857 est
2549 1804 2608 1856 in
2657 1817 2747 1856 ore
2794 1802 2908 1870 eius
2957 1801 3084 1870 (Isa.
3139 1817 3259 1861 LIII,
3305 1799 3378 1866 9).
3409 1798 3562 1852 Nobis
3598 1813 3686 1868 ergo

2135 1907 2369 1947 necesse
2400 1895 2486 1945 est
2516 1906 2749 1946 saccum
2781 1895 2839 1943 et
2869 1888 3127 1943 cilicium
3160 1887 3413 1954 induere,
3442 1887 3559 1956 quia
3590 1902 3687 1956 opus

2135 1981 2283 2036 sacci
2325 1980 2662 2044 habuimus,
2709 1979 2765 2033 id
2817 1983 2924 2048 est,
2975 1982 3306 2048 peccatum.
3363 1999 3382 2024 ι
3415 1973 3689 2029 Pracinxisti

2134 2087 2226 2125 me
2264 2069 2486 2124 laetitia.
2536 2090 2563 2117 »
2621 2069 2681 2123 Id
2730 2073 2836 2135 est,
2889 2067 3096 2122 latitia
3144 2065 3572 2130 resurrectionis,
3612 2062 3687 2117 sive

2133 2159 2447 2227 Christum,
2481 2158 2600 2212 sive
2645 2155 2962 2211 Ecclesiam
2993 2156 3054 2210 in
3097 2157 3332 2210 futuro:
3382 2154 3596 2208 induens
3631 2166 3687 2204 me

2133 2247 2283 2302 stola
2330 2247 2520 2318 prima
2586 2243 3094 2300 immortalitalitis
3143 2261 3246 2316 per
3292 2242 3685 2299 resurrectionem

2133 2341 2319 2391 tuam.

2205 2447 2234 2474 ι(
2257 2425 2328 2478 Ut
2357 2427 2590 2478 cantent
2619 2424 2725 2494 [AL
2760 2423 2970 2492 cantet]
3003 2422 3112 2476 tibi
3145 2421 3330 2494 gloria
3357 2436 3490 2474 mea.
3513 2441 3536 2466 »
3557 2418 3603 2471 In
3627 2415 3685 2468 his

2132 2515 2231 2585 qui
2281 2513 2653 2567 crediderunt
2701 2511 2895 2583 gloria:
2929 2510 3391 2566 resurrectionis.
3447 2533 3470 2556 ‹‹
3510 2509 3567 2561 Et
3610 2520 3685 2557 non

2132 2617 2532 2674 compungar.
2597 2622 2625 2650 »
2681 2603 2726 2654 A
2783 2599 3039 2655 stimulis
3118 2604 3499 2670 peccatorum.
3548 2595 3686 2663 Neque

2133 2691 2398 2747 Christus
2423 2707 2435 2744 :
2472 2689 2612 2760 quia
2641 2688 2870 2744 nullum
2903 2687 3115 2744 habuit
3144 2693 3455 2760 peccatum.

2205 2803 2232 2829 «
2277 2778 2517 2834 Domine
2566 2783 2718 2832 Deus
2758 2795 2946 2848 meus,
3007 2777 3067 2832 in
3121 2785 3397 2832 aeternum
3450 2769 3689 2828 conﬁtebor

2134 2869 2260 2924 tibi.
2292 2890 2319 2917 ››
2370 2868 2432 2922 Id
2476 2872 2590 2938 est,
2651 2867 2776 2922 sine
2824 2867 2938 2922 ﬁne
2983 2866 3239 2922 laudabo
3281 2871 3367 2920 te.
3417 2863 3473 2918 In
3518 2861 3608 2923 his,
3649 2861 3689 2908 ut

2129 2960 2254 3028 jam
2283 2957 2421 3024 dixi,
2463 2957 2570 3011 tibi
2618 2957 2922 3012 concinam
2976 2960 3153 3027 atque
3193 2955 3484 3011 conﬁtear:
3535 2947 3613 3020 qui
3652 2944 3690 2997 in

2139 3063 2231 3102 me
2295 3047 2629 3119 congregati
2669 3051 2808 3102 sunt
2864 3063 2967 3117 per
3020 3045 3489 3101 resurrectionem
3540 3049 3690 3092 meam.

2137 3136 2346 3192 Omnia
2400 3136 2556 3191 enim
2615 3153 2740 3206 qua:
2783 3134 2843 3189 in
2899 3134 3009 3190 hoc
3064 3134 3290 3206 psalmo
3349 3129 3605 3187 humiliter
3645 3122 3690 3174 de

387 3230 452 3278 ut
482 3224 782 3295 acquiram
818 3240 1022 3279 omnes
1053 3229 1254 3295 gentes
1278 3225 1699 3280 resurrectione
1731 3242 1879 3280 mea.
1913 3226 2025 3280 Hu-
2058 3205 2099 3270 (ἶ
2135 3226 2364 3280 Christo
2419 3223 2712 3290 dicuntur,
2745 3224 2816 3278 ad
2847 3224 3313 3295 assumptionem
3359 3216 3582 3290 corporis
3606 3227 3690 3265 ma-

389 3315 640 3368 manitas
670 3313 881 3369 Christi
905 3314 975 3369 ad
1010 3317 1239 3368 Patrem
1271 3313 1547 3385 loquitur,
1578 3331 1643 3368 ac
1674 3314 1720 3368 si
1755 3314 2021 3370 dixisset:

387 3401 560 3457 Nulla
583 3408 673 3457 est
715 3402 939 3458 utilitas
968 3404 1122 3474 quod
1155 3402 1502 3472 sanguinem
1535 3403 1733 3466 effudi,
1785 3403 1894 3456 nisi
1945 3420 2028 3458 re-

389 3507 692 3546 surrexero
724 3509 758 3545 a
790 3491 1056 3546 mortuis.
1091 3490 1213 3557 Vel,
1247 3507 1374 3560 quas
1405 3489 1629 3545 utilitas
1653 3491 1710 3545 in
1743 3493 2028 3563 sanguine

392 3596 540 3644 meo,
577 3602 602 3628 »
635 3579 693 3633 id
727 3584 836 3645 est,
868 3579 926 3633 in
960 3584 1130 3650 gente
1169 3579 1346 3646 mea?
1377 3580 1711 3634 Judaeorum
1743 3580 1902 3634 nulla
1942 3587 2030 3636 est

394 3667 638 3731 utilitas,
671 3668 810 3737 quia
856 3684 971 3722 non
1023 3668 1287 3734 credunt,
1321 3668 1432 3724 nisi
1482 3667 1779 3724 hominem
1814 3687 2028 3740 purum

392 3760 648 3810 tantum.
683 3756 807 3811 Non
856 3755 1046 3811 solum
1107 3773 1220 3811 non
1264 3757 1653 3826 crediderunt,
1707 3759 1806 3813 sed
1854 3760 2029 3813 etiam

393 3844 546 3899 latus
577 3846 703 3915 ejus
735 3849 1088 3916 aperuerunt
1117 3845 1300 3915 (Joan.
1333 3863 1446 3909 x1x,
1478 3847 1587 3914 34).

463 3957 489 3983 ‹‹
550 3933 847 4004 Numquid
895 3933 1268 3988 confitebitur
1323 3933 1488 3988 tibi»
1548 3934 1656 4005 [AL
1707 3940 1860 3991 tacet
1904 3935 2030 4006 tibi]

393 4022 631 4096 pulvis?
663 4023 786 4078 Non
821 4023 1031 4094 poterit
1074 4024 1246 4077 turba
1292 4023 1628 4093 impiorum,
1664 4040 1788 4095 quae
1819 4024 2030 4090 adhuc,

391 4111 550 4167 velut
580 4113 790 4183 pulvis.
824 4113 981 4167 omni
1012 4117 1180 4166 vento
1212 4111 1488 4166 doctrinas
1523 4117 1786 4167 movetur
1815 4112 2030 4183 (Ephes.

391 4219 466 4268 1v,
497 4203 606 4272 14).
634 4201 968 4272 justiﬁcari,
995 4201 1043 4256 si
1077 4216 1181 4272 ego
1209 4218 1323 4256 non
1343 4215 1673 4272 resurgam.
1702 4202 1759 4255 Si
1783 4218 1888 4273 ego
1918 4217 2032 4257 non

392 4307 780 4356 resurrexero,
815 4308 930 4345 non
984 4291 1355 4346 conﬁtebitur
1401 4289 1508 4344 tibi
1558 4289 1766 4362 pulvis.
1814 4289 2032 4359 Pulvis,

394 4378 452 4433 id
484 4383 573 4432 est
605 4378 790 4448 impii,
849 4378 934 4434 vel
965 4378 1338 4434 infructuosi.
1379 4400 1405 4430 α
1452 4381 1564 4434 Aut
1595 4379 1925 4434 annutiabit
1949 4396 2037 4434 ve-

395 4467 625 4521 ritatem
657 4472 842 4521 tuam.
869 4489 897 4516 ››
931 4468 990 4521 Id
1022 4473 1110 4522 est
1130 4467 1424 4522 Christum
1455 4473 1645 4533 tuum,
1681 4484 1745 4522 ac
1778 4468 1826 4524 si
1858 4469 2030 4523 dicat:

392 4556 451 4611 Si
484 4573 597 4611 non
633 4573 1022 4621 resurrexero,
1055 4573 1168 4610 non
1198 4556 1568 4610 annuntiant.

466 4668 491 4695 υ
547 4645 786 4699 Audivit
845 4645 1160 4710 Dominus,
1210 4650 1267 4698 et
1325 4644 1597 4700 misertus
1655 4649 1745 4699 est
1805 4645 1938 4700 mei.
2003 4666 2030 4695 »

464 4759 490 4784 «
529 4733 766 4788 Audivit
798 4733 1109 4799 Dominus,
1145 4756 1170 4781 ››
1205 4733 1357 4788 Deus
1390 4737 1577 4788 Pater.
1612 4756 1639 4782 «
1675 4739 1730 4788 et
1760 4734 2037 4789 misertus

390 4829 478 4879 est
511 4824 645 4879 mei.
705 4846 723 4871 η
773 4823 891 4878 Vox
923 4821 1156 4889 Christi,
1193 4822 1328 4893 quia
1372 4838 1676 4893 resurgere
1720 4839 1812 4878 me
1843 4823 1975 4879 fecit
2005 4841 2038 4878 a

393 4913 660 4967 mortuis.
712 4935 739 4962 «
793 4910 1074 4968 Dominus
1126 4912 1313 4966 factus
1371 4915 1461 4965 est
1509 4912 1738 4980 adjutor
1785 4928 1971 4966 meus.
2010 4935 2030 4960 ι»

394 5002 667 5056 Defensor
709 5019 894 5068 meus,
948 5000 1050 5072 qui
1100 5017 1191 5056 me
1225 5000 1358 5055 fecit
1390 4999 1844 5072 primogenitum
1878 5017 2035 5055 mor-

388 5095 623 5144 tuorum
656 5090 880 5159 (Coloss.
917 5109 954 5154 ι,
990 5092 1100 5157 18).

460 5201 488 5227 ‹‹
531 5180 872 5234 Convertisti
926 5178 1225 5250 planctum
1272 5194 1491 5233 meum.
1550 5179 1693 5233 Cum
1743 5178 2034 5234 dicerem:

393 5267 585 5320 Tristis
642 5271 718 5322 est
775 5269 968 5322 anima
1023 5285 1144 5322 mea
1200 5284 1375 5338 usque
1422 5267 1491 5321 ad
1549 5272 1777 5344 mortem
1825 5265 2033 5337 (Matth.

387 5372 537 5420 xxw,
585 5356 694 5425 38).
730 5379 756 5404 «
807 5357 865 5408 In
899 5357 1179 5427 gaudium
1231 5356 1398 5410 mihi.
1454 5378 1480 5405 ››
1540 5355 1683 5409 Cum
1726 5369 2038 5426 resurgens

387 5445 542 5498 dixi:
575 5450 674 5509 Ite,
726 5447 984 5499 nuntiate
1026 5446 1303 5512 fratribus
1342 5448 1500 5510 meis,
1541 5448 1600 5499 ut
1638 5453 1767 5500 eant
1795 5447 1851 5498 in
1888 5443 2034 5499 Gali-

387 5535 572 5596 laeam,
607 5536 688 5589 ibi
715 5550 801 5588 me
831 5534 1088 5588 videbunt
1120 5534 1326 5604 (Matth.
1378 5551 1575 5600 xxvm,
1629 5535 1735 5604 10).
1773 5535 1883 5589 Sed
1916 5533 2038 5588 haec

390 5620 543 5676 sicut
585 5639 619 5676 a
661 5621 912 5689 Christo,
967 5621 1048 5675 ita
1094 5622 1268 5676 etiam
1321 5623 1392 5677 ab
1451 5622 1706 5677 Ecclesia
1763 5622 2038 5676 dicuntur

390 5711 561 5780 cujus
611 5711 902 5783 planctus,
954 5714 1292 5780 resurgente
1337 5709 1605 5778 Domino,
1656 5710 1714 5764 in
1755 5711 2035 5782 gaudium

2138 3315 2226 3388 gis
2257 3314 2558 3370 referenda
2588 3318 2746 3383 sunt,
2780 3329 2956 3384 quam
3009 3312 3083 3367 ad
3143 3309 3448 3383 potentiam
3494 3298 3690 3361 Deitatis.

2141 3404 2255 3459 Nos
2301 3419 2533 3473 quoque
2573 3401 2867 3472 supplices
2917 3401 3319 3472 deprecamur,
3377 3401 3436 3451 ut
3473 3389 3693 3448 convertat

2142 3492 2419 3548 Dominus
2451 3491 2509 3544 in
2541 3489 2820 3562 gaudium
2869 3489 3176 3560 planctum
3210 3491 3480 3549 nostrum,
3512 3477 3692 3534 remissa

2138 3580 2291 3636 mole
2340 3579 2661 3634 facinorum
2695 3595 2708 3634 :
2761 3595 2826 3633 ac
2857 3579 3134 3650 mysterio
3166 3569 3568 3633 resurrectionis
3611 3577 3690 3657 θυῖε

2137 3669 2454 3724 laetiﬁcatos
2505 3667 2764 3723 attollere
2796 3667 3069 3739 dignetur
3114 3667 3173 3721 in
3207 3664 3439 3721 caelum:
3487 3671 3572 3730 pro
3609 3665 3692 3721 qv!-

2139 3759 2250 3813 bus
2283 3757 2632 3812 descendere
2664 3756 2940 3827 dignatus
2970 3760 3061 3811 est
3116 3755 3175 3810 in
3206 3754 3500 3808 infernum.

2711 3843 3030 3917 PSALMUS
3065 3844 3244 3917 xxx._
3428 3909 3439 3917 ,
3509 3906 3520 3917 ,

2140 3921 2202 3973 In
2231 3919 2415 3988 ﬁnem,
2447 3916 2699 3988 Psalmus
2729 3915 2920 3988 David,
2970 3919 3080 3970 etc.
3119 3913 3394 3988 Psalmus
3426 3903 3693 3988 ipsiusIMf‘

2213 3973 2455 4044 diatoris
2503 3987 2671 4042 initio
2717 3973 2974 4041 continet
3027 4001 3264 4041 vocem:
3313 3973 3501 4038 deinde
3527 3973 3690 4055 redem:

2214 4061 2296 4127 pti
2355 4059 2638 4131 sanguine
2701 4059 2830 4131 ejus
2887 4058 3108 4129 populi,
3168 4052 3694 4131 gratiasagenti‘s,f§

2106 4185 2111 4190 .
2212 4122 2399 4200 ipsius
2453 4122 2847 4201 interponitur
2878 4122 3128 4200 persona
3170 4122 3469 4200 prophetes.
3505 4122 3693 4179 Αἱῐθτὶἔο

2215 4203 2562 4272 Redemptor
2599 4201 2669 4254 ad
2704 4201 2966 4255 Patrem:

2216 4292 2341 4344 «In
2395 4294 2471 4358 te,
2529 4288 2794 4354 Domine,
2850 4288 3077 4359 speravi
3123 4306 3136 4344 :
3196 4288 3316 4342 Non
3360 4275 3630 4362 confundor
3656 4281 3692 4362 1.11

2145 4383 2446 4433 aeternum.
2479 4397 2504 4428 ιι
2546 4378 2609 4431 In
2636 4382 2712 4444 te,
2747 4377 2933 4443 Pater,
2985 4393 3119 4447 spes
3167 4380 3254 4431 est
3298 4359 3694 4447 corroborationis

2146 4484 2306 4538 meas,
2335 4467 2476 4521 dum
2507 4465 2651 4520 mihi
2673 4470 2956 4536 tanquam
2991 4466 3212 4520 caeteris
3243 4442 3692 4538 hominibusinsql-

2063 4575 2109 4638 D
2146 4536 2297 4611 tanti
2327 4554 2661 4622 adversarii,
2713 4553 2803 4608 vel
2864 4553 3141 4610 illudunt.
3173 4551 3275 4608 'Vel
3322 4564 3422 4603 vox
3456 4536 3692 4638 ‘pro‘phew

2141 4662 2208 4700 ex
2256 4660 2504 4716 persona
2551 4642 2820 4698 Ecclesiae
2869 4642 3029 4710 dicit,
3093 4664 3122 4690 ‹‹
3181 4657 3293 4695 non
3350 4627 3639 4716 confundat,
3674 4639 3690 4658 ν

2147 4714 2285 4805 quia
2334 4738 2485 4788 recte
2534 4731 2810 4787 confiteor
2840 4733 3018 4786 tinem
3049 4728 3364 4786 Trinitatis.
3393 4748 3417 4773 «
3449 4722 3504 4775 In
3531 4723 3591 4782 te,
3618 4714 3690 4761 υο·

2148 4823 2324 4889 mine,
2368 4822 2614 4892 speravi.
2669 4842 2696 4870 »
2745 4825 2816 4875 In,
2863 4825 2935 4888 te,
2988 4837 3102 4876 non
3151 4820 3206 4873 in
3257 4831 3361 4871 me.
3415 4832 3432 4858 ι
3471 4807 3572 4862 Non
3597 4811 3692 4853 con-

2148 4911 2361 4966 fundar
2415 4911 2477 4964 in
2525 4915 2845 4978 internum,
2908 4931 2935 4958 ››
2997 4908 3132 4980 quia
3191 4906 3286 4978 qui
3333 4901 3480 4957 illum
3529 4893 3692 4954 integre

2147 5001 2517 5069 confitentur,
2579 5016 2691 5054 non
2742 4998 3176 5053 confundantur
3213 5008 3388 5064 neque
3431 4985 3526 5048 hic,
3556 4981 3690 5068 neque

2146 5089 2204 5144 in
2238 5090 2451 5143 futuro.
2488 5111 2515 5137 «
2552 5088 2618 5142 Et
2654 5087 2712 5141 in
2743 5092 2847 5142 tua
2889 5088 3120 5157 justitia
3166 5085 3339 5139 libera
3386 5092 3482 5138 me,
3509 5074 3554 5124 et
3577 5069 3689 5157 εξιρθ

2148 5194 2240 5232 me
2273 5200 2299 5226 ››
2331 5177 2411 5232 De
2442 5177 2603 5232 fovea
2635 5193 2812 5247 quam
2845 5179 3176 5231 statuerunt
3204 5171 3398 5228 anima
3427 5174 3559 5217 ωθω·
3587 5151 3688 5213 Ο¹²¹⁸

2147 5266 2261 5321 nisi
2318 5284 2352 5320 a
2403 5271 2514 5321 Deo
2553 5246 2983 5335 justificemur,
3024 5280 3123 5335 per
3168 5277 3268 5316 nos
3309 5271 3411 5312 110n
3448 5246 3687 5338 Ροδξίξξῃυῗ

2141 5355 2477 5425 justiﬁcari.
2532 5326 2695 5409 Dnde
2728 5326 3042 5424 scriptum-
3068 5356 3189 5408 est:
3242 5348 3341 5416 Qui
3385 5356 3435 5396 δε
3471 5326 3684 5425 ,Ῑυιῗίίβίῖίῖ

2147 5407 2698 5515 Ϋέένέδηξλσέήὴαέ
2728 5407 2952 5513 (ΙοόιιΧ,
2981 5443 3092 5512 20).
3127 5407 3283 5495 Unde
3335 5437 3386 5488 et
3435 5407 3683 5515 Paulus

2147 5503 2498 5605 quibusdam
2532 5531 2672 5586 dicit
2695 5549 2706 5585 :
2733 5503 2916 5585 ‘Suam
2939 5503 2950 5511 ι
2974 5503 3273 5601 querentes
3321 5503 3680 5614 statuemmjw"

2146 5597 2306 5684 tiam,
2330 5622 2573 5692 justitia?
2601 5622 2699 5676 Dei
2722 5637 2834 5675 non
2863 5597 2997 5675 sunt
3021 5617 3246 5690 subjecti
3271 5613 3430 5681 (Rom.
3457 5597 3585 5692 3L3):
3620 5672 3646 5692 ί,

2187 5735 2246 5760 κα
2281 5679 2498 5766 Inclina
2547 5710 2620 5766 ad
2669 5726 2761 5766 me
2820 5725 3022 5765 aurem
3067 5714 3244 5763 tuam.
3279 5724 3304 5752 ››
3331 5698 3438 5752 Vox
3486 5679 3679 5744 Ecclesw
