3964 6190
287 365 392 423 961

1459 364 1952 425 BREVIARIUM
2000 365 2075 422 ΙΝ
2123 365 2268 424 PSA
2278 367 2382 425 LM
2393 367 2507 426 OS.

3565 377 3679 433 962

286 495 354 549 ad
379 493 697 549 Christum.
724 496 832 548 Per
851 509 1051 548 aurem
1073 493 1406 565 benignitas
1435 495 1532 549 Dei
1558 495 1920 568 intelligitur.
1960 501 2011 566 Α
2043 495 2301 551 animam
2326 513 2536 551 meam.
2560 501 2678 553 Hoc
2728 500 3057 570 exemplum
3118 504 3336 574 accepit
3366 504 3621 561 Ecclesia
3649 523 3683 559 a

285 583 533 637 Inclinat
553 581 821 636 Christus
862 598 1061 636 aurem
1112 583 1347 653 quando
1396 584 1668 639 exaudire
1719 586 1924 656 digna-

288 677 402 725 tur.
431 669 535 722 Vel
559 675 698 724 tunc
721 669 1024 724 inclinavit
1050 675 1202 726 Deus
1235 687 1434 726 aurem
1467 689 1656 742 suam,
1693 675 1927 743 quando

285 759 444 815 misit
475 759 728 813 Verbum
760 775 957 828 suum,
990 763 1044 815 et
1071 776 1176 815 nos
1223 760 1516 815 exaudivit
1566 762 1623 815 in
1667 763 1924 828 mundo;

285 847 665 902 etintantum
723 846 1044 914 inclinavit,
1102 853 1166 902 ut
1227 853 1429 904 nostra
1478 853 1718 920 peccata
1748 851 1930 921 digito

285 937 342 991 in
373 941 528 991 terra
583 935 880 991 scriberet.
947 956 968 984 α
1027 936 1298 992 Accelera
1359 943 1421 992 ut
1478 937 1691 1009 eripias
1751 955 1926 993 me.»

285 1026 554 1086 Accelera,
613 1024 669 1077 id
730 1027 839 1087 est,
899 1024 1128 1079 festina.
1166 1048 1193 1073 «
1231 1025 1300 1080 Ut
1342 1026 1557 1097 eripias
1586 1042 1698 1080 me.
1737 1049 1757 1074 ι
1793 1026 1930 1080 Vult

287 1118 488 1169 sancta
519 1112 773 1167 Ecclesia
793 1112 1027 1168 liberari
1065 1114 1136 1168 de
1157 1130 1415 1184 corpore,
1450 1119 1514 1168 ut
1559 1114 1639 1168 ait
1668 1115 1883 1170 Paulus
1914 1133 1925 1170 :

285 1204 456 1274 Cupio
480 1203 710 1256 dissolvi
739 1210 791 1256 et
817 1217 933 1256 esse
983 1219 1109 1256 cum
1168 1204 1379 1258 Christo
1440 1204 1706 1274 (Philipp.
1743 1222 1782 1270 1,
1814 1205 1925 1274 ‘23).

359 1313 387 1340 ‹‹
419 1293 557 1346 Esto
590 1291 733 1345 mihi
765 1291 822 1344 in
856 1295 1036 1346 Deum
1069 1296 1476 1362 protectorem.
1513 1315 1540 1340 »
1575 1293 1693 1347 Vox
1738 1293 1928 1348 Eccle-

288 1382 404 1437 siae.
427 1405 454 1431 ‹‹
475 1383 537 1434 In
561 1381 738 1434 Deum
761 1385 1166 1450 protectorem.
1193 1403 1219 1428 »
1240 1382 1300 1435 In
1328 1386 1507 1436 Deum
1533 1381 1892 1436 defensorem
1915 1399 1926 1436 :

287 1470 422 1541 quia
454 1468 620 1522 multi
655 1474 794 1522 sunt.
827 1467 906 1522 dii
933 1469 1141 1535 nocivi,
1177 1469 1276 1540 qui
1310 1486 1424 1524 non
1457 1475 1726 1541 prosunt.
1768 1469 1929 1524 Unde

287 1557 499 1613 Paulus
529 1557 714 1611 dicit:
773 1557 912 1611 Sunt
968 1557 1186 1627 quidem
1243 1558 1327 1612 dii
1380 1560 1565 1625 multi,
1625 1562 1678 1612 et
1717 1558 1932 1613 domini

287 1647 486 1701 multi:
543 1645 700 1700 nobis
767 1649 948 1699 tamen
1008 1662 1150 1700 unus
1207 1648 1346 1701 Deus
1405 1664 1519 1702 una
1573 1647 1724 1715 fides,
1753 1664 1929 1701 unum

291 1737 562 1807 baptisma.
626 1735 675 1804 (Ι
708 1734 826 1788 Cor.
864 1751 985 1802 ναι,
1017 1735 1071 1802 5,
1103 1734 1180 1805 6).
1225 1757 1251 1786 α
1283 1736 1418 1790 Esto
1452 1735 1596 1790 mihi
1652 1737 1711 1790 in
1747 1741 1926 1790 Deum

287 1829 690 1898 protectorem,
724 1846 752 1873 ››
783 1828 1065 1894 tanquam
1099 1824 1416 1894 proximus.
1457 1846 1477 1872 ‹‹
1504 1828 1572 1879 Et
1595 1825 1653 1879 in
1687 1827 1924 1880 domum

286 1913 515 1986 refugii,
549 1917 615 1967 ut
673 1911 898 1967 salvum
959 1929 1050 1967 me
1107 1913 1306 1967 facias.
1371 1935 1400 1962 »
1459 1915 1605 1979 Quia
1651 1914 1924 1983 Ecclesia,

284 2006 628 2074 tempestate
685 2000 1127 2073 persecutionis,
1179 2003 1248 2056 ad
1300 2002 1480 2056 Deum
1537 2003 1711 2058 habet
1768 2004 1927 2056 refu-

286 2094 469 2164 gium.
534 2113 557 2141 ε
592 2090 662 2146 Ut
718 2089 946 2145 salvum
1006 2106 1100 2145 me
1140 2090 1341 2157 facias,
1379 2113 1408 2140 »
1440 2109 1470 2144 a
1504 2092 1926 2162 peccatoribus.

287 2182 508 2236 Domus
540 2184 738 2235 autem
771 2178 978 2250 refugii
1008 2178 1134 2249 ipse
1164 2184 1252 2233 est
1294 2179 1350 2232 io
1403 2197 1517 2250 quo
1571 2185 1740 2235 Pater
1769 2180 1930 2234 inha-

283 2271 454 2326 bitat.
488 2268 648 2323 Multi
707 2267 909 2324 volunt
961 2268 1158 2339 fugere
1215 2285 1248 2321 a
1304 2269 1611 2340 praesentia
1665 2269 1780 2332 Dei,
1826 2269 1925 2323 sed

288 2376 405 2413 non
440 2361 687 2429 possunt
716 2357 976 2422 evadere,
1027 2361 1091 2410 ut
1138 2357 1217 2410 ait
1273 2356 1586 2428 pr0pheta:
1630 2359 1693 2411 Et
1723 2375 1757 2411 ιι
1785 2359 1929 2426 facie

291 2452 388 2501 tua
417 2463 518 2516 quo
544 2447 758 2515 fugiam
787 2447 954 2514 (Psal.
1014 2461 1286 2510 cxxxxui,
1310 2445 1365 2516 7)
1388 2445 1415 2498 ‘I
1467 2446 1576 2500 Sed
1628 2463 1754 2515 nos,
1790 2445 1929 2499 dicit

287 2535 569 2605 Ecclesia,
596 2534 832 2588 insimul
857 2535 913 2588 in
943 2535 1114 2589 domo
1141 2534 1423 2589 habemus
1455 2535 1744 2606 refugium
1773 2552 1784 2589 :
1820 2534 1927 2589 hoc

289 2629 399 2690 est,
435 2624 491 2678 in
526 2625 652 2694 ipso
684 2624 785 2694 qui
817 2627 905 2678 est
932 2623 1108 2679 Deus.

358 2710 703 2773 «Quoniam
757 2709 1194 2764 firmamentum
1255 2727 1475 2777 meum,
1532 2715 1588 2765 et
1638 2710 1924 2782 refugium

284 2816 485 2856 meum
517 2817 578 2854 es
612 2804 690 2853 tu.
727 2821 754 2850 »
790 2799 876 2853 Ad
910 2800 1285 2854 sustinendos
1315 2817 1413 2856 eos
1445 2800 1544 2871 qui
1597 2801 1655 2854 in
1708 2818 1799 2856 me
1829 2818 1930 2856 sae-

281 2891 466 2944 viunt.
526 2888 628 2943 Vel
697 2888 1134 2943 firmamentum
1202 2890 1377 2956 ﬁdei;
1420 2913 1446 2939 «
1517 2894 1573 2945 et
1635 2889 1924 2961 refugium

285 2994 485 3033 meum
517 2994 578 3032 es
610 2983 695 3042 tu,
730 2999 758 3026 ››
790 2977 1082 3048 refugium
1117 2995 1311 3033 meum
1345 2978 1520 3034 dicit:
1557 2979 1695 3049 quia
1733 2978 1925 3034 Eccle-

286 3068 376 3122 sia
431 3067 488 3120 in
519 3066 745 3120 Christo
803 3065 980 3120 habet
1018 3066 1333 3137 refugium,
1369 3072 1434 3120 ut
1492 3067 1574 3121 ait
1604 3066 1923 3138 propheta:

285 3157 534 3219 Domine,
595 3157 874 3225 re/ugium
929 3157 1108 3223 factus
1163 3172 1219 3209 es
1273 3155 1426 3210 nobis
1485 3156 1655 3226 (Psal.
1703 3173 1925 3220 LXXXIX,

2037 584 2286 639 Christo.
2319 585 2436 640 Hoc
2486 591 2542 640 et
2598 593 2836 643 sanctus
2885 589 3212 664 Stephanus
3249 594 3379 647 fecit
3411 597 3544 664 (Act.
3579 613 3678 661 v11,

2035 674 2126 743 58)
2154 693 2177 736 ;
2205 673 2312 729 hoc
2331 679 2387 728 et
2409 675 2594 730 sancti
2614 682 2800 739 orant,
2825 679 3058 747 quando
3082 657 3294 734 exeunt
3325 683 3394 736 de
3423 700 3680 755 corpore,

2040 765 2103 815 ut
2134 760 2316 816 illud:
2362 763 2540 817 Fideli
2588 767 2823 819 creatori
2871 768 3252 822 commendant
3293 773 3509 826 animas
3555 789 3684 829 suas

2043 851 2100 902 in
2149 850 2444 920 benefactis
2501 854 2776 923 (Petr.1v,
2839 856 2948 926 19).
2986 857 3098 911 Hoc
3152 857 3211 910 in
3261 875 3430 914 cruce
3460 862 3684 930 positus

2040 938 2322 994 Dominus
2354 940 2515 1009 dixit,
2575 943 2730 1012 quod
2793 943 2850 998 in
2911 944 3096 1000 Patris
3155 963 3367 1002 manus
3412 948 3684 1018 spiritum

2041 1029 2574 1084 commendaverit:
2609 1031 2723 1086 cito
2755 1049 2887 1086 eum
2921 1034 3046 1104 ipso
3108 1036 3494 1092 resuscitante
3524 1055 3684 1092 sum-

2043 1120 2271 1186 pturus.
2305 1117 2468 1172 Dicat
2516 1136 2672 1174 nunc
2720 1121 2975 1192 populus
3027 1125 3366 1195 redemptus
3398 1127 3685 1198 sanguine

2041 1204 2226 1275 Agni:
2263 1228 2290 1254 «
2326 1205 2644 1261 Redemisti
2681 1226 2792 1277 me,
2828 1211 3090 1277 Domine,
3151 1213 3305 1268 Deus
3335 1216 3615 1271 veritatis.
3656 1242 3678 1269 ι

2041 1291 2148 1356 Qui
2181 1310 2242 1348 es
2272 1295 2482 1350 veritas
2512 1301 2570 1350 et
2599 1297 2751 1352 vita:
2787 1299 2925 1368 quia
2984 1303 3137 1371 quod
3199 1304 3468 1372 promisit
3511 1307 3682 1376 Deus,

2042 1397 2154 1434 non
2188 1383 2490 1436 mentitur.
2521 1383 2678 1438 Sicut
2709 1388 2976 1456 promisit
3007 1406 3108 1458 per
3156 1407 3351 1446 servos
3384 1411 3522 1449 suos
3553 1412 3684 1466 pro-

2044 1469 2267 1540 phetas,
2299 1470 2381 1524 ita
2411 1476 2468 1525 et
2500 1473 2674 1539 venit,
2700 1479 2756 1527 et
2788 1476 3033 1530 redemit
3065 1495 3169 1533 nos
3227 1481 3510 1552 sanguine
3556 1499 3682 1540 suo.

2041 1557 2202 1612 Unde
2235 1563 2290 1612 et
2311 1559 2528 1615 Paulus
2556 1561 2733 1616 dicrt:
2769 1565 2950 1635 Empti
2978 1569 3126 1621 enim
3171 1571 3301 1622 estis
3355 1572 3530 1640 pretio
3561 1589 3682 1627 ma-

2038 1663 2151 1716 gno
2182 1647 2224 1716 (Ι
2257 1647 2376 1702 Cor.
2410 1666 2487 1714 v1,
2520 1650 2631 1719 20).

2111 1784 2139 1809 «
2172 1761 2357 1817 Odisti
2415 1781 2618 1820 omnes
2675 1767 3048 1825 observantes
3107 1775 3444 1841 vanitatem,
3487 1795 3685 1849 super-

1958 1867 2006 1931 B
2039 1867 2236 1905 vacue.
2273 1873 2301 1899 »
2334 1852 2701 1923 Supervacue
2733 1857 2896 1921 dicit,
2953 1876 3067 1914 non
3127 1864 3282 1932 quod
3342 1863 3496 1921 Deus
3529 1868 3687 1922 edint

2039 1955 2422 2010 quemquam.
2487 1944 2656 1997 Absit
2720 1945 2830 2000 hoc
2878 1948 3113 2004 sentire.
3175 1951 3285 2006 Sed
3344 1954 3442 2024 qui
3508 1955 3683 2012 istam

2038 2030 2446 2084 tantummodo
2476 2030 2653 2086 vitam
2686 2040 3034 2104 praesentem
3066 2044 3285 2106 amant,
3345 2047 3402 2095 et
3430 2043 3686 2100 ccelestia

2039 2120 2460 2174 contemnunt:
2495 2130 2798 2191 sperantes
2859 2124 3112 2180 inaniter
3171 2128 3228 2181 in
3261 2129 3683 2189 beatitudinem

2039 2204 2233 2258 saeculi
2301 2208 2654 2279 seducentis,
2727 2212 2850 2266 odit
2906 2213 3040 2270 illos
3098 2215 3274 2272 Deus.
3335 2219 3459 2275 Non
3528 2223 3682 2292 quod

2039 2293 2261 2360 odium,
2296 2296 2604 2362 sicutdixi,
2640 2300 2694 2353 in
2727 2301 2911 2356 Deum
2944 2305 3152 2371 cadat;
3187 2307 3286 2361 sed
3313 2309 3474 2363 odire
3504 2310 3679 2379 Deus,

2039 2383 2138 2453 qui
2171 2384 2254 2438 sic
2287 2385 2529 2453 faciunt,
2562 2388 2796 2459 dicitur,
2856 2391 2910 2444 id
2974 2397 3082 2459 est,
3144 2396 3484 2466 repudiare;
3541 2400 3681 2470 quia

2040 2473 2308 2542 repudiat
2335 2473 2469 2529 illos
2506 2477 2674 2531 Deus.

2114 2600 2140 2627 (ι
2168 2579 2286 2650 Ego
2318 2585 2514 2635 autem
2548 2582 2606 2636 in
2639 2588 2714 2649 te,
2773 2585 3037 2652 Domine,
3084 2592 3332 2661 speravi.
3369 2616 3397 2642 »
3431 2594 3549 2650 Vox
3581 2598 3680 2652 Ec-

2040 2665 2270 2721 clesiaa:
2306 2670 2428 2724 Non
2464 2670 2520 2724 in
2581 2688 2692 2736 me,
2729 2675 2834 2728 sed
2889 2676 2944 2729 in
3000 2683 3058 2731 te
3117 2684 3342 2751 speravi
3402 2691 3458 2738 et
3488 2703 3676 2757 spero,

2039 2763 2378 2827 exspectans
2437 2763 2918 2818 resurrectionem
2979 2771 3162 2821 tuam.
3195 2792 3222 2818 «
3256 2771 3569 2828 Exsultabo
3626 2782 3682 2830 et

2038 2843 2275 2899 laetabor
2299 2846 2358 2900 in
2385 2847 2784 2906 misericordia
2804 2858 2924 2906 tua.
2952 2876 2978 2903 ››
3007 2855 3112 2910 Pro
3143 2874 3258 2927 quo
3289 2861 3590 2918 exsultabo
3621 2870 3677 2919 et

2041 2950 2141 3002 pro
2171 2950 2286 3004 quo
2317 2932 2599 2991 lmtabor?
2631 2939 2736 2994 Pro
2767 2939 2876 2996 hoc
2907 2945 3062 3013 quod
3093 2947 3378 3016 sequitur.

2112 3071 2138 3097 ‹‹
2172 3050 2318 3112 Quia
2340 3053 2642 3124 respevisti
2665 3055 3056 3113 humilitatem
3082 3078 3292 3116 meam.
3332 3086 3359 3113 ››
3391 3067 3678 3140 Exultabo,

2037 3153 2309 3208 corpore,
2343 3141 2590 3214 laetabor,
2654 3152 2866 3201 mente.
2926 3152 3084 3204 Tunc
3143 3153 3412 3223 respexit,
3445 3161 3678 3226 quando

280 3246 364 3313 4).
405 3268 424 3293 α
463 3249 707 3314 Propter
749 3260 961 3298 nomen
1017 3247 1185 3297 tuum
1245 3245 1455 3298 educes
1507 3260 1620 3298 me.
1656 3266 1684 3292 »
1717 3243 1789 3298 Ut
1824 3245 1926 3298 hoc
1960 3229 2000 3293 C
2043 3243 2272 3319 (ταφείη)
2306 3231 2601 3302 suscepit;
2636 3234 2774 3303 (illia
2819 3239 3295 3311 contemptibilis,
3346 3249 3401 3297 et
3430 3247 3674 3319 captiva,

285 3339 496 3388 notum
530 3333 735 3388 faciam
770 3332 1041 3404 gentibus
1071 3331 1400 3387 creditoris.
1433 3337 1675 3402 Propter
1716 3348 1927 3387 nomen

281 3429 455 3477 tuun;
512 3423 632 3476 dux
689 3421 832 3476 mihi
890 3421 1043 3475 eris:
1080 3421 1322 3483 Quando
1381 3437 1485 3494 ego
1530 3421 1676 3476 facio
1708 3421 1926 3492 aliquid

280 3511 444 3579 boni,
507 3526 718 3565 nomen
753 3495 1007 3564 'Domini
1059 3527 1128 3565 ex
1181 3510 1287 3565 hoc
1343 3511 1722 3582 glorificatur.
1773 3534 1801 3561 «
1865 3512 1931 3564 Et

280 3600 543 3655 enutries
578 3616 685 3654 me.
723 3620 750 3646 »
782 3598 1125 3670 Aggregatis
1180 3599 1465 3669 paulatim
1512 3601 1751 3666 sanctis,
1785 3601 1927 3655 edu-

279 3707 381 3744 cas
412 3688 729 3744 Ecclesiam
764 3693 946 3753 tuam,
1011 3705 1136 3758 quae
1193 3689 1250 3742 in
1315 3705 1406 3744 me
1456 3690 1754 3745 fundatur.
1793 3711 1820 3738 «
1865 3691 1928 3744 Et

276 3777 541 3833 enutries
565 3794 676 3831 me.
710 3798 738 3824 »
769 3777 929 3830 Tunc
986 3777 1263 3831 enutrivit
1311 3777 1646 3848 Ecclesiam,
1693 3779 1925 3850 quando

277 3872 542 3922 nostram
587 3882 823 3920 carnem
883 3865 1158 3936 suscepit.
1195 3866 1357 3921 Unde
1388 3871 1444 3921 ct
1477 3867 1726 3922 Paulus:
1761 3869 1926 3922 Nemo

273 3958 428 4011 enim
457 3971 679 4010 carnem
706 3972 863 4009 suam
891 3954 1012 4010 odio
1044 3955 1228 4024 habet,
1284 3957 1376 4010 sed
1433 3955 1613 4010 nutrit
1671 3961 1724 4011 et
1780 3959 1927 4026 fovet

278 4045 495 4116 (Ephes.
527 4062 583 4112 ν,
616 4045 727 4116 29).
762 4049 829 4097 Et
859 4043 1136 4099 enutrivit
1181 4061 1308 4110 nos,
1371 4050 1433 4098 ut
1478 4045 1657 4100 fortes
1713 4045 1921 4100 simus.

354 4158 383 4184 ‹‹
419 4136 488 4189 Et
540 4135 753 4190 educes
811 4150 904 4188 me
961 4133 1033 4187 de
1086 4132 1294 4204 laqueo
1354 4150 1530 4204 quem
1607 4134 1924 4189 absconde-

277 4229 419 4280 runt
450 4224 616 4279 mihi.
652 4245 679 4272 n
713 4223 980 4295 Laqueus
1013 4222 1230 4277 dicitur
1285 4223 1514 4294 captio:
1568 4223 1706 4294 quia
1736 4239 1925 4294 quan-

276 4313 382 4368 diu
415 4313 471 4367 in
501 4314 594 4367 via
622 4329 706 4381 es,
736 4312 842 4366 hoc
902 4315 1010 4378 est,
1064 4312 1123 4365 in
1177 4310 1428 4378 Christo,
1484 4329 1598 4367 non
1659 4312 1834 4368 times
1863 4312 1921 4366 in

273 4403 557 4474 laqueum
617 4402 857 4456 cadere:
919 4399 1114 4470 laquei
1173 4417 1342 4456 secus
1398 4401 1550 4455 viam
1604 4406 1921 4472 ponuntur.

273 4492 406 4561 Via,
438 4491 702 4546 Christus
733 4495 857 4544 est:
922 4489 1074 4543 sicut
1129 4488 1255 4560 ipse
1311 4489 1428 4544 ait:
1491 4491 1608 4558 Ego
1662 4506 1786 4544 sum
1827 4492 1924 4544 via

273 4581 612 4650 (Joan.x1v,
661 4580 739 4650 6).
799 4578 869 4632 Et
925 4582 988 4630 tu
1048 4576 1097 4630 si
1155 4593 1216 4631 es
1276 4577 1335 4630 in
1392 4578 1504 4644 via,
1566 4577 1674 4632 hoc
1731 4583 1820 4633 est
1863 4578 1918 4632 in
1956 4598 2001 4662 D

271 4669 531 4732 Christo,
565 4685 680 4722 non
739 4666 912 4722 times
971 4666 1176 4720 cadere
1235 4666 1291 4719 in
1355 4665 1630 4736 laqueum
1663 4666 1921 4722 diaboli:

274 4759 422 4830 quia
450 4757 642 4813 omnis
671 4757 915 4827 laqueus
947 4755 1018 4809 ab
1052 4755 1179 4826 ipso
1233 4759 1340 4810 est.
1375 4777 1402 4803 ‹‹
1436 4756 1724 4821 Quoniam
1767 4760 1830 4809 tu
1863 4773 1924 4810 es

270 4853 573 4919 protector
595 4845 883 4900 meuszin
916 4860 1127 4898 manus
1173 4848 1307 4898 tuas
1358 4844 1701 4899 commendo
1750 4843 1921 4915 spiri-

270 4943 405 4992 tum
432 4953 646 4992 meum.
685 4958 711 4984 ››
743 4933 865 4989 Vox
893 4933 1106 4989 Christi
1131 4933 1201 4987 ad
1250 4933 1478 4988 Patrem
1538 4933 1598 4987 in
1629 4932 1922 5004 passione,

274 5026 517 5097 quando
573 5021 1002 5079 commendavit
1059 5020 1318 5076 animam
1377 5039 1569 5090 suam,
1629 5025 1685 5075 et
1740 5021 1919 5076 dixit:

271 5119 468 5180 Pater,
529 5117 589 5167 in
638 5129 838 5166 manus
889 5121 1011 5166 tuas
1066 5109 1381 5166 commendo
1437 5111 1701 5182 spiritum
1745 5126 1923 5164 meum

270 5204 431 5274 (Luc.
466 5219 626 5265 xxm,
659 5202 768 5272 46).
803 5201 964 5266 Quod
997 5201 1462 5265 commendatur,
1512 5197 1739 5254 salvum
1781 5199 1923 5254 reci-

270 5292 461 5363 pitur.
523 5291 590 5345 Et
641 5291 766 5360 ipse
821 5289 1000 5343 dixit:
1062 5290 1395 5343 Potestatem
1453 5287 1620 5341 habeo
1683 5287 1927 5358 ponendi

268 5382 524 5435 animam
550 5395 747 5444 meam,
796 5386 846 5432 et
887 5379 1202 5447 potestatem
1242 5376 1410 5432 habeo
1445 5377 1646 5431 iterum
1674 5377 1928 5431 sumendi

266 5487 400 5526 eam
431 5469 608 5541 (Joan.
647 5485 700 5528 x.
738 5467 847 5537 18).
884 5488 911 5514 ‹‹
947 5470 1029 5520 Tu
1085 5482 1146 5520 es
1204 5469 1492 5537 protector
1521 5480 1709 5520 meus.
1746 5487 1773 5514 ››
1804 5464 1927 5519 Vox

270 5557 568 5614 Ecclesiae.
608 5556 728 5611 «In
791 5570 1002 5608 manus
1060 5560 1192 5609 tuas
1249 5554 1596 5610 commendo
1653 5553 1923 5624 spiritum

271 5664 504 5717 meum,
545 5669 565 5694 ι
599 5645 709 5701 hoc
740 5648 847 5714 est,
882 5643 940 5697 in
971 5647 1318 5713 potestatem
1377 5648 1540 5699 tuam
1581 5643 1924 5699 commendo

2040 3320 2096 3369 et
2126 3317 2400 3387 despecta
2425 3325 2546 3374 erat
2570 3319 2846 3378 Ecclesia.
2881 3349 2906 3371 ‹‹
2930 3327 3241 3384 Exsultabo
3263 3336 3320 3385 et
3349 3332 3586 3390 laetabor
3617 3317 3676 3391 in

2043 3403 2440 3462 misericordia
2466 3413 2587 3475 tua,
2611 3433 2636 3457 ››
2670 3429 2773 3483 pro
2797 3418 2967 3467 tantae
2992 3415 3222 3488 pietatis
3254 3425 3581 3491 commodo,
3617 3432 3680 3481 ut

2041 3509 2130 3547 me
2164 3499 2262 3549 tua
2293 3502 2479 3552 morte
2510 3500 2825 3556 redimeres
2856 3521 2867 3556 :
2897 3528 2918 3553 ι
2957 3504 3102 3566 Quia
3131 3510 3431 3579 respexisti
3483 3513 3677 3568 humi-

2038 3581 2258 3638 litatem
2293 3601 2506 3655 meam,
2540 3609 2566 3636 »
2601 3587 2657 3642 in
2691 3606 2792 3661 spe
2823 3590 2924 3646 illa
2956 3595 3229 3666 positam,
3263 3614 3364 3668 per
3409 3617 3582 3671 quam
3612 3621 3679 3658 ea

2039 3688 2164 3742 qum
2224 3690 2336 3728 non
2396 3676 2684 3744 videntur,
2747 3679 3170 3737 desiderantur.
3216 3708 3241 3734 «
3305 3687 3550 3744 Salvasti
3609 3693 3680 3747 de

2039 3762 2483 3818 necessitatibus
2513 3765 2768 3821 animam
2822 3785 3031 3826 meam.
3067 3795 3093 3821 n
3145 3774 3528 3834 Necessitates
3553 3797 3676 3835 cor-

2037 3849 2193 3920 poris
2226 3851 2422 3905 multre
2453 3859 2609 3920 sunt,
2645 3856 2698 3908 id
2733 3862 2840 3927 est,
2875 3861 3249 3927 manducare,
3298 3865 3513 3934 bibere,
3547 3869 3678 3924 dor-

2038 3937 2203 4003 mire,
2235 3939 2319 3994 vel
2352 3940 2508 3996 aliud
2570 3945 2724 4014 quod
2786 3950 3111 4006 necessario
3161 3957 3249 4006 est
3307 3953 3675 4019 faciendum;

2036 4027 2134 4080 sed
2170 4031 2566 4086 necessarium
2623 4034 2854 4104 animae,
2915 4040 3154 4093 omnino
3213 4058 3420 4108 unum,
3476 4043 3673 4112 idest,

2034 4115 2151 4170 vita
2181 4123 2415 4173 aeterna.
2453 4120 2703 4175 Salvavit
2732 4123 2886 4178 Deus
2917 4126 3174 4181 animam
3223 4129 3292 4183 de
3341 4148 3448 4184 sua
3479 4149 3676 4188 neces-

2037 4207 2228 4277 sitate,
2261 4207 2400 4278 quia
2431 4210 2592 4264 dedit
2621 4211 2672 4266 ei
2705 4212 2884 4267 vitam
2919 4220 3216 4283 aeternam,
3270 4219 3422 4287 quod
3452 4228 3540 4275 est
3571 4239 3679 4277 sua

2037 4296 2372 4352 necessitas.
2445 4299 2688 4354 Proinde
2785 4301 3020 4358 salvasti
3091 4305 3160 4360 de
3228 4309 3678 4366 necessitatibus

2036 4385 2241 4439 mortis
2265 4393 2551 4457 perpetuae
2585 4388 2841 4444 animam
2877 4407 3067 4447 meam
3098 4410 3224 4464 qua:
3260 4396 3364 4450 tibi
3396 4404 3519 4453 erat
3549 4399 3681 4455 cha-

2035 4472 2203 4527 ritate
2235 4474 2522 4530 devincta.

2105 4601 2131 4627 ‹‹
2168 4579 2280 4635 Nec
2312 4581 2649 4638 conclusisti
2710 4601 2803 4640 me
2854 4587 2909 4640 in
2972 4590 3184 4645 manus
3244 4592 3489 4647 inimici.
3531 4617 3553 4641 »
3589 4594 3676 4648 Illi

2033 4668 2461 4725 concluduntur
2493 4672 2550 4725 in
2601 4689 2812 4730 manus
2859 4675 3106 4744 inimici,
3160 4679 3258 4750 qui
3308 4688 3682 4752 perseverant

2035 4757 2091 4810 in
2161 4759 2412 4827 peccatis
2479 4761 2623 4815 suis.
2687 4763 2795 4817 Sed
2857 4780 2986 4836 ego,
3044 4767 3186 4821 dicit
3239 4769 3514 4839 Ecclesia,
3563 4788 3675 4826 non

2035 4845 2369 4916 concludar,
2431 4848 2571 4918 quia
2611 4867 2722 4904 non
2765 4852 2892 4907 volo
2942 4870 3308 4924 perseverare
3366 4859 3425 4912 in
3485 4859 3677 4914 malis.

2037 4956 2061 4980 ‹‹
2087 4933 2351 4990 Statuisti
2387 4937 2442 4989 in
2487 4935 2610 4992 loco
2642 4941 2902 5010 spatioso
2935 4944 3110 5014 pedes
3140 4961 3316 5000 meos.
3354 4970 3381 4996 »
3417 4948 3677 5004 Dilatasti

2036 5023 2316 5078 unitatem
2349 5024 2615 5080 Ecclesia:
2649 5027 2703 5080 in
2761 5033 2881 5084 toto
2913 5032 3153 5086 mundo.
3188 5036 3486 5097 Quomodo
3517 5037 3676 5103 dicit,

2033 5113 2091 5164 in
2127 5112 2237 5166 loco
2259 5112 2286 5165 *ἶ
2315 5113 2612 5184 Numquid
2649 5114 2848 5171 localis
2905 5123 2990 5172 est
3025 5124 3175 5176 Deus
3197 5121 3225 5176 ?
3268 5123 3336 5176 Et
3366 5123 3588 5189 localis,
3622 5132 3678 5181 et

2034 5217 2150 5254 non
2182 5199 2403 5256 localis.
2464 5203 2689 5258 Localis
2720 5210 2808 5259 est
2857 5207 2926 5261 ad
2962 5224 3022 5262 se
3054 5209 3440 5279 venientibus,
3476 5219 3533 5268 et
3563 5233 3677 5270 non

2035 5288 2254 5355 localis,
2311 5290 2449 5361 quia
2511 5293 2729 5364 ubique
2779 5300 2902 5362 est;
2965 5298 3066 5352 sed
3124 5300 3504 5357 inveniturin
3553 5303 3678 5360 loco

2037 5395 2178 5447 pure
2236 5379 2654 5448 quaerentibus.
2721 5381 2789 5436 Ut
2843 5383 3022 5440 illud:
3060 5388 3124 5440 Et
3177 5398 3353 5443 motus
3409 5396 3490 5444 est
3532 5393 3680 5448 locus

2034 5468 2091 5518 in.
2126 5483 2232 5535 quo
2261 5476 2419 5521 erant
2451 5468 2691 5524 sedentes
2722 5473 2857 5537 (Act.
2893 5491 2967 5539 1v,
3001 5476 3108 5546 31).
3147 5499 3172 5525 ‹‹
3207 5479 3266 5532 In
3298 5477 3420 5534 loco
3452 5485 3677 5551 spatio-

2035 5573 2096 5608 so
2128 5555 2304 5625 pedes
2337 5572 2517 5612 meos.
2546 5579 2572 5606 »
2626 5559 2827 5624 Pedes,
2861 5565 3047 5618 sancti
3109 5567 3553 5637 praedicatores,
3577 5572 3674 5641 qui

2035 5649 2273 5715 portant
2304 5646 2544 5701 verbum
2613 5649 3047 5718 praedicationis
3113 5654 3167 5708 in
3237 5660 3355 5711 toto
3415 5658 3672 5728 mundo;
