3964 6190
371 329 488 388 959

1865 331 2284 392 APPENDIX.
2593 389 2600 393 .
3579 335 3655 395 960

371 461 613 531 patubat
640 475 787 514 esse.
823 461 889 514 Et
917 461 1057 514 dum
1091 460 1173 514 sic
1214 461 1545 532 cogitasset,
1577 467 1633 518 et
1663 466 1826 517 tanta
1856 464 2008 518 bona
2039 467 2092 530 Α
2122 466 2210 518 est
2241 479 2576 530 conversus,
2610 466 2667 517 et
2697 478 2823 533 qua:
2854 459 3128 531 deinceps
3160 475 3285 514 cum
3327 460 3434 530 ipso
3470 465 3663 532 Domino,

371 551 419 604 ei
448 550 724 615 dedisset,
777 550 950 621 cmpit
989 550 1243 621 cogitare
1291 551 1430 621 quid
1473 557 1626 606 esset
1659 569 1865 621 causae,
1918 569 2021 606 cur

373 640 739 709 praecepisset
783 639 834 694 ei
869 644 1016 694 Deus
1064 656 1134 694 ne
1183 641 1542 711 contingeret
1594 642 1663 695 de
1713 657 1884 712 pomo
1925 657 2017 696 ve-

373 729 475 783 tito
525 728 674 799 (Cen.
730 747 813 794 ιιι,
863 729 896 781 3
933 731 1092 798 δαίμ).
1159 729 1271 782 ΗΜ)
1323 745 1478 798 vero,
1530 730 1739 800 inquit,
1775 731 2018 800 probare

375 819 520 872 volo.
558 819 623 871 Et
655 819 760 885 [Αι.
793 817 864 883 ei]
915 818 1176 888 contigit,
1227 822 1284 871 et
1315 818 1594 889 probavit,
1629 824 1767 890 quia
1796 820 2017 890 projec-

375 911 470 959 tus
503 910 610 960 est.

452 1015 478 1046 ‹‹
521 994 780 1061 Domine,
821 995 879 1048 in
927 995 1227 1050 voluntate
1284 999 1387 1050 tua
1445 997 1767 1066 praestitisti
1826 999 2016 1053 decori

378 1100 504 1138 meo
550 1083 844 1138 virtutem.
901 1107 927 1131 »
972 1085 1041 1137 Et
1091 1084 1218 1155 ipsa
1265 1089 1353 1139 est
1384 1102 1489 1139 vox
1539 1086 1672 1140 Adae
1705 1092 2016 1158 postquam

377 1174 671 1243 projectus
712 1177 800 1227 est
841 1174 908 1227 de
941 1173 1209 1243 paradiso
1243 1191 1345 1244 pro
1378 1191 1484 1229 suo
1517 1173 1706 1245 culpa.
1731 1175 1894 1243 (Ibid.
1929 1177 2016 1244 23,

373 1263 484 1331 24).
517 1266 676 1316 Tunc
708 1261 975 1333 cognovit
1019 1262 1172 1332 quod
1223 1262 1510 1332 sapientia
1556 1263 1702 1318 lucis
1734 1265 1804 1317 ab
1839 1281 1904 1319 eo
1927 1280 2017 1318 re-

382 1350 672 1415 cessisset,
734 1356 789 1404 et
833 1351 986 1421 quod
1037 1368 1070 1404 a
1113 1351 1226 1405 Deo
1278 1351 1334 1404 in
1399 1352 1668 1421 paradiso
1699 1351 2016 1408 collocatus

379 1439 567 1493 fuerat
599 1439 994 1504 abundantiae,
1046 1456 1160 1494 non
1209 1457 1241 1494 a
1291 1440 1623 1511 semetipso.
1688 1465 1707 1488 α
1746 1442 2019 1496 Avertisti

375 1528 581 1583 faciem
615 1533 778 1582 tuam
822 1545 856 1582 a
907 1544 1019 1594 me,
1073 1533 1128 1582 et
1167 1528 1355 1583 factus
1387 1546 1518 1582 sum
1551 1530 1954 1584 conturbatus.
1990 1553 2017 1578 »

376 1619 539 1672 Tunc
571 1618 775 1672 avertit
809 1616 1015 1671 faciem
1051 1634 1218 1672 suam
1248 1617 1401 1672 Deus
1433 1619 1503 1672 ab
1529 1619 1735 1685 Adam,
1787 1619 2018 1689 quando

376 1707 650 1778 peccavit.
683 1706 751 1760 Et
781 1710 919 1759 tunc
952 1706 1333 1760 conturbatus
1355 1711 1461 1773 est,
1497 1707 1728 1776 quando
1761 1708 1868 1762 sub
1901 1723 2020 1762 ma-

373 1794 684 1849 ledictione
717 1794 786 1847 de
818 1793 1088 1864 paradiso
1121 1796 1421 1865 projectus
1455 1801 1562 1850 est.
1599 1796 1666 1849 Et
1698 1795 2017 1867 unusquis-

381 1899 494 1954 que
543 1883 718 1937 homo
766 1883 997 1954 quando
1048 1885 1119 1938 dc
1158 1884 1281 1939 suis
1332 1885 1716 1939 conturbatur
1746 1886 2017 1956 peccatis.

381 1972 485 2026 Vel
517 1971 720 2027 aliter:
770 1995 796 2020 «
835 1972 1093 2039 Domine,
1141 1972 1200 2027 in
1251 1972 1546 2028 voluntate
1575 1978 1694 2040 tua,
1732 1997 1759 2023 ››
1804 1979 1860 2029 et
1907 1992 2022 2029 nou

380 2078 448 2117 ex
481 2078 646 2116 mea:
682 2084 708 2110 ‹‹
735 2061 1058 2116 Prazstitisti
1092 2063 1282 2117 decori
1316 2079 1495 2128 meo,»
1535 2064 1760 2135 corpori
1790 2080 2022 2119 assum-

383 2157 480 2223 pto
515 2168 527 2205 :
562 2153 840 2217 virtutem,
871 2156 934 2205 ut
963 2156 1017 2206 te
1047 2167 1472 2223 cognoscerem.
1533 2176 1559 2202 «
1621 2153 1892 2208 Avertisti
1943 2154 2023 2208 fa-

383 2241 528 2295 ciem
561 2245 722 2295 tuam
755 2258 788 2294 a
819 2257 930 2307 me,
957 2263 983 2289 »
1019 2257 1148 2294 cum
1174 2258 1470 2311 peccarem
1495 2261 1506 2296 :
1534 2263 1554 2290 α
1583 2247 1639 2296 et
1671 2243 1857 2297 factus
1888 2259 2019 2297 sum

381 2329 785 2383 conturbatus.
814 2350 840 2375 ››
864 2328 1206 2398 Ignorabam
1239 2329 1394 2383 enim
1427 2329 1617 2384 adhuc
1648 2330 1844 2385 lumen
1875 2331 2018 2385 veri-

382 2417 519 2470 tatis
550 2422 683 2469 tuae.

460 2527 479 2550 «ι
517 2504 600 2556 Ad
644 2509 719 2568 te,
755 2503 1017 2568 Domine,
1051 2504 1334 2571 clamabo,
1387 2511 1444 2560 et
1490 2507 1562 2561 ad
1612 2512 1790 2561 Deum
1824 2524 2018 2562 meum

383 2592 758 2662 deprecabor.
837 2610 857 2636 α
910 2591 1174 2647 Christus
1220 2593 1501 2649 Dominus
1541 2595 1649 2650 hoc
1700 2596 1862 2660 dicit,
1923 2597 2020 2668 qui

384 2697 486 2752 pro
557 2681 856 2752 redempto
932 2681 1146 2752 populo
1221 2683 1548 2751 interpellat
1622 2685 1691 2739 ad
1764 2685 2017 2740 Patrem.

384 2769 653 2825 Christus
711 2769 980 2826 clamavit
1040 2771 1096 2824 in
1155 2788 1344 2838 cruce,
1402 2777 1456 2827 et
1511 2773 1766 2828 Ecclesia
1807 2773 1866 2827 in
1901 2789 2023 2844 per-

385 2860 697 2915 secutione.

461 2973 482 2998 ι
527 2952 660 3014 Quae
694 2949 915 3005 utilitas
947 2950 1002 3004 in
1049 2951 1333 3023 sanguine
1366 2969 1513 3023 meo,
1547 2954 1687 3008 dum
1739 2953 2024 3009 descendo

384 3041 445 3094 in
476 3040 907 3111 corruptionem
935 3040 962 3094 ?
991 3064 1012 3092 ι
1045 3041 1102 3094 Si
1134 3057 1247 3096 non
1282 3042 1694 3098 Resurrexero:
1726 3060 1860 3098 nam
1891 3045 2028 3114 quia

388 3125 608 3184 effusus
654 3135 742 3184 est
768 3129 1008 3200 sanguis
1041 3146 1226 3195 meus,
1261 3146 1498 3202 surgam
1552 3136 1608 3185 et
1655 3131 1730 3185 sit
1779 3130 2022 3194 utilitas,

2129 559 2185 607 et
2213 553 2283 606 ad
2315 552 2511 622 ipsum
2544 551 2879 617 Dominum,
2904 550 3026 620 jam
3058 549 3337 604 mundata
3365 552 3474 621 agni
3494 558 3668 624 sangui-

2130 657 2200 696 ne
2226 641 2398 695 dicit:

2205 753 2224 778 α
2288 729 2636 785 Conscidisti
2689 745 2924 785 saccum
2975 743 3209 783 meum.
3273 750 3299 776 »
3347 728 3666 786 Velamentnm

2129 823 2494 890 peccatorum
2529 835 2827 886 meorum;
2862 817 2999 888 quia
3026 833 3252 882 saccus,
3285 821 3340 871 et
3381 816 3585 872 cilicium
3620 823 3666 874 ad

2127 911 2459 978 peccatores
2491 907 2759 979 pertinet.
2796 908 2943 961 Dum
2973 921 3110 977 ergo
3137 905 3311 960 dicit:
3353 928 3377 954 «
3407 905 3670 963 Conscidisti

2130 1013 2361 1052 saccum
2423 1013 2640 1051 meum.
2703 1017 2731 1044 »
2787 1000 2844 1050 et
2902 994 3038 1049 alibi
3095 994 3276 1059 dicit;
3335 995 3584 1048 Induebum
3620 1014 3674 1049 me

2126 1087 2329 1150 cilicio,
2389 1095 2441 1140 et
2495 1085 2857 1141 humiliabam
2913 1085 2974 1138 in
3008 1084 3225 1154 jejunio
3281 1085 3503 1137 animam
3549 1102 3675 1139 meam

2130 1174 2303 1242 (Psal.
2365 1191 2567 1241 xxxrv,
2622 1173 2747 1243 13),
2802 1176 2857 1227 et
2899 1172 3135 1242 quidem
3192 1170 3445 1226 Christus
3493 1189 3581 1226 non
3622 1179 3679 1227 est

2129 1280 2272 1318 usus
2303 1263 2416 1318 isto
2447 1263 2812 1317 indumento.
2847 1261 2994 1326 Quid
3046 1261 3122 1315 sit
3153 1276 3354 1314 saccus
3382 1259 3578 1325 Christi,
3604 1263 3677 1315 nisi

2132 1351 2459 1406 mortalitas
2489 1367 2666 1421 quam
2719 1351 2790 1404 de
2836 1347 3004 1404 nobis
3053 1347 3413 1418 assumpsit?
3439 1349 3572 1402 Tunc
3590 1366 3680 1403 con-

2130 1441 2352 1495 scissus
2383 1445 2472 1494 est
2497 1441 2606 1495 iste
2632 1455 2856 1509 saccus,
2890 1437 3123 1510 quando
3158 1436 3498 1500 ressurrexit,
3543 1443 3586 1492 et
3608 1438 3678 1492 im-

2130 1528 2396 1584 mortalis
2423 1530 2662 1584 eli‘ectus
2691 1533 2800 1584 est.
2860 1529 2929 1582 Et.
2959 1526 3094 1582 licet
3143 1525 3348 1581 habuit
3377 1541 3591 1593 saccum,
3615 1528 3679 1580 sed

2130 1635 2242 1673 non
2293 1618 2499 1673 habuit
2550 1635 2697 1688 opus
2751 1617 2923 1683 sacci,
2971 1616 3028 1670 id
3059 1620 3169 1683 est,
3205 1619 3504 1688 peccatum,
3531 1614 3586 1669 de
3608 1631 3681 1685 quo

2130 1708 2412 1778 scriptum
2455 1713 2568 1762 est:
2616 1708 2720 1774 Qui
2770 1709 3052 1777 peccatum
3097 1720 3211 1760 non
3259 1704 3428 1777 fecit:
3462 1719 3543 1758 nec
3578 1703 3681 1757 dolus

2130 1801 2381 1852 inventus
2423 1801 2500 1852 est
2549 1798 2607 1850 in
2656 1812 2747 1851 ore
2793 1797 2907 1864 eius
2956 1796 3082 1865 (Isa.
3139 1811 3259 1856 LIII,
3304 1795 3378 1861 9).
3407 1792 3560 1847 Nobis
3595 1808 3682 1863 ergo

2135 1902 2369 1941 necesse
2400 1890 2486 1940 est
2516 1901 2748 1940 saccum
2781 1889 2838 1938 et
2868 1883 3126 1938 cilicium
3159 1883 3412 1947 induere,
3441 1881 3557 1950 quia
3587 1896 3682 1950 opus

2134 1977 2283 2031 sacci
2325 1975 2662 2039 habuimus,
2709 1974 2764 2027 id
2817 1977 2925 2042 est,
2975 1977 3305 2044 peccatum.
3363 1994 3381 2018 ι
3414 1968 3684 2024 Precinxisti

2134 2082 2225 2120 me
2265 2064 2485 2119 laetitia.
2536 2086 2563 2112 »
2623 2063 2681 2117 Id
2729 2067 2836 2130 est,
2889 2061 3094 2116 laetitia
3143 2060 3570 2125 resurrectionis,
3609 2056 3683 2111 sive

2132 2153 2447 2223 Christum,
2481 2153 2600 2207 sive
2645 2150 2962 2205 Ecclesiam
2992 2151 3052 2204 in
3096 2151 3332 2204 futuro:
3380 2149 3593 2202 induens
3628 2160 3683 2198 me

2133 2241 2282 2297 stola
2330 2242 2520 2312 prima
2585 2238 3092 2295 immortalitalitis
3143 2255 3245 2310 per
3292 2236 3680 2293 resurrectionem

2133 2337 2318 2386 tuam.

2206 2442 2232 2469 ‹‹
2257 2419 2328 2472 Ut
2357 2422 2590 2473 cantent
2620 2419 2724 2489 [Αι.
2760 2418 2970 2487 cantet]
3004 2416 3110 2471 tibi
3145 2415 3329 2488 gloria
3357 2431 3490 2469 mea.
3512 2436 3535 2461 »
3555 2412 3601 2466 ln
3624 2410 3682 2463 his

2132 2509 2230 2580 qui
2281 2507 2653 2562 crediderunt
2700 2505 2896 2577 gloria:
2929 2505 3390 2561 resurrectionis.
3445 2527 3468 2550 ‹‹
3509 2503 3566 2556 Et
3609 2515 3682 2552 non

2131 2612 2531 2668 compungar.
2596 2617 2624 2644 »
2681 2597 2726 2649 A
2783 2593 3038 2649 stimulis
3117 2599 3497 2665 peccatorum.
3547 2589 3683 2657 Neque

2133 2685 2435 2742 Christus:
2472 2685 2611 2755 quia
2641 2683 2870 2739 nullum
2903 2682 3113 2738 habuit
3144 2687 3454 2755 peccatum.

2205 2798 2231 2823 «
2278 2773 2518 2828 Domine
2567 2778 2718 2828 Deus
2758 2790 2946 2843 meus,
3005 2772 3064 2826 in
3120 2779 3397 2827 aeternum
3449 2764 3687 2823 conﬁtebor

2134 2863 2260 2918 tibi.
2292 2885 2319 2912 ››
2369 2863 2432 2917 Id
2475 2867 2590 2933 est,
2652 2862 2775 2918 sine
2824 2862 2938 2916 fine
2983 2860 3239 2917 laudabo
3281 2866 3367 2914 te.
3417 2858 3473 2912 In
3518 2856 3607 2918 his,
3649 2855 3687 2902 ul

2129 2955 2253 3024 jam
2283 2952 2422 3018 dixi,
2462 2951 2570 3006 tibi
2618 2951 2922 3007 concinam
2975 2956 3152 3022 atque
3193 2950 3484 3006 conﬁtear:
3535 2941 3612 3014 qui
3651 2939 3688 2991 in

2139 3058 2230 3097 me
2295 3041 2628 3115 congregati
2669 3047 2808 3096 sunt
2864 3057 2967 3112 per
3021 3039 3489 3096 resurrectionem
3540 3044 3689 3088 meum.

2137 3131 2346 3186 Omnia
2399 3131 2556 3186 enim
2615 3147 2740 3202 quae
2782 3129 2843 3184 in
2899 3129 3008 3184 hoc
3061 3129 3290 3201 psalmo
3349 3123 3605 3182 humiliter
3645 3117 3690 3169 de

388 3223 452 3272 ut
482 3218 780 3289 acquiram
817 3235 1021 3273 omnes
1052 3223 1254 3289 gentes
1277 3220 1698 3275 resurrectione
1731 3237 1878 3275 mea.
1913 3221 2024 3275 Hu-
2057 3200 2098 3264 C
2135 3221 2363 3276 Christo
2419 3219 2712 3285 dicuntur,
2745 3219 2814 3274 ad
2846 3219 3312 3290 assumptionem
3359 3211 3583 3285 corporis
3606 3221 3689 3260 ma-

389 3309 640 3362 manitas
669 3307 880 3363 Christi
903 3309 974 3363 ad
1009 3312 1237 3362 Patrem
1270 3307 1546 3378 loquitur,
1577 3326 1642 3363 ac
1673 3309 1721 3363 si
1754 3309 2020 3365 dixisset:

387 3395 559 3450 Nulla
583 3402 672 3451 est
713 3397 938 3452 utilitas
967 3399 1120 3468 quod
1154 3397 1500 3468 sanguinem
1534 3397 1732 3461 effudi,
1783 3398 1894 3452 nisi
1943 3416 2028 3453 re-

389 3501 690 3540 surrexero
723 3503 757 3539 a
789 3485 1054 3540 mortuis.
1091 3485 1212 3552 Vel,
1246 3503 1373 3555 quae
1405 3485 1628 3540 utilitas
1652 3487 1708 3540 in
1743 3488 2028 3559 sanguine

391 3590 540 3637 meo,
577 3596 602 3621 ››
635 3573 691 3627 id
727 3579 834 3639 est,
867 3573 925 3627 in
959 3579 1128 3644 gente
1168 3591 1297 3640 mea
1318 3573 1345 3626 ?
1375 3575 1710 3630 Judaeorum
1741 3576 1900 3630 nulla
1941 3582 2029 3632 est

395 3661 637 3726 utilitas,
670 3662 808 3732 quia
856 3679 970 3716 non
1021 3663 1286 3729 credunt,
1321 3663 1431 3720 nisi
1482 3663 1778 3719 hominem
1813 3683 2027 3736 purum

393 3755 646 3804 tantum.
683 3750 805 3805 Non
855 3749 1046 3805 solum
1107 3769 1219 3806 non
1263 3753 1652 3820 crediderunt,
1707 3755 1806 3808 sed
1853 3755 2027 3809 etiam

393 3837 546 3892 latus
577 3841 702 3909 ejus
733 3844 1088 3910 aperuerunt
1115 3841 1299 3909 (Joan.
1332 3858 1446 3904 xxx,
1477 3842 1587 3908 34).

462 3950 488 3976 ‹‹
550 3927 846 3998 Numquid
893 3927 1267 3983 confitebitur
1321 3928 1487 3982 tibi»
1547 3928 1654 3999 [AL
1707 3935 1859 3984 tacet
1902 3931 2028 4001 tibi]

394 4015 630 4089 pulvis?
662 4017 785 4072 Non
820 4017 1030 4088 poterit
1073 4017 1244 4071 turba
1291 4017 1628 4088 impiorum,
1663 4035 1788 4089 quae
1819 4019 2029 4084 adhuc,

391 4105 549 4160 velut
580 4106 788 4177 pulvis.
822 4107 980 4161 omni
1011 4111 1179 4160 vento
1211 4105 1488 4160 doctrinae
1521 4112 1786 4161 movetur
1814 4107 2028 4176 (Ephes.

392 4213 466 4261 xv,
499 4197 605 4265 14).
633 4195 967 4265 justiﬁcari,
993 4195 1040 4249 si
1075 4211 1180 4266 ego
1208 4211 1322 4249 non
1343 4209 1672 4266 resurgam.
1701 4196 1758 4249 Si
1782 4212 1886 4267 ego
1918 4211 2031 4250 non

393 4300 779 4350 resurrexero,
814 4301 928 4339 non
982 4284 1354 4339 conﬁtebitur
1399 4284 1506 4339 tibi
1558 4283 1766 4356 pulvis.
1813 4284 2031 4352 Pulvis,

393 4371 451 4426 id
483 4377 573 4426 est
603 4371 789 4442 impii,
848 4371 933 4427 vel
964 4372 1336 4427 infructuosi.
1379 4394 1404 4424 α
1451 4375 1564 4427 Aut
1595 4373 1924 4428 annutiabit
1947 4390 2036 4428 ve-

395 4460 624 4515 ritatem
656 4466 840 4515 tuam.
867 4483 895 4509 »
929 4461 988 4514 Id
1020 4466 1108 4516 est
1128 4461 1424 4515 Christum
1455 4467 1644 4528 tuum,
1680 4478 1745 4516 ac
1777 4461 1825 4517 si
1857 4463 2029 4518 dicat:

391 4549 450 4605 Si
483 4567 596 4604 non
632 4566 1020 4615 resurrexero,
1053 4566 1166 4604 non
1197 4550 1568 4604 annuntiant.

465 4662 490 4688 υ
547 4639 784 4693 Audivit
845 4638 1158 4704 Dominus,
1209 4644 1266 4692 et
1324 4638 1596 4694 misertus
1654 4643 1744 4694 est
1803 4639 1936 4694 mei.
2001 4661 2030 4689 »

463 4753 489 4778 ‹‹
527 4727 764 4782 Audivit
797 4728 1108 4793 Dominus,
1143 4751 1170 4776 »
1203 4727 1356 4782 Deus
1390 4732 1576 4782 Pater.
1611 4751 1638 4776 ‹‹
1673 4733 1729 4782 et
1759 4728 2037 4784 misertus

389 4823 477 4872 est
509 4817 643 4872 mei.
703 4840 722 4864 ι»
773 4816 890 4872 Vox
921 4815 1155 4883 Christi,
1191 4816 1327 4887 quia
1371 4832 1675 4887 resurgere
1719 4833 1811 4872 me
1841 4818 1974 4873 fecit
2003 4835 2037 4873 a

392 4907 658 4960 mortuis.
711 4929 738 4955 ‹‹
792 4905 1073 4961 Dominus
1125 4905 1311 4959 factus
1370 4910 1460 4959 est
1508 4905 1737 4974 adjutor
1784 4921 1970 4960 meus.
2009 4931 2028 4954 η

394 4995 666 5049 Defensor
706 5012 892 5061 meus,
946 4994 1048 5066 qui
1098 5011 1190 5050 me
1223 4994 1357 5049 fecit
1389 4993 1842 5065 primogenitum
1877 5011 2034 5049 mor-

388 5088 622 5137 tuorum
654 5084 879 5154 ((301035.
916 5102 953 5147 ι,
988 5085 1098 5152 18).

459 5195 485 5219 ‹‹
529 5173 870 5228 Convertisti
924 5172 1223 5244 planctum
1271 5188 1488 5228 meum.
1548 5174 1692 5227 Cum
1741 5172 2032 5226 dicerem:

393 5261 584 5314 Tristis
640 5265 716 5316 est
775 5263 966 5316 anima
1021 5279 1142 5316 mea
1199 5278 1373 5332 usque
1420 5261 1489 5316 ad
1546 5266 1776 5338 mortem
1824 5259 2032 5330 (Matth.

386 5366 536 5414 xxvr,
584 5351 693 5418 38).
729 5373 754 5398 ‹‹
806 5351 863 5404 In
897 5351 1177 5422 gaudium
1229 5351 1395 5404 mihi.
1452 5373 1479 5399 »
1537 5349 1682 5404 Cum
1724 5363 2036 5420 resurgens

386 5439 540 5493 dixi:
574 5445 674 5504 Ite,
725 5442 982 5494 nuntiate
1024 5441 1301 5507 fratribus
1340 5443 1498 5504 meis,
1539 5444 1598 5494 ut
1636 5448 1764 5494 eant
1793 5441 1849 5492 in
1886 5439 2032 5494 Gali-

386 5529 571 5590 laeam.
606 5530 686 5582 ibi
714 5545 799 5582 me
830 5529 1085 5582 videbunt
1118 5529 1324 5598 (Matth.
1376 5546 1572 5595 xxvm,
1627 5530 1733 5598 10).
1771 5529 1881 5583 Sed
1913 5527 2035 5582 haec

389 5615 541 5670 sicut
583 5633 617 5670 a
659 5615 910 5683 Christo,
966 5615 1046 5669 ita
1092 5617 1266 5670 etiam
1319 5617 1390 5671 ab
1448 5617 1702 5671 Ecclesia
1760 5616 2036 5670 dicuntur

389 5705 558 5773 cujus
609 5705 901 5777 planctus,
953 5708 1291 5774 resurgente
1335 5703 1602 5770 Domino,
1654 5704 1712 5758 in
1753 5705 2032 5776 gaudium

2137 3311 2225 3383 gis
2256 3310 2558 3365 referenda
2588 3313 2745 3378 sunt,
2779 3325 2956 3379 quam
3007 3307 3079 3362 ad
3142 3305 3449 3378 potentiam
3494 3293 3690 3356 Deitatis.

2141 3399 2254 3456 Nos
2300 3415 2533 3469 quoque
2572 3396 2867 3468 supplices
2916 3396 3319 3468 deprecamur,
3377 3397 3436 3446 ut
3473 3385 3692 3444 convertat

2141 3488 2419 3544 Dominus
2452 3487 2508 3540 in
2541 3485 2819 3557 gaudium
2869 3484 3175 3556 planctum
3209 3487 3480 3545 nostrum,
3513 3473 3692 3530 Γθωὶεεδ

2137 3575 2290 3631 mole
2340 3575 2659 3630 facinorum
2694 3591 2707 3630 :
2760 3591 2825 3629 ac
2856 3574 3132 3645 mysterio
3166 3565 3568 3629 resurrectionis
3611 3573 3690 3652 ευξε

2136 3664 2454 3720 laetiﬁcatos
2504 3662 2763 3718 attollere
2795 3663 3066 3734 dignetur
3111 3662 3172 3716 in
3206 3660 3439 3716 czelum:
3488 3668 3572 3726 pro
3609 3661 3692 3717 qui-

2138 3754 2249 3808 bus
2281 3751 2630 3808 descendere
2663 3752 2939 3822 dignatus
2969 3755 3059 3806 est
3113 3750 3174 3804 in
3207 3749 3500 3804 infernum.

2710 3838 3030 3916 periimus
3063 3839 3244 3916 X)_(.\'._
3429 3905 3439 3916 _
3510 3902 3520 3912 ,

2139 3915 2200 3968 1η
2230 3915 2414 3984 ﬁnem,
2446 3911 2698 3984 Psalrmus
2728 3911 2918 3984 David,
2969 3915 3078 3966 etc.
3117 3908 3394 3984 Psalmus
3426 3899 3694 3984 ipsius‘llf‘

2213 3969 2454 4039 diatoris
2504 3982 2671 4037 initio
2716 3969 2972 4036 continet
3025 3997 3263 4036 vocem:
3313 3969 3502 4034 deinde
3528 3969 3690 4050 redem:

2213 4056 2296 4122 pti
2354 4053 2638 4126 sanguine
2701 4054 2828 4126 ejus
2887 4053 3105 4124 populi,
3167 4052 3378 4126 gratias
3405 4048 3694 4126 agentis,

2104 4180 2109 4185 .
2211 4114 2399 4194 ipsius
2452 4114 2846 4196 interponitur
2877 4114 3126 4195 persona
3167 4114 3469 4196 prophetia.
3506 4114 3694 4176 Αίιετεο

2213 4197 2562 4268 Redemptor
2597 4196 2668 4250 ad
2703 4197 2964 4250 Patrem:
3660 4263 3666 4271 .

2215 4308 2242 4333 ‹‹
2281 4286 2341 4338 In
2395 4288 2470 4354 te,
2529 4283 2793 4350 Domine,
2848 4283 3074 4354 speravi
3121 4301 3134 4340 :
3196 4283 3316 4337 Non
3359 4271 3693 4358 conl'undt_ir|_u

2143 4378 2444 4428 aeternum.
2479 4392 2504 4422 ιι
2545 4373 2608 4426 In
2635 4376 2710 4439 te,
2746 4371 2932 4439 Pater,
2983 4388 3117 4442 spes
3166 4377 3252 4427 est
3297 4356 3694 4442 corroborationls

2145 4479 2304 4532 meae,
2333 4461 2474 4515 dum
2506 4460 2649 4515 mihi
2673 4465 2952 4531 tanquam
2989 4461 3210 4515 caeteris
3243 4454 3548 4514 hominibus
3567 4438 3694 4499 insvl-

2062 4570 2108 4632 D
2144 4531 2294 4606 tant
2326 4548 2660 4617 adversarii,
2712 4547 2802 4603 vel
2864 4547 3140 4605 illudunt.
3179 4547 3275 4604 Vel
3322 4560 3422 4600 vox
3472 4531 3694 4632 propheta

2139 4657 2206 4694 ex
2255 4655 2503 4710 persona
2550 4637 2818 4692 Ecclesiae
2868 4637 3028 4705 dicit,
3093 4659 3121 4686 «
3180 4653 3293 4691 non
3350 4624 3638 4688 confundat,
3678 4636 3693 4656 “

2147 4729 2283 4799 quia
2332 4733 2484 4782 recte
2532 4726 2809 4782 conﬁteor
2839 4728 3017 4782 ﬁnem
3048 4724 3364 4781 Trinitatis.
3393 4745 3417 4769 ‹‹
3450 4718 3505 4772 In
3532 4719 3593 4779 te,
3620 4711 3692 4758 υο·

2147 4817 2323 4883 mine,
2367 4816 2613 4887 speravi.
2668 4837 2694 4864 ››
2744 4819 2814 4870 1η
2862 4821 2934 4884 te,
2987 4831 3100 4871 non
3152 4815 3205 4868 in
3257 4826 3362 4867 me.
3415 4829 3433 4854 ι
3472 4804 3573 4858 Non
3598 4808 3695 4850 con-

2147 4905 2360 4960 fundar
2414 4906 2476 4958 in
2523 4910 2843 4974 aeternum,
2907 4926 2935 4952 »
2995 4903 3132 4975 quia
3189 4902 3285 4974 qui
3334 4897 3482 4953 illum
3531 4889 3695 4951 integre

2146 4995 2516 5064 conﬁtentur,
2577 5011 2690 5049 non
2740 4993 3176 5049 confundentur
3213 5005 3388 5060 neque
3432 4982 3528 5043 hic,
3558 4979 3694 5065 neque

2145 5083 2203 5138 in
2238 5084 2450 5138 futuro.
2487 5105 2513 5132 ‹‹
2550 5083 2617 5137 Et
2652 5082 2710 5136 in
2744 5087 2845 5136 tua
2889 5083 3119 5152 justitia
3166 5081 3338 5135 libera
3387 5089 3483 5134 me,
3511 5071 3555 5122 et
3579 5067 3692 5152 erit”?

2147 5189 2238 5227 me
2272 5194 2298 5220 »
2329 5171 2409 5226 De
2439 5171 2602 5226 fovea
2633 5187 2811 5242 quam
2844 5149 3176 5226 statuerunt
3204 5168 3399 5224 animae
3428 5171 3561 5214 mea
3589 5149 3691 5211 0"“

2147 5261 2259 5315 nisi
2317 5278 2350 5314 a
2401 5265 2512 5315 Deo
2551 5260 2983 5329 justificemur,
3023 5275 3124 5330 per
3168 5274 3269 5312 nos
3310 5268 3412 5308 n0n
3449 5245 3690 5335 Ροδξίξξῃυῗ

2139 5349 2476 5419 justiﬁcari.
2532 5325 2694 5404 Dnde
2727 5325 3041 5419 scripturn-
3067 5353 3189 5403 est:
3243 5345 3342 5412 Qui
3386 5353 3436 5393 se
3473 5325 3687 5419 Ῐυξίίρίίξίῖ

2145 5405 2260 5510 ipse
2287 5455 2342 5492 se
2370 5438 2697 5492 condemnat
2727 5405 2951 5508 (Job‘lx,
2981 5437 3092 5507 20).
3128 5405 3284 5491 Unde
3334 5435 3386 5484 et
3436 5417 3609 5511 Ρδιυ¹¹ξ³

2145 5501 2497 5599 quibusdam
2531 5525 2705 5580 dicit:
2733 5501 2914 5580 ‘Suam
2937 5501 2946 5507 ν
2973 5501 3274 5597 quaerentes
3322 5501 3684 5600 statueremjum'

2145 5595 2304 5679 tiam,
2329 5617 2572 5686 justitia:
2602 5617 2697 5670 Dei
2721 5631 2833 5669 non
2863 5595 2995 5669 sunt
3020 5614 3246 5685 subjecti
3272 5611 3431 5677 (Rom.
3458 5595 3588 5686 Χηδῆ
3640 5671 3649 5682 .

2189 5729 2244 5754 -α
2279 5704 2497 5759 Inclina
2545 5705 2618 5760 ad
2668 5721 2760 5760 me
2819 5719 3021 5760 aurem
3064 5709 3244 5759 tuam.
3279 5721 3304 5748 »
3331 5695 3440 5749 Vox
3488 5677 3682 5740 Ecclesw
