3964 6190
310 366 424 424 961

1488 365 1981 426 BREVIARIUM
2029 366 2104 423 IN
2153 365 2538 427 PSALMOS.

3595 378 3709 434 962

309 496 384 550 ad
409 494 727 551 Christum.
755 497 861 549 Per
880 510 1081 550 aurem
1103 494 1436 566 benignitas
1464 496 1562 550 Dei
1586 495 1949 569 intelligitur.
1989 503 2041 567 Α
2073 497 2330 552 animam
2355 514 2566 552 meam.
2591 502 2708 553 Hoc
2758 501 3086 572 exemplum
3148 505 3366 576 accepit
3397 505 3651 562 Ecclesia
3679 523 3713 560 a

310 584 563 639 Inclinat
583 583 851 638 Christus
892 600 1091 638 aurem
1142 584 1377 654 quando
1426 585 1698 640 exaudire
1749 587 1954 657 digna-

311 677 432 727 tur.
463 670 565 724 Vel
589 675 728 725 tunc
752 670 1053 726 inclinavit
1080 676 1232 727 Deus
1264 689 1464 727 aurem
1497 690 1685 744 suam,
1723 676 1956 744 quando

309 759 475 816 misit
505 760 757 814 Verbum
791 777 987 829 suum,
1019 765 1075 816 et
1101 777 1207 816 nos
1253 761 1545 816 exaudivit
1595 763 1653 816 in
1696 763 1915 818 mundo
1943 781 1954 829 ;

309 853 368 904 et
397 848 695 902 intantum
754 847 1074 916 inclinavit,
1133 854 1196 903 ut
1257 854 1458 904 nostra
1508 854 1747 922 peccata
1778 852 1960 922 digito

309 939 369 992 in
401 942 558 992 terra
613 936 910 992 scriberet.
977 958 998 985 π
1058 937 1329 993 Accelera
1387 943 1452 993 ut
1507 939 1721 1010 eripias
1781 956 1956 994 me.»

308 1027 584 1088 Accelera,
642 1025 700 1078 id
759 1029 870 1089 est,
929 1025 1158 1080 festina.
1196 1049 1224 1076 ‹‹
1262 1026 1330 1081 Ut
1372 1027 1588 1098 eripias
1615 1043 1727 1082 me.
1767 1050 1787 1076 υ
1821 1027 1960 1082 Vult

310 1120 518 1170 sancta
549 1113 802 1169 Ecclesia
822 1113 1057 1169 liberari
1095 1115 1166 1169 de
1187 1131 1446 1185 corpore,
1480 1120 1544 1169 ut
1589 1116 1669 1169 ait
1699 1115 1913 1170 Paulus
1944 1135 1955 1171 :

309 1206 486 1276 Cupio
510 1204 740 1258 dissolvi
769 1211 963 1257 etesse
1013 1219 1139 1258 cum
1197 1205 1410 1259 Christo
1470 1205 1736 1275 (Philipp.
1775 1223 1812 1271 1,
1844 1207 1956 1274 ‘23).

389 1315 418 1342 «
451 1294 588 1348 Esto
620 1292 763 1346 mihi
794 1292 852 1346 in
888 1297 1066 1347 Deum
1099 1296 1506 1364 protectorem.
1542 1316 1570 1341 ››
1603 1294 1724 1348 Vox
1768 1294 1958 1348 Eccle—

313 1383 434 1439 sia}.
458 1405 484 1431 «
504 1384 568 1436 In
592 1383 768 1436 Deum
791 1386 1196 1451 protectorem.
1223 1404 1249 1430 ››
1270 1383 1330 1436 In
1359 1387 1536 1437 Deum
1563 1382 1922 1437 defensorem
1945 1401 1956 1436 :

313 1471 452 1542 quia
484 1469 652 1524 multi
684 1475 824 1523 sunt
857 1469 937 1523 dii
964 1471 1172 1535 nocivi,
1207 1470 1308 1541 qui
1339 1487 1454 1525 non
1486 1477 1755 1542 prosunt.
1799 1471 1960 1525 Unde

312 1559 530 1615 Paulus
561 1559 744 1613 dicit:
803 1558 941 1612 Sunt
998 1558 1215 1628 quidem
1273 1560 1357 1613 dii
1410 1561 1596 1626 multi,
1655 1564 1708 1614 et
1747 1559 1961 1614 domini

312 1649 517 1703 multi:
576 1647 730 1701 nobis
797 1651 978 1701 tamen
1037 1664 1180 1702 unus
1236 1649 1376 1702 Deus
1435 1665 1548 1703 una
1603 1648 1754 1717 ﬁdes,
1784 1665 1958 1702 unum

317 1739 592 1808 baptisma
656 1735 705 1805 (Ι
738 1735 857 1789 Cor.
895 1753 1015 1803 vui,
1047 1737 1102 1803 5,
1133 1736 1210 1807 6).
1255 1758 1281 1787 ιι
1312 1737 1447 1791 Esto
1482 1737 1625 1791 mibi
1682 1738 1741 1792 in
1777 1742 1957 1792 Deum

313 1830 720 1899 protectorem,
754 1848 782 1873 ››
815 1830 1096 1895 tanquam
1128 1826 1446 1896 proximus.
1487 1847 1507 1873 α
1535 1829 1602 1880 Et
1624 1826 1684 1880 in
1717 1827 1954 1881 domum

313 1915 546 1987 refugii,
580 1919 645 1968 ut
703 1912 928 1968 salvum
989 1929 1080 1968 me
1137 1914 1335 1968 facias.
1401 1935 1430 1963 »
1489 1916 1635 1980 Quia
1682 1915 1955 1985 Ecclesia,

311 2007 659 2075 tempestate
717 2001 1157 2074 persecutionis,
1208 2004 1278 2057 ad
1331 2003 1510 2058 Deum
1566 2004 1742 2059 habet
1798 2005 1957 2057 refu-

313 2095 499 2166 gium.
565 2114 587 2143 ι
621 2092 692 2146 Ut
748 2091 976 2147 salvum
1037 2108 1130 2146 me
1170 2091 1371 2158 facias,
1409 2115 1438 2141 »
1470 2110 1500 2146 a
1534 2093 1956 2164 peccatoribus.

314 2184 538 2238 Domus
570 2185 768 2236 autem
801 2179 1007 2251 refugii
1040 2179 1164 2251 ipse
1194 2185 1282 2234 est
1325 2180 1380 2234 in
1433 2197 1547 2251 quo
1600 2185 1770 2236 Pater
1797 2181 1961 2235 inha-

313 2273 484 2327 bitat.
518 2269 679 2324 Multi
737 2268 939 2325 volunt
992 2269 1187 2340 fugere
1245 2286 1278 2323 a
1333 2270 1642 2341 praesentia
1695 2270 1811 2335 Dei,
1857 2270 1954 2324 sed

316 2378 436 2414 non
469 2364 718 2430 possunt
747 2359 1007 2424 evadere,
1057 2362 1120 2411 ut
1169 2358 1248 2412 ait
1304 2357 1616 2429 pr0pheta:
1659 2359 1723 2412 Et
1753 2375 1787 2412 α
1815 2360 1960 2428 [acie

319 2453 418 2503 tua
446 2464 548 2518 quo
574 2448 788 2517 fugiam
817 2448 984 2516 (Psal.
1044 2463 1316 2511 cxxxxm,
1340 2446 1445 2517 7)?
1497 2447 1606 2501 Sed
1659 2464 1785 2516 nos,
1820 2446 1959 2500 dicit

315 2536 599 2606 Ecclesia,
625 2535 862 2589 insimul
886 2536 944 2589 in
973 2536 1144 2590 domo
1172 2536 1454 2590 habemus
1485 2536 1774 2608 refugium
1803 2553 1814 2590 :
1850 2536 1958 2590 hoc

318 2631 429 2692 est,
465 2626 520 2679 in
557 2626 682 2696 ipso
715 2625 816 2696 qui
847 2629 935 2679 est
963 2625 1139 2680 Deus.

388 2735 415 2761 ‹‹
449 2712 733 2774 Quoniam
788 2711 1225 2766 ﬁrmamentum
1285 2729 1505 2777 meum,
1563 2717 1618 2766 et
1668 2712 1954 2783 refugium

314 2818 516 2858 meum
548 2818 608 2856 es
643 2806 721 2855 tu.
757 2822 784 2851 »
820 2800 907 2854 Ad
941 2801 1316 2856 sustinendos
1345 2818 1443 2856 eos
1476 2801 1574 2873 qui
1626 2801 1685 2855 in
1737 2819 1829 2857 me
1859 2819 1960 2857 sae-

311 2892 496 2945 viunt.
559 2889 658 2944 Vel
729 2889 1165 2944 firmamentum
1232 2890 1407 2956 fidei;
1450 2915 1477 2940 «
1547 2895 1603 2946 et
1665 2890 1954 2962 refugium

316 2995 515 3035 meum
547 2995 608 3034 es
640 2983 726 3043 tu,
761 3001 788 3027 ››
821 2978 1112 3049 refugium
1148 2996 1342 3034 meum
1375 2979 1550 3035 dicit:
1587 2980 1725 3050 quia
1763 2979 1955 3034 Eccle-

317 3069 406 3123 sia
461 3069 518 3122 in
549 3067 775 3121 Christo
833 3066 1010 3121 habet
1049 3067 1363 3138 refugium,
1399 3072 1463 3121 ut
1523 3068 1605 3123 ait
1636 3067 1953 3139 propheta:

316 3159 565 3220 Domine,
625 3157 905 3226 refugium
959 3158 1138 3224 factus
1194 3172 1249 3210 es
1303 3157 1456 3211 nobis
1515 3156 1685 3227 (Psal.
1733 3174 1955 3221 Lxxx1x,

2067 585 2316 640 Christo.
2350 586 2466 641 Hoc
2516 591 2572 642 et
2628 593 2866 644 sanctus
2915 591 3242 666 Stephanus
3279 595 3410 648 fecit
3440 597 3574 666 (Act.
3609 614 3708 662 v11,

2065 675 2155 743 58)
2184 694 2206 738 ;
2233 674 2343 730 hoc
2361 680 2416 730 et
2439 677 2625 730 sancti
2644 682 2830 740 orant,
2855 680 3088 748 quando
3112 658 3324 735 exeunt
3355 685 3424 737 de
3446 658 3710 756 corpore,

2071 767 2133 816 ut
2164 761 2346 818 illud:
2393 764 2570 818 Fideli
2618 768 2853 820 creatori
2900 769 3282 824 commendant
3323 774 3539 827 animas
3585 790 3714 830 suas

2072 851 2129 903 in
2179 852 2473 921 benefactis
2531 855 2696 923 (Petr.
2734 872 2805 918 iv,
2869 858 2978 926 19).
3016 858 3128 912 l-loc
3182 858 3240 912 in
3291 876 3460 914 cruce
3489 862 3714 931 positus

2071 939 2352 995 Dominus
2384 941 2545 1012 dixit,
2606 944 2760 1014 quod
2823 944 2881 998 in
2941 945 3126 1001 Patris
3185 964 3397 1002 manus
3442 949 3713 1019 spiritum

2071 1030 2604 1085 commendaverit:
2639 1032 2753 1086 cito
2785 1049 2917 1087 eum
2950 1035 3076 1104 ipso
3137 1037 3524 1092 resuscitante
3554 1056 3714 1093 sum-

2073 1121 2301 1187 pturus.
2335 1117 2498 1173 Dicat
2546 1137 2702 1175 nunc
2749 1122 3004 1193 populus
3056 1125 3395 1196 redemptus
3428 1129 3715 1199 sanguine

2071 1205 2256 1276 Agni:
2292 1230 2320 1255 «
2355 1207 2675 1262 Redemisti
2709 1227 2822 1277 me,
2857 1212 3120 1278 Domine,
3181 1213 3335 1269 Deus
3365 1216 3646 1272 veritatis.
3687 1243 3708 1271 ι

2071 1293 2178 1357 Qui
2210 1311 2272 1348 es
2302 1296 2512 1350 veritas
2542 1302 2600 1351 et
2629 1298 2781 1353 vita:
2817 1301 2954 1370 quia
3013 1303 3166 1372 quod
3228 1305 3498 1374 promisit
3542 1308 3713 1377 Deus,

2072 1398 2184 1436 non
2219 1384 2521 1438 mentitur.
2551 1384 2708 1439 Sicut
2739 1389 3006 1457 promisit
3036 1407 3138 1459 per
3185 1407 3380 1447 servos
3414 1411 3552 1450 suos
3583 1413 3714 1466 pro-

2073 1470 2297 1540 phetas,
2330 1471 2410 1525 ita
2441 1477 2498 1526 et
2530 1473 2704 1540 venit,
2730 1480 2786 1528 et
2818 1477 3062 1531 redemit
3095 1496 3199 1534 nos
3257 1482 3540 1553 sanguine
3586 1500 3712 1540 suo.

2073 1557 2233 1613 Unde
2265 1564 2320 1614 et
2340 1560 2558 1616 Paulus
2586 1562 2763 1617 dieit:
2798 1565 2980 1636 Empti
3008 1569 3155 1622 enim
3201 1571 3331 1623 estis
3385 1573 3560 1641 pretio
3591 1590 3712 1628 ma-

2068 1663 2181 1718 gno
2211 1648 2254 1718 (Ι
2287 1648 2406 1704 Cor.
2439 1667 2517 1716 v1,
2551 1651 2661 1721 20).

2141 1785 2168 1811 ‹‹
2202 1763 2386 1818 Odisti
2445 1782 2648 1821 omnes
2705 1768 3078 1826 observantes
3136 1775 3474 1841 vanitatem,
3517 1795 3714 1850 super-

1989 1869 2036 1932 B
2069 1868 2266 1906 vacue.
2302 1875 2330 1901 ››
2364 1854 2730 1925 Supervacue
2763 1858 2926 1923 dicit,
2983 1877 3096 1915 non
3157 1865 3313 1934 quod
3371 1865 3526 1922 Deus
3559 1869 3717 1924 odiat

2069 1956 2452 2011 quemquam.
2517 1944 2685 1999 Absit
2751 1946 2859 2001 hoc
2908 1950 3142 2004 sentire.
3205 1952 3315 2007 Sed
3373 1955 3471 2025 qui
3538 1956 3714 2013 istam

2068 2031 2476 2086 tantummodo
2506 2031 2682 2087 vitam
2717 2041 3063 2105 praesentem
3096 2045 3314 2108 amant,
3375 2048 3432 2096 et
3461 2044 3716 2101 caalestia

2069 2121 2490 2175 contemnunt:
2524 2130 2828 2192 sperantes
2888 2125 3142 2181 inaniter
3199 2129 3258 2183 in
3291 2130 3712 2190 beatitudinem

2069 2205 2261 2259 saeculi
2331 2209 2683 2280 seducentis,
2757 2213 2880 2268 odit
2936 2214 3070 2271 illos
3128 2217 3304 2273 Deus.
3365 2220 3489 2276 Non
3557 2224 3712 2293 quod

2070 2294 2291 2360 odium,
2326 2297 2633 2364 sicutdixi,
2670 2300 2725 2354 in
2757 2302 2940 2356 Deum
2974 2306 3181 2372 cadat;
3216 2308 3316 2362 sed
3344 2310 3504 2365 odire
3533 2311 3709 2380 Deus,

2070 2384 2167 2454 qui
2201 2385 2285 2439 sic
2318 2385 2559 2455 faciunt,
2593 2389 2826 2460 dicitur,
2887 2391 2940 2445 id
3004 2398 3112 2460 est,
3173 2397 3514 2467 repudiare;
3571 2401 3711 2471 quia

2072 2473 2338 2542 repudiat
2365 2474 2499 2530 illos
2536 2477 2704 2532 Deus.

2144 2600 2171 2628 ‹‹
2199 2580 2316 2651 Ego
2348 2586 2544 2636 autem
2578 2583 2635 2636 in
2669 2589 2744 2650 te,
2803 2586 3067 2653 Domine,
3114 2593 3362 2662 speravi.
3400 2617 3427 2642 »
3459 2595 3579 2651 Vox
3611 2599 3710 2652 Ec-

2070 2665 2299 2722 clesiae:
2336 2670 2459 2724 Non
2493 2671 2551 2725 in
2611 2689 2722 2734 me.
2759 2675 2865 2730 sed
2921 2677 2974 2730 in
3032 2682 3088 2732 te
3148 2685 3371 2751 speravi
3432 2690 3488 2739 et
3518 2703 3706 2758 spero,

2069 2763 2409 2828 exspectans
2467 2764 2948 2818 resurrectionem
3011 2771 3193 2822 tuam.
3225 2792 3253 2819 «
3286 2771 3599 2829 Exsultabo
3655 2783 3711 2831 et

2069 2844 2305 2900 laetabor
2329 2847 2389 2901 in
2415 2848 2814 2906 misericordia
2836 2858 2954 2907 tua.
2983 2878 3008 2904 »
3037 2857 3142 2911 Pro
3173 2875 3288 2928 quo
3319 2861 3620 2918 exsultabo
3651 2872 3708 2920 et

2071 2950 2171 3003 pro
2201 2951 2315 3004 quo
2347 2933 2629 2992 lastabor‘?
2661 2939 2766 2995 Pro
2799 2940 2906 2996 hoc
2937 2945 3092 3013 quod
3123 2948 3409 3016 sequitur.

2142 3072 2168 3098 «
2202 3051 2348 3112 Quia
2372 3054 2673 3124 respevisti
2696 3056 3086 3114 humilitatem
3112 3079 3322 3117 meam.
3361 3087 3389 3113 »
3420 3068 3708 3141 Exultabo,

2068 3142 2621 3214 corpore,lzetabor,
2684 3153 2896 3202 mente.
2956 3153 3114 3205 Tunc
3175 3154 3442 3224 respexit,
3475 3162 3708 3227 quando

312 3247 394 3315 4).
435 3270 454 3293 ι
492 3250 736 3316 Propter
779 3261 991 3300 nomen
1047 3249 1215 3298 tuum
1275 3245 1486 3300 educes
1537 3261 1650 3299 me.
1687 3267 1714 3293 »
1747 3244 1819 3298 Ut
1854 3246 1954 3298 hoc

2074 3244 2303 3319 carnem
2336 3232 2631 3303 suscepit;
2666 3235 2804 3304 quia
2849 3239 3325 3311 contemptibilis,
3377 3249 3432 3298 et
3460 3248 3704 3319 captiva,

317 3341 526 3390 notum
561 3334 766 3388 faciam
800 3333 1072 3406 gentibus
1101 3332 1431 3388 credituris.
1465 3337 1704 3404 Propter
1746 3349 1958 3388 nomen

313 3430 485 3479 tuun;
543 3424 661 3477 dux
720 3422 862 3476 mihi
921 3422 1074 3477 eris:
1110 3422 1352 3484 Quando
1410 3439 1515 3495 ego
1559 3422 1706 3477 facio
1738 3422 1955 3493 aliquid

313 3512 475 3580 boni,
537 3528 748 3566 nomen
785 3497 1036 3566 'Domini
1089 3529 1157 3566 ex
1211 3511 1317 3566 hoc
1374 3512 1752 3583 glorificatur.
1804 3535 1832 3561 «
1894 3513 1961 3565 Et

311 3601 573 3657 enutries
609 3617 716 3656 me.
753 3622 780 3648 »
812 3600 1156 3671 Aggregatis
1210 3600 1495 3670 paulatim
1542 3602 1782 3668 sanctis,
1816 3601 1957 3656 edu-

311 3708 412 3746 cas
442 3689 759 3745 Ecclesiam
794 3693 977 3754 tuam,
1041 3707 1166 3760 qua:
1223 3689 1280 3744 in
1345 3706 1436 3744 me
1485 3691 1784 3746 fundatur.
1823 3713 1849 3739 ‹‹
1896 3692 1960 3745 Et.

309 3778 572 3834 enutries
595 3795 706 3833 me.
742 3800 768 3826 »
799 3779 959 3832 Tunc
1016 3779 1293 3833 enutrivit
1341 3778 1676 3849 Ecclesiam,
1723 3781 1956 3850 quando

310 3873 573 3924 nostram
618 3884 853 3922 carnem
913 3867 1188 3938 suscepit.
1225 3868 1387 3922 Unde
1419 3872 1474 3922 et
1507 3869 1756 3923 Paulus:
1793 3871 1956 3923 Nemo

307 3960 459 4013 enim
487 3973 709 4012 carnem
737 3973 893 4011 suam
921 3956 1042 4012 odio
1074 3957 1258 4026 habet,
1315 3958 1407 4012 sed
1463 3957 1642 4012 nutrit
1701 3961 1754 4012 et
1810 3960 1957 4027 fovet

311 4046 525 4118 (Ephes.
558 4064 614 4113 v,
647 4047 757 4118 29).
792 4050 859 4099 Et
889 4045 1167 4100 enutrivit
1211 4063 1339 4113 nos,
1400 4051 1464 4099 ut
1509 4047 1687 4101 fortes
1743 4047 1951 4101 simus.

385 4160 413 4186 ‹‹
449 4137 518 4191 Et
571 4137 783 4191 educes
843 4151 934 4189 me
992 4135 1063 4189 de
1117 4133 1324 4206 laqueo
1385 4151 1561 4205 quem
1637 4135 1955 4190 absconde-

311 4230 450 4280 runt
481 4225 646 4280 mihi.
681 4246 710 4274 »
745 4225 1010 4296 Laqueus
1043 4223 1260 4278 dicitur
1315 4225 1544 4295 captio:
1599 4224 1736 4295 quia
1766 4241 1955 4295 quan-

310 4315 413 4369 diu
445 4314 502 4368 in
532 4315 624 4368 via
653 4330 737 4383 es,
766 4313 873 4368 hoc
933 4316 1040 4380 est,
1094 4313 1154 4366 in
1207 4312 1460 4386 Christo,
1514 4330 1629 4368 non
1691 4313 1864 4368 times
1893 4313 1952 4367 in

308 4404 588 4475 laqueum
648 4403 887 4457 cadere:
950 4401 1144 4471 laquei
1204 4419 1372 4456 secus
1428 4402 1580 4456 viam
1633 4407 1951 4473 ponuntur.

309 4493 436 4562 Via,
469 4493 733 4546 Christus
764 4496 888 4546 est:
952 4489 1104 4544 sicut
1160 4490 1285 4561 ipse
1341 4490 1458 4544 ait:
1521 4492 1638 4558 Ego
1692 4508 1816 4545 sum
1860 4492 1954 4545 via

308 4581 642 4652 (Joan.x1v,
692 4581 769 4650 6).
829 4579 900 4633 Et
955 4583 1018 4632 tu
1079 4577 1127 4632 si
1185 4593 1247 4632 es
1309 4579 1365 4631 in
1422 4579 1534 4646 via,
1595 4578 1704 4634 hoc
1762 4584 1851 4635 est
1893 4579 1949 4632 in
1986 4599 2031 4663 ι)

307 4671 562 4734 Christo,
595 4686 710 4723 non
770 4667 943 4722 times
1002 4667 1206 4722 cadere
1266 4667 1322 4720 in
1384 4666 1659 4738 laqueum
1693 4668 1951 4724 diaboli:

309 4759 451 4831 quia
480 4758 672 4814 omnis
702 4758 946 4828 laqueus
978 4756 1048 4810 ab
1082 4757 1210 4827 ipso
1264 4759 1370 4810 est.
1405 4778 1433 4804 ‹‹
1467 4757 1754 4822 Quoniam
1797 4761 1860 4811 tu
1893 4774 1955 4812 es

307 4854 604 4920 protector
626 4862 827 4902 meus:
857 4846 914 4899 in
946 4861 1158 4899 manus
1207 4849 1338 4900 tuas
1389 4845 1732 4900 commendo
1781 4845 1953 4916 spiri-

306 4945 435 4992 tum
463 4954 678 4992 meum.
715 4959 742 4986 ››
773 4935 894 4990 Vox
924 4934 1138 4990 Christi
1162 4934 1232 4988 ad
1280 4933 1508 4989 Patrem
1568 4934 1627 4988 in
1660 4934 1953 5005 passione,

311 5027 548 5098 quando
604 5023 1033 5080 commendavit
1090 5021 1348 5078 animam
1408 5040 1598 5092 suam,
1660 5026 1716 5077 et
1771 5022 1950 5078 dixit:

308 5119 500 5181 Pater,
559 5117 620 5169 in
669 5130 868 5167 manus
919 5122 1041 5167 tuas
1096 5111 1412 5168 commendo
1467 5112 1732 5183 spiritum
1775 5127 1954 5166 meum

309 5205 462 5276 (Luc.
495 5220 656 5266 xxm,
690 5204 799 5274 46).
834 5202 995 5267 Quod
1028 5201 1492 5266 commendatur,
1542 5199 1770 5254 salvum
1812 5200 1954 5254 reci-

310 5293 492 5364 pitur.
554 5293 620 5346 Et
673 5291 796 5362 ipse
852 5290 1032 5344 dixit:
1093 5291 1426 5344 Potestatem
1484 5288 1650 5342 habeo
1713 5288 1958 5358 ponendi

309 5384 555 5436 animam
580 5396 778 5446 meam,
827 5388 876 5433 et
917 5380 1232 5448 potestatem
1273 5377 1442 5432 habeo
1474 5378 1676 5432 iterum
1704 5377 1958 5432 sumendi

307 5487 430 5527 eam
461 5470 638 5541 (Joan.
677 5486 730 5530 Χ,
769 5468 877 5537 18).
915 5490 940 5515 ‹‹
978 5471 1059 5520 Tu
1115 5483 1178 5521 es
1235 5469 1522 5538 protector
1551 5482 1739 5521 meus.
1776 5489 1804 5514 »
1834 5465 1957 5520 Vox

312 5559 599 5615 Ecclesiae.
639 5579 666 5606 ‹‹
698 5557 759 5612 In
822 5571 1033 5609 manus
1092 5561 1222 5610 tuas
1280 5555 1627 5611 commendo
1683 5554 1955 5626 spiritum

315 5665 535 5718 meum,
576 5670 596 5695 ιι
631 5647 740 5702 hoc
771 5649 878 5715 est,
912 5644 972 5698 in
1003 5648 1349 5714 potestatem
1409 5650 1570 5701 tuam
1611 5645 1955 5700 commendo

2070 3320 2126 3370 et
2156 3318 2430 3387 despecta
2454 3327 2576 3376 erat
2602 3321 2877 3379 Ecclesia.
2911 3350 2937 3373 ‹‹
2959 3327 3272 3384 Exsultabo
3294 3337 3350 3386 et
3379 3333 3616 3391 laetabor
3646 3318 3705 3392 in

2073 3405 2471 3463 misericordia
2497 3414 2667 3476 tua,»
2701 3431 2803 3484 pro
2827 3419 2997 3468 tantae
3021 3416 3252 3489 pietatis
3285 3425 3611 3490 commodo,
3647 3433 3710 3482 ut

2070 3510 2161 3548 me
2194 3501 2293 3550 tua
2323 3503 2509 3553 morte
2541 3501 2855 3557 redimeres
2886 3522 2898 3558 :
2928 3529 2948 3555 ι
2987 3505 3132 3567 Quia
3161 3511 3463 3579 respexisti
3515 3514 3707 3568 humi-

2067 3582 2289 3639 litatem
2322 3602 2536 3656 meam,
2570 3611 2596 3638 »
2631 3589 2687 3642 in
2721 3607 2822 3662 spe
2853 3591 2954 3647 illa
2985 3595 3260 3667 positam,
3293 3615 3394 3668 per
3439 3618 3613 3672 quam
3643 3621 3710 3659 ea

2069 3689 2194 3742 qua;
2253 3691 2367 3729 non
2425 3677 2714 3744 videntur,
2777 3681 3201 3738 desiderantur.
3247 3709 3272 3734 ‹‹
3335 3687 3580 3745 Salvasti
3640 3694 3711 3748 de

2069 3763 2513 3820 necessitatibus
2543 3767 2798 3822 animum
2852 3786 3062 3826 meam.
3097 3795 3124 3822 »
3175 3775 3558 3835 Necessitates
3584 3798 3707 3836 cor-

2067 3851 2223 3921 poris
2256 3852 2452 3906 multze
2483 3859 2640 3922 sunt,
2677 3856 2728 3910 id
2763 3863 2871 3928 est,
2906 3863 3280 3927 manducare,
3329 3866 3543 3935 bibere,
3577 3871 3710 3925 dor-

2068 3938 2234 4004 mire,
2266 3940 2350 3995 vel
2383 3941 2540 3997 aliud
2601 3946 2754 4014 quod
2817 3951 3142 4006 necessario
3191 3958 3279 4007 est
3336 3955 3705 4018 faciendum:

2067 4028 2164 4082 sed
2201 4031 2595 4087 necessarium
2653 4035 2884 4106 animae,
2945 4041 3185 4094 omnino
3244 4059 3450 4107 unum,
3506 4044 3563 4098 id
3596 4053 3703 4114 est,

2065 4117 2181 4172 vita
2211 4123 2445 4174 mterna.
2483 4121 2734 4176 Salvavit
2763 4123 2916 4179 Deus
2948 4127 3205 4182 animam
3254 4131 3322 4184 de
3372 4149 3478 4185 sua
3509 4150 3707 4189 neces-

2067 4207 2258 4278 sitate,
2292 4208 2431 4279 quia
2461 4211 2622 4265 dedit
2651 4212 2703 4267 ei
2736 4213 2915 4268 vitam
2949 4221 3246 4284 aeternam,
3301 4220 3454 4288 quod
3482 4229 3571 4276 est
3601 4240 3709 4278 sua

2067 4297 2402 4353 necessitas.
2474 4301 2718 4356 Proinde
2815 4302 3050 4359 salvasti
3122 4305 3191 4360 de
3258 4311 3709 4367 necessitatibus

2066 4386 2271 4440 mortis
2296 4394 2582 4458 perpetuae
2615 4389 2872 4445 animam
2907 4409 3096 4448 meam
3129 4411 3255 4465 quae
3291 4397 3396 4452 tibi
3427 4404 3550 4454 erat
3580 4399 3712 4455 cha-

2066 4473 2234 4528 ritate
2264 4475 2552 4531 devincta.

2136 4602 2161 4628 «
2197 4581 2310 4636 Nec
2342 4582 2680 4639 conclusisti
2740 4602 2834 4641 me
2883 4588 2939 4642 in
3002 4606 3215 4646 manus
3275 4593 3520 4648 inimici.
3562 4617 3583 4643 ιθ
3619 4595 3706 4650 Illi

2064 4669 2491 4726 concluduntur
2522 4673 2581 4726 in
2632 4691 2842 4731 manus
2890 4676 3137 4746 inimici,
3191 4680 3288 4751 qui
3338 4689 3712 4752 perseverant

2065 4758 2122 4811 in
2192 4760 2442 4828 peccatis
2510 4762 2653 4816 suis.
2717 4764 2826 4818 Sed
2888 4782 3016 4837 ego,
3075 4768 3216 4822 dicit
3269 4770 3545 4839 Ecclesia,
3593 4789 3706 4827 non

2065 4846 2400 4918 concludar,
2462 4849 2601 4919 quia
2640 4868 2754 4906 non
2795 4853 2923 4908 volo
2974 4872 3338 4926 perseverare
3397 4860 3454 4913 in
3517 4860 3708 4916 malis.

2068 4957 2093 4983 ‹‹
2117 4934 2381 4991 Statuisti
2417 4937 2472 4991 in
2518 4936 2641 4993 loco
2672 4943 2933 5011 spatioso
2965 4945 3140 5015 pedes
3170 4963 3346 5001 meos.
3384 4971 3412 4996 ››
3447 4949 3709 5005 Dilatasti

2067 5024 2348 5079 unitatem
2379 5025 2646 5081 Ecclesize
2678 5028 2734 5081 in
2790 5035 2912 5086 toto
2944 5033 3183 5088 mundo.
3218 5037 3516 5098 Quomodo
3548 5037 3706 5104 dicit,

2065 5114 2123 5165 in
2158 5113 2316 5167 loco?
2346 5114 2643 5185 Numquid
2679 5115 2878 5172 localis
2935 5125 3020 5173 est
3055 5125 3206 5177 Deus
3228 5121 3255 5177 7
3299 5125 3367 5177 Et
3396 5124 3619 5191 localis,
3653 5133 3709 5182 et

2066 5218 2180 5255 non
2212 5201 2434 5257 localis.
2495 5203 2720 5259 Localis
2750 5211 2838 5260 est
2887 5209 2956 5262 ad
2992 5225 3053 5263 se
3084 5211 3471 5281 venientibus,
3506 5219 3564 5270 et
3594 5233 3708 5271 non

2065 5289 2284 5357 localis,
2342 5291 2479 5362 quia
2543 5293 2760 5365 ubique
2810 5301 2932 5364 est;
2995 5299 3095 5353 sed
3156 5301 3448 5357 invenitur
3475 5303 3534 5358 in
3585 5305 3709 5361 loco

2067 5396 2209 5448 pure
2267 5380 2684 5450 quaerentibus.
2752 5383 2820 5437 Ut
2873 5384 3052 5440 illud:
3091 5389 3155 5441 Et
3207 5399 3384 5444 motus
3440 5396 3521 5446 est
3563 5394 3710 5449 locus

2065 5469 2122 5520 in
2156 5484 2263 5536 quo
2291 5477 2450 5522 erant
2481 5469 2722 5526 sedentes
2752 5475 2888 5539 (Act.
2923 5492 2998 5541 1v,
3031 5478 3138 5546 31).
3177 5499 3203 5526 ‹‹
3238 5480 3296 5533 In
3329 5479 3452 5535 loco
3483 5486 3707 5552 spatio-

2066 5575 2127 5610 so
2159 5557 2335 5626 pedes
2369 5573 2548 5613 meos.
2577 5581 2604 5608 »
2657 5559 2858 5626 Pedes,
2891 5565 3078 5619 sancti
3140 5568 3583 5638 praedicatores,
3607 5572 3706 5642 qui

2065 5650 2304 5716 portant
2334 5647 2575 5702 verbum
2643 5650 3078 5719 pradicationis
3143 5655 3198 5709 in
3269 5661 3386 5712 toto
3446 5659 3702 5728 mundo;
