3964 6190
426 376 546 435 963

1924 370 2348 433 APPENDIX.
3158 346 3165 355 ’
3625 383 3701 442 sa

424 508 510 563 vel
554 508 614 561 in
673 506 1012 575 Ecclesiam,
1076 522 1253 577 quam
1312 510 1413 561 tua
1471 506 1896 561 resurrectione
1927 504 2068 560 dila-
2097 509 2149 573 Α
2182 502 3707 583 apostoli;quivideruntChristumcomprehendiinpas—

424 596 562 651 tasti
593 596 650 649 in
684 595 1130 668 amplitudinem
1163 594 1472 650 libertatis.

496 708 522 733 «
560 685 834 740 Miserere
881 682 1015 751 mei,
1076 683 1340 747 Domine,
1401 683 1677 754 quoniam
1735 680 2005 738 tribulor.
2040 705 2067 733 υ)

420 772 673 828 Miserere
702 775 849 833 mei;
881 788 947 827 ac
1003 771 1051 826 si
1084 771 1275 826 dicat:
1339 772 1449 826 Fac
1510 772 1567 826 in
1621 788 1712 825 me
1747 771 2071 827 misericor-

420 860 601 926 diam,
661 862 925 931 quom'am
955 861 1217 915 trzbulor.
1282 859 1522 915 Illorum
1586 876 1716 928 vox,
1754 860 1851 931 qui
1887 860 2069 916 tribu-

420 947 619 1003 lantur
677 966 710 1003 a
767 948 1027 1020 qualibet
1078 947 1456 1003 tribulatione
1539 971 1567 998 ‹‹
1625 948 1899 1003 Miserere
1930 949 2063 1018 mei,

424 1038 689 1106 Domine,
749 1039 1028 1109 quoniam
1090 1036 1356 1093 tribulor.
1390 1060 1416 1086 »
1474 1037 1599 1091 Non
1648 1038 1774 1107 jam
1817 1043 2061 1093 mortem

419 1125 654 1193 timens,
725 1126 822 1180 sed
900 1126 1344 1182 insectationem
1422 1130 1685 1181 metuens
1764 1125 2060 1181 vitiorum.

419 1238 447 1265 «
482 1216 876 1271 Conturbatus
908 1221 997 1271 est
1027 1215 1087 1269 in
1116 1215 1203 1270 ira
1260 1214 1464 1270 oculus
1523 1231 1709 1269 meus.
1743 1237 1770 1264 »
1804 1214 2064 1270 Ecclesia

419 1306 801 1359 conturbatur
856 1305 927 1359 de
983 1304 1143 1359 vitiis
1200 1310 1255 1360 et
1316 1303 1587 1375 peccatis,
1639 1307 1759 1357 tam
1802 1305 1873 1358 de
1913 1304 2057 1371 suis,

417 1410 591 1464 quam
625 1399 681 1449 et
710 1394 780 1448 de
808 1392 1077 1448 aliorum.
1110 1394 1219 1447 Sed
1253 1393 1539 1448 orandum
1566 1396 1674 1457 est,
1734 1397 1798 1446 ut
1828 1392 1916 1446 ira
1944 1409 2059 1448 non

413 1487 672 1538 vertatur
695 1483 748 1537 in
779 1484 1000 1548 odium,
1036 1499 1224 1553 neque
1255 1482 1326 1536 de
1358 1482 1579 1537 festuca
1609 1482 1710 1535 ﬁat
1742 1482 1923 1536 trabs.
1958 1480 2059 1536 Vel

414 1572 800 1627 conturbatur
828 1570 1035 1626 oculus
1091 1571 1161 1625 de
1218 1571 1416 1625 futuro
1466 1569 1710 1641 judicio.
1746 1593 1774 1620 «
1810 1570 2053 1626 Contur-

413 1661 586 1715 batus
615 1667 705 1715 est
734 1660 790 1713 in
823 1659 910 1713 ira
935 1658 1142 1714 oculus
1192 1675 1378 1725 meus,
1417 1681 1445 1707 »
1478 1676 1593 1729 quo
1625 1664 1681 1713 te
1714 1663 1907 1714 mente
1938 1676 2057 1715 cer-

413 1749 645 1802 nebam.
681 1768 708 1795 «
740 1747 954 1801 Anima
987 1762 1133 1814 mea,
1187 1770 1206 1794 »
1269 1762 1385 1816 qua
1440 1749 1495 1800 te
1551 1744 1887 1817 diligebam.
1925 1768 1953 1795 «
1987 1746 2055 1801 Et

409 1840 610 1892 venter
639 1852 826 1892 meus.
864 1858 892 1885 υ
950 1838 1072 1901 Quo
1130 1834 1212 1888 tui
1273 1834 1639 1890 recordabar.
1698 1836 1824 1889 Hec
1855 1835 2054 1891 omnia
2083 1876 2130 1940 B

410 1926 755 1981 conturbata
784 1930 942 1991 sunt,
976 1930 1212 1997 propter
1241 1925 1435 1996 priora
1463 1923 1694 1979 delicta.

481 2038 510 2065 ‹‹
543 2016 830 2079 Quoniam
891 2014 1096 2071 defecit
1130 2015 1188 2069 in
1240 2013 1457 2069 dolore.
1491 2035 1520 2062 ι)
1555 2014 1685 2068 Ideo
1724 2012 1783 2067 in
1815 2012 2046 2069 dolore:

409 2103 549 2176 quia
576 2104 833 2161 Ecclesia
890 2121 1007 2160 non
1060 2108 1252 2176 potest
1307 2104 1619 2159 emendare
1677 2102 1899 2171 malos;
1945 2119 2050 2158 nec

405 2210 712 2267 segregare
742 2193 930 2267 malos
959 2212 994 2249 a
1024 2193 1242 2250 sanctis
1300 2210 1489 2266 usque
1549 2192 1607 2247 in
1658 2193 1854 2248 ﬁnem.
1888 2192 2051 2248 Unde

403 2284 693 2340 Dominus
724 2283 911 2338 dixit:
947 2283 1122 2337 Sinite
1177 2287 1417 2353 utraque
1482 2298 1721 2337 crescere
1767 2298 1937 2352 usque
1974 2282 2052 2336 ad

398 2388 650 2441 messem,
683 2375 737 2427 et
780 2375 840 2427 in
900 2377 1143 2439 tempore
1198 2375 1386 2426 messis
1441 2373 1625 2426 dicam
1674 2372 2047 2427 messoribus:

403 2460 660 2528 Colligz'te
682 2462 938 2531 primum
966 2461 1216 2525 zizania,
1247 2468 1297 2515 et
1327 2461 1581 2530 colligate
1634 2460 1923 2530 fasciculos
1979 2460 2048 2514 ad

400 2548 825 2603 comburendum
892 2548 1106 2617 (Matth.
1173 2566 1272 2619 xu,
1340 2551 1428 2611 29,
1497 2547 1611 2618 30).
1646 2569 1675 2599 ‹‹
1742 2548 1876 2605 Vita
1920 2565 2046 2603 mea

400 2641 457 2693 et
487 2637 625 2693 anni
683 2637 796 2693 mei
854 2638 914 2692 in
975 2638 1313 2709 gemitibus.
1348 2660 1374 2686 »
1409 2637 1676 2702 Quandiu
1735 2642 1824 2692 est
1862 2637 1956 2692 hic
1984 2637 2042 2692 in

396 2727 669 2797 praesenti
691 2726 1009 2794 vita,habet
1027 2727 1313 2798 gemitum
1337 2729 1391 2782 et
1412 2726 1616 2782 ﬂetum
1634 2726 2043 2798 unusquisque

401 2815 618 2871 homo:
659 2842 678 2866 ι
711 2815 996 2882 Quoniam
1030 2815 1239 2872 defecit
1285 2817 1342 2870 in
1400 2815 1595 2871 dolore
1649 2816 1767 2871 vita
1805 2832 1953 2884 mea,
1987 2820 2043 2871 et

398 2906 537 2959 anni
572 2906 684 2961 mei
715 2905 775 2961 in
804 2905 1160 2977 gemitibus;
1194 2905 1376 2963 donec
1426 2906 1885 2977 persecutionem
1938 2921 2040 2976 pa-

398 2994 512 3049 tior
543 2999 777 3068 propter
806 3012 1017 3050 nomen
1076 2998 1287 3050 tuum:
1344 2999 1606 3050 Praesens
1661 2994 1779 3048 vita
1825 2993 2036 3061 deﬁcit,

398 3084 535 3155 quia
567 3083 709 3138 mihi
740 3088 1006 3154 tempora
1054 3089 1211 3151 sunt,
1265 3083 1703 3155 perpetuitatem
1753 3082 2036 3138 conﬁteri.

474 3194 500 3226 α
534 3173 834 3228 Inﬁrmata
859 3178 947 3229 est
977 3173 1035 3227 in
1084 3178 1429 3245 paupertate
1458 3172 1640 3227 virtus
1674 3188 1822 3227 mea.
1856 3194 1883 3222 ››
1916 3172 2036 3226 Vox

2183 594 2365 662 sione,
2399 602 2452 648 et
2482 593 2680 649 relicto
2711 609 2777 649 eo
2809 594 3101 664 fugerunt.
3134 592 3234 647 Vel
3261 593 3429 649 Judaei
3452 596 3709 668 fugiuntsa-

2181 686 2480 738 eramenta
2512 681 2772 755 mysterii
2804 680 3091 747 Ecclesiae,
3122 681 3178 735 id
3210 687 3297 737 est
3325 698 3509 756 corpus
3546 691 3590 740 et
3616 704 3710 743 san-

2178 773 2414 845 guinem
2447 771 2681 827 Christi.
2714 771 2929 826 Omnes
2962 771 3062 842 qui
3092 771 3357 826 videbant
3384 789 3481 839 me,
3509 774 3627 829 foras
3647 777 3709 831 fu-

2177 866 2388 933 gerunt
2417 878 2451 916 a
2490 878 2603 929 me,
2664 878 2779 916 non
2838 857 3232 932 intelligentes
3286 860 3575 917 interiorem
3598 880 3708 936 spem

2177 966 2365 1004 meam
2394 966 2498 1022 pro
2530 967 2644 1021 qua
2677 948 2865 1021 patior
2891 966 2902 1016 ;
2937 948 3009 1003 ad
3040 948 3321 1004 exteriora
3348 948 3568 1005 visibilia
3589 953 3708 1024 fugie-

2176 1036 2335 1092 bant.
2370 1060 2399 1087 «
2432 1037 2631 1092 Excidi
2662 1040 2944 1108 tanquam
2979 1039 3247 1091 mortuus
3272 1052 3305 1090 a
3349 1036 3517 1090 corde.
3547 1058 3563 1084 ι
3588 1037 3707 1093 Obliti

2174 1130 2311 1180 sunt
2385 1143 2477 1181 me
2543 1126 2734 1192 corde,
2805 1130 3085 1195 tanquam
3154 1124 3204 1178 si
3271 1123 3464 1179 fuerim
3510 1125 3606 1194 jam
3649 1126 3708 1182 de-

2173 1213 2431 1269 functus.
2470 1236 2498 1266 «
2529 1214 2725 1269 Exeidi
2775 1218 3057 1284 tanquam
3091 1216 3354 1268 mortuus
3380 1230 3413 1268 a
3447 1214 3601 1268 'corde.
3628 1215 3706 1270 vid

2170 1304 2283 1369 est,
2304 1303 2385 1357 sic
2412 1303 2744 1359 habuerunt
2771 1301 2959 1358 Judaei
2988 1300 3285 1357 Christum
3308 1302 3463 1373 quasi
3490 1301 3706 1357 hominem

2172 1397 2470 1447 mortuum
2501 1410 2604 1465 pro
2637 1392 2838 1448 nihilo.

2241 1502 2269 1529 ‹‹
2297 1482 2363 1536 Et
2382 1483 2570 1537 factus
2594 1498 2726 1537 sum
2757 1481 2910 1536 sicut
2937 1497 3038 1535 vas
3070 1479 3381 1552 perditum.
3405 1503 3430 1529 »
3453 1480 3535 1535 Sic
3558 1479 3706 1535 habue-

2166 1575 2306 1625 runt
2333 1570 2520 1626 Judzei
2549 1571 2845 1626 Christum
2878 1569 3046 1642 quasi
3079 1586 3180 1624 vas
3238 1569 3527 1641 perditum,
3568 1568 3609 1622 id
3637 1574 3705 1638 est,

2165 1659 2464 1714 hominem
2488 1665 2786 1715 mortuum
2810 1659 2869 1714 in
2911 1675 3017 1714 suo
3050 1663 3301 1730 peccato.
3335 1657 3419 1712 Sic
3447 1661 3561 1713 sunt
3585 1658 3705 1713 sancti

2164 1749 2318 1820 apud
2353 1742 2676 1817 haereticos,
2707 1748 2863 1803 velut
2895 1748 3070 1803 homo
3135 1746 3412 1817 perditus.
3444 1770 3470 1796 »
3504 1746 3706 1809 Quoniam

2164 1837 2355 1891 audivi
2386 1838 2867 1909 vituperationem
2903 1834 3251 1891 multorum.
3283 1855 3314 1887 α
3347 1835 3404 1890 Id
3432 1838 3524 1902 est,
3564 1832 3705 1889 Christi

2164 1943 2197 1981 a
2223 1925 2463 1993 Judaeis,
2495 1932 2551 1982 et
2599 1925 2861 1981 Ecclesiae
2912 1926 2983 1980 ab
3034 1924 3341 1980 hareticis.
3376 1948 3401 1974 «
3440 1929 3495 1979 In
3535 1923 3706 1978 circuitu

2164 2015 2645 2085 inhabitantium,
2680 2016 2739 2070 id
2771 2019 2876 2083 est,
2938 2015 2997 2069 in
3056 2015 3304 2070 circuitu
3361 2013 3568 2084 Christi,
3611 2013 3704 2067 etin

2162 2105 2409 2160 circuitu
2442 2104 2707 2161 Ecclesiae
2756 2121 2903 2176 quos
2961 2103 3074 2176 ipsi
3127 2103 3438 2177 supradicti
3466 2102 3702 2158 circumde-

2161 2195 2389 2250 derunt.
2430 2213 2451 2242 ι
2484 2194 2766 2258 Quoniam
2806 2193 3005 2249 audivi
3056 2193 3524 2266 vituperationem
3560 2189 3704 2246 multo-

2160 2300 2313 2359 rum,
2345 2302 2371 2334 η
2411 2283 2898 2339 commorantium
2930 2282 2991 2337 in
3040 2283 3312 2339 circuitu.
3364 2284 3521 2338 Erant
3550 2281 3703 2349 vitupe-

2159 2377 2353 2427 rantes
2385 2388 2499 2439 me,
2531 2371 2705 2444 positi
2763 2372 2821 2427 in
2879 2371 3347 2444 peregrinatione
3399 2372 3554 2443 hujus
3577 2374 3700 2433 terra,

2157 2467 2470 2533 sequentes
2492 2462 2802 2517 circuitum
2827 2465 3184 2533 temporum,
3205 2466 3262 2517 et
3285 2463 3353 2518 ad
3369 2460 3582 2535 patriam
3601 2461 3702 2513 ater-

2157 2568 2292 2607 nam
2326 2551 2511 2607 redire
2544 2550 2828 2607 nolentes.

2231 2662 2250 2689 «
2293 2642 2439 2694 Dum
2466 2639 2842 2695 convenirent
2872 2639 3049 2695 simul
3082 2641 3392 2696 adversum
3421 2655 3521 2703 me,
3546 2635 3702 2705 accipe-

2154 2745 2214 2784 re
2246 2728 2502 2784 animam
2528 2746 2717 2785 meam
2745 2728 3034 2785 consiliati
3058 2734 3218 2785 sunt.
3245 2751 3273 2778 »
3293 2725 3595 2801 Congregati
3612 2727 3703 2779 sunt

2152 2822 2576 2889 persecutores,
2610 2823 2667 2874 et
2697 2818 2958 2874 fecerunt
2986 2818 3322 2885 consilium,
3372 2822 3429 2872 ut
3457 2815 3702 2885 acciperent

2151 2907 2408 2962 animam
2433 2924 2650 2975 meam,
2671 2908 2742 2962 ad
2765 2907 3254 2963 consentiendum
3275 2906 3382 2963 sibi
3398 2906 3451 2960 in
3464 2901 3700 2961 sceleribus

2151 2996 2376 3052 mortis.
2412 2995 2484 3051 Ut
2504 2996 2833 3069 acciperent
2862 2998 3123 3052 animam
3158 3013 3365 3066 meam,
3391 2996 3443 3050 id
3463 2987 3701 3063 est,Judaei

2148 3084 2485 3153 Christum;
2520 3089 2575 3142 et
2604 3086 2877 3155 haeretici,
2927 3085 3268 3141 Ecclesiam.
3319 3081 3579 3142 Consiliati
3610 3081 3701 3135 sunt

2148 3174 2303 3229 mala
2332 3174 2597 3241 consilia,
2628 3179 2686 3229 et
2714 3191 2830 3231 non
2853 3174 3024 3230 bona.
3049 3173 3348 3231 Consiliati
3368 3176 3509 3238 sunt,
3528 3175 3579 3224 ut
3595 3183 3700 3238 que-

397 3260 684 3317 Ecclesiae.
747 3260 1049 3317 Inﬁrmata
1100 3266 1189 3317 est
1245 3259 1503 3316 Ecclesia
1563 3261 1713 3316 inter
1768 3260 2037 3316 homines
2071 3247 2111 3312 C
2150 3267 2345 3333 rerent
2365 3266 2421 3319 et
2442 3261 2793 3319 uttollerent
2812 3262 3069 3318 animam
3093 3254 3699 3331 Christi,Judai;etha§-

397 3349 605 3421 malos,
638 3351 790 3405 inter
837 3368 985 3422 quos
1031 3350 1256 3406 habitat
1306 3349 1401 3405 hic
1453 3348 1512 3404 in
1572 3350 1840 3421 praesenti
1874 3349 2032 3419 vita;

396 3439 534 3512 quia
561 3439 758 3511 plures
791 3445 928 3494 sunt
958 3443 1308 3511 peccatores,
1344 3443 1400 3494 et
1428 3438 1599 3511 pauci
1656 3442 1794 3493 sunt
1824 3439 2030 3495 sancti.

392 3528 493 3583 Vel
535 3528 719 3595 aliter,
771 3551 798 3577 «
852 3528 1146 3582 Inﬁrmata
1194 3531 1283 3582 est
1344 3527 1401 3581 in
1475 3531 1786 3600 pauperate
1850 3527 2035 3583 virtus

396 3633 543 3671 mea.
584 3639 602 3664 ιι
684 3616 914 3670 Sanitas
952 3614 1131 3687 hujus
1197 3616 1477 3688 corporis,
1548 3616 1702 3671 inter
1740 3617 2034 3672 cruciatus

393 3705 756 3776 passionum.
818 3726 845 3753 «
902 3704 968 3757 Et
1021 3720 1156 3759 ossa
1212 3720 1341 3758 mea
1397 3705 1745 3760 conturbata
1800 3710 1961 3760 sunt.
2003 3727 2032 3754 »

394 3792 692 3849 Fortitudo
726 3793 926 3866 utique
950 3810 1100 3848 mea.
1134 3792 1281 3849 Ossa
1311 3793 1486 3849 fortes
1517 3793 1704 3849 sancti
1730 3820 1743 3860 ;
1766 3794 1854 3850 vel
1877 3811 2029 3862 ossa,

389 3883 639 3939 virtutes
698 3881 984 3954 Ecclesiae,
1041 3882 1127 3937 vel
1182 3886 1538 3938 sanctorum.
1606 3907 1626 3931 ι
1680 3885 2032 3941 Conturbata

390 3977 549 4039 sunt,
593 3995 620 4021 »
662 3973 733 4028 ab
791 3970 909 4027 illo.
969 3970 1133 4027 Unde
1185 3970 1456 4042 superius
1513 3971 1654 4026 dicit
1706 3973 2031 4029 secundum

388 4062 758 4134 apostolum:
794 4060 1005 4116 Scimus
1048 4062 1183 4133 quia
1229 4061 1406 4115 omnis
1452 4064 1712 4115 creatura
1754 4064 2030 4130 congemi-

385 4154 519 4213 scit;
550 4168 661 4206 non
689 4150 866 4206 solum
897 4150 1016 4218 illa,
1048 4148 1139 4205 sed
1186 4157 1236 4204 et
1282 4166 1379 4205 nos
1410 4150 1563 4204 intra
1617 4165 1715 4204 nos
1758 4165 2032 4218 gemzmus

386 4241 560 4308 (Rom.
593 4257 714 4309 vm,
747 4241 839 4306 2‘2,
868 4240 981 4311 23).

460 4351 488 4378 «
522 4328 708 4398 Super
738 4344 943 4383 omnes
966 4327 1236 4383 inimicos
1261 4344 1421 4384 meos
1442 4327 1633 4383 factus
1664 4346 1796 4384 sum
1828 4346 2030 4402 oppro-

386 4415 597 4472 brium.
621 4438 648 4465 ››
663 4416 770 4481 Qui
787 4433 879 4472 me
894 4421 1130 4489 pr0pter
1149 4421 1315 4472 tuum
1336 4434 1547 4472 nomen
1572 4422 2027 4491 persequuntur.

384 4504 593 4561 Factus
614 4522 746 4560 sum
768 4505 1146 4578 opprobrium
1172 4505 1378 4561 vicinis
1423 4506 1589 4561 meis.
1637 4506 1752 4562 Vox
1788 4507 2028 4575 Christi,

2151 3351 2337 3420 retici,
2362 3352 2620 3407 animam
2643 3351 2933 3407 Ecclesiae.

2222 3463 2244 3492 α
2278 3442 2395 3515 Ego
2427 3446 2622 3497 autem
2656 3441 2714 3496 in
2746 3445 2802 3496 te
2833 3441 3079 3514 speravi,
3117 3441 3395 3508 Domine;
3428 3438 3528 3494 dixi
3556 3453 3567 3489 :
3592 3434 3698 3489 Deus

2144 3547 2310 3586 meus
2332 3546 2395 3586 es
2419 3535 2503 3585 tu.
2527 3552 2555 3581 »
2580 3528 2687 3594 Qui
2712 3528 2875 3586 solus
2897 3529 3063 3585 fortis
3086 3546 3152 3586 es
3174 3531 3244 3586 ad
3269 3527 3615 3585 liberandum.
3631 3519 3697 3574 Vel

2142 3636 2252 3673 vox
2282 3617 2571 3674 Ecclesiae.
2605 3641 2632 3668 «
2667 3619 2731 3673 In
2761 3623 2818 3674 te
2841 3618 3088 3691 speravi.
3113 3641 3145 3670 ››
3170 3621 3233 3674 In
3256 3623 3330 3679 te,
3352 3634 3457 3673 non
3485 3616 3534 3669 in
3554 3611 3698 3667 malit

2144 3710 2473 3779 peccatores
2504 3706 2747 3762 dicunt:
2781 3730 2809 3757 «
2844 3707 2906 3762 In
2964 3712 3020 3763 te
3078 3707 3324 3778 speravi.
3360 3729 3386 3755 »
3414 3705 3511 3761 Sed
3546 3695 3692 3761 sancti,

2142 3800 2198 3851 et
2229 3796 2427 3863 ﬁdem,
2457 3799 2513 3850 et
2570 3811 2745 3868 opera
2794 3796 3031 3851 habent.
3091 3797 3420 3853 Peccatores
3448 3791 3637 3865 sperant
3656 3785 3693 3837 in

2141 3885 2347 3954 Deum,
2372 3888 2429 3940 et
2445 3901 2560 3941 non
2589 3885 2798 3941 timent
2817 3884 3007 3941 illum.
3045 3908 3073 3937 ‹‹
3107 3887 3171 3941 In
3205 3884 3464 3942 manibus
3489 3879 3586 3935 tuis
3608 3890 3692 3932 sor-

2139 3980 2228 4030 tes
2250 3991 2407 4029 meze.
2439 3996 2468 4025 »
2500 3974 2564 4029 Id
2623 3978 2731 4045 est,
2760 3975 2948 4047 gratia
2975 3974 3232 4047 Spiritus
3287 3973 3478 4029 sancti.
3506 3969 3605 4024 Non
3627 3977 3693 4034 per

2142 4063 2579 4136 memetipsum,
2604 4064 2704 4119 sed
2732 4080 2766 4118 a
2795 4069 2850 4119 te
2876 4064 3032 4120 actio
3061 4064 3197 4120 vita
3229 4064 3415 4133 hujus,
3437 4056 3606 4132 quain
3624 4051 3693 4106 hoc

2141 4151 2351 4208 saeculo
2381 4153 2620 4225 geritur.

2213 4264 2241 4291 ‹‹
2273 4240 2441 4312 Eripe
2475 4257 2569 4296 me
2600 4241 2671 4296 de
2701 4257 2880 4296 manu
2922 4240 3295 4297 inimicorum
3346 4249 3594 4299 meorum,
3615 4230 3694 4283 et!

2140 4329 2627 4402 persequentibus
2658 4346 2771 4385 me.
2800 4352 2829 4380 »
2864 4330 2945 4385 Ne
2976 4329 3122 4385 mihi
3154 4328 3503 4403 praevaleant.

2211 4441 2238 4467 ‹‹
2274 4417 2510 4474 Illustra
2540 4417 2743 4474 faciem
2791 4422 2951 4474 tuam
3010 4436 3192 4491 super
3246 4431 3461 4474 servum
3508 4417 3690 4499 tuumne

2142 4508 2378 4576 Illustra,
2410 4507 2519 4562 hoc
2565 4511 2674 4575 est,
2707 4523 2876 4563 cerne
2905 4511 2962 4564 et
3017 4507 3281 4564 discerne
3327 4505 3616 4579 quicunque
3643 4492 3693 4579 sli

383 4599 439 4649 et
466 4611 574 4650 vox
601 4577 883 4650 Ecclesiae.
946 4594 1190 4649 Domino
1246 4594 1431 4649 Judaei
1488 4595 1674 4649 multa
1718 4596 2029 4667 opprobria
2060 4611 2107 4675 D
2139 4596 2346 4651 melior
2370 4596 2441 4651 de
2472 4594 2692 4651 sanctis
2722 4597 2860 4651 tuis.
2899 4617 2927 4648 α
2959 4600 3025 4652 Et
3054 4598 3280 4653 salvum
3311 4577 3398 4651 me
3435 4592 3512 4647 fac
3544 4587 3590 4641 in
3614 4577 3689 4675 ψ’

383 4684 677 4756 dixerunt,
711 4689 769 4739 et
797 4683 1074 4750 haeretici,
1107 4688 1163 4738 et
1221 4687 1642 4755 persecutores,
1684 4684 1887 4739 dicunt
1917 4685 2025 4741 Ec-

383 4772 590 4842 clesiae,
626 4797 653 4823 ‹‹
687 4775 756 4829 Et
792 4772 1001 4828 vicinis
1051 4773 1198 4827 meis
1244 4771 1428 4827 valde.
1464 4793 1490 4821 »
1544 4771 1653 4837 Qui
1693 4773 1762 4827 ad
1796 4774 2030 4829 creden-

386 4864 527 4918 dum
559 4860 1070 4935 appropinquabit.
1105 4883 1132 4911 «
1161 4861 1419 4915 Ettimor
1440 4860 1592 4916 notis
1624 4861 1789 4916 meis.
1826 4886 1847 4913 ι
1886 4863 2031 4927 Quia

387 4951 557 5008 amici
584 4952 718 5019 mei,
746 4957 982 5024 propter
1003 4954 1225 5005 metum
1249 4949 1647 5017 inimicorum,
1680 4968 1714 5006 a
1745 4967 1837 5005 me
1860 4952 2027 5023 longe

384 5045 769 5097 recesserunt.
803 5043 985 5097 Totus
1018 5041 1307 5114 psalmus,
1356 5045 1415 5095 et
1448 5056 1624 5111 super
1652 5039 1832 5093 David
1856 5040 2028 5110 juxta

382 5131 687 5187 historiam
700 5172 713 5198 ,
727 5135 785 5186 et
799 5148 974 5203 super
986 5131 1298 5186 Dominum
1308 5130 1479 5201 juxta
1490 5127 1853 5200 prophetiam
1868 5128 2030 5185 intel-

382 5219 481 5293 ligi
507 5223 715 5293 potest.
735 5242 761 5269 ‹‹
801 5218 1083 5287 Nimium,
1114 5224 1170 5275 et
1199 5219 1377 5273 timor
1405 5217 1561 5272 notis
1590 5216 1757 5282 meis,
1789 5242 1809 5269 ι
1850 5218 1905 5271 id
1937 5228 2027 5273 est

384 5307 662 5380 apostolis
694 5307 793 5379 qui
824 5307 1150 5362 timuerunt
1179 5307 1238 5361 in
1270 5306 1560 5378 passione.
1594 5304 1696 5360 Vel
1728 5305 2022 5373 noti,mali

383 5395 715 5461 Christiani,
742 5394 840 5465 qui
865 5395 1066 5450 dicunt
1088 5412 1149 5450 se
1169 5397 1404 5450 credere
1423 5394 1482 5447 in
1512 5398 1716 5461 Deum,
1751 5400 1808 5449 et
1837 5395 2023 5466 operi-

382 5486 493 5540 bus
515 5488 750 5555 negant,
775 5488 832 5537 et
862 5483 1195 5553 despiciunt
1221 5484 1397 5539 vitam
1433 5489 1790 5538 sanctorum.
1838 5483 2022 5538 Vicini

380 5572 676 5635 dicuntur,
704 5586 805 5642 per
827 5570 1000 5626 ﬁdem
1029 5590 1041 5638 ;
1065 5578 1120 5628 et
1144 5573 1264 5627 noti
1281 5577 1517 5643 propter
1537 5570 2020 5627 christianitatem

450 5684 477 5711 ‹‹
503 5657 611 5726 Qui
631 5659 905 5714 videbant
931 5677 1044 5726 me,
1070 5660 1223 5716 foras
1246 5659 1545 5729 fugiebant
1565 5675 1597 5712 a
1620 5675 1729 5713 me.
1757 5682 1784 5707 υ
1818 5660 1874 5714 id
1908 5665 2015 5735 est,

2138 4684 2453 4741 sericordia
2476 4688 2617 4753 tua;
2652 4683 2912 4756 Domine,
2965 4703 3080 4741 non
3125 4685 3457 4742 confundar,
3480 4672 3690 4749 quoniam

2137 4774 2395 4831 invocavi
2426 4777 2503 4829 te.
2550 4793 2575 4824 η
2614 4771 2970 4830 llluminatio
3019 4780 3312 4848 respectus
3340 4771 3417 4827 tui
3463 4768 3689 4855 ευρθΐξῐξθ

2138 4863 2458 4936 refulgeat;
2519 4865 2584 4917 ut
2616 4879 2730 4917 non
2791 4846 3135 4933 eonfundar,
3182 4864 3277 4920 sed
3335 4859 3503 4918 salver
3524 4853 3583 4908 ab
3624 4846 3688 4901 hi9

2140 4951 2629 5023 persecutoribus.

2210 5063 2237 5089 «
2270 5040 2627 5096 Erubescant
2645 5040 2832 5112 impii,
2857 5045 2914 5097 et
2935 5042 3297 5099 deducantur
3315 5041 3371 5095 in
3392 5035 3683 5112 iufernumq

2136 5161 2202 5168 —-
2230 5152 2249 5176 ι
2286 5129 2645 5185 Erubescant
2700 5129 2888 5201 impii,
2919 5153 2947 5181 ‹‹
3006 5132 3312 5196 daemones,
3369 5104 3685 5183 haeretici,”l

2136 5216 2234 5287 qui
2266 5233 2380 5271 non
2414 5217 2658 5272 credunt
2686 5218 3189 5276 resurrectionem.
3222 5213 3543 5274 Erubescant
3565 5210 3683 5260 tunc,

2136 5305 2370 5375 quando
2401 5304 2530 5360 illos
2563 5311 2798 5361 sanctos
2830 5322 2975 5378 quos
3007 5308 3065 5362 in
3098 5306 3500 5380 despectionem
3525 5291 3685 5380 habite:

2137 5396 2294 5462 runt,
2325 5392 2606 5448 videbunt
2639 5399 2966 5464 coronatos,
3015 5402 3071 5451 et
3101 5414 3160 5453 se
3199 5367 3585 5452 condemnatos.
3610 5367 3680 5425 Vel

2136 5482 2234 5553 qui
2266 5481 2658 5553 relinquentes
2687 5500 2889 5539 verum
2941 5485 3145 5551 Deum,
3196 5486 3346 5557 ligna
3384 5472 3602 5557 adorant.
3634 5472 3677 5513 ⁸⁸

2136 5571 2356 5643 lapides
2414 5576 2781 5627 venerantur.
2845 5596 2873 5622 ‹‹
2932 5579 3091 5630 Muta
3147 5555 3286 5628 ﬁant
3336 5568 3470 5624 labia
3509 5555 3673 5645 dolosa,

2134 5677 2261 5733 qua:
2288 5660 2615 5732 loquuntur
2663 5661 2943 5719 adversus
2983 5665 3214 5736 justum
3262 5648 3673 5730 iniquitatemi'”
