3964 6190
249 360 356 419 965

1408 357 1900 420 BREVIARIUM
1945 361 2023 419 IN
2066 358 2449 419 PSALMOS.

3516 363 3636 422 966

251 488 514 561 superbia
545 492 603 544 et
633 489 691 543 in
722 487 1027 544 abusione.
1061 510 1090 537 «
1131 487 1487 543 Cruciﬁxum
1550 490 1882 556 irridentes,
1913 493 1967 557 Α
1999 490 2151 545 Deus
2182 507 2284 563 per
2314 489 2587 562 angelum
2644 492 2777 544 Adae
2830 490 3180 562 loquebatur
3235 498 3289 548 et
3343 493 3637 565 quomodo

252 583 305 634 et
330 579 659 650 ignorantes
692 581 1117 650 resurgentem.
1151 578 1267 632 Ista
1292 595 1535 634 cernens
1592 578 1883 651 Propheta

252 666 518 723 exclamat
549 666 849 721 exsultans
877 670 935 722 et
963 666 1103 721 dicit
1136 684 1148 721 :

322 777 346 805 ‹‹
374 755 555 818 Quam
587 771 802 827 magna
835 755 1148 810 multitudo
1189 755 1515 811 dulcedinis
1544 757 1882 825 tuze,Domi-

253 860 513 915 ne,quam
548 843 910 898 abscondisti
942 843 1289 899 timentibus
1317 849 1374 899 te
1408 845 1420 899 Ξ
1456 867 1485 896 »
1519 844 1663 911 Quia
1684 844 1883 899 multi-

253 933 385 987 l‘arie
415 931 649 1003 copiosa
709 932 956 987 dulcedo
1013 937 1115 987 tua
1169 937 1278 1013 est,
1336 950 1512 1005 quam
1573 933 1883 989 reservasti

255 1020 592 1075 timentibus
622 1037 835 1076 nomen
869 1027 1058 1076 tuum.
1092 1026 1207 1076 Nec
1238 1038 1366 1076 eam
1393 1022 1452 1077 in
1485 1022 1578 1077 his
1609 1022 1886 1077 tentatio—

256 1108 419 1165 nibus
448 1109 762 1164 ostendisti
796 1126 889 1177 ne,
924 1115 1161 1182 accepta
1208 1111 1543 1178 securitate,
1589 1112 1887 1167 excedere-

254 1215 378 1253 mus
408 1216 440 1252 a
467 1197 560 1253 via
581 1198 846 1270 justitize'.
880 1197 1004 1266 Vel,
1039 1222 1067 1249 «
1100 1201 1284 1263 Quam
1329 1217 1541 1273 magna
1572 1200 1887 1254 multitudo

254 1285 571 1342 dulcedinis
602 1291 735 1353 tum,
770 1286 1015 1342 Domine
1045 1287 1057 1341 l
1093 1310 1121 1338 »
1163 1288 1221 1343 id
1283 1294 1390 1353 est,
1452 1294 1734 1361 quantam
1766 1288 1888 1361 glo-

254 1376 413 1442 riam,
445 1380 664 1447 quanta
693 1376 934 1447 praemia
966 1380 1307 1449 praeparasti
1340 1378 1606 1433 Ecclesiae
1661 1383 1791 1445 tua},
1829 1380 1890 1431 ut

253 1468 398 1521 esset
426 1480 658 1536 semper
687 1472 820 1519 eum
885 1465 1108 1538 angelis
1165 1467 1292 1523 sine
1347 1469 1463 1522 ﬁne
1519 1468 1578 1521 in
1611 1472 1888 1522 aeternum

255 1571 541 1609 mansura.
594 1574 618 1605 ι
650 1553 834 1618 Quam
867 1555 1226 1611 abscondisti
1270 1556 1617 1612 timentibus
1649 1560 1745 1623 te;
1772 1577 1799 1605 »
1830 1555 1891 1609 id

257 1649 342 1700 est
366 1644 514 1699 bona
543 1630 880 1699 sanctorum
912 1643 969 1698 in
1008 1644 1315 1717 temetipso
1346 1645 1728 1701 abscondisti.

328 1755 353 1780 ‹‹
386 1732 674 1788 Perfecisti
707 1733 791 1787 eis
824 1734 923 1804 qui
976 1739 1213 1804 sperant
1268 1734 1327 1788 in
1385 1738 1459 1789 te.
1494 1754 1521 1785 ι)
1554 1735 1845 1804 Perfeeisti
1877 1759 1890 1799 ;

258 1839 322 1877 ac
351 1822 397 1877 si
426 1821 598 1889 dicat,
632 1822 1005 1878 Perfecturus
1064 1823 1199 1878 eris.
1266 1846 1287 1871 α

256 1910 461 1967 liorum
493 1910 822 1966 hominum.
857 1935 885 1962 »
919 1911 1025 1975 Qui
1072 1930 1186 1968 non
1237 1913 1599 1969 erubuerunt
1630 1914 1892 1968 confiteri

254 2001 404 2072 quod
434 2001 697 2070 credunt,
731 2004 865 2057 ante
894 2017 1061 2073 reges
1092 2006 1149 2056 et
1178 2007 1520 2073 potestates,
1551 2007 1617 2056 ut
1648 2003 1729 2057 ait
1752 2006 1893 2057 Pro-

253 2088 425 2160 pheta
455 2107 468 2144 :
502 2091 568 2143 Et
600 2089 860 2161 loquebar
890 2092 951 2145 in
981 2093 1311 2146 testimoniis
1359 2094 1472 2147 tuis
1520 2094 1579 2147 in
1607 2100 1895 2164 conspectu

250 2194 467 2251 regum,
498 2186 550 2233 et
578 2195 691 2235 non
719 2179 1095 2251 eonfnndebar
1124 2182 1497 2252 (Psal.cxvm,
1531 2181 1683 2253 46).‹‹
1709 2181 1892 2245 Quam

251 2267 610 2324 abscondisti
644 2268 989 2325 timentibus
1020 2275 1095 2326 te.
1137 2293 1157 2318 η
1194 2270 1341 2336 Quia
1394 2270 1490 2326 hic
1522 2287 1624 2343 per
1655 2270 1894 2326 tribula-

250 2358 469 2412 tionem
502 2356 752 2429 pleniter
779 2376 893 2415 non
954 2359 1249 2431 accipiunt
1308 2360 1638 2432 praemium,
1700 2360 1798 2415 sed
1834 2360 1893 2413 in

251 2446 449 2500 futuro
479 2452 831 2518 exspectant.
865 2472 891 2497 ‹‹
929 2454 993 2502 Et
1024 2448 1315 2520 perfecisti
1362 2448 1445 2504 eis
1506 2448 1604 2520 qui
1659 2452 1897 2520 sperant

251 2536 317 2590 in
349 2540 420 2591 te.
458 2559 485 2585 »
517 2537 933 2593 Consummala
964 2555 1086 2611 spe,
1126 2539 1448 2594 retribuisti
1505 2543 1805 2611 expectata
1832 2538 1894 2592 in

258 2624 468 2696 specie.
504 2647 532 2675 «
566 2627 626 2681 In
661 2633 971 2698 conspectu
1034 2627 1287 2683 filiorum
1341 2628 1649 2683 hominum
1686 2645 1700 2695 ;
1733 2650 1760 2678 »
1796 2627 1895 2699 qui

256 2714 537 2782 humana,
570 2720 627 2769 et
682 2732 797 2771 non
847 2716 1121 2783 cmlestia,
1178 2717 1554 2788 quaesierunt,
1603 2716 1701 2772 Vel
1761 2734 1895 2771 cum

250 2802 422 2857 ibunt
450 2804 510 2858 in
541 2805 894 2875 supplicium
929 2807 1381 2878 aeternumzjusti
1413 2812 1608 2862 autem
1631 2807 1691 2862 in
1714 2807 1895 2862 vitam

253 2896 527 2947 aeternam
560 2893 768 2964 (Matth.
801 2912 934 2960 xxv,
968 2896 1074 2967 46).
1188 2904 1193 2909 ’

329 3005 354 3029 ‹‹
391 2983 717 3038 Abscondes
776 2999 877 3038 eos
931 2984 991 3038 in
1044 2983 1382 3055 abscondito
1440 2983 1605 3039 faciei
1660 2988 1795 3049 tum,
1865 3002 1899 3040 a

250 3071 699 3126 conturbatione
729 3071 1095 3127 hominum.»
1128 3071 1483 3128 Illuminatio
1515 3074 1671 3129 enim
1701 3073 1897 3128 vultus

251 3158 345 3213 tui
374 3163 529 3232 teget
559 3176 679 3226 eos,
712 3177 782 3215 ne
832 3162 903 3216 ab
963 3162 1222 3216 humana
1270 3161 1496 3216 malitia
1547 3163 1897 3218 conturben-

246 3252 352 3301 tur
385 3264 396 3300 :
429 3270 456 3296 «
494 3248 557 3301 In
590 3249 931 3304 abscondito
961 3248 1156 3304 vultus
1188 3250 1291 3304 tui.
1330 3271 1357 3298 ››

250 3339 368 3389 tua:
399 3335 615 3391 abditis
644 3353 662 3405 ;
692 3337 801 3392 hoc
830 3343 937 3407 est,
966 3338 1023 3392 in
1058 3342 1278 3393 secreto
1318 3342 1443 3402 tuo,
1498 3338 1653 3393 sicut
1679 3338 1812 3402 Job,
1847 3343 1903 3393 et

248 3426 406 3496 ipse,
435 3429 493 3479 et
534 3427 734 3481 omnia
783 3444 909 3498 quae
968 3426 1175 3481 habuit
1230 3427 1517 3483 absconsa
1576 3427 1811 3481 fuerunt
1840 3427 1900 3481 in

253 3515 461 3569 Deum.
496 3537 523 3564 «
551 3516 596 3568 A
626 3516 1067 3570 conturbatione
1109 3515 1441 3585 hominum,
1498 3539 1523 3566 ››
1564 3533 1597 3571 a
1625 3532 1903 3588 persecu-

250 3604 414 3658 tione
444 3608 837 3675 peccatorum.

333 3717 358 3740 u
394 3691 664 3765 Proteges
694 3709 793 3748 eos
840 3694 897 3748 in
946 3694 1318 3750 tabernaculo
1365 3698 1487 3765 tuo,
1545 3712 1579 3749 a
1611 3695 1903 3750 contradi-

255 3782 452 3837 ctione
481 3780 837 3854 linguarum.
874 3805 901 3832 »
934 3783 997 3837 In
1025 3783 1402 3839 tabernaculo
1434 3782 1628 3851 ﬁdei,a
1658 3785 1905 3855 strepitu

254 3871 547 3926 malarum
579 3872 917 3944 linguarum
974 3871 1264 3938 velantur,
1323 3873 1420 3944 qui
1473 3872 1678 3927 dicunt
1719 3872 1904 3936 :Quis

251 3960 418 4014 novit
447 3959 568 4015 haec
597 3960 626 4014 ?
656 3965 756 4015 aut
780 3961 911 4032 quis
942 3961 1153 4016 redivit
1182 3976 1249 4016 ex
1279 3960 1481 4016 inferis
1514 3961 1662 4032 (Sap.
1698 3979 1759 4027 II,
1794 3963 1845 4033 1)
1876 3962 1905 4016 ‘l

331 4070 361 4097 ‹‹
395 4049 738 4104 Benedictus
777 4049 1136 4105 Dominus.»
1197 4050 1301 4104 Cui
1361 4050 1655 4105 benedicit
1713 4051 1905 4106 omnis

250 4139 852 4203 creatura.Quomodo
884 4139 1024 4193 dicit
1057 4156 1068 4192 :
1106 4160 1134 4188 «
1166 4139 1513 4194 Benedictus
1546 4139 1904 4195 Dominus?»

248 4226 534 4297 Nunquid
566 4226 647 4281 illi
683 4244 831 4300 opus
861 4232 949 4284 est
980 4231 1182 4283 nostra
1229 4227 1554 4283 benedictio
1586 4228 1615 4281 ?
1644 4228 1902 4295 Non,sed

246 4320 321 4370 ut
352 4332 461 4370 nos
485 4316 556 4370 ab
584 4317 710 4387 ipso
744 4317 1207 4372 benedictionem
1260 4317 1521 4389 accipere
1552 4333 1903 4372 mereamur.

249 4425 284 4449 ‹‹
319 4404 612 4467 Quoniam
646 4405 975 4461 miriﬁcavit
1007 4405 1467 4460 misericordiam
1490 4422 1659 4461 suam
1682 4405 1742 4459 in
1775 4404 1908 4459 civi-

242 4495 378 4546 tate
429 4493 677 4548 munita.
743 4515 771 4542 »
805 4494 868 4549 In
931 4494 1164 4549 civitate
1217 4493 1565 4561 Jerusalem,
1622 4494 1679 4547 in
1713 4492 1905 4548 medio

248 4581 505 4650 mundo,
541 4605 568 4631 «
604 4583 666 4637 In
697 4582 926 4638 civitate
958 4582 1183 4637 munita
1213 4604 1241 4631 »
1278 4580 1513 4649 dicitur,
1545 4598 1611 4636 eo
1645 4583 1907 4654 quodfir-
1940 4606 1981 4670 υ

244 4673 420 4723 mata
448 4670 535 4724 vel
568 4672 812 4727 robusta
840 4671 999 4739 sit,et
1028 4672 1087 4725 in
1119 4686 1256 4743 gyro
1278 4686 1481 4725 omnes
1513 4675 1716 4743 gentes
1744 4669 1905 4725 illam

242 4757 649 4815 circumdant.
690 4761 750 4815 [n
778 4761 1024 4816 circuitu
1050 4758 1316 4814 Ecclesiae
1346 4760 1527 4813 totius
1557 4758 1809 4826 diffusae;
1831 4759 1911 4813 ibi

242 4846 594 4903 miriﬁcavit
624 4848 1084 4905 misericordiam
1117 4864 1285 4903 suam
1318 4849 1599 4902 Dominus
1626 4865 1638 4915 ;
1664 4847 1803 4919 quia
1828 4848 1906 4902 ibi

240 4941 459 5007 natus,
494 4937 570 4992 ibi
604 4955 836 5010 passus,
872 4939 949 4993 ibi
982 4936 1317 5007 resurrexit,
1350 4941 1407 4991 et
1462 4936 1599 4991 inde
1643 4937 1909 4992 ascendit

241 5024 325 5078 ad
364 5025 569 5093 caelos,
602 5032 663 5081 ut
692 5026 771 5082 ait
802 5027 1085 5100 Propheta
1118 5043 1131 5081 :
1168 5027 1432 5097 Operatus
1461 5026 1537 5080 est
1575 5024 1819 5081 salutem
1848 5028 1905 5081 in

236 5113 441 5169 medio
473 5119 631 5170 terra
656 5117 826 5187 (Psal.
872 5134 1064 5185 Lxxui,
1100 5116 1209 5187 12).
1267 5113 1371 5169 Vel
1429 5113 1599 5169 aliter
1629 5132 1643 5181 ;
1668 5115 1909 5171 Jerusa-

236 5201 376 5257 lem
410 5201 667 5259 cmlestis
701 5205 929 5261 munita
969 5205 1039 5260 de
1070 5203 1514 5277 congregatione
1563 5202 1905 5276 angelorum

238 5294 307 5343 et
344 5289 680 5347 hominum.

324 5401 357 5427 «
398 5380 519 5451 Ego
551 5390 746 5437 autem
779 5382 896 5437 dixi
924 5383 983 5437 in
1014 5398 1253 5438 excessu
1288 5378 1503 5435 mentis
1527 5396 1687 5434 meze.
1743 5404 1771 5430 ››
1807 5382 1907 5437 Ec-

235 5466 444 5522 clesia
475 5472 711 5540 quando
772 5472 1109 5525 recordatur
1160 5471 1232 5526 de
1290 5469 1579 5540 paradiso,
1615 5473 1908 5540 quomodo

234 5556 620 5614 immortalis
652 5564 877 5632 poterat
906 5576 1055 5625 esse,
1082 5565 1138 5614 et
1167 5558 1381 5631 cogitat
1410 5558 1660 5630 qualiter
1692 5559 1908 5615 ibidem

232 5650 495 5716 poterat
534 5665 663 5704 esse
695 5668 709 5716 ;
743 5655 801 5705 et
854 5648 1122 5705 meminit
1179 5647 1371 5719 qualis
1428 5652 1537 5716 est,
1570 5652 1628 5703 et
1658 5648 1912 5721 qualiter

1355 1824 1422 1878 In
1481 1827 1794 1895 conspectu
1830 1824 1892 1877 ﬁ-
1924 1863 1972 1927 B

1993 580 2178 634 oculis
2211 580 2588 635 interioribus
2621 579 2802 634 Deum
2826 580 3060 635 videbat
3087 581 3238 651 (Gen.
3275 600 3357 637 III.
3403 584 3465 635 9-
3500 584 3586 650 19)
3622 599 3633 637 :

1994 670 2228 739 quando
2258 668 2370 723 ista
2400 669 2634 741 cogitat,
2684 673 2823 723 tunc
2879 669 2939 723 in
2990 686 3227 724 excessu
3280 672 3494 726 mentis
3553 675 3641 727 est

1994 756 2269 811 Ecclesia.
2305 781 2331 807 ‹‹
2365 758 2481 829 Ego
2514 762 2707 813 autem
2742 756 2857 811 dixi
2890 758 2946 811 in
2980 773 3221 812 excessu
3253 759 3467 814 mentis
3500 777 3639 815 mea;

1995 844 2297 916 Projectus
2329 863 2460 901 sum
2494 863 2526 900 a
2550 846 2693 901 facie
2723 844 3027 901 oculorum
3058 854 3318 902 tuorum.
3344 870 3363 894 η
3385 848 3641 919 Populus

1995 934 2115 989 haec
2144 935 2284 990 dicit
2312 934 2411 990 ille
2460 952 2775 990 conversus
2809 937 2879 990 ad
2934 934 3229 990 Christum
3257 953 3270 989 :
3304 935 3642 991 Existimavi

1997 1040 2111 1093 me,
2141 1023 2355 1095 inquit,
2392 1025 2713 1112 projectum
2739 1040 2865 1079 esse
2896 1041 2929 1079 a
2958 1024 3448 1096 contemplatione
3473 1023 3643 1079 lumi-

1998 1130 2139 1168 num
2170 1117 2431 1179 tuorum,
2466 1118 2523 1167 et
2552 1114 2771 1183 expavi,
2807 1130 2939 1167 cum
2975 1130 3067 1167 me
3097 1118 3260 1168 tanta
3290 1119 3525 1187 propter
3547 1130 3645 1169 no-

1998 1218 2133 1257 men
2166 1207 2332 1256 tuum
2365 1201 2484 1273 pati
2515 1201 2880 1273 permitteres
2914 1220 2928 1269 ;
2960 1201 3046 1256 vel
3083 1219 3095 1255 :
3132 1225 3157 1251 «
3180 1202 3478 1274 Projectus
3509 1219 3642 1257 sum

1998 1310 2031 1347 a
2064 1290 2229 1346 vultu
2254 1291 2557 1346 oculorum
2588 1296 2847 1345 tuorum.
2884 1313 2911 1339 »
2944 1293 3152 1362 Adam,
3186 1293 3421 1363 quando
3452 1295 3644 1347 trans-

1999 1398 2241 1453 gressus
2272 1380 2381 1433 fuit
2414 1380 2753 1434 mandatum
2789 1379 2910 1446 Dei,
2942 1384 3081 1434 tunc
3140 1380 3434 1451 projectus
3492 1385 3580 1435 est
3610 1397 3646 1434 a

2001 1468 2145 1524 facie
2179 1468 2274 1523 Dei
2303 1466 2489 1536 (Ibid.,
2520 1466 2634 1537 23),
2667 1472 2725 1521 et
2756 1468 2899 1539 ipse,
2930 1472 2985 1522 et
3016 1484 3143 1533 nos,
3202 1472 3258 1522 et
3316 1468 3510 1521 omnis
3540 1482 3641 1538 po-

2002 1558 2236 1613 steritas
2266 1574 2373 1611 sua
2405 1561 2535 1628 post
2564 1572 2719 1611 eum.
3580 1614 3587 1627 Ι

2074 1670 2101 1695 α
2138 1646 2267 1701 Ideo
2299 1644 2587 1700 exaudisti
2618 1660 2815 1699 vocem
2849 1643 3275 1715 deprecationis
3307 1660 3468 1713 meae,
3502 1644 3644 1698 dum

2003 1734 2317 1789 clamarem
2350 1735 2422 1788 ad
2453 1738 2529 1789 te.
2567 1755 2595 1783 »
2629 1733 2783 1802 Ideo,
2827 1733 2970 1787 dicit
3026 1732 3298 1802 Ecclesia,
3356 1731 3645 1788 exaudisti

2002 1840 2200 1880 vocem
2233 1823 2513 1878 orationis
2545 1839 2686 1877 mea;
2721 1839 2734 1875 :
2770 1821 2909 1893 quia
2939 1823 3203 1895 cognovi,
3254 1822 3353 1877 ubi
3384 1825 3645 1894 poteram

2004 1930 2130 1969 esse
2164 1932 2177 1981 ;
2211 1918 2267 1968 et
2297 1928 2603 1984 cognosco,
2636 1912 2736 1966 ubi
2769 1912 2941 1967 modo
2964 1911 3426 1967 sum.Exaudisti
3446 1927 3646 1967 vocem

2002 2002 2295 2057 interioris
2327 2001 2607 2065 hominis,
2640 2006 2695 2054 et
2725 2000 2783 2055 in
2818 2001 3031 2056 mentis
3062 2000 3373 2073 splendore
3404 2017 3645 2072 precan-

2002 2092 2099 2160 tis,
2132 2096 2189 2147 et
2217 2090 2487 2146 amovisti
2518 2089 2827 2146 horribiles
2855 2090 3288 2146 tribulationes.

2076 2205 2103 2231 ‹‹
2138 2180 2371 2252 Diligite
2402 2180 2739 2252 Dominum,
2773 2196 2977 2235 omnes
3038 2179 3226 2235 sancti
3285 2181 3412 2251 ejus
3447 2204 3461 2247 ;
3497 2196 3647 2250 quo—

2006 2270 2164 2325 niam
2224 2271 2523 2325 veritatem
2575 2269 2831 2341 requiret
2878 2270 3188 2336 Dominus,
3252 2273 3310 2324 et
3366 2269 3650 2324 retribuet

2005 2360 2372 2416 abundanter
2402 2359 2745 2414 facientibus
2799 2359 3157 2431 superbiam.
3223 2380 3251 2408 »
3312 2357 3646 2414 Humiliatis

2002 2448 2118 2516 his,
2152 2452 2372 2503 statuet
2400 2453 2633 2503 sanctos
2662 2465 2801 2503 suos
2829 2448 2890 2502 in
2924 2464 3138 2521 magna
3167 2447 3496 2503 constantia
3518 2448 3646 2519 (Sap

2004 2556 2059 2601 v,
2094 2538 2158 2608 Ι).
2191 2559 2219 2589 ››
2256 2537 2482 2610 Diligite
2513 2539 2850 2604 Dominum,
2885 2555 3089 2592 omnes
3134 2536 3317 2592 sancti
3368 2538 3515 2608 ejus.
3550 2536 3645 2591 Di-

2003 2625 2186 2699 ligite,
2216 2650 2241 2678 ιο
2277 2628 2331 2681 id
2354 2633 2463 2689 est,
2496 2632 2685 2683 amate
2716 2627 2907 2681 illum.
2942 2649 2970 2676 ‹‹
3008 2628 3295 2691 Quoniam
3341 2626 3646 2681 veritatem

2006 2715 2262 2786 requiret
2294 2715 2593 2782 Dominus,
2621 2739 2649 2764 μ
2683 2716 2779 2787 qui
2814 2719 3184 2787 perseverant
3239 2731 3425 2786 usque
3480 2713 3542 2768 in
3575 2714 3645 2767 {i-

2006 2820 2137 2858 nem
2171 2803 2229 2857 in
2264 2803 2543 2869 bonitate,
2574 2808 2638 2858 ut
2668 2804 2889 2858 dictum
2920 2809 3008 2859 est
3040 2822 3053 2859 :
3089 2804 3193 2872 Qui
3216 2803 3648 2874 perseveraverit

2004 2908 2169 2964 usque
2198 2894 2257 2945 in
2282 2893 2449 2961 ﬁnem
2478 2892 2567 2947 hie
2593 2894 2777 2947 salvus
2801 2894 2906 2947 erit
2925 2893 3140 2963 (Matth.
3174 2910 3325 2957 xx1v,
3352 2893 3455 2961 13).

2076 3004 2104 3029 ‹‹
2136 2980 2393 3036 Viriliter
2440 2982 2611 3052 agite.
2648 3002 2676 3029 »
2735 2985 2849 3036 Hoc
2900 2986 3009 3047 est,
3070 2980 3470 3037 immobiliter.
3522 3000 3548 3029 σι
3577 2982 3646 3033 Et

2005 3070 2366 3124 confortetur
2395 3060 2493 3124 cor
2545 3075 2827 3136 vestrum,
2885 3086 3087 3125 omnes
3146 3071 3247 3141 qui
3307 3069 3553 3141 speratis
3582 3069 3643 3122 in

2006 3158 2270 3214 Domino.
2308 3183 2328 3209 ι)
2371 3160 2484 3214 Cor
2508 3164 2749 3214 vestrum
2780 3159 2885 3214 hoc
2915 3164 3024 3228 est,
3084 3159 3284 3214 anima
3338 3163 3554 3229 vestra,
3588 3158 3646 3213 in

1409 3249 1894 3320 scilicetjustitiaa
1929 3236 1970 3301 C
2012 3248 2254 3302 Domino
2276 3263 2528 3318 semper.
2565 3270 2593 3298 «
2644 3247 2895 3303 Viriliter
2949 3247 3123 3319 agite,
3182 3253 3239 3303 et
3294 3248 3651 3303 confortetur

2010 3352 2108 3391 cor
2134 3340 2415 3402 vestrum,
2447 3351 2652 3391 omnes
2680 3335 2779 3406 qui
2811 3336 3059 3407 speratis
3089 3336 3146 3390 in
3172 3336 3480 3391 Domino.»
3508 3335 3645 3390 For-

2010 3425 2146 3479 titer
2174 3432 2348 3496 atque
2397 3429 2734 3480 constanter
2791 3426 3083 3480 custodite
3139 3425 3526 3497 propositum,
3591 3428 3653 3477 ut

2012 3515 2269 3568 fructum
2304 3512 2534 3568 metatis
2564 3513 2625 3567 in
2659 3513 2911 3569 Christo.
2949 3516 3130 3579 Quem
3193 3512 3487 3587 supplices
3550 3513 3656 3567 de-

2012 3619 2323 3674 precamur
2353 3607 2417 3656 ut
2444 3601 2704 3658 insinuet
2736 3603 3031 3658 mentibus
3091 3603 3304 3659 nostris
3353 3619 3558 3659 curam
3592 3617 3654 3657 se

2013 3690 2310 3762 diligendi,
2346 3709 2448 3763 pro
2481 3691 2649 3747 nobis
2699 3708 2936 3762 passum
2993 3692 3215 3765 jugiter
3272 3692 3554 3756 conﬁteri,
3589 3694 3656 3745 ut

2014 3798 2345 3837 mereamur
2375 3785 2576 3836 contra
2604 3780 2870 3852 iniquam
2899 3783 3258 3853 superbiam,
3302 3778 3656 3837 humilitatis

2014 3870 2193 3925 armis
2223 3869 2466 3925 viriliter
2494 3887 2836 3942 repugnare.

2562 3977 2884 4033 PSALMUS
2914 3978 3100 4034 XXXI.

2014 4068 2323 4123 Intellectus
2353 4066 2550 4134 David,
2577 4066 2909 4122 Intellectus
2940 4068 3172 4123 Christi.
3208 4065 3428 4137 Duplex
3472 4062 3656 4137 intel-

2085 4138 2271 4194 lectus
2302 4143 2389 4193 est
2416 4138 2529 4193 isto
2559 4137 2753 4207 titulo,
2788 4138 3038 4193 maxime
3084 4139 3154 4193 de
3186 4137 3285 4192 illo
3305 4135 3317 4137 “
3339 4135 3657 4192 Publicano

2084 4216 2140 4265 et
2172 4209 2457 4264 Pharisaeo
2488 4208 2587 4280 qui
2618 4209 2677 4263 in
2708 4208 2925 4279 templo
2956 4209 3202 4264 orabant
3221 4209 3371 4280 (Luc.
3399 4209 3654 4271 xvaO.

2086 4282 2172 4351 14)
2208 4300 2220 4336 :
2254 4280 2391 4352 quia
2422 4297 2575 4335 unus
2605 4296 2665 4334 se
2693 4280 3045 4345 justiﬁcabat
3079 4298 3093 4348 ;
3121 4286 3179 4336 et
3235 4281 3385 4336 alius
3415 4297 3479 4337 se
3519 4296 3658 4335 con-

2085 4353 2419 4422 demnabat,
2476 4352 2550 4422 id,
2593 4355 2704 4421 est,
2740 4353 3066 4407 accusabat.
3144 4352 3413 4407 Psalmus
3458 4367 3657 4407 vocem

2086 4423 2344 4502 continet
2393 4421 2705 4502 prophetae,
2737 4423 3127 4502 _o_stendentis
3184 4424 3483 4502 hominem
3538 4439 3660 4502 non

2090 4495 2341 4566 propriis
2373 4493 2619 4566 meritis.
2654 4494 2754 4548 sed
2790 4493 2889 4548 Dei
2921 4495 3111 4566 gratia
3142 4512 3313 4566 posse
3345 4494 3576 4560 salvari,
3610 4493 3659 4548 si

2088 4563 2435 4621 conﬁteatur
2453 4563 2731 4619 admissa.

2088 4696 2113 4723 ‹‹
2140 4672 2297 4728 Beati
2331 4688 2579 4744 quorum
2615 4671 2875 4727 remissa
2906 4678 3045 4728 sunt
3072 4672 3495 4745 iniquitates,et
3515 4687 3658 4741 quo-

2022 4782 2151 4817 rum
2182 4766 2333 4817 tecta
2362 4765 2501 4815 sunt
2524 4764 2778 4832 peccata.
2814 4784 2841 4810 »
2884 4763 3096 4817 Beatus
3127 4760 3501 4825 immortalis,
3535 4759 3662 4814 lan-
3730 4786 3736 4792 ι

2020 4851 2231 4908 dabilis
2280 4850 2399 4907 sive
2444 4849 2755 4922 gloriosus.
2808 4850 2917 4906 Sed
2971 4857 3167 4906 tamen
3224 4850 3423 4905 nullus
3473 4852 3663 4922 potest

2020 4941 2174 5013 apud
2201 4957 2261 4996 se
2292 4956 2419 4995 esse
2444 4939 2669 5007 beatus,
2704 4939 2816 4994 nisi
2852 4942 2923 4994 ab
2956 4939 3055 4995 illo
3088 4940 3334 5012 accipiat
3364 4936 3663 5011 quijusti-

2020 5031 2157 5086 ﬁcat
2184 5029 2457 5102 impium,
2490 5028 2597 5081 hoc
2631 5031 2739 5093 est,
2780 5033 2912 5083 Deo.
2946 5028 3110 5083 Unde
3142 5033 3199 5084 et
3228 5028 3442 5084 Paulus
3473 5027 3615 5083 dicit
3646 5044 3660 5082 :

2022 5119 2275 5175 Credenti
2303 5121 2491 5171 autem
2520 5118 2579 5170 in
2601 5132 2664 5171 eo
2693 5120 2788 5187 qui
2808 5117 3079 5188 justiﬁeat
3099 5119 3333 5190 impium
3363 5118 3666 5189 deputatur

2019 5208 2152 5278 ﬁdes
2182 5208 2302 5277 ejus
2333 5206 2406 5261 ad
2426 5206 2712 5277 justitiam
2745 5205 2921 5275 (Rom:
2976 5224 3051 5261 1v.
3102 5207 3177 5275 5).
3243 5229 3271 5257 «
3332 5206 3486 5262 Beati
3519 5222 3665 5277 quo-

2020 5314 2151 5351 rum
2184 5295 2443 5350 remissae
2472 5296 2611 5349 sunt
2642 5292 3007 5364 iniquitates,
3056 5319 3075 5344 ι
3140 5312 3390 5367 quorum
3432 5298 3666 5366 peccata

2020 5383 2443 5441 confessionem
2478 5399 2511 5437 a
2553 5382 2794 5437 Domino
2852 5383 3175 5439 diluuntur.
3213 5385 3435 5450 Quibus
3476 5383 3665 5438 modis

2020 5473 2400 5529 remittuntur
2432 5474 2665 5541 peccata
2688 5468 2716 5523 ἵν
2745 5470 2976 5527 Tribus.
3014 5474 3416 5529 Remittuntnr
3446 5488 3548 5543 per
3564 5473 3665 5526 ba-

2019 5562 2330 5635 ptismum,
2352 5563 2629 5630 teguntur
2648 5574 2748 5628 per
2794 5560 3281 5633 charitatem,non
3298 5562 3667 5631 imputantur

2020 5668 2124 5724 per
2154 5647 2526 5718 martyrium.
2559 5668 2587 5695 ‹‹
2622 5646 2689 5700 Et
2718 5664 2968 5718 quorum
3001 5654 3154 5706 tecta
3181 5654 3319 5706 sunt
3348 5653 3604 5719 peccata,
3634 5666 3662 5694 »
