3964 6190
432 327 546 384 907

437 472 538 527 per
587 453 949 522 charitatem,
1009 456 1330 510 secundum
1396 454 1538 510 illud
1594 456 1896 511 :Charitas
1957 472 2082 527 ope-
2113 457 2168 522 Α

435 547 512 598 rit
543 544 957 599 multitudinem
1011 552 1356 615 peccatorum
1410 544 1457 615 (Ι
1511 547 1658 599 Petr.
1721 564 1791 611 IV,
1852 546 1927 616 8).
1957 544 2079 612 Vel,

436 657 463 681 «
499 635 756 697 Quorum
785 637 937 688 tecta
967 638 1106 687 sunt
1138 638 1394 703 peccata,
1455 654 1482 681 »
1540 634 1648 688 hoc
1710 639 1816 702 est,
1878 640 1941 687 ut
1988 634 2081 688 hic

434 721 700 776 velentur
723 739 825 792 per
857 721 1278 793 paenitentiam,
1315 737 1384 775 ne
1416 721 1472 775 in
1496 721 1722 792 judicio
1754 721 2083 776 revelentur

507 835 533 859 ‹‹
568 812 778 865 Beatus
809 811 896 864 vir
927 810 1019 864 cui
1052 827 1168 865 non
1219 811 1539 881 imputabit
1600 811 1881 866 Dominus
1913 828 2079 882 peca-

431 905 581 954 tum.
619 920 646 948 »
672 899 778 962 Qui
811 915 871 954 se
921 899 978 952 in
1039 898 1145 953 hoc
1207 897 1415 952 saeculo
1474 898 1781 970 diligenter
1828 900 2080 970 potuerit

435 1005 776 1059 expurgare,
810 987 897 1042 vel
930 1004 1031 1058 per
1060 988 1425 1059 martyrium.
1483 989 1643 1052 Quod
1675 987 1911 1059 tegitur,
1962 1005 2076 1042 non

431 1078 660 1132 videtur
692 1077 867 1148 ;quod
902 1094 1017 1131 non
1049 1076 1294 1145 videtur,
1339 1093 1451 1130 non
1511 1076 1840 1147 imputatur
1871 1097 1884 1133 :
1921 1078 2075 1148 quod

433 1184 547 1221 non
583 1167 926 1238 imputatur,
954 1183 1059 1221 nec
1093 1165 1387 1235 punietur.
1423 1188 1449 1212 «
1485 1166 1598 1220 Nec
1629 1171 1717 1240 est
1749 1166 1805 1219 in
1829 1182 1925 1220 ore
1947 1167 2074 1236 ejus

432 1255 622 1310 dolus.
658 1277 684 1303 »
721 1257 832 1309 Hoc
864 1260 953 1310 est
987 1256 1042 1309 in
1077 1254 1238 1309 illius
1269 1271 1365 1307 ore
1399 1255 1496 1324 qui
1529 1271 1590 1308 se
1620 1255 1929 1309 conﬁtetur
1948 1271 2075 1309 esse

432 1350 816 1416 peccatorem,
850 1345 1002 1399 sicut
1034 1342 1360 1398 Nathaniel.
1398 1342 1559 1397 Unde
1591 1342 1873 1396 Dominus
1907 1342 2069 1396 dixit:

427 1437 560 1489 Ecce
589 1450 711 1489 vere
742 1435 998 1489 Israelita
1030 1435 1090 1487 in
1115 1448 1217 1502 quo
1246 1432 1401 1486 dolus
1430 1448 1541 1486 non
1570 1435 1644 1485 est
1684 1436 1876 1502 (Joan,
1913 1431 2069 1501 1,47).

427 1524 497 1578 Et
528 1524 596 1579 de
630 1521 727 1578 illo
770 1521 1100 1593 publicano,
1165 1523 1234 1574 de
1288 1538 1402 1591 quo
1461 1519 1731 1591 superius
1792 1519 2068 1587 diximus,

428 1613 526 1684 qui
550 1629 611 1666 se
662 1611 1053 1666 conﬁtebatur
1079 1625 1205 1664 esse
1237 1614 1598 1680 peccatorem
1630 1609 1828 1663 dicens
1865 1627 1876 1662 :
1909 1610 2067 1677 Deus,

423 1703 692 1772 prepiiius
721 1709 832 1753 esto
862 1699 1004 1752 mihi
1033 1701 1306 1769 peccaturi
1325 1700 1474 1769 (Luc.
1510 1715 1671 1767 xvm,
1728 1699 1836 1768 13).
1895 1723 1919 1745 ‹‹
1956 1699 2070 1752 Νθθ

1930 323 2186 383 APPEN
2199 323 2352 383 DIX.
3055 383 3074 395 ,
3603 338 3674 396 963

2275 477 2302 508 α
2330 459 2439 510 Pro
2470 455 2579 510 hac
2611 454 2911 526 impietate
2941 453 3129 509 orabit
3157 456 3224 510 ad
3247 461 3299 510 te
3325 459 3479 513 omnis
3521 471 3681 520 sanctus

2193 544 2250 598 in
2285 549 2544 616 tempore
2565 548 2914 616 opportuno.
2948 566 2970 594 ι
3009 543 3259 614 Tempus
3289 552 3601 616 opportunum
3641 556 3683 607 ad

2193 634 2547 688 exorandum
2580 650 2682 705 pro
2715 632 2988 704 peccatis,
3019 632 3138 687 haec
3169 633 3277 687 vita
3305 640 3416 688 est:
3444 636 3489 688 in
3503 654 3585 707 qua
3606 640 3685 695 ideo

2191 721 2376 777 sancti
2409 726 2598 789 orant,
2632 722 2770 793 quia
2801 737 2970 777 nemo
3013 726 3102 776 est
3131 739 3163 776 a
3210 723 3435 792 peccatis
3480 724 3686 782 immunis.

2189 811 2296 866 Pro
2329 811 2434 865 hac
2461 811 2772 882 iniquitate
2801 800 2888 865 vel
2947 827 3050 882 pro
3109 810 3213 865 hac
3266 812 3566 877 remissione,
3590 819 3684 885 quod

2189 899 2460 971 superius
2490 899 2634 954 dixit
2668 918 2680 954 :
2716 923 2742 948 «
2778 899 2937 954 Beati
2971 915 3215 970 quorum
3255 899 3478 955 remissa:
3503 907 3603 956 sunt
3621 904 3688 956 ini-

2187 989 2463 1060 quitates,
2498 994 2554 1042 et
2583 1005 2830 1059 quorum
2859 992 3014 1043 tecta
3061 994 3199 1043 sunt
3228 993 3436 1059 peccata
3459 995 3579 1057 (vers.
3605 992 3687 1056 1}.»

2189 1076 2375 1133 Omnis
2422 1082 2643 1132 sanctus
2700 1078 2808 1132 hoc
2865 1082 2972 1144 est,
3036 1095 3138 1148 per
3194 1077 3611 1149 baptismum;et
3631 1083 3688 1149 qui

2187 1172 2316 1238 post
2343 1168 2705 1238 baptismum
2738 1171 2937 1239 peccat
2978 1171 3179 1237 postea
3237 1167 3510 1221 dimittitur
3553 1167 3612 1220 illi
3632 1185 3691 1238 per

2184 1255 2606 1327 pmnitentiam,
2639 1260 2741 1311 aut
2770 1271 2873 1327 per
2930 1255 3290 1326 martyrium.

2263 1367 2288 1397 α
2317 1345 2733 1400 Verumtamen
2765 1344 2823 1398 in
2843 1343 3060 1398 diluvio
3094 1361 3367 1415 aquarum
3390 1344 3635 1398 multarum
3651 1346 3690 1397 ad

2182 1450 2316 1488 eum
2349 1451 2464 1489 non
2496 1433 3009 1505 approximabunt.
3045 1455 3071 1482 »
3109 1433 3268 1487 Multi
3299 1433 3495 1487 fructus
3533 1431 3694 1486 diluvio-

2184 1540 2313 1577 rum
2345 1523 2402 1576 in
2425 1522 2650 1593 judicio
2683 1522 2895 1593 impios
2926 1521 3246 1589 vallabunt,
3279 1522 3372 1592 qui
3413 1521 3583 1576 sanctis
3602 1521 3691 1574 noci-

2182 1611 2298 1666 turi
2328 1629 2441 1666 non
2473 1616 2664 1666 erunt.
2702 1633 2728 1659 ››
2759 1611 3176 1665 Verumtamen
3213 1611 3266 1663 in
3285 1609 3479 1664 diluvio
3505 1624 3692 1678 aquarum

2182 1700 2502 1755 multarum
2534 1701 2606 1755 ad
2647 1716 2783 1754 eum
2843 1717 2958 1754 non
3006 1699 3548 1771 apuropinquabunt.
3575 1721 3590 1748 ι
3617 1697 3694 1750 Sine

425 1795 513 1844 est
542 1790 713 1843 inore
735 1789 863 1857 ejus
886 1786 1114 1853 dolus,»
1133 1787 1233 1842 sed
1258 1786 1317 1840 in
1342 1785 1580 1841 veritate
1615 1789 1857 1840 credens
1891 1791 2068 1841 Deum
2099 1825 2146 1890 B
2181 1790 2492 1860 angustiis,
2526 1791 2628 1854 ait,
2663 1807 2788 1860 quae
2815 1789 2985 1860 quasi
3017 1789 3190 1860 aquis
3221 1787 3591 1843 inundantibus
3606 1802 3693 1840 com-

343 1923 350 1930 .
422 1878 532 1933 hoc
561 1878 733 1932 corde
764 1875 1006 1931 retinuit
1037 1877 1191 1946 quod
1224 1892 1320 1930 ore
1351 1876 1753 1930 conﬁtebatur.

495 1991 522 2016 ‹‹
557 1966 843 2031 Quoniam
871 1965 1023 2020 tacui
1081 1966 1548 2020 inveteraverunt
1601 1963 1660 2018 in
1721 1980 1812 2018 me
1870 1964 2067 2020 omnia

421 2074 556 2112 ossa
587 2073 736 2112 mea.
765 2080 793 2106 ››
827 2055 951 2110 Non
987 2053 1201 2127 protuli
1233 2053 1656 2110 confessionem
1689 2054 1760 2108 ad
1793 2052 2061 2122 salutem;

418 2147 547 2202 ideo
578 2147 770 2202 omnis
805 2145 1082 2200 fortitudo
1106 2161 1234 2199 mea
1265 2145 1322 2198 in
1347 2143 1538 2199 carnis
1558 2142 1894 2198 inﬁrmitate
1927 2161 2062 2198 con-

418 2237 632 2292 senuit.
695 2257 723 2284 «
784 2234 1065 2300 Quoniam
1127 2233 1302 2298 tacui,
1364 2233 1826 2286 inveteraverunt
1881 2231 2063 2286 inme

419 2325 619 2379 omnia
646 2341 779 2378 ossa
801 2340 948 2388 mea,
982 2323 1120 2376 dum
1160 2322 1472 2375 clamarem
1526 2324 1648 2374 tota
1678 2319 1790 2374 die.
1816 2341 1844 2369 »
1879 2321 2060 2386 Tacui,

419 2430 528 2466 vox
558 2411 847 2466 malorum
892 2417 999 2466 est.
1055 2412 1263 2465 Tacui:
1301 2410 1358 2463 id
1417 2413 1523 2479 est,
1574 2414 1768 2463 tacent
1823 2407 2058 2462 illorum

415 2505 673 2572 peccata,
702 2505 758 2554 et
789 2500 845 2552 in
877 2498 1242 2554 confessione
1274 2497 1480 2552 nolunt
1511 2498 1720 2552 dicere.
1759 2489 1786 2546 ξ(
1839 2501 2058 2551 Invete-

414 2593 692 2644 raverunt
720 2604 873 2654 ossa,
911 2610 937 2635 υ
969 2587 1026 2641 id
1067 2592 1174 2653 est,
1235 2587 1477 2640 virtutes
1536 2603 1683 2656 quas
1737 2586 2059 2639 debuerant

412 2677 646 2746 habere,
679 2677 1147 2732 inveteraverunt
1179 2691 1278 2746 per
1309 2679 1632 2746 peccatum.
1666 2697 1693 2723 ‹‹
1760 2680 1906 2728 Dum
1936 2673 2055 2729 cla-

413 2784 658 2834 marem,
693 2789 720 2815 ››
754 2766 809 2820 id
843 2770 951 2829 est,
979 2763 1407 2820 clamabant.Si
1430 2762 1650 2834 aliquid
1674 2762 1809 2818 boni
1842 2763 2058 2817 habent

411 2873 514 2928 per
543 2854 858 2910 vanitatem
895 2855 1320 2909 demonstrant.
1355 2856 1420 2906 ut
1447 2852 1544 2907 ille
1584 2852 1911 2907 Phariszeus
1940 2852 2054 2905 im-

409 2946 542 3016 pius
575 2944 840 3010 faciebat,
877 2943 974 3014 qui
1007 2942 1235 2997 dicebat
1269 2959 1280 2995 :
1331 2946 1479 2996 Deus
1535 2943 1746 3009 gratias
1804 2942 1904 2996 tibi
1932 2957 2052 3011 ago,

409 3037 540 3104 quia
570 3050 679 3090 non
708 3050 831 3088 sum
861 3035 1006 3087 sicut
1032 3033 1220 3088 caeteri
1242 3033 1513 3098 hamines,
1572 3040 1833 3102 raptores,
1883 3029 2049 3084 adul—

406 3126 513 3178 teri
542 3123 698 3194 (Ibid.
737 3124 877 3192 11).α
917 3122 1067 3176 Dum
1102 3120 1419 3176 clamarem
1451 3125 1571 3175 tota
1603 3121 1747 3188 die,»
1787 3120 1844 3174 in
1879 3119 2051 3174 istius

404 3212 535 3267 vitae
559 3217 875 3267 momento.

489 3323 514 3353 α
545 3303 829 3368 Quoniam
862 3300 956 3354 die
972 3317 1036 3354 ac
1058 3304 1227 3355 nocte
1251 3303 1487 3370 gravata
1507 3304 1596 3352 est
1622 3314 1798 3369 super
1817 3314 1912 3352 me
1934 3314 2052 3352 ma-

405 3409 517 3447 nus
547 3396 668 3446 tua.
707 3414 727 3439 η
767 3389 1027 3444 Potentia
1083 3395 1202 3442 tua.
1264 3387 1408 3441 Cum
1469 3403 1661 3442 essem
1722 3387 1963 3458 impius,
1996 3393 2052 3441 et

404 3480 785 3551 blasphemus
821 3497 833 3533 :
870 3502 896 3527 «
932 3477 1179 3532 Gravata
1208 3481 1297 3530 cst
1327 3492 1501 3546 super
1532 3492 1624 3529 me
1655 3492 1866 3530 manus
1893 3481 2045 3542 tua,»

404 3569 460 3623 id
518 3574 624 3631 est,
687 3572 944 3638 potestas
997 3571 1140 3631 tua;
1187 3565 1326 3635 quia
1376 3564 1469 3618 hic
1529 3581 1640 3618 non
1713 3564 2048 3630 emendant,

407 3661 683 3728 gravatur
713 3672 890 3726 super
919 3654 1052 3708 illos
1085 3670 1294 3708 manus
1327 3652 1448 3718 Dei,
1507 3652 1564 3705 id
1625 3657 1734 3716 est,
1793 3657 2050 3723 potestas

400 3745 668 3800 vindicta:
701 3744 759 3797 in
793 3744 883 3798 die
904 3742 1136 3812 judicii.
1175 3764 1202 3790 «
1231 3744 1560 3798 Conversus
1589 3757 1722 3795 sum
1754 3740 1812 3794 in
1846 3758 2051 3796 rerum-

403 3853 496 3889 na.
532 3856 559 3884 »
597 3834 656 3887 In
690 3832 925 3888 assidua
956 3830 1329 3886 tribulatione
1386 3830 1750 3902 ﬂagellorum
1789 3835 2047 3886 tuorum.

407 3945 435 3973 ‹‹
469 3928 614 3978 Dum
649 3921 962 3993 conﬁgitur
994 3919 1138 3974 mihi
1169 3919 1358 3991 spina.
1392 3941 1420 3968 »
1454 3918 1740 3974 Stimnlus
1761 3918 2052 3975 conscien-

405 4013 500 4066 tiae
531 4010 888 4084 peccatricis.
913 4033 939 4058 «
974 4013 1296 4064 Conversus
1349 4023 1480 4062 sum
1529 4007 1586 4060 in
1619 4024 1879 4062 aerumna
1909 4009 2049 4062 dum

407 4101 719 4172 conﬁgitur
750 4099 894 4154 mihi
931 4099 1100 4170 spina
1134 4114 1145 4151 :
1183 4114 1461 4167 aerumna,
1495 4117 1520 4145 ιι
1559 4096 1616 4150 id
1649 4101 1757 4162 est,
1790 4095 2049 4163 miseria,

407 4195 555 4244 Dum
589 4189 898 4261 conﬁgitur
931 4188 1073 4242 mihi
1133 4187 1320 4258 spina.
1373 4185 1431 4241 id
1466 4191 1575 4256 est,
1635 4186 1777 4240 dum
1844 4187 2053 4258 pungit

409 4295 500 4333 me
533 4278 864 4334 conscienta
891 4277 1132 4348 peccati.

482 4389 510 4417 «
542 4368 827 4423 Delictum
864 4383 1058 4421 meum
1091 4365 1385 4438 cognitum
1421 4364 1528 4419 tibi
1556 4364 1683 4430 feci,
1733 4369 1789 4419 et
1817 4364 2048 4435 injusti-

408 4457 518 4512 tias
550 4473 709 4512 meas
743 4472 857 4510 non
890 4455 1189 4510 abscondi.
1222 4476 1250 4502 »
1285 4453 1397 4508 Sed
1447 4454 1752 4508 confessus
1810 4469 1963 4520 sum,
1996 4457 2052 4508 et

2178 1884 2480 1949 parantur,
2510 1880 2581 1933 ad
2613 1884 2794 1934 Deum
2825 1879 3007 1933 sancti
3068 1878 3511 1951 appropinquare
3535 1893 3620 1930 non
3637 1891 3694 1946 pu-

2177 1972 2417 2022 tuerunt
2453 1986 2466 2035 ;
2491 1967 2628 2038 quia
2654 1968 2752 2039 qui
2803 1968 3152 2022 sustinuerit
3183 1983 3363 2039 usque
3393 1968 3445 2020 in
3473 1963 3694 2028 finem,hic

2175 2056 2373 2112 salvus
2402 2058 2510 2111 crit
2541 2058 2746 2127 (Matth.
2818 2075 2969 2123 xxiv,
3041 2058 3148 2128 12).
3182 2056 3303 2127 Vel,
3368 2076 3391 2106 η
3457 2055 3507 2108 in
3560 2054 3696 2108 diluiio

2175 2164 2483 2218 aquarum,
2518 2169 2544 2194 ››
2579 2146 2636 2200 id
2669 2152 2778 2210 est,
2811 2146 3087 2201 varietate
3131 2147 3510 2201 doctrinarum
3554 2143 3695 2197 hereti-

2173 2252 2412 2290 carum:
2448 2251 2549 2306 per
2578 2234 2685 2289 hoc
2725 2234 2838 2306 ipsi
2897 2235 2969 2289 ad
3030 2235 3215 2290 Deum
3276 2251 3386 2289 non
3438 2231 3696 2305 approxima-

2170 2325 2337 2378 bunL

2243 2433 2271 2460 «
2303 2411 2389 2464 Tu
2422 2427 2483 2466 es
2514 2410 2659 2464 mihi
2690 2411 2984 2483 refugium
3020 2428 3053 2464 a
3105 2411 3469 2466 tribulatione
3517 2425 3611 2480 quae
3633 2406 3696 2460 cir-

2171 2499 2470 2554 cumdedit
2492 2503 2772 2556 me.»Vox
2799 2499 3064 2555 Ecclesiae
3097 2502 3170 2554 ad
3205 2498 3569 2554 Christum.Dc
3591 2496 3698 2562 hujus

2169 2587 2363 2643 saeculi
2397 2589 2686 2660 pressuris
2738 2590 2857 2644 haec
2907 2589 3066 2643 dicit.
3125 2612 3154 2637 «
3221 2589 3513 2646 Exsultatio
3562 2602 3698 2639 mea.

2166 2677 2311 2740 Quia
2340 2677 2400 2732 in
2431 2683 2486 2732 te
2515 2679 2759 2748 gaudeo.
2805 2701 2834 2728 «
2884 2679 3033 2733 Erue
3087 2696 3184 2734 me
3227 2697 3260 2733 a
3305 2674 3697 2733 circumdautibus

2167 2783 2279 2821 me.
2310 2789 2337 2816 ››
2369 2766 2469 2820 Vel
2501 2768 2572 2821 ab
2604 2767 2858 2822 inimicis
2890 2767 3164 2839 publicis,
3189 2769 3330 2822 vela
3350 2765 3580 2839 peccatis.
3606 2763 3700 2816 Dum

2164 2855 2327 2926 dixit,
2362 2855 2671 2911 exsultatio
2705 2872 2855 2911 mea.
2887 2880 2915 2906 ‹‹
2950 2857 3195 2912 Redime
3229 2874 3318 2912 me
3359 2874 3390 2910 a
3432 2852 3701 2910 circumdan-

2163 2945 2323 2999 tibus
2354 2961 2466 3010 me,
2504 2967 2530 2991 »
2563 2946 2856 3016 quomodo
2886 2945 3046 3015 dicit,
3083 2946 3324 3000 Redime
3380 2962 3463 3000 me
3509 2957 3612 2998 cum
3647 2936 3703 2990 i119

2162 3034 2262 3104 qui
2287 3033 2592 3088 redimitur
2619 3035 2678 3089 in
2710 3033 3043 3106 captivitate
3068 3040 3245 3099 est,et
3273 3034 3459 3104 illiqui
3479 3029 3701 3087 exsultant,

2162 3123 2559 3194 redemptione
2590 3140 2706 3178 non
2737 3123 3001 3196 indigent
3028 3124 3055 3177 ?
3087 3123 3208 3178 Hoc
3240 3125 3311 3178 ad
3355 3137 3562 3178 sensum
3588 3116 3702 3189 perti-

2082 3191 2123 3255 (ἶ
2164 3216 2263 3267 net
2291 3211 2414 3267 Vox
2446 3211 2678 3266 illorum
2712 3216 2818 3282 est,
2863 3191 2963 3283 qui
2995 3229 3126 3266 cum
3177 3213 3292 3267 Deo
3325 3216 3469 3275 sunt,
3501 3216 3548 3264 et
3571 3211 3705 3276 rogant

2159 3317 2262 3371 pro
2294 3299 2410 3355 illis
2441 3301 2500 3354 in
2532 3299 2647 3355 ista
2677 3300 3011 3372 captivitate
3043 3300 3416 3356 tribulantur.

2231 3412 2258 3439 «
2295 3388 2660 3444 Intellectum
2694 3389 2799 3443 tibi
2832 3390 3001 3456 dabo,
3062 3395 3113 3444 et
3175 3391 3429 3445 instuam
3483 3393 3528 3442 te-
3573 3385 3616 3438 in
3650 3381 3706 3432 Via

2161 3479 2268 3534 hac
2300 3495 2416 3549 qua
2445 3478 2750 3550 gradieris.
2789 3501 2816 3527 »
2847 3477 3086 3541 Qualem
3127 3479 3479 3535 intellectum
3508 3476 3589 3530 dat
3609 3472 3705 3527 Deus

2161 3567 2426 3622 Ecclesiae
2459 3585 2595 3622 suae.
2626 3567 2700 3622 Ut
2733 3567 3028 3639 intelligat
3057 3585 3161 3639 pro
3196 3587 3315 3639 qua
3333 3584 3496 3622 causa
3521 3563 3708 3618 anxiatur

2161 3661 2422 3720 sanctus,
2455 3660 2512 3710 et
2545 3656 2683 3711 facit
2730 3673 3078 3726 prosperare
3131 3663 3475 3728 peccatores.
3506 3677 3529 3701 «
3558 3646 3708 3706 [ntelle-

2159 3750 2319 3798 ctum
2353 3745 2502 3799 dabo
2534 3744 2662 3813 tibi,
2705 3750 2762 3798 et
2811 3744 3098 3800 instruam
3144 3752 3202 3800 te
3248 3747 3304 3799 in
3360 3748 3448 3798 via
3497 3743 3596 3796 haec
3638 3750 3708 3805 qua

2158 3833 2461 3904 gradieris.
2497 3856 2524 3883 »
2559 3833 2622 3887 In
2652 3832 2763 3900 via,
2791 3833 3013 3889 scilicet
3043 3833 3424 3890 confessionis
3478 3831 3616 3886 istius
3645 3824 3706 3876 d0-

2160 3938 2321 3977 ceam
2353 3927 2408 3977 te
2432 3921 2803 3992 sapientiam,
2840 3927 2905 3976 ut
2935 3939 3047 3978 non
3086 3925 3325 3978 recedas
3353 3923 3420 3977 ab
3458 3937 3532 3976 ea.
3561 3911 3704 3972 Intelli-

2159 4027 2293 4082 gere
2323 4015 2380 4065 te
2411 4011 2642 4074 faciam,
2676 4015 2731 4066 et
2762 4008 2977 4066 docebo
3027 4015 3082 4065 te
3113 4011 3172 4065 in
3235 4013 3328 4066 via
3382 4010 3481 4065 hac
3509 4022 3601 4078 qua
3633 4015 3706 4072 επεν

2160 4100 2358 4155 dieris.
2390 4101 2514 4154 Vox
2547 4100 2778 4156 Domini
2809 4099 3102 4170 loquentis
3133 4100 3451 4164 inducitur,
3498 4102 3547 4152 et
3571 4096 3710 4148 docen-

2160 4189 2256 4254 tis,
2290 4191 2583 4260 quomodo
2613 4189 2788 4245 homo
2833 4206 3008 4244 suum
3062 4195 3359 4245 mereatur
3413 4185 3660 4244 auxilium,
3682 4174 3710 4228 si

2158 4278 2257 4333 Dei
2305 4277 2572 4334 videlicet
2619 4283 2904 4350 praecepta
2947 4281 3306 4340 custodiens,
3372 4284 3516 4332 recto
3565 4274 3712 4326 feratur

2160 4367 2386 4422 itinere.
2421 4367 2625 4439 Itaque
2655 4368 2726 4422 ad
2757 4369 3080 4439 perfectum
3120 4368 3419 4422 munditia:
3442 4363 3563 4420 dicit
3587 4353 3708 4413 homi-

2160 4471 2289 4510 nem
2323 4456 2521 4511 venire
2552 4473 2668 4511 non
2699 4473 2891 4527 posse.
2917 4457 2982 4510 Et
3013 4474 3351 4528 quanquam
3384 4457 3452 4510 ad
3479 4451 3710 4525 perfectum

409 4546 651 4620 patefeci
683 4545 900 4599 omnia.
936 4545 1064 4599 Scio
1093 4541 1247 4597 enim
1282 4547 1337 4596 te
1369 4542 1482 4597 cito
1515 4543 1810 4597 remittere
1840 4541 2050 4598 delicta
2077 4558 2125 4622 Ι)
2160 4545 2463 4599 munditiae
2492 4545 2687 4600 venire
2718 4563 2834 4600 non
2864 4545 3089 4601 valeat:
3119 4551 3314 4600 tamen
3347 4546 3405 4598 in
3451 4535 3709 4597 animalium

407 4653 539 4692 cum
573 4635 675 4690 tibi
710 4633 924 4689 fuerint
956 4633 1176 4703 integre
1209 4635 1480 4697 reserata,
1514 4634 1570 4684 et
1600 4631 1726 4685 ideo
1758 4630 1874 4684 dixi
1909 4647 1921 4683 :

481 4749 508 4775 ‹‹
539 4724 870 4779 Conﬁtebor
902 4721 1179 4776 adversus
1214 4735 1302 4774 me
1325 4719 1646 4789 injustitias
1671 4735 1830 4774 meas
1853 4717 2047 4774 Domi-

410 4831 542 4869 no.»
591 4830 704 4867 non
742 4809 898 4866 enim
957 4809 1240 4864 adversus
1291 4807 1626 4873 Dominum,
1685 4808 1784 4861 sed
1846 4808 2047 4862 adver-

406 4920 507 4958 sus
539 4919 631 4957 me
661 4901 768 4956 has
801 4898 1164 4971 pronuntiavi
1200 4901 1264 4951 ut
1297 4897 1672 4965 justiﬁcarer.
1735 4897 1866 4950 Dixi
1917 4912 2042 4966 pro-

404 4992 660 5045 nuntiavi
706 4989 963 5044 adversus
986 5005 1072 5042 me
1101 4987 1408 5056 injustitias
1437 5001 1588 5039 meas
1619 4985 1847 5040 Domino
1878 4993 1928 5038 et
1987 4988 2046 5038 tu

405 5081 671 5135 remisisti
701 5079 1050 5150 iniquitatem
1078 5076 1283 5148 peccati
1308 5077 1437 5129 mei.
1473 5075 1536 5128 ln
1573 5090 1862 5144 personna
1917 5071 2043 5128 illo-

402 5186 530 5224 rum
567 5168 706 5223 dicit
734 5167 1017 5239 propheta
1046 5168 1144 5236 qui
1185 5168 1626 5230 convertuntur,
1669 5162 1820 5218 sicut
1852 5161 1945 5218 ille
1976 5163 2043 5216 ﬁ-

401 5258 517 5312 lius
547 5257 647 5328 qui
709 5272 946 5327 peregre
1003 5254 1294 5325 profectus
1354 5256 1461 5317 est,
1521 5256 1576 5306 et
1633 5251 1943 5306 dixit:Ibo
1974 5251 2045 5305 ad

404 5350 621 5402 Patrem
650 5361 833 5399 meum
863 5346 1013 5415 (Luc.
1077 5359 1169 5408 xv,
1226 5342 1332 5412 18).
1367 5341 1522 5395 Dixit
1577 5341 1635 5395 in
1697 5341 1886 5411 corde,
1942 5340 2040 5395 ubi

401 5437 554 5492 Deus
583 5435 814 5490 videtur
845 5453 856 5488 :
894 5457 920 5482 ‹‹
953 5434 1021 5487 Εῖ
1051 5436 1110 5486 tu
1136 5430 1411 5485 remisisti
1436 5429 1792 5501 impietatem
1825 5429 2040 5501 peccati

401 5527 537 5582 mei.
577 5550 596 5575 ι
633 5525 766 5589 Qua:
800 5522 963 5594 prius
991 5536 1312 5593 gesseram,
1370 5507 1795 5574 misericoditer
1849 5518 2041 5573 indul-

400 5615 552 5676 sisti.

2161 4633 2403 4687 modum
2451 4650 2673 4704 pronus
2722 4651 2837 4688 non
2888 4634 3103 4688 feratur
3151 4633 3210 4687 in
3263 4635 3418 4688 vitia.
3465 4655 3488 4680 ‹‹
3520 4623 3712 4684 Firmabo

2158 4738 2336 4792 super
2360 4726 2415 4775 te
2445 4721 2646 4777 oculos
2677 4738 2856 4777 meos.
2894 4744 2920 4771 ››
2951 4721 3074 4776 Vox
3105 4721 3320 4776 Christi
3353 4721 3423 4775 ad
3451 4712 3708 4772 Ecclesiami

2159 4831 2186 4856 ‹‹
2227 4809 2418 4864 Firma
2447 4826 2625 4881 super
2655 4813 2709 4864 te
2740 4809 2940 4864 oculos
2974 4827 3155 4876 meos,
3192 4835 3212 4861 ››
3255 4811 3311 4865 id
3347 4814 3450 4874 est,
3487 4806 3711 4876 aspectum

2158 4897 2497 4954 divinitatis.
2536 4922 2556 4948 ι
2593 4898 2862 4954 Firmabo
2894 4916 3070 4972 super
3101 4910 3154 4954 te
3214 4899 3412 4954 oculos
3454 4909 3607 4954 meos,
3637 4913 3649 4932 ι
3675 4887 3711 4934 Ui

2158 4986 2216 5040 in
2249 4985 2556 5042 dilectione
2586 4987 2827 5042 luminis
2859 4987 2973 5043 mei
3004 5005 3370 5059 permaneas.

2228 5097 2255 5122 ‹‹
2289 5073 2476 5128 Nolite
2507 5075 2630 5130 ﬁeri
2663 5075 2814 5130 sicut
2841 5092 3049 5146 equus,
3086 5099 3112 5124 »
3144 5081 3254 5131 etc.
3287 5075 3391 5140 Qui
3424 5089 3524 5128 non
3557 5065 3629 5122 Dei
3650 5077 3710 5112 νο·

2156 5163 2402 5231 luntate,
2450 5165 2551 5219 sed
2600 5165 2832 5236 proprio
2881 5169 3040 5220 motu
3097 5182 3157 5220 se
3226 5179 3420 5236 regere
3469 5157 3650 5214 volunt.
3678 5151 3712 5200 εί

2153 5250 2397 5308 etfrenes
2428 5253 2487 5307 in
2518 5252 2809 5308 luxuriam
2842 5253 3139 5317 decidunt,
3173 5255 3281 5308 hos
3329 5250 3583 5325 propheta
3607 5253 3711 5295 coer-

2153 5343 2241 5394 cet
2267 5341 2459 5396 verbis
2487 5340 2848 5397 terribilibus
2869 5342 3066 5397 dicens
3101 5360 3113 5396 :

2223 5451 2251 5477 «
2287 5428 2348 5483 In
2381 5429 2586 5485 chamo
2617 5435 2674 5485 et
2703 5431 2864 5486 freno
2887 5430 3154 5485 maxillas
3176 5447 3378 5486 eorum
3400 5423 3705 5487 constringe"

2149 5520 2330 5573 Freno
2361 5524 2419 5573 et
2451 5519 2656 5575 chamo
2686 5519 3104 5576 moderationis
3151 5537 3292 5585 suae,
3351 5519 3494 5574 Deus
3521 5506 3707 5568 cual‘clat

2151 5606 2469 5679 impiorum
2501 5625 2893 5680 supervacuas
2924 5608 3340 5681 blasphemias.
3374 5607 3569 5677 Equus,
3598 5592 3706 5648 indO‘
