3964 6190
202 300 305 361 969

1358 301 1859 363 BREVIARIUM
1902 302 1981 362 IN
2028 301 2404 363 PSALMOS.

3458 303 3578 362 9'70

124 484 125 487 η
205 430 402 495 mites;
459 429 679 496 mulus,
725 430 907 501 piger.
963 432 1077 485 Hoc
1125 435 1291 503 rogat
1334 432 1592 488 Ecclesia
1636 438 1818 487 Deum
1849 434 1904 499 Α
1934 432 2288 488 chordarum
2320 432 2547 504 psallite
2580 433 2653 488 ei.
2677 454 2706 483 »
2739 434 2800 488 In
2830 431 3108 504 Decalogo
3141 433 3572 489 mandatorum.

207 520 425 585 Patrem,
459 524 525 573 ut
553 536 656 590 per
685 520 937 587 frenum,
970 519 1027 573 id
1060 524 1170 585 est,
1203 522 1694 592 praedicationem,
1720 539 1825 594 po-

205 607 385 679 pulum
412 608 713 679 gentilem,
768 625 916 679 quos
959 625 1141 679 equos
1192 609 1531 679 nominavit,
1582 611 1651 665 de
1707 611 1826 665 lata

201 697 285 752 via
310 701 360 751 et
386 696 640 769 spatiosa
675 696 871 751 saeculi
926 697 1126 768 hujus,
1162 698 1336 754 faciat
1381 700 1452 754 ad
1501 716 1561 754 se
1614 716 1822 771 appro-

200 786 483 858 pinquare,
518 789 575 841 et
606 785 890 857 populum
920 787 1259 853 Judaicum,
1291 787 1439 859 quos
1472 788 1665 843 mulos
1716 805 1822 843 no-

198 875 436 941 minavit,
471 875 566 946 qui
604 874 767 947 piger
796 879 885 930 est
915 876 988 930 ad
1046 877 1227 930 Deum
1276 878 1666 944 credendum,
1722 894 1825 948 per

203 963 476 1032 chamum,
509 964 564 1016 id
597 970 686 1018 est
716 964 1125 1039 contritionem
1176 965 1371 1021 cordis
1424 965 1596 1021 faciat
1643 967 1713 1020 ad
1762 984 1824 1022 se

199 1052 442 1108 venire.»
474 1052 580 1116 Qui
632 1069 748 1121 non
789 1054 1203 1124 approximant
1256 1055 1327 1110 ad
1375 1059 1505 1111 te.»
1557 1056 1666 1111 Sed
1719 1073 1823 1127 per

199 1141 511 1213 superbiam
546 1139 913 1212 elongantur.

262 1253 287 1277 «ι
320 1228 491 1284 Multa
522 1229 755 1301 ﬂagella
781 1234 1176 1301 peccatorum.
1206 1254 1234 1281 »
1294 1233 1442 1298 Quia
1470 1232 1649 1304 aliqui
1696 1249 1823 1304 pec-

193 1323 400 1374 catores
428 1323 585 1385 sunt,
618 1335 870 1389 quorum
904 1319 963 1374 in
996 1319 1111 1376 ista
1138 1321 1253 1375 vita
1282 1321 1593 1377 initiantur
1624 1321 1818 1394 ﬂagel‘

194 1407 268 1470 la,
315 1423 428 1477 qua:
474 1412 677 1477 postea
722 1406 781 1462 in
837 1407 1033 1463 futuro
1084 1408 1385 1465 habebunt
1452 1411 1582 1466 sine
1661 1412 1817 1465 fine:

198 1518 225 1545 ‹‹
254 1494 417 1549 Multa
466 1494 693 1566 flagella
742 1501 1113 1568 peccatorum
1150 1514 1162 1551 :
1204 1521 1222 1545 υ
1262 1498 1362 1569 qui
1416 1498 1819 1570 pmnitentiam

193 1600 354 1655 agere
378 1583 707 1639 noluerunt.
752 1608 779 1634 «
805 1585 1119 1656 Sperantes
1140 1590 1335 1641 autem
1358 1587 1417 1641 in
1440 1588 1687 1642 Domino
1711 1586 1818 1641 mi-

198 1672 497 1728 sericordia
526 1672 933 1728 circumdabit.
966 1696 993 1723 »
1027 1674 1130 1730 Illa
1162 1676 1581 1742 misericordia,
1632 1680 1697 1731 ut
1739 1675 1820 1730 vi-

195 1767 309 1817 tam
365 1766 691 1817 mereantur
749 1767 1043 1819 mternam.
1106 1764 1213 1827 Qui
1270 1768 1487 1820 rectam
1546 1781 1706 1837 spem
1764 1768 1822 1820 et

190 1851 359 1905 {idem
390 1849 443 1905 in
476 1855 591 1906 Deo
622 1850 877 1906 habent:
910 1850 1071 1923 ipsos
1099 1852 1503 1908 misericordia
1559 1853 1657 1909 Dei
1709 1853 1819 1908 cir-

190 1939 500 2006 cumdabit,
535 1944 600 1994 ut
631 1938 771 1994 illud
812 1958 825 1995 :
859 1940 1004 1995 Misit
1035 1942 1305 2010 Angelum
1332 1944 1598 1998 Dominus
1619 1944 1680 1997 in
1708 1944 1819 1997 cir-

180 2031 334 2084 cuitu
368 2029 685 2085 timentium
739 2047 866 2085 cum
922 2031 1091 2101 (Psal.
1150 2049 1326 2100 xxxn,
1382 2032 1475 2102 8):
1529 2035 1587 2087 et
1640 2030 1816 2086 alibi:

177 2117 415 2174 Custodit
443 2118 714 2174 Dominus
745 2135 930 2175 omnes
958 2119 1254 2191 diligentes
1295 2137 1351 2177 se
1408 2120 1583 2192 (Psal.
1635 2138 1818 2189 cxmx,

188 2208 303 2276 28).

263 2319 292 2346 «
326 2296 618 2352 Lretamini
680 2298 740 2353 in
792 2298 1059 2365 Domino,
1119 2302 1176 2354 et
1222 2299 1527 2367 exsultate,
1592 2300 1761 2370 justi.
1793 2319 1820 2347 ››

189 2384 476 2456 Propheta
504 2386 769 2441 hortatur
814 2387 1133 2444 Ecclesiam
1192 2387 1374 2444 laetari
1429 2389 1500 2444 de
1547 2403 1650 2460 spe
1694 2387 1823 2441 vitae

188 2479 411 2529 aeterna:
442 2477 499 2528 et
558 2476 1009 2546 regenerationis
1044 2494 1058 2543 ;
1112 2481 1309 2533 tamen
1352 2477 1584 2532 laetatur
1628 2480 1686 2531 et
1729 2476 1825 2530 hic

189 2561 440 2617 Ecclesia
496 2562 557 2617 in
613 2562 1058 2620 tribulationeul
1119 2566 1191 2620 Et
1237 2565 1570 2637 gloriamini
1620 2580 1825 2620 omnes

189 2651 327 2705 recti
358 2651 543 2706 corde.
570 2671 598 2703 ι)
626 2652 699 2708 Ut
756 2653 1011 2710 Paulus:
1045 2675 1073 2703 «
1108 2655 1214 2722 Qui
1258 2653 1560 2724 gloriatur,
1614 2656 1675 2709 in
1728 2654 1825 2709 Do-

184 2741 337 2795 mino
364 2740 645 2807 glorietur.
677 2763 698 2789 »
734 2740 783 2808 (Ι
813 2740 933 2797 Cor.
968 2760 1007 2807 1,
1041 2743 1151 2813 31).
1187 2743 1350 2798 Recti
1400 2744 1572 2799 corde
1621 2742 1826 2798 dicun-

186 2832 309 2893 tur,
341 2828 554 2899 quibus
584 2829 786 2885 omnia
808 2830 1035 2899 judicia
1063 2831 1165 2886 Dei
1194 2830 1446 2902 placent,
1479 2836 1534 2887 et
1563 2848 1625 2887 se
1654 2848 1825 2886 accu-

185 2921 325 2972 sant
351 2917 418 2972 de
450 2917 575 2972 suis
605 2918 882 2990 peccatis,
931 2923 987 2974 et
1019 2921 1221 2984 Deum,
1255 2921 1375 2975 sive
1403 2920 1463 2973 in
1508 2920 1824 2992 prosperis,

184 3006 313 3060 sive
364 3004 422 3059 in
455 3006 736 3069 adversis,
792 3024 1026 3078 semper
1076 3007 1360 3063 laudant:
1419 3008 1717 3065 Laetamini
1766 3008 1825 3063 in

186 3093 451 3161 Domino,
485 3098 542 3149 et
569 3094 823 3150 exultate
861 3096 1050 3164 justi;
1095 3100 1151 3151 et
1208 3095 1561 3167 gloriamini,
1622 3112 1828 3152 omnes

1936 521 2282 577 Psalterium
2314 522 2627 576 desursum
2659 520 2835 575 habet
2864 536 3141 575 cavamen
3169 538 3183 588 ;
3239 522 3575 592 praedicatio

1931 609 2020 664 vel
2052 612 2334 666 mandata
2362 608 2782 679 intelligiturin
2806 609 3048 672 sanctis,
3071 625 3198 680 qua
3215 610 3289 665 de
3304 611 3575 682 supernis

1932 699 2192 754 veniunt.
2245 699 2408 754 Unde
2454 698 2634 753 dixit:
2688 699 2856 754 Omne
2912 699 3107 753 datum
3173 700 3461 770 optimum,
3525 703 3575 754 ct

1933 803 2091 842 omne
2110 788 2315 843 donum
2360 790 2679 858 perfectum,
2727 786 3013 843 desursum
3059 788 3137 840 est
3182 786 3506 842 descendens
3543 804 3577 842 a

1932 878 2096 931 Patre
2142 878 2434 946 luminum,
2477 877 2622 948 apud
2671 892 2830 947 quem
2874 893 2990 930 non
3034 880 3113 931 est
3165 877 3574 937 transmutatio,

1930 967 2013 1020 vel
2044 965 2436 1020 vicissitudinis
2495 966 2837 1021 obumbratio
2890 965 3022 1036 (Jac.
3080 983 3118 1032 ι,
3170 966 3280 1036 17).
3306 986 3336 1014 ‹‹
3367 964 3576 1019 Decem

1931 1054 2307 1118 chordarum,
2334 1077 2362 1104 »
2386 1054 2442 1109 id
2473 1058 2584 1124 est,
2609 1055 2807 1109 decem
2838 1054 3016 1109 verba
3043 1053 3210 1126 legis.
3241 1053 3378 1109 Tria
3408 1070 3574 1109 man-

1934 1143 2069 1198 data
2097 1142 2157 1197 in
2188 1160 2307 1198 una
2334 1141 2557 1211 tabula,
2592 1160 2717 1215 qua
2749 1143 2821 1199 ad
2854 1143 3030 1198 ﬁnem
3060 1142 3362 1199 Trinitatis
3390 1142 3575 1215 perti-

1933 1237 2092 1299 nent,
2126 1232 2247 1287 haec
2284 1236 2460 1299 sunt;
2509 1232 2807 1303 primum:
2853 1232 3017 1304 Audi,
3065 1232 3255 1297 Israel,
3302 1233 3572 1289 Dominus

1929 1323 2069 1376 Deus
2099 1329 2223 1376 tuus
2250 1322 2389 1376 Deus
2417 1337 2559 1381 unus
2588 1329 2669 1376 est
2715 1321 2891 1391 (Deut.
2929 1339 3016 1386 ενι,
3066 1322 3122 1389 4)
3143 1338 3164 1383 ;
3213 1322 3573 1378 secundum:

1928 1413 2053 1465 Non
2084 1409 2291 1463 habetis
2316 1425 2516 1465 nomen
2548 1410 2648 1465 Dei
2673 1410 2759 1464 tui
2786 1411 2849 1463 in
2878 1427 3081 1465 vanum
3103 1410 3292 1481 (Exod.
3351 1427 3446 1478 xx,
3475 1411 3531 1483 7)
3558 1428 3571 1466 :

1931 1498 2211 1553 tertium:
2246 1498 2481 1553 Observa
2522 1498 2669 1553 diem
2722 1499 2939 1553 sabbati
2979 1499 3135 1570 (Ibid.
3190 1499 3265 1570 8).
3317 1498 3573 1571 Septem,

1930 1587 1989 1642 in
2023 1585 2204 1642 altera
2232 1585 2456 1655 tabula,
2487 1587 2559 1642 ad
2590 1586 2958 1642 dilectionem
2983 1587 3233 1658 proximi
3259 1588 3573 1658 pertinent.

2002 1698 2030 1725 ‹‹
2062 1675 2300 1730 Cantate
2328 1676 2379 1731 ei
2411 1676 2705 1731 canticum
2739 1692 2976 1731 novum.
3003 1697 3033 1726 »
3065 1675 3127 1730 Id
3186 1679 3296 1741 est,
3343 1675 3574 1746 psallite

1930 1764 1983 1818 ei
2011 1780 2223 1819 novum
2257 1763 2549 1819 canticum
2576 1780 2589 1818 :
2620 1765 2678 1818 id
2704 1767 2812 1830 est,
2839 1780 3072 1835 novam,
3094 1762 3297 1831 vitam,
3321 1764 3461 1835 quia
3480 1780 3579 1820 no-

1932 1870 2036 1908 vus
2066 1853 2241 1908 homo
2263 1852 2420 1907 venit
2440 1853 2499 1907 in
2521 1853 2812 1908 mundum
2839 1870 2854 1909 :
2878 1870 3089 1909 novam
3111 1853 3298 1925 legem
3320 1852 3579 1909 instituit

1932 1941 2123 2008 nobis,
2155 1945 2212 1997 et
2241 1958 2450 1997 novam
2483 1940 2804 1998 Ecclesiam
2836 1958 2939 2013 per
2958 1941 3344 2013 baptismum.
3369 1964 3398 1991 ‹‹
3431 1942 3579 1997 Can-

1930 2035 2048 2086 tate
2079 2031 2130 2087 ei
2162 2030 2458 2086 canticum
2517 2047 2803 2099 novum,»
2860 2030 3001 2103 quia
3051 2031 3388 2097 resurrexit,
3438 2030 3579 2101 quia

1931 2120 2092 2175 sedet
2120 2120 2190 2175 ad
2224 2119 2521 2175 dexteram
2549 2119 2755 2176 Patris.
2778 2142 2806 2170 «
2835 2120 2987 2175 Bene
3035 2118 3265 2192 psallite
3311 2118 3381 2175 ei.
3413 2142 3436 2172 ι
3475 2117 3579 2174 Ille

1930 2210 2078 2264 bene
2108 2208 2325 2280 psallit,
2354 2208 2453 2280 qui
2484 2208 2776 2279 impletin
2823 2224 2996 2280 opere
3048 2208 3202 2279 quod
3251 2211 3469 2274 cantat,
3517 2206 3577 2263 id

1932 2302 2039 2361 est,
2075 2297 2423 2367 praedicat.“
2462 2297 2526 2352 In
2567 2296 2938 2368 jubilatione.
2974 2318 3003 2347 »
3055 2296 3292 2353 Jubilus
3340 2296 3577 2366 dicitur,

1934 2387 2090 2459 quod
2120 2402 2226 2441 nec
2254 2386 2467 2457 verbis,
2501 2401 2606 2441 nec
2632 2385 2895 2457 syllabis,
2930 2389 2991 2441 et
3031 2401 3137 2441 nec
3191 2384 3423 2452 litteris,
3474 2401 3581 2441 nec

1931 2491 2069 2531 voce
2100 2478 2288 2546 potest
2316 2490 2644 2545 erumpere,
2695 2478 2798 2528 aut
2844 2472 3339 2546 comprehendere
3388 2490 3580 2546 quan-

1932 2569 2057 2619 tum
2090 2564 2266 2619 homo
2297 2568 2480 2618 Deum
2510 2563 2721 2619 debeat
2748 2562 3005 2619 laudare.
3033 2584 3060 2615 α
3090 2568 3236 2619 Bene
3270 2561 3497 2635 psallite
3526 2562 3579 2619 ei

1934 2653 1992 2707 in
2022 2652 2453 2708 vociferatione.
2476 2672 2503 2704 η
2541 2651 2647 2706 Per
2667 2651 3083 2721 jubilationem
3145 2652 3442 2723 quondam
3486 2668 3579 2707 sa-

1936 2742 2259 2806 cerdotum,
2296 2740 2531 2795 Jericho
2581 2739 2787 2794 mundi
2842 2739 3093 2811 ﬁguram
3144 2740 3408 2795 retinens
3460 2756 3583 2794 cor-

1936 2828 2053 2884 ruit
2081 2831 2259 2898 (Josue
2291 2845 2368 2893 vr,
2400 2828 2512 2898 28),
2563 2843 2719 2883 nunc
2766 2844 2870 2899 per
2920 2832 3182 2883 nostram
3233 2826 3577 2894 orationem,

1936 2919 2065 2989 ejus
2097 2916 2583 2988 concupiscentiae
2614 2915 2933 2971 eliduntur.

2010 3029 2038 3057 «
2068 3006 2354 3071 Quoniam
2384 3009 2578 3061 rectus
2625 3009 2715 3059 est
2757 3021 2948 3061 sermo
3000 3005 3249 3060 Domini.
3284 3028 3314 3054 »
3360 3003 3475 3060 Nec
3520 3004 3580 3059 in

1936 3095 2132 3166 aliquo
2164 3098 2457 3159 curvatur,
2491 3094 2590 3148 sed
2624 3094 3142 3165 prosperabiturin
3192 3094 3285 3149 his
3333 3094 3404 3150 ad
3453 3109 3581 3165 quas

180 3182 331 3237 recti
362 3183 552 3238 corde.
576 3205 604 3231 »
640 3187 713 3236 Ut
743 3182 930 3253 gloria
985 3187 1177 3239 vestra
1207 3186 1276 3239 ad
1336 3201 1470 3240 eum
1520 3185 1820 3251 referatur,
1855 3169 1899 3237 (Ξ
1938 3184 2136 3255 dirigit
2155 3183 2345 3238 illum.
2377 3205 2397 3231 α
2436 3184 2503 3237 Et
2531 3183 2730 3237 omnia
2759 3199 2936 3254 opera
2958 3184 3087 3255 ejus
3139 3183 3200 3238 in
3251 3183 3382 3239 fide.
3409 3205 3438 3233 »
3486 3182 3578 3237 Si-

177 3271 343 3325 sicut
384 3270 463 3325 ait
516 3270 875 3342 Apostolus:
938 3294 965 3321 «
1000 3274 1115 3342 Qui
1153 3274 1447 3343 gloriatur,
1496 3275 1558 3327 in
1603 3274 1829 3329 Domino

178 3360 459 3428 glorietur
504 3359 686 3430 (Ibid)
723 3382 749 3407 »
802 3362 984 3424 Quem
1056 3361 1351 3433 supplices
1430 3363 1828 3433 deprecemur,

180 3452 250 3503 ut
280 3448 525 3503 obtectis
555 3465 657 3519 per
707 3448 1132 3520 indulgentiam
1183 3451 1457 3522 peccatis,
1507 3467 1611 3505 nec
1659 3467 1832 3521 repu-

178 3535 329 3592 tatis
361 3536 519 3591 ultra
546 3536 796 3602 delictis,
852 3553 1185 3594 mereamur
1241 3543 1577 3595 sanctorum
1616 3538 1833 3595 exulta-

178 3624 369 3681 tionis
398 3629 689 3697 perpetuae
722 3642 849 3681 esse
880 3627 1214 3698 participes.

726 3732 1053 3789 PSALMUS
1084 3733 1300 3788 XXXII.

171 3824 244 3878 In
276 3822 466 3890 finem,
497 3820 751 3874 Psalmus
782 3820 972 3877 David.
1006 3821 1281 3876 Psalmus
1311 3821 1419 3876 iste
1465 3837 1663 3876 vocem
1694 3838 1836 3876 con-

253 3893 408 3946 tinet
440 3891 747 3964 prophetae,
766 3892 839 3947 ad
882 3891 1065 3947 Deum
1109 3893 1399 3947 hortantis
1447 3892 1711 3964 populos,
1751 3898 1835 3949 at-

1939 3277 2039 3328 cut
2068 3272 2148 3327 ait
2176 3271 2235 3326 in
2258 3271 2589 3343 Evangelio.
2632 3271 2694 3326 Si
2743 3271 3041 3327 habueritis
3078 3272 3251 3341 ﬁdem
3293 3274 3579 3343 integram,

1938 3366 1989 3418 et
2016 3362 2273 3416 dixeritis
2302 3360 2419 3415 huil
2478 3362 2666 3428 monti,
2742 3361 2995 3431 Transfer
3040 3370 3093 3416 te
3121 3369 3173 3416 et
3219 3362 3376 3416 mitte
3422 3365 3473 3416 te
3523 3358 3584 3414 in

1942 3466 2132 3506 mare:
2162 3450 2254 3520 ﬁet
2281 3449 2500 3520 (Matth.
2551 3466 2688 3519 xvn,
2742 3449 2850 3520 19).
2905 3454 2968 3504 Et
3015 3451 3204 3505 omnia
3249 3464 3587 3520 quaecunque

1941 3540 2177 3609 ﬁdeliter
2198 3539 2492 3609 petieritis,
2522 3539 2728 3594 credite
2755 3539 2887 3609 quia
2932 3540 3230 3610 accipietis,
3278 3540 3329 3593 et
3370 3539 3590 3595 venient

1939 3630 2089 3685 vobis
2109 3627 2314 3699 (Matth.
2345 3643 2461 3698 xxI,
2491 3626 2606 3697 22).
2645 3628 2791 3692 Quia
2819 3632 3014 3683 rectus
3045 3631 3135 3683 est
3166 3643 3361 3683 sermo
3390 3625 3586 3683 Domi-

1943 3717 2025 3784 ni,
2058 3720 2116 3772 et
2143 3716 2342 3771 omnia
2370 3731 2547 3786 opera
2575 3717 2704 3785 ejus
2734 3714 2795 3771 in
2827 3717 2961 3771 ﬁde.
2998 3717 3212 3773 Rectus
3254 3720 3344 3772 est
3388 3716 3448 3770 in
3496 3731 3587 3771 re-

1945 3806 2075 3861 ctis.
2110 3804 2296 3876 Opera
2319 3804 2447 3874 ejus
2476 3804 2535 3858 in
2568 3805 2703 3871 fide,
2760 3805 2822 3859 in
2867 3804 2983 3860 ﬁde
3035 3810 3397 3861 ssnctorum:
3450 3803 3590 3871 quia

1947 3895 2099 3965 quod
2134 3893 2421 3964 promittit
2449 3898 2599 3949 Deus
2629 3893 2850 3949 sanctis
2885 3895 3030 3962 suis,
3063 3911 3180 3949 non
3211 3891 3512 3949 mentitur.

251 3979 375 4034 que
407 3966 701 4018 monentis
725 3963 926 4033 justos
956 3965 1015 4019 in
1048 3980 1221 4035 quem
1256 3963 1502 4019 debeant
1523 3964 1836 4019 exsultare.

252 4092 284 4119 »
320 4068 642 4139 Exsultate,
681 4068 852 4139 justi,
885 4069 947 4124 in
973 4069 1239 4125 Domino.
1266 4092 1295 4120 »
1338 4070 1624 4142 Propheta
1647 4071 1840 4126 horta-

168 4162 283 4212 tur
320 4162 584 4224 sanctos,
616 4162 681 4213 ut
710 4157 951 4214 laudent
981 4160 1187 4215 Deum.
1213 4182 1241 4210 «
1274 4159 1589 4225 Exsultate,
1612 4160 1785 4231 justi.
1808 4179 1835 4211 π

165 4245 343 4301 Alibi
373 4245 554 4301 dicit:
589 4246 849 4314 Gaudete,
872 4248 973 4304 sed
1023 4266 1208 4304 unum
1238 4253 1345 4304 est.
1394 4248 1501 4304 Alii
1552 4249 1845 4305 exsultant

164 4336 234 4391 in
272 4334 653 4405 rebushujus
676 4336 895 4401 saeculi,
927 4336 1026 4392 alii
1068 4337 1127 4391 in
1151 4337 1324 4402 circo,
1352 4338 1452 4392 alii
1479 4338 1539 4392 in
1575 4338 1840 4393 theatro:

171 4423 303 4478 Sed
330 4427 419 4489 tu,
455 4423 597 4478 dicit
626 4424 911 4495 propheta
941 4424 1255 4496 unicuique
1274 4429 1494 4490 sancto,
1517 4425 1576 4480 in
1599 4425 1846 4481 Domino
1953 4424 2365 4495 longinquum,
2395 4440 2510 4478 non
2542 4427 2778 4495 propter
2807 4424 3104 4496 cognitum
3127 4428 3184 4479 et
3202 4423 3594 4495 incognitum,

161 4509 512 4576 exsulta,et
540 4528 657 4568 non
691 4512 751 4567 in
779 4512 1268 4585 prosperitatibus
1314 4512 1542 4568 mundi.
1597 4532 1619 4561 ι
1641 4514 1848 4569 Rectos
1874 4531 1931 4596 DV
1955 4511 2211 4568 declines
2243 4528 2278 4566 a
2304 4515 2460 4566 recto
2484 4511 2746 4582 judicio:
2779 4513 2879 4568 sed
2912 4512 3075 4583 prius
3126 4512 3330 4583 judica
3371 4514 3595 4565 rectum

161 4601 354 4656 decet
386 4598 764 4656 collaudatio.
790 4623 818 4651 »
855 4602 1065 4657 Rectos
1113 4601 1275 4667 dicit,
1321 4602 1422 4673 qui
1475 4602 1534 4656 in
1584 4601 1848 4673 regulam
1950 4600 2267 4673 judicium,
2299 4604 2356 4655 et
2386 4605 2589 4672 postea
2611 4601 2919 4659 subveniat
2949 4599 3370 4657 misericordia.
3394 4621 3422 4649 ‹‹
3455 4597 3596 4653 Dili-

155 4688 455 4744 veritatis
490 4690 666 4745 corda
696 4689 941 4750 illorum
965 4690 1268 4761 dirigunt;
1304 4708 1416 4745 non
1475 4689 1730 4762 iniquos,
1765 4690 1846 4746 di-
1954 4691 2040 4762 git
2067 4688 2553 4757 misericordiam,
2578 4710 2606 4739 ››
2639 4689 2779 4760 quia
2809 4707 2916 4746 nos
2947 4693 3253 4760 assumpta
3304 4702 3478 4743 carne
3507 4701 3597 4740 re-

154 4780 352 4833 cente
386 4777 721 4850 propheta:
763 4780 851 4836 Vae
877 4780 964 4835 his
994 4781 1092 4851 qui
1142 4779 1332 4834 dicunt
1361 4780 1520 4834 dulce
1570 4796 1844 4846 amarum,
1957 4779 2158 4847 demit,
2217 4781 2273 4833 et
2313 4777 2631 4848 judicium,
2678 4778 2779 4848 qui
2831 4778 2987 4833 inter
3029 4776 3242 4850 impios
3289 4778 3599 4847 justosque

151 4869 216 4919 et
252 4881 539 4920 amarum
569 4867 726 4921 dulce
754 4867 881 4938 (Isa.
915 4885 970 4931 v,
1002 4867 1115 4938 20).
1958 4866 2255 4922 discernit.
2288 4885 2310 4911 α
2345 4864 2748 4922 Misericordia
2778 4867 3009 4922 Domini
3038 4866 3209 4938 plena
3239 4869 3328 4920 est
3365 4868 3539 4919 terra.
3571 4883 3602 4912 »

243 4976 281 5003 ‹‹
316 4954 716 5010 Conﬁdemini
770 4956 1018 5012 Domino
1098 4955 1158 5010 in
1231 4955 1474 5012 cithara.
1511 4978 1540 5006 ››
1612 4955 1852 5011 Cithara
1959 4956 2143 5010 Totus
2174 4954 2451 5009 mundus.
2488 4953 2587 5009 Vel
2617 4958 2791 5017 terra,
2823 4959 3028 5009 sancta
3054 4953 3310 5009 Ecclesia
3327 4953 3399 5009 de
3419 4951 3597 5008 mise-

153 5043 480 5097 deorsum
508 5042 685 5099 habet
740 5061 1038 5115 cavamen,
1090 5048 1148 5100 et
1197 5060 1297 5100 sex
1347 5044 1595 5100 chordas
1652 5045 1847 5099 habet.
1963 5042 2214 5099 ricordia
2243 5042 2342 5098 Dei
2375 5042 2547 5113 plena
2577 5047 2703 5097 est:
2737 5042 2877 5113 quia
2905 5042 3057 5097 sicut
3084 5041 3180 5097 ille
3219 5042 3439 5113 ubique
3491 5044 3600 5109 est,

151 5129 385 5200 Opera
418 5135 756 5187 sanctorum
791 5132 1208 5205 intelliguntur
1234 5149 1339 5202 per
1368 5133 1675 5199 citharam,
1723 5150 1852 5204 quae
1962 5136 2019 5187 et
2047 5148 2154 5186 sua
2183 5129 2586 5186 misericordia
2606 5146 2739 5185 cum
2763 5129 2882 5194 illo,
2904 5132 3053 5185 etab
3073 5129 3174 5186 illo
3195 5127 3605 5202 inseparabilis

152 5223 330 5273 sunt
365 5234 477 5273 sex
508 5236 681 5292 opera
731 5221 1168 5277 misericordia}.
1229 5226 1296 5275 Et
1339 5221 1411 5275 de
1459 5221 1574 5275 illis
1621 5221 1855 5277 chordis
1964 5224 2070 5281 est.
2103 5218 2243 5290 quia
2274 5235 2389 5273 non
2422 5222 2651 5273 tantum
2685 5220 2969 5288 utjustos
3014 5219 3323 5289 custodiat,
3366 5219 3603 5274 descen-

151 5306 315 5361 aliae
356 5308 514 5363 bene
545 5314 805 5377 cantant,
840 5310 964 5366 alia:
998 5313 1393 5365 murmurant.
1427 5311 1516 5365 Sic
1546 5314 1604 5365 et
1646 5311 1852 5375 sancti,
1966 5308 2071 5375 dit,
2106 5307 2206 5361 sed
2238 5312 2305 5361 ut
2334 5312 2665 5377 peccatores
2724 5307 3057 5378 redimeret,
3111 5312 3177 5363 ut
3224 5307 3414 5362 salvos
3465 5307 3608 5361 face-

148 5394 279 5450 alii
320 5395 442 5462 sic,
479 5396 580 5452 alii
612 5415 745 5454 vero
777 5398 880 5453 sic.
920 5421 941 5447 ι
978 5397 1345 5454 Conﬁtemini
1374 5398 1623 5454 Domino
1667 5399 1724 5453 in
1783 5400 1860 5453 ci-
1967 5400 2072 5451 ret.

144 5483 385 5539 thara.
419 5507 448 5533 ι)
488 5487 549 5541 In
581 5503 754 5542 carne
785 5487 939 5543 vitiis
991 5492 1048 5543 et
1098 5486 1589 5558 concupiscentiis
1621 5487 1859 5542 mortifi-
2041 5507 2068 5535 ‹‹
2098 5484 2284 5539 Verbo
2314 5483 2540 5539 Domini
2571 5484 2697 5540 οωιί
2728 5486 2939 5540 firmati
2975 5491 3136 5541 sunt.
3170 5507 3199 5536 »
3220 5484 3477 5541 Verbum
3507 5486 3610 5536 Pa-

147 5578 319 5629 cata
358 5591 476 5646 per
499 5591 729 5632 crucem
761 5574 1148 5632 Dominicam.
1175 5596 1202 5628 α
1232 5576 1295 5631 In
1329 5573 1610 5631 Psalterio
1658 5577 1858 5633 decem
1968 5574 2097 5641 tris,
2130 5572 2310 5627 Filius
2338 5577 2497 5628 est.»
2532 5572 2668 5628 Coeli
2702 5575 2919 5631 ﬁrmati
2978 5580 3137 5640 sunt,
3167 5596 3194 5623 »
3246 5570 3430 5628 sancti
3476 5586 3609 5641 apo:

537 5702 795 5762 annos.
842 5701 1063 5765 xxvx.
1596 5674 1609 5685 ’
3215 5698 3286 5756 31

2022 4005 2051 4034 «ι
2080 3981 2279 4054 Diligit
2312 3982 2795 4050 misericordiam,
2829 3987 2886 4038 et
2907 3981 3202 4054 judicium
3226 3980 3531 4036 Dominus.
3558 4000 3588 4029 »

1948 4072 2247 4135 Quomodo
2276 4070 2436 4137 dicit,
2467 4092 2488 4119 α
2523 4069 2715 4142 diligit
2758 4069 3241 4139 misericordiam,
3266 4090 3295 4118 »
3344 4084 3479 4122 cum
3528 4066 3589 4121 in

1950 4160 2063 4215 alio
2110 4159 2234 4214 loco
2294 4158 2485 4213 dicat:
2552 4158 2627 4215 Ne
2674 4159 2990 4213 miserearis
3033 4159 3293 4229 pauperis
3339 4158 3401 4211 in
3434 4154 3592 4228 judi-

1950 4252 2033 4304 cio
2062 4247 2254 4319 (Exod.
2286 4264 2448 4314 xxm,
2481 4247 2558 4319 3),
2591 4247 2649 4301 id
2681 4251 2790 4312 est,
2822 4263 2938 4302 non
2995 4251 3231 4319 propter
3276 4260 3592 4318 pauperem

1955 4353 2061 4392 nec
2119 4339 2354 4407 propter
2403 4323 2683 4405 divitem,
2713 4352 2828 4391 non
2882 4340 3120 4407 propter
3160 4335 3490 4407 proximum
3538 4338 3597 4390 et
