3964 6190
494 352 607 411 971
1990 341 2059 400 ΑΙ

2163 337 2404 400 ΒΝΠΙΧ.
3653 340 3728 396 972

496 479 629 537 stoli
662 494 763 550 per
791 476 983 547 ipsum
1017 474 1075 528 in
1112 476 1241 537 ﬁde,
1274 496 1300 527 α
1329 475 1517 530 Verbo
1544 472 1769 528 Domini
1803 470 1926 525 casti
1951 471 2143 525 ﬁrma—
2169 472 2225 536 Α
2255 471 2326 524 ab
2359 470 2485 540 ipso
2513 468 2599 523 vel
2633 468 2785 522 facta
2814 468 2973 532 sunt,
3026 462 3115 519 vel
3171 469 3364 518 creata.
3401 462 3554 534 «Ipse
3591 462 3729 517 dixit.»

494 572 537 625 ti
573 572 729 623 sunt.
756 590 785 616 ››
830 567 892 621 1n
926 566 1054 636 ipso
1103 565 1305 634 Verbo,
1354 564 1509 634 quod
1568 568 1692 616 erat
1747 561 1805 615 in
1855 559 2138 630 principio
2248 558 2356 612 hoc
2378 562 2465 612 est
2495 574 2596 628 per
2630 555 2861 622 Filium,
2920 552 3018 624 qui
3048 551 3282 607 verbum
3311 554 3406 621 est,
3442 551 3610 615 dixit,«
3633 552 3731 606 Man-

495 658 651 730 apud
682 656 889 722 Deum,
923 653 1044 709 sive
1072 651 1331 707 visibiles
1362 650 1508 718 cmli,
1542 651 1661 705 sive
1712 646 1954 719 apostoli
2002 652 2141 701 sunt
2248 646 2426 713 davit,
2463 663 2563 717 per
2592 643 2928 715 imperium,
2960 641 3069 696 hoc
3098 645 3204 709 est,
3234 637 3633 694 inenarrabiliter.

492 727 692 803 creati.
723 766 750 793 ‹‹
783 744 973 798 Verbo
1004 740 1233 795 Domini
1266 738 1393 794 coeli
1428 738 1641 792 ﬁrmati
1692 742 1851 804 sunt,
1877 740 1933 789 et
1963 734 2137 805 spiri-
2319 756 2347 783 «
2381 733 2663 787 Dominus
2696 730 2946 801 dissipat
2992 727 3230 785 consilia
3274 727 3517 799 gentium.
3538 751 3559 775 »ι
3594 727 3732 782 Secun~

492 842 556 891 tu
588 834 707 890 oris
736 832 864 903 ejus
896 828 1088 884 omnis
1116 828 1300 882 virtus
1331 844 1606 881 eorum.»
1666 824 1966 877 Trinitatis
2017 840 2137 876 ma-
2247 823 2388 876 dum
2413 820 2581 888 illud,
2639 822 2759 876 Non
2803 824 2882 875 est
2919 819 3229 880 ccnsilium,
3276 832 3376 870 non
3410 818 3476 871 est
3515 816 3733 886 prudentia,

487 927 674 997 jestas
706 918 1192 976 manifestissime
1251 915 1597 982 declaratur,
1638 913 1942 976 Dominus,
2000 911 2138 966 Ver-
2245 930 2357 967 non
2380 917 2458 968 est
2476 914 2772 983 sapientia,
2798 926 2910 966 non
2928 906 3268 979 estfortitudo
3288 910 3455 961 contra
3471 906 3599 961 Deum
3622 908 3733 972 (Prov.

496 993 658 1078 bum,
692 1007 943 1081 Spiritus
1002 1005 1252 1060 Domini.
1283 1029 1311 1053 α
1356 1008 1419 1057 Et
1470 1002 1526 1056 in
1579 1001 1786 1073 spiritu
1845 1000 1962 1054 oris
2011 1001 2138 1069 ejus
2247 1019 2359 1067 xxx,
2420 1002 2532 1073 30).
2568 1022 2595 1051 «
2630 1000 2911 1054 Dominus
2961 996 3209 1068 dissipat
3253 994 3471 1050 consilia
3505 993 3732 1065 gentium,»

497 1100 691 1156 omnis
720 1098 906 1153 virtus
938 1110 1160 1150 eorum.
1181 1116 1207 1142 ››
1242 1091 1536 1147 Paracleto
1559 1090 1780 1145 scilicet
1823 1105 2136 1160 cooperan-
2244 1090 2580 1145 Judaeorum
2614 1088 2855 1152 scilicet,
2888 1085 2990 1158 qui
3016 1090 3293 1157 tanquam
3339 1081 3576 1138 increduli
3610 1088 3735 1135 contra

495 1195 572 1255 te,
606 1189 815 1243 horum
846 1185 1093 1238 virtutes
1122 1181 1397 1236 caelorum
1431 1184 1630 1235 creatae
1670 1183 1827 1233 sunt.
1881 1177 2027 1231 Nam
2080 1177 2135 1230 in
2248 1183 2429 1232 Deum
2457 1177 2753 1232 Christum
2804 1179 3133 1232 susurrant.
3193 1171 3292 1227 Vel
3336 1171 3548 1242 dissipat
3583 1169 3735 1224 consilia

496 1277 741 1334 Domino
772 1279 959 1339 Pater,
1008 1271 1069 1325 in
1122 1269 1311 1323 Verbo
1363 1267 1568 1336 FiliUS,
1623 1267 1681 1320 in
1739 1265 1948 1335 Spiritu
1998 1264 2135 1331 oriS,
2247 1283 2470 1333 eorum,
2504 1268 2604 1338 qui
2636 1265 2841 1321 turrim
2875 1265 3160 1320 aedificare
3187 1259 3733 1326 voluerunt;dertruxit,

497 1364 751 1437 Spiritus
783 1367 1023 1417 sanctus
1056 1357 1400 1412 declaratur.
1453 1356 1523 1408 Et
1568 1354 1707 1424 quia
1752 1353 1963 1419 dicit,«
2020 1351 2138 1406 oris
2250 1359 2313 1407 ut
2364 1354 2530 1425 illud,
2592 1355 2770 1409 Venite
2826 1352 3228 1425 confundamus
3281 1348 3462 1404 ibidem
3505 1348 3733 1415 linguaue

496 1456 647 1525 ejus,
673 1472 701 1502 »
733 1467 845 1506 non
879 1448 1196 1521 procedens
1223 1445 1391 1515 quasi
1430 1444 1618 1497 minor
1649 1442 1937 1495 credatur.
1992 1441 2134 1494 Nam
2246 1460 2391 1497 rum.
2424 1442 2573 1513 (Gen.
2634 1460 2714 1510 x1,
2781 1443 2817 1513 ).
2875 1465 2896 1491 ιι
2933 1441 3222 1512 Reprobat
3267 1443 3442 1493 autem
3480 1434 3732 1507 cogitationes

496 1522 650 1597 sicut
680 1539 863 1595 Filius
895 1555 929 1591 a
951 1537 1138 1601 Patre,
1171 1538 1229 1588 et
1259 1532 1499 1603 aequalis
1532 1530 1704 1595 Patri,
1746 1529 1827 1583 ita
1855 1534 1911 1582 ct
1954 1529 2137 1598 Spiri-
2247 1531 2617 1603 populorum,
2648 1554 2668 1580 ι.
2704 1531 2821 1587 Hoc
2880 1534 2987 1598 est,
3037 1529 3364 1583 Judmorum
3414 1523 3621 1587 consilia,
3657 1522 3733 1591 quia

496 1637 589 1686 tus
622 1633 859 1684 sanatus
915 1622 1156 1694 aequalis
1203 1621 1356 1675 Patri
1406 1620 1658 1674 habetur
1688 1634 1753 1672 ac
1811 1617 1972 1672 Filio.
2018 1616 2133 1682 Vel,
2249 1636 2361 1675 non
2394 1624 2711 1690 potuerunt
2741 1618 2843 1673 illa
2868 1619 3056 1673 facere
3083 1617 3195 1672 nisi
3221 1619 3482 1687 quantum
3506 1628 3533 1666 a
3556 1611 3637 1666 Deo
3656 1626 3733 1680 pra-

500 1742 521 1768 ι
558 1717 779 1788 Spiritu
811 1714 929 1769 oris
959 1713 1087 1782 ejus
1116 1711 1308 1765 omnis
1356 1708 1545 1763 virtus
1592 1722 1816 1770 eorum,
1840 1730 1866 1754 υ
1915 1705 1972 1759 id
2026 1709 2135 1771 est,
2247 1708 2481 1763 ﬁnitum
2516 1709 2644 1763 fuit.
2670 1731 2697 1758 «
2733 1708 3025 1779 Reprobat
3053 1711 3244 1761 autem
3273 1701 3595 1775 cogitationes
3627 1714 3731 1769 popu-

494 1822 599 1876 per
625 1804 908 1874 Spiritum
940 1804 1208 1856 sanctum
1237 1798 1483 1852 virtutes
1535 1795 1791 1849 illorum.
1843 1792 1988 1856 Quia
2034 1808 2138 1864 per
2170 1837 2220 1903 B
2251 1797 2464 1863 lorum,
2488 1818 2516 1848 »
2550 1795 2975 1852 Pharisaeorum
3006 1799 3065 1850 et
3094 1793 3533 1856 Sadducaeorum,
3571 1784 3632 1841 vel
3658 1783 3732 1838 reli-

495 1895 528 1903 ,ι
581 1893 591 1902 .
632 1892 666 1903 ..
955 1894 963 1903 .
1124 1886 1137 1903 τ
1202 1886 1215 1903 ι
1296 1902 1301 1903 ,
1356 1890 1451 1903 ,,,,i
1507 1883 1756 1903 .1:____-__
1794 1881 2004 1903 .___s:_-
2078 1881 2133 1903 :4
2260 1901 2281 1903 -,
2342 1902 2351 1903 ,
2458 1901 2488 1903 η
2582 1887 2881 1903 -.-Αιᾼμμᾼ-
2928 1900 3019 1903 μξμ
3047 1899 3126 1903 -_-
3253 1885 3309 1903 [‘1
3340 1876 3565 1903 ---..,.ι...ι
3587 1870 3731 1903 “milia

494 1870 780 1965 Spiritum
807 1894 1077 1945 sanctum
1124 1886 1456 1941 habuerunt
1498 1883 1758 1938 diversas
1788 1881 2029 1954 gratias,
2078 1881 2137 1935 id
2170 1870 2220 1903 D
2249 1901 2501 1957 quarum
2532 1887 2889 1957 potestatum
2922 1899 3157 1956 genera.
3190 1904 3218 1931 «
3250 1885 3313 1934 Et
3340 1876 3569 1950 reprobat
3586 1870 3735 1929 consilia

495 1956 604 2048 est,
639 1980 902 2036 virtutes.
934 1978 1081 2033 Nam
1114 1992 1216 2048 per
1263 1990 1369 2030 nos
1416 1971 1563 2028 nihil
1614 1971 1750 2027 boni
1799 1970 2137 2038 habuimus,
2247 1956 2599 2046 principum.
2623 1994 2650 2025 ιο
2686 1976 2804 2028 Ηοο
2835 1976 2943 2041 est,
2973 1973 3153 2026 Annae
3199 1974 3255 2024 et
3282 1966 3502 2038 Caiphae,
3544 1962 3637 2035 quia
3665 1956 3735 2029 ipsi

500 2070 615 2126 nisi
646 2085 749 2141 per
778 2069 996 2141 ipsum.
2245 2062 2542 2135 principes
2595 2066 2761 2118 erant
2807 2061 3073 2133 ipsorum
3115 2058 3461 2115 sacerdotum
3496 2052 3575 2124 qui
3607 2049 3735 2119 prima-

571 2184 597 2210 (ι
630 2136 1004 2231 Congregans
1033 2157 1184 2211 sicut
1204 2154 1262 2208 in
1294 2158 1422 2209 utre
1443 2169 1625 2224 aquas
1673 2149 1872 2206 maris.
1901 2173 1921 2198 ι
1970 2148 2136 2203 Clau-
2244 2158 2371 2206 tum
2402 2151 2678 2206 tenebant
2708 2150 2887 2220 hujus
2934 2147 3173 2204 sceleris
3202 2147 3367 2218 (Joan.
3412 2157 3547 2205 xvm,
3583 2138 3641 2201 13,
3669 2136 3733 2201 24).

496 2265 625 2305 sum
658 2247 956 2303 littoribus
989 2262 1147 2299 mare
1201 2242 1475 2297 ostendit.
1502 2264 1529 2292 «
1562 2240 1934 2312 Congregans
1985 2237 2138 2292 sicut
2245 2240 2361 2296 Hos
2390 2256 2594 2296 omnes
2623 2255 2760 2295 cum
2789 2238 2916 2294 suis
2935 2236 3199 2293 consiliis
3223 2233 3480 2292 Dominus
3497 2224 3733 2297 resurgendo

493 2338 553 2392 in
586 2342 714 2391 utre
744 2351 930 2405 aquas
961 2332 1163 2387 maris.
1190 2353 1217 2379 »
1248 2330 1355 2385 Per
1406 2345 1610 2400 aquas,
1651 2326 1847 2383 saeculi
1896 2324 2138 2381 tribula-
2244 2328 2551 2384 destruxit,

494 2425 685 2479 tiones
716 2422 1027 2494 signiﬁcat,
1060 2426 1117 2473 et
1149 2418 1581 2488 persecutiones
1614 2420 1974 2480 sanctorum,
1994 2413 2135 2483 quia
2319 2441 2340 2467 α
2376 2415 2697 2473 Consilium
2726 2433 2859 2472 vero
2890 2415 3127 2471 Domini
3166 2420 3356 2469 manet
3397 2410 3449 2465 in
3492 2410 3731 2462 internum.»

495 2512 649 2567 sicut
677 2485 852 2564 homo
884 2509 942 2562 in
975 2485 1103 2562 utre
1133 2485 1316 2575 aquas
1348 2506 1602 2576 stringit,
1636 2509 1692 2558 et
1722 2503 1953 2574 quando
2010 2500 2135 2555 vult
2242 2506 2561 2562 Consilium
2620 2506 2854 2561 Domini
2902 2504 3035 2569 fuit,
3086 2508 3153 2560 ut,
3199 2502 3495 2571 resurgeret
3516 2511 3541 2549 a
3564 2485 3732 2549 mortuis1

494 2598 736 2672 spargit,
768 2598 851 2653 sic
881 2595 1167 2651 Dominus
1196 2575 1600 2648 tribulationes
1631 2590 1919 2657 Ecclesiae,
1965 2594 2030 2644 ut
2054 2590 2135 2645 ait
2243 2595 2395 2650 sicut
2422 2600 2478 2650 et,
2499 2594 2651 2650 fecit.
2678 2594 2840 2650 Istud
2872 2592 3209 2658 consilium,
3231 2588 3423 2658 Judaei,
3451 2582 3522 2639 vel
3545 2575 3734 2653 principes

491 2666 733 2754 Paulus,
772 2685 970 2739 Fidelis
1012 2685 1154 2738 Deus
1201 2684 1298 2753 qui
1344 2699 1456 2737 non
1503 2683 1745 2752 patietur
1789 2696 1880 2735 vos
1932 2682 2135 2733 tentari
2180 2729 2195 2734 -
2243 2682 2499 2751 illorum,
2534 2684 2834 2739 destruere
2863 2697 2980 2737 non
3042 2683 3366 2753 potuerunt.
3406 2698 3430 2725 «
3458 2666 3732 2754 Cogitationes

490 2793 653 2844 super
671 2776 732 2831 id
761 2773 901 2846 quod
928 2774 1144 2844 potestis
1171 2744 1336 2841 ferre,
1367 2772 1461 2826 sed
1489 2744 1654 2840 iaciat
1699 2770 1869 2823 etiam
1907 2783 2134 2839 proven-
2241 2766 2435 2826 sordis
2465 2744 2592 2840 ejus
2614 2769 2675 2825 in
2705 2744 3083 2842 generatione
3110 2773 3167 2824 et
3193 2762 3620 2839 generationem.»
3637 2744 3732 2806 Nihil

493 2872 611 2922 tum
637 2870 700 2920 ut
722 2864 940 2936 possitis
996 2863 1268 2917 sustinere
1312 2859 1357 2931 (Ι
1388 2860 1507 2915 Cor.
1558 2876 1614 2928 χ,
1666 2858 1774 2929 13).
1824 2880 1851 2906 ‹‹
1885 2857 2133 2928 Congre-
2240 2876 2309 2914 ex
2355 2859 2440 2914 eis
2487 2857 2868 2926 diminuetur,
2919 2859 3095 2929 juxta
3148 2856 3329 2911 illud:
3379 2851 3548 2907 (Icelum
3575 2851 3615 2897 et

491 2971 638 3027 gans
667 2952 819 3008 sicut
871 2952 927 3005 in
974 2955 1119 3019 utre,
1150 2971 1177 2997 ››
1229 2949 1289 3001 in
1338 2963 1483 3001 novo
1542 2927 1804 3000 Ecclesiae
1853 2927 2128 3011 homine;
2239 2949 2586 3003 transibunt:
2645 2947 2810 3003 verba
2866 2927 3062 3004 autem
3142 2961 3263 3001 mea
3335 2956 3433 2997 non
3491 2927 3735 3009 pretantur“

496 3064 525 3094 «
553 3058 738 3115 aquas
770 3038 970 3109 maris,
998 3060 1026 3087 ››
1089 3034 1285 3092 saeculi
1331 3034 1598 3108 populos,
1649 3037 1714 3089 ut
1763 3033 1882 3089 sint
1926 3034 2130 3088 vinum
2238 3035 2457 3107 (Matth.
2487 3053 2637 3103 xxiv,
2668 3035 2780 3104 35).

491 3105 729 3197 novum,
763 3128 913 3184 sicut
944 3105 1224 3181 Dominus
1273 3105 1374 3191 ait,
1406 3105 1465 3177 in
1498 3128 1658 3178 utres
1682 3139 1859 3177 novos
1912 3121 2126 3192 (Matth.
2250 3105 2257 3107 ἡ
2311 3146 2339 3174 ‹‹
2374 3125 2549 3180 Beata
2579 3139 2742 3197 gens,
2776 3124 2946 3194 cujus
2984 3126 3078 3178 est
3131 3118 3397 3176 Dominus
3448 3114 3571 3170 Deus
3605 3105 3734 3197 ejuﬁd

493 3236 569 3286 1x,
602 3188 727 3289 17),,
744 3217 802 3271 id
834 3220 941 3286 est,
989 3188 1389 3285 evangelicum
1441 3217 1816 3284 praeceptum,
1868 3188 2127 3267 recondi-
2160 3199 2205 3267 C
2241 3212 2359 3267 Hoc
2386 3188 2612 3283 estqui
2663 3188 2910 3267 credunt
2951 3210 3111 3282 quod
3168 3206 3430 3264 Dominus
3469 3195 3632 3255 creavit
3658 3188 3736 3243 illis

489 3312 616 3364 tum
648 3305 1012 3388 in.cordibus
1033 3301 1414 3359 credentium.
1446 3301 1726 3355 «Ponens
1774 3298 1832 3353 in
1892 3299 2129 3355 thesau-
2240 3305 2555 3369 creaturas,
2606 3301 2760 3355 unde
2799 3299 3076 3371 superius
3123 3295 3452 3353 mentionem
3500 3284 3629 3342 fecit:
3666 3289 3735 3331 non

489 3396 571 3452 ris
601 3381 861 3468 abyssos.
888 3416 914 3444 ››
950 3392 994 3448 O
1026 3408 1242 3463 magna
1293 3389 1583 3445 Creatoris
1614 3386 1891 3459 potentia,
1924 3403 2127 3441 recon-
2240 3390 2393 3460 quod
2426 3394 2661 3461 tempus
2708 3388 2839 3443 illas
2888 3388 3168 3444 adducat.
3220 3383 3337 3453 Vel,
3368 3405 3393 3432 «
3423 3381 3560 3435 beata
3595 3381 3732 3468 8605‘

488 3487 634 3541 dens
662 3485 723 3538 in
744 3480 1040 3536 thesauris
1068 3480 1347 3550 abyssos;
1382 3478 1701 3550 procedens
1731 3477 1802 3531 de
1835 3476 2131 3531 thesauris
2239 3456 2721 3545 Christianorum,
2747 3501 2773 3526 ‹‹
2808 3476 2979 3547 cujus
3011 3474 3291 3532 Dominus
3318 3477 3453 3526 Deus
3476 3465 3627 3535 ejus.»

486 3570 725 3628 ventosi
761 3570 981 3624 Tamen
1037 3539 1449 3638 hic-abyssos,
1501 3564 1912 3637 mysteriorum
1961 3563 2128 3618 caele-
2240 3565 2467 3621 minum
2499 3565 2655 3621 enim
2687 3539 2861 3637 elegit
2876 3539 3107 3620 'habere
3136 3569 3332 3629 Deum,
3359 3555 3506 3613 idolis
3523 3539 3734 3606 derelictis»

490 3658 671 3715 stium
698 3656 1065 3711 altitudinem
1088 3634 1664 3726 intelli'gimursjusta
1684 3653 1824 3707 iliud
1846 3651 2125 3723 Apostoli,
2244 3675 2266 3705 ι
2295 3653 2551 3726 Populus
2594 3670 2768 3725 quem
2784 3634 2982 3726 velegit
3038 3652 3316 3709 Dominus
3360 3647 3412 3701 in
3455 3634 3733 3726 haeredin

492 3747 531 3803 0
552 3744 785 3801 altitudo
804 3744 1128 3799 divitiarum
1148 3722 1791 3813 sapiéztiaejtscientise
1810 3722 1913 3797 Dei
1953 3743 2125 3812 (Rom.
2236 3722 2425 3799 sibii»
2457 3742 2571 3814 Ipsi
2616 3722 3322 3815 pOpulum'Christianum
3366 3735 3419 3789 in
3452 3722 3732 3811 hereditates!

490 3853 568 3904 xr,
592 3833 720 3906 33)!
755 3831 878 3903 Vel,
899 3833 961 3887 in
989 3804 1283 3899 thesauris,
1318 3831 1375 3885 id
1402 3804 1510 3897 est,
1543 3830 1601 3884 in
1623 3804 1982 3887 absconditis
2003 3830 2125 3885 Dei.
2237 3831 2371 3899 sibi,
2402 3804 2636 3887 ut
2670 3804 2728 3885 iii
2762 3830 2873 3886 alio
2922 3829 3190 3903 psalmo:
3239 3826 3375 3883 Dabo
3417 3820 3501 3877 tibi
3535 3819 3677 3903 geniti
3699 3804 3733 3854 ίι

490 3895 929 3989 Τίωεέωτιιείὶᾶ
952 3923 1041 3975 est
1059 3895 1322 3990 largitas,
1342 3918 1449 3973 hoc
1470 3895 1577 3985 est,
1603 3918 1960 3990 profundum
1981 3918 2130 3974 Scri~
2237 3895 2613 3978 haereditatem
2661 3922 2834 3988 tuam,
2891 3895 2943 3974 ei
2983 3920 3367 3991 possessionem
3402 3914 3529 3964 tuam
3566 3895 3731 3991 ιφηίιξιῗε

493 3977 1021 4086 pturarum.'Unde
1052 3977 1320 4063 aliovloco’
1350 4006 1509 4075 dicit,
1716 4008 1965 4078 producit
2004 4024 2131 4063 ven»-
2236 3977 2400 4067 terraz
2427 4010 2596 4082 (Psat.
2633 4026 2693 4075 ιι,
2724 3977 2905 4077 8);’θι
2933 3977 3103 4064 alibi:
3158 4004 3406 4062 Dominus
3445 4008 3552 4068 pars
3584 3977 3729 4086 Ιικτεξθ

488 4068 608 4158 ῖανγη
635 4101 704 4156 de
731 4100 1005 4156 thesauris
1032 4099 1147 4152 suis
1176 4096 1358 4165 (Psat.
1394 4068 1616 4165 cxsxrv,
1647 4068 1733 4167 7):
1759 4096 1904 4150 Nam
1938 4112 2127 4168 quan-
2236 4101 2363 4154 tatis
2389 4068 2531 4155 recte
2559 4068 2731 4169 (Psat.
2761 4068 2884 4165 έν,
2913 4098 3007 4165 5);
3070 4101 3128 4152 et
3167 4095 3330 4150 item:
3376 4086 3531 4144 Portio

481 4196 611 4245 tum
662 4188 842 4245 voluit
898 4204 1002 4260 per
1047 4159 1243 4272 servos
1300 4201 1441 4240 suos
1486 4159 1655 4239 nobis
1687 4159 2123 4251 demonstrare,
2231 4188 2417 4242 minus
2452 4159 2624 4255 (Psat.
2669 4159 2879 4257 cxvm,
3060 4186 3182 4240 «In
3230 4177 3573 4272 hereditatem
3612 4159 3732 4272 sibi:

482 4283 717 4333 tantum
740 4293 844 4349 per
863 4246 970 4331 nhs
993 4264 1313 4345 intelligere
1327 4273 1647 4345 potuimus,
1670 4273 1863 4345 ipsam
1889 4246 2125 4345 profun;
2233 4246 2504 4347 Repulsis
2530 4275 2772 4342 Judais,
2804 4246 2911 4330 nos
2940 4246 3151 4329 sumus
3180 4271 3237 4326 in
3260 4262 3596 4324 hereditatem
3612 4246 3731 4349 aii“.-

482 4365 725 4422 ditatem
747 4365 1182 4436 Scripturarum
1210 4378 1579 4434 nequaquam
1603 4332 1941 4435 possumus.
2302 4332 2337 4414 (ξ
2365 4364 2445 4419 De
2469 4364 2608 4419 οωιο
2634 4332 2886 4435 respexit
2912 4362 3196 4418 Dominus
3220 4377 3233 4415 :
3261 4355 3396 4413 vidit
3442 4357 3604 4406 omnes
3639 4332 3733 4389 ﬁli“

551 4474 578 4507 ιι
606 4453 837 4510 Timeat
866 4453 1181 4509 Dominum
1213 4451 1405 4506 omnis
1454 4456 1629 4506 terra.
1656 4472 1684 4499 ››
1734 4451 1842 4515 Qui
1890 4455 2122 4506 terrena
2231 4452 2565 4509 hominum.
2591 4477 2613 4505 ι
2652 4431 2750 4508 Ut—
2772 4450 3046 4518 omnibus
3099 4449 3455 4506 misereatur:
3493 4431 3601 4518 quia
3634 4434 3730 4518 nuit:

472 4543 713 4615 sapiunt
742 4542 936 4614 ipsum
968 4541 1185 4612 potius,
1218 4546 1275 4595 et
1305 4556 1419 4595 non
1451 4544 1800 4609 creaturam,
1852 4539 2196 4627 adorent.-D
2230 4558 2406 4613 quam
2438 4546 2735 4613 respectus
2765 4542 2893 4612 ejus
2945 4540 3071 4596 sine
3126 4527 3494 4594 misericordia
3538 4517 3635 4574 ﬁlii-
3668 4501 3731 4627 ve:

472 4654 502 4683 «
532 4632 621 4689 Ab
652 4648 718 4688 eo
749 4635 944 4687 autem
976 4633 1454 4685 commoveantur
1485 4644 1690 4683 omnes
1721 4627 2115 4683 inhabitantes
2146 4596 2196 4627 υ
2227 4596 2511 4686 Dominus
2533 4596 2611 4685 de
2649 4596 3141 4702 ccelo'prospexit,
3170 4625 3275 4681 hoc
3311 4624 3392 4678 est
3429 4611 3647 4701 miseritis
3676 4596 3731 4649 ὧι

469 4722 689 4779 orbem.
716 4742 746 4771 ››
775 4723 906 4775 Haec
937 4719 1179 4791 quidam
1211 4718 1282 4773 de
1315 4718 1510 4773 futuro
1541 4717 1903 4773 arbitrantur
1950 4718 2110 4786 judi-
2221 4718 2408 4774 nobis.
2438 4742 2466 4769 κ
2499 4718 2689 4791 Super
2715 4691 2872 4773 ﬁlios
2920 4691 3245 4773 hominum.
3268 4734 3295 4763 »
3345 4704 3455 4762 Filii
3496 4691 3727 4791 homines).

467 4812 577 4882 cio,
610 4810 712 4867 sed
744 4810 815 4864 ad
848 4776 1188 4879 sequentem
1220 4806 1641 4878 expositionem
1688 4806 1877 4878 magis
1925 4776 2107 4878 respi-
2219 4807 2326 4861 ﬁlii
2357 4809 2566 4862 Adam.
2586 4776 2701 4862 ’νει
2733 4806 2837 4861 lilii
2870 4805 3195 4869 hominum,
3226 4802 3547 4857 successores
3570 4776 3726 4851 αροειο’

465 4900 646 4954 ciunt.
708 4899 787 4954 Ab
846 4897 972 4969 ipso
1018 4900 1216 4952 autem
1276 4901 1755 4951 commoveantur
1827 4895 2105 4950 universi.
2217 4894 2431 4951 lorum.

467 5003 672 5043 omnes
701 4986 800 5058 qui
836 4958 1171 5041 irihabitant
1199 4985 1421 5040 orbem.
1453 4984 1537 5039 Ab
1570 4984 1698 5055 ipso
1729 4981 1844 5038 Deo
1858 5000 2110 5039 commo-
2289 4985 2368 5040 De
2428 4987 2745 5056 praeparato
2802 4980 3133 5038 habitacula
3179 4994 3281 5035 suo
3344 4963 3555 5058 respexit

465 5041 1017 5144 veantur‘universi,
1042 5073 1100 5128 id
1132 5078 1242 5142 est,
1273 5072 1344 5128 de
1384 5041 1729 5127 inﬁdelitate
1787 5070 1858 5125 ad
1906 5071 2103 5127 ﬁdem.
2217 5041 2910 5144 omnes‘qui‘inbabitant
2943 5076 3179 5127 terram.
3211 5064 3315 5130 Olli
3344 5056 3489 5144 δηιίι
3512 5041 3724 5144 sisiu‘fjfff

465 5162 572 5218 Vel
600 5163 877 5229 universi,
909 5178 1114 5218 omnes
1151 5165 1427 5218 creatura:
1460 5161 1532 5215 ab
1560 5160 1689 5231 ipso
1734 5160 1994 5228 veniunt,
2050 5164 2108 5215 et
2216 5161 2395 5216 corda
2434 5132 2657 5216 eorum.
2683 5180 2709 5211 ›;
2748 5160 2813 5216 Ut
2857 5159 2956 5216 alii
2986 5160 3156 5215 detur
3199 5165 3377 5210 sermo
3411 5134 3628 5201 scientiis,
3660 5132 3722 5231 ⁸³3

466 5267 583 5305 non
625 5250 779 5306 sicut
829 5255 1160 5322 peccatores
1206 5250 1430 5316 dicunt,
1482 5210 1639 5319 quord
1695 5252 1929 5320 tempus
1973 5210 2104 5303 illas
2214 5248 2615 5321 interpretatio
2647 5265 3008 5317 sermonum,
3032 5246 3127 5303 alii
3156 5255 3356 5317 genera
3390 5210 3722 5322 lingutmﬂif:

464 5338 720 5408 adducit,
752 5342 810 5393 et
829 5304 953 5394 bon
986 5339 1161 5405 Deus,
1215 5337 1355 5409 quia
1400 5304 1457 5392 et
1493 5304 1781 5408 iempora,
1818 5304 1900 5391 ‘et
1953 5336 2100 5404 dies,
2214 5304 2638 5410 reliquazquze
2669 5345 2941 5410 eperatur
2969 5304 3125 5391 unus
3156 5304 3333 5403 atque
3377 5322 3512 5410 idem

461 5433 518 5484 et
543 5383 747 5494 annos,
778 5426 866 5482 vel
898 5427 1073 5482 etiam
1108 5383 1404 5482 momenta
1430 5426 1584 5481 Deus
1612 5383 1937 5481 gonsiituit.
2086 5383 2100 5404 ,
2214 5428 2256 5498 (Ι
2289 5383 3328 5498 (2317.111:Siliijvei-quinfinxiper
3351 5383 3714 5498 Singulos‘cﬂf:

543 5465 747 5494 αμυυο,
789 5465 866 5482 νυ.
898 5465 1073 5482 cm...
1108 5465 1404 5482 ωυμιυμ...
1430 5465 1584 5481 um...
1612 5465 1937 5481 “seu.-.”
2214 5465 2253 5498 μ
2289 5465 2407 5483 ην..
2437 5465 2539 5495 ιω,
2569 5465 2700 5481 ψη
2736 5467 2748 5480 .
2798 5465 2811 5478 .
2832 5465 2883 5481 υ.
2958 5465 3015 5481 ..ι
3044 5465 3205 5479 μμ...-
3233 5465 3319 5491 τν-
3352 5465 3390 5469 -κ
3432 5465 3461 5479 υ
3623 5479 3630 5485 ,

532 5540 561 5569 ‹‹
583 5513 871 5585 Quiaipse
891 5516 1060 5582 dixit,
1090 5520 1148 5570 et
1178 5516 1330 5570 facta
1378 5520 1553 5582 sunt;
1613 5513 1738 5585 ipse
1781 5514 2100 5583 mandavit,
2211 5531 2433 5571 eorum.
2467 5465 2726 5578 Quidam,
2747 5465 3138 5569 hunc‘locum
3184 5497 3499 5564 mendaciter
3534 5482 3589 5585 uti

456 5611 514 5666 et
542 5609 733 5663 creata
761 5609 921 5660 sunt.
945 5625 975 5653 »
997 5604 1130 5659 Ideo
1162 5603 1358 5673 ipsum
1392 5606 1600 5660 cuncta
1649 5603 1915 5673 timeant,
1964 5604 2101 5676 quia
2209 5606 2487 5675 reterunt,
2520 5603 2677 5675 quod
2707 5603 2967 5660 animam
2996 5618 3066 5659 ex
3094 5599 3283 5658 anima
3316 5576 3591 5648 existiment
3625 5567 3708 5617 ⁸³³⁸
