3964 6190
344 322 519 381 975ς
608 309 635 315 ’

1833 308 2255 371 APPENDIX.

3640 309 3769 369 976

416 452 699 506 hominum
728 451 903 517 factus
934 454 984 501 et
1012 444 1204 500 habitu
1250 446 1502 499 inuentus
1547 450 1607 497 ut
1655 442 1818 517 homo
1832 458 1849 494 :
1880 440 1987 493 hu-
2015 442 2072 507 Α
2101 441 2203 506 vit,
2236 463 2264 493 »
2298 443 2531 513 quando
2562 444 2742 499 dixit:
2775 441 3186 509 Domine‘Deus,
3216 458 3429 498 uanum
3482 441 3586 513 fac
3632 456 3771 495 con-

414 524 656 577 miliarit
685 512 1031 588 semetipsum
1059 521 1238 588 fartus
1269 516 1526 588 obediens
1556 529 1723 588 usque
1751 512 1819 565 (ut
1840 527 1989 588 _mor—

416 603 521 648 tem
550 593 814 662 (Philipp.
854 581 917 655 ιί,
947 581 1089 654 6-8).
1121 587 1457 662 Yel_aliter_:
1491 581 1732 639 Mutavit
1758 581 1987 662 vultum

417 654 614 726 suum,
639 664 694 717 id
720 654 830 725 est,
865 654 924 714 in
956 658 1369 713 sacerdotium.
1398 658 1561 711 Tunc
1586 654 1988 716 commutavit,

417 737 654 808 quando
684 731 1126 808 Melchisedech
1161 729 1645 808 obtulitLpanem
1696 731 1752 807 et
1791 727 1988 778 vinum

418 797 576 879 (Gen.
608 823 726 879 xiv,
761 804 868 874 18).
920 802 1257 879 Immutavit
1303 797 1535 879 vultum
1562 815 1599 879 :_
1625 797 1770 879 quia
1803 812 1987 879 quan-

417 869 545 932 tum
596 869 877 931 adventus
923 872 1133 927 Christi
1175 869 1707 943 appropinquabat,
1756 872 1987 943 tantum

416 950 527 1003 ille
563 950 757 1019 figurae
780 949 1003 1019 aperta:
1034 938 1403 1019 aranti—quia
1430 938 1604 1019 antea
1650 938 1992 1019 hostias‘otl

420 1008 662 1085 i'orebat,
697 1018 796 1072 sed
830 1008 1029 1087 postea
1059 1008 1905 1087 spiritualiterimpletumfuit
1931 1008 1986 1061 in

423 1108 565 1146 novo
597 1079 969 1145 Testamento
1001 1079 1323 1139 secundum
1374 1079 1638 1137 ordinem
1689 1079 1992 1133 Melchise-

422 1162 565 1217 dech
594 1178 605 1215 :
644 1177 756 1215 non
787 1158 932 1212 dixit
959 1156 1283 1211 secundum
1316 1154 1580 1208 ordinem
1631 1155 1841 1215 Aaron,
1889 1149 1991 1203 sed

425 1233 745 1287 secundum
790 1229 1053 1283 ordinem
1088 1224 1509 1280 Melchisedech
1560 1224 1732 1293 (Psal.
1766 1237 1877 1281 01x,
1912 1221 1986 1291 4).

424 1300 980 1376 Tympanizabatad
1033 1302 1259 1376 portam
1308 1294 1584 1376 civitatis._
1624 1294 1993 1376 Txmpanum

423 1366 495 1430 de
526 1366 679 1429 corio
708 1366 1055 1427 extenditur.
1090 1370 1159 1423 Et
1189 1366 1472 1421 Dominus
1501 1366 1757 1419 extendit
1782 1378 1993 1417 manus

424 1464 561 1501 suas
591 1446 649 1499 in
682 1459 869 1498 cruce.
904 1442 1103 1495 Portas
1134 1438 1405 1496 civitatis.
1437 1437 1663 1490 initium
1698 1434 1831 1488 ﬁdei
1860 1450 1993 1487 nos—

422 1523 527 1572 trze
579 1514 945 1583 intelligitur,
1004 1510 1239 1583 quando
1298 1507 1590 1583 credimus
1645 1505 1993 1583 incarnatio-

423 1606 555 1643 nem
586 1576 818 1643 Christi.
864 1589 972 1637 Per
1023 1576 1291 1643 salivam,
1352 1579 1751 1633 infirmitatem
1802 1576 1995 1629 carnis

424 1675 600 1730 quam
629 1657 908 1730 dignatus
938 1652 1391 1730 est-suscipere.
1436 1649 1541 1730 Illa
1595 1647 1993 1730 ha.rba.,_.forti7

424 1717 566 1784 t‘udo
611 1717 949 1782 divinitatis.
1005 1717 1249 1777 Dimisit'
1277 1737 1411 1775 eum
1461 1728 1515 1774 et
1562 1719 1723 1773 abiit.
1767 1717 1996 1771 Dimisit

2096 532 2288 586 silium
2319 533 2632 604 Achitophel
2662 532 2736 603 (ll
2767 533 2893 601 Reg.
2937 548 3029 602 xv,
3061 532 3153 596 31)
3201 531 3271 586 Et
3324 529 3594 586 Ecclesia
3646 529 3771 584 cla-

2099 624 2222 674 mat
2251 621 2441 675 modo.
2506 645 2525 669 α
2590 622 2659 676 Et
2714 621 3000 677 Dominus
3055 620 3350 676 exaudivit
3403 636 3566 685 eum,
3608 624 3772 673 etex

2097 709 2372 764 omnibus
2396 709 2873 765 tribulationibus
2903 711 3031 781 ejus
3077 708 3345 765 liberavit
3371 725 3534 763 eum.
3582 730 3617 757 ιο
3656 707 3771 763 Re-

2099 796 2392 853 suscitans
2422 798 2590 853 illum
2624 816 2657 854 a
2689 799 2955 854 mortuis.
2990 822 3012 851 ι
3050 797 3281 855 Emittit
3325 797 3613 871 angelum
3653 797 3769 852 Do-

2100 885 2297 941 minus
2326 886 2385 941 in
2419 886 2666 942 circuitu
2697 887 3033 943 timentium
3066 903 3222 958 eum,
3260 891 3316 942 et
3340 885 3553 956 eripiet
3580 902 3715 941 eos.
3744 905 3775 937 ι

2099 973 2216 1029 Hoc
2248 980 2357 1041 est,
2393 975 2666 1042 angelum
2700 976 2898 1048 magni
2931 974 3161 1031 consilii
3204 975 3365 1031 dedit
3408 974 3555 1029 illis.
3590 974 3771 1029 Haud

2100 1064 2345 1118 dubium
2378 1071 2486 1127 est,
2519 1065 2795 1121 timentes
2825 1065 3163 1129 Dominum,
3191 1065 3262 1120 ab
3287 1063 3516 1135 angelis
3559 1069 3772 1118 custo-

2101 1150 2249 1204 diri:
2286 1151 2437 1204 sicut
2467 1150 2592 1223 ipse
2624 1151 2909 1208 Dominus
2962 1168 3064 1223 per
3111 1151 3495 1223 Evangelium
3547 1151 3771 1206 docet:

2102 1239 2291 1309 Amen,
2323 1256 2481 1293 amen
2513 1240 2633 1295 dico
2662 1240 2851 1296 vobis:
2880 1242 3012 1312 quia
3059 1241 3246 1310 angeli
3289 1257 3485 1297 eorum
3514 1239 3775 1311 quotidie

2107 1327 2290 1382 vident
2314 1329 2511 1398 faciem
2560 1330 2744 1384 Patris
2794 1332 2926 1395 mei,
2975 1331 3073 1401 qui
3112 1337 3191 1384 est
3233 1330 3293 1385 in
3337 1330 3493 1384 caelis
3547 1328 3771 1400 (Matth.

2109 1433 2266 1487 xvm,
2299 1418 2409 1485 40).
2441 1416 2749 1473 Vallantur
2777 1434 2910 1489 ergo
2941 1418 3213 1489 praesidio
3243 1417 3534 1491 angelico,
3556 1417 3673 1490 qui
3702 1418 3771 1472 de

2111 1505 2301 1560 cordis
2334 1507 2585 1577 puritate
2615 1507 2922 1563 timuerint
2954 1508 3154 1564 Deum.

2183 1610 2422 1683 Gustata,
2455 1615 2565 1667 etc.
2611 1612 2831 1669 Gustus
2878 1630 2981 1685 per
3032 1614 3227 1670 fauces
3275 1612 3571 1671 discitur:
3608 1612 3771 1669 visus

2111 1717 2214 1772 per
2245 1701 2466 1771 oculos,
2499 1702 2638 1773 quia
2668 1718 2771 1774 per
2800 1702 2997 1758 oculos
3044 1702 3294 1759 videtur.
3345 1702 3660 1775 Propheta
3688 1703 3770 1756 di-

426 1800 695 1855 Christus
723 1798 975 1872 Judaeos,
1000 1799 1058 1872 et
1080 1794 1238 1848 venit
1268 1792 1327 1846 in
1360 1791 1651 1872 gentibus.
1686 1789 1848 1872 Unde
1880 1789 1993 1872 dic-
2028 1808 2074 1872 Β
2110 1790 2206 1860 cit,
2234 1790 2493 1845 Gustavi.
2526 1791 2595 1846 Et
2624 1792 2917 1863 quomodo
2969 1792 3239 1864 gustavi:
3289 1791 3374 1847 sic
3418 1792 3634 1848 inveni
3676 1809 3776 1866 per

428 1877 554 1925 tum
581 1877 705 1925 est:
769 1870 910 1937 Quia
939 1866 1193 1933 indignos
1226 1880 1329 1937 _v0.\'
1368 1863 1651 1937 iudicastis
1678 1864 1997 1937 uit.'c_.:eter-

425 1956 519 1998 na?
539 1960 557 1995 :
588 1957 687 1997 nos
714 1932 909 1995 cx'hoc
939 1932 1141 1992 ibimus
1170 1935 1239 1990 ad
1267 1944 1447 2006 gentes
1478 1934 1612 2005 (Act.
1648 1949 1767 1997 vm,
1803 1932 1912 2002 46).

424 2091 451 2119 ‹‹
486 2064 830 2123 Benedicam
863 2062 1175 2119 Dominum
1206 2059 1267 2114 in
1299 2058 1460 2115 omni
1505 2061 1789 2128 tempore,
1826 2077 1855 2105 ››
1885 2057 1995 2110 etc.

353 2158 498 2213 Cum
530 2156 645 2211 ait:
678 2155 830 2210 omni
859 2156 1094 2223 tempore
1122 2154 1180 2204 et
1227 2162 1477 2219 semper,
1532 2146 1699 2201 docet
1732 2161 1858 2214 nos,
1893 2159 1997 2197 nec

353 2248 410 2301 in
444 2244 702 2300 adversis
752 2240 1130 2297 succumbere
1181 2237 1410 2299 debere,
1462 2251 1566 2289 nec
1623 2234 1681 2288 in
1723 2231 1999 2289 secundis

352 2334 568 2403 extolli,
602 2333 703 2387 sed
733 2336 852 2386 tam
884 2344 1162 2401 prospera
1192 2342 1368 2397 quam
1419 2322 1709 2378 contraria
1740 2320 1998 2394 aequani-

353 2424 526 2478 miter
557 2422 740 2475 ferre:
774 2436 840 2474 ac
873 2419 1110 2472 beatum
1154 2418 1288 2470 ante
1336 2412 1534 2468 oculos
1584 2414 1997 2481 proponentes,

352 2512 411 2565 in
445 2509 719 2564 omnibus
749 2524 876 2578 quas
908 2503 1246 2569 acciderint,
1268 2502 1369 2556 Dei
1403 2501 1742 2556 benedicere
1761 2514 1996 2554 nomen.

357 2621 383 2647 ‹‹
417 2596 761 2652 Benedicam
795 2594 1107 2650 Dominum
1140 2592 1200 2645 in
1232 2589 1388 2645 omni
1423 2593 1683 2660 tempore
1715 2609 1742 2635 »ι
1778 2586 2002 2641 Benedi-

354 2704 497 2757 cam,
532 2687 585 2741 id
623 2690 730 2751 est,
760 2683 1009 2739 laudabo
1058 2681 1390 2735 Dominum.
1450 2702 1469 2726 ιι
1527 2678 1590 2731 In
1639 2676 1798 2732 omni
1850 2680 1997 2730 tem-

355 2793 531 2849 pore;
566 2797 593 2823 »
624 2773 684 2829 in
712 2770 1004 2845 prosperis
1035 2774 1091 2825 ct
1120 2768 1398 2824 adversis.
1457 2769 1608 2821 liecit
1651 2766 1757 2820 hoc
1798 2763 1997 2831 David,

356 2870 414 2921 et
444 2865 616 2920 modo
640 2861 917 2918 Ecclesia.
943 2883 969 2908 ‹‹
995 2860 1236 2928 Semper
1266 2855 1394 2910 laus
1426 2856 1554 2926 ejus
1584 2854 1643 2908 in
1676 2870 1774 2908 ore
1796 2869 1944 2907 meo.
1970 2872 1998 2899 »

356 2955 418 3009 In
450 2969 549 3009 ore
577 2955 634 3008 et
666 2950 858 3020 corde,
892 2948 1115 3002 intenta
1147 2948 1338 3000 mente
1368 2943 1553 2998 Deum
1600 2957 1833 3013 semper
1874 2939 1999 2994 lau-

357 3043 514 3098 dare.

428 3155 457 3181 ‹‹
488 3132 552 3185 In
575 3128 823 3186 Domino
870 3125 1209 3181 laudabitur
1254 3123 1453 3179 anima
1501 3138 1651 3187 mea.
1683 3142 1710 3170 »
1766 3123 1884 3175 Hoc
1914 3121 2002 3174 est

356 3220 477 3274 vita
508 3234 659 3273 mea.
692 3217 832 3273 Cum
871 3214 1004 3269 huic
1052 3212 1249 3267 studio
1299 3211 1494 3266 anima
1546 3209 1761 3273 dedita,
1796 3223 2003 3278 aspera

358 3307 563 3363 mundi
595 3322 759 3377 aequo
790 3304 986 3358 animo
1036 3299 1420 3356 sustinuerit:
1468 3298 1540 3353 ab
1592 3298 1683 3352 his
1730 3296 1832 3366 qui
1863 3300 2002 3350 sunt

358 3397 608 3463 Domini,
640 3394 1028 3451 collaudatur.
1070 3411 1092 3438 «
1124 3390 1384 3444 Audiant
1407 3385 1716 3443 mansueti.
1742 3408 1767 3433 ››
1802 3386 1861 3439 Id
1891 3389 1998 3451 est,

358 3487 565 3543 sancti.
600 3508 628 3534 ί(
659 3484 725 3538 Et
768 3482 1057 3537 laetentur.
1097 3502 1124 3527 »
1171 3479 1297 3533 Non
1357 3478 1429 3532 de
1486 3475 1753 3544 terrenis,
1796 3474 1896 3529 sed
1930 3474 2001 3528 de

358 3574 732 3630 cmlestibus:
766 3571 867 3641 qui
901 3586 1012 3623 non
1058 3568 1278 3622 habent
1320 3582 1577 3637 pugnam
1626 3563 1897 3618 vitiorum
1937 3563 1999 3616 in

359 3680 442 3726 se,
475 3661 559 3715 illi
618 3660 718 3731 qui
776 3658 1004 3729 glebam
1056 3655 1312 3727 corporis
1364 3654 1456 3708 sui
1504 3652 1606 3707 tali
1650 3656 1999 3707 testamento

359 3752 641 3805 coercent.
667 3747 824 3802 Beati
858 3746 1013 3801 enim
1046 3742 1334 3798 mansueti
1364 3761 1376 3798 :
1413 3742 1687 3814 quoniam
1722 3740 1832 3813 ipsi
1864 3756 2001 3811 pos-

362 3840 637 3896 sidebunt
666 3840 882 3891 terram
914 3834 1122 3901 (Matth.
1150 3850 1206 3898 v,
1258 3832 1332 3902 4).

433 3970 462 3998 ‹‹
495 3943 860 4016 Magniﬁcate
892 3940 1200 3996 Dominum
1251 3954 1502 3992 mecum.
1535 3957 1561 3988 ι)
1619 3937 1846 3991 Patrem
1889 3935 1997 3990 Do-

362 4036 589 4091 minum
634 4032 889 4087 laudate.
941 4052 968 4078 «
1021 4029 1091 4082 Et
1134 4026 1455 4082 exaltemus
1504 4042 1714 4081 nomen
1759 4025 1887 4095 ejus
1939 4023 1999 4078 in

358 4126 641 4197 idipsum.
679 4142 701 4171 «
761 4126 844 4175 Ac
895 4119 943 4173 si
989 4119 1145 4172 dicat
1191 4115 1510 4187 propheta:
1567 4114 1867 4177 Quomodo
1897 4129 2002 4183 ego

361 4231 514 4277 amo,
574 4216 631 4267 et
681 4227 784 4265 vos
844 4208 927 4263 sic
986 4206 1173 4274 facite,
1207 4205 1327 4273 Vel,
1366 4227 1393 4252 ‹‹
1427 4202 1748 4258 exaltemus
1789 4218 2001 4257 nomen

360 4304 486 4374 ejus
518 4301 575 4355 in
608 4300 900 4371 idipsum;
939 4319 966 4343 ››
1000 4295 1210 4351 Filium
1243 4293 1333 4349 cui
1370 4297 1534 4347 Pater
1564 4292 1723 4347 dedit
1766 4308 1999 4359 nomen,

361 4392 516 4467 quod
546 4394 633 4447 est
663 4405 838 4460 super
867 4403 1037 4441 omne
1069 4400 1277 4439 nomen
1310 4383 1570 4455 (Philipp.
1607 4399 1666 4447 ιι,
1698 4382 1775 4451 9).

431 4522 460 4550 «
494 4495 778 4569 Inquisivi
808 4492 1144 4549 Dominum.
1182 4511 1210 4539 »
1241 4488 1521 4560 Spiritum
1554 4489 1843 4542 sanctum.
1876 4508 1905 4535 ‹‹
1933 4486 2005 4540 Et

358 4587 653 4647 exaudivit
680 4601 794 4654 me,
826 4587 883 4638 et
913 4598 981 4636 ex
1010 4578 1285 4636 omnibus
1333 4576 1811 4631 tribulationibus
1856 4579 2003 4629 meis

358 4680 573 4752 eripu1t
601 4692 716 4731 me.
750 4696 778 4722 ››
810 4676 1174 4727 Consumens
1207 4664 1595 4736 corruptelam
1622 4662 1814 4719 carnis
1838 4680 1850 4718 :
1873 4680 2001 4734 quae

357 4770 504 4825 mihi
535 4763 943 4823 tribulationes
975 4758 1379 4831 peccaminum
1409 4754 1727 4826 ingerebat,
1764 4769 1835 4807 ne
1862 4768 1999 4807 eum

358 4856 640 4912 attentius
670 4854 1029 4925 deprecarer.

435 4966 458 4993 ι
500 4943 771 5000 Accedite
822 4940 893 4995 ad
954 4935 1290 4993 Dominum.
1352 4954 1379 4981 ››
1441 4932 1665 4986 Credite
1723 4931 1780 4985 in
1840 4947 1995 4985 eum.

359 5057 387 5085 «
421 5033 687 5089 Accedite
714 5032 781 5086 ad
830 5026 1169 5089 Dominum,
1208 5045 1233 5071 ››
1285 5038 1399 5077 non
1449 5020 1595 5088 loco,
1628 5021 1727 5075 sed
1779 5019 1909 5083 ﬁde,
1942 5023 2001 5073 et

356 5139 546 5194 opere.
583 5145 610 5171 «
644 5122 714 5177 Et
741 5113 1182 5174 illuminamini.
1223 5134 1243 5159 »
1280 5111 1339 5165 ld
1363 5113 1470 5175 est,
1509 5109 1568 5163 in
1603 5113 1795 5164 mente
1827 5107 1999 5163 intel-

355 5210 518 5282 ligite
548 5236 561 5276 ;
595 5209 733 5281 quia
758 5206 872 5263 nisi
904 5200 1290 5266 credideritis,
1324 5215 1438 5253 non
1479 5196 1838 5268 intelligetis.
1878 5219 1898 5243 α
1932 5200 2001 5250 Et

355 5299 533 5354 facies
562 5303 763 5353 vestrae
796 5312 911 5350 non
942 5290 1391 5349 confundantur.
1425 5308 1450 5337 η
1507 5287 1567 5341 In
1610 5286 1833 5356 judicio
1882 5302 1997 5358 quo

353 5388 521 5461 impii
554 5386 986 5444 confundentur
1015 5381 1071 5435 in
1106 5376 1670 5442 condemnationem,
1705 5375 1760 5430 in
1794 5374 1997 5446 dieju-

353 5478 511 5535 dicii.

424 5592 448 5619 (ι
482 5567 594 5623 Iste
625 5580 847 5639 pauper
875 5557 1162 5617 clamavit.
1201 5579 1221 5604 υ
1258 5554 1522 5610 Christus
1570 5553 1854 5609 Dominus
1893 5553 1994 5625 qui

352 5675 457 5731 pro
491 5656 659 5712 nobis
688 5668 909 5726 pauper
930 5650 1118 5704 factus
1139 5650 1246 5713 est,
1275 5645 1346 5699 ad
1379 5647 1611 5731 Patrem
1632 5642 1692 5731 in
1723 5641 1995 5731 passione

353 5728 645 5805 clamavit.
677 5739 801 5812 Vel,
834 5741 933 5796 iste
957 5749 1186 5809 pauper,
1217 5731 1271 5787 id
1320 5735 1431 5795 est,
1485 5728 1681 5795 David,
1711 5752 1739 5780 «
1775 5728 1992 5785 clama-

2032 3170 2075 3237 C

2035 4538 2080 4602 D

2108 1877 2305 1947 ﬁdem,
2339 1895 2442 1950 per
2471 1896 2657 1951 spem,
2691 1884 2748 1935 et
2789 1896 2891 1952 per
2920 1898 3095 1952 opera
3139 1882 3312 1938 bona.
3346 1903 3377 1931 «
3432 1884 3658 1936 Beatus
3688 1882 3777 1935 vir

2108 1966 2209 2038 qui
2242 1971 2438 2038 sperat
2468 1967 2528 2023 in
2561 1984 2717 2023 eum.
2755 1991 2777 2016 »
2813 1968 3000 2031 Quare
3027 1967 3446 2031 beatus?Quia
3468 1965 3651 2022 illum
3675 1967 3779 2022 ba-

2107 2056 2205 2110 bet
2234 2054 2335 2127 qui
2384 2055 2581 2111 omnia
2623 2054 2826 2111 habet:
2892 2056 3001 2112 hoc
3057 2060 3168 2122 est,
3222 2057 3428 2112 Deum.
3479 2056 3640 2128 Ergo
3680 2056 3777 2112 hic

2108 2144 2324 2199 dicitur
2351 2148 2581 2215 gustus,
2615 2149 2681 2199 ut
2710 2161 2845 2200 cum
2878 2144 3011 2217 quis
3061 2144 3394 2219 cognoverit
3440 2144 3670 2213 Deum,
3704 2144 3776 2199 ti-

2110 2238 2265 2288 meat
2294 2232 2499 2289 illum:
2538 2232 2677 2305 quia
2704 2239 2987 2306 tanquam
3031 2235 3103 2290 de
3149 2238 3324 2307 gustu
3378 2234 3465 2290 ita
3512 2233 3665 2289 alibi
3694 2232 3774 2288 di-

2107 2323 2223 2377 xit:
2255 2324 2487 2378 Initium
2535 2324 2828 2394 sapientiw
2876 2325 3041 2379 timor
3080 2323 3302 2380 Domini
3347 2323 3528 2394 (Psal.
3560 2340 3665 2393 cx,
3690 2323 3767 2391 9).

2108 2411 2253 2466 Cum
2285 2415 2480 2467 autem
2501 2411 2706 2468 timere
2732 2412 2989 2484 cmperit,
3040 2416 3183 2469 tunc
3233 2416 3530 2484 praecepta
3566 2418 3770 2468 custo-

2109 2501 2214 2566 dit,
2246 2504 2303 2555 et
2332 2504 2473 2554 tunc
2504 2498 2648 2555 sciet
2677 2499 2817 2573 quia
2842 2500 3039 2556 suavis
3094 2505 3185 2557 est
3226 2501 3521 2557 Dominus
3547 2517 3564 2555 :
3632 2500 3775 2571 quia

2109 2588 2235 2661 ipse
2260 2593 2348 2643 est
2376 2588 2544 2660 panis
2574 2588 2741 2644 vivus
2767 2589 2869 2661 qui
2902 2589 3232 2646 satietatem
3263 2590 3365 2646 dat
3414 2589 3560 2645 huic
3595 2606 3775 2645 mun-

2112 2678 2202 2732 do.
2230 2678 2437 2732 Beatus
2459 2678 2547 2731 vir
2565 2676 2886 2750 quisperat
2907 2678 2967 2734 in
3009 2694 3167 2746 eum,
3199 2681 3257 2734 et
3286 2694 3403 2734 non
3441 2678 3509 2732 in
3542 2678 3777 2734 incerto

2110 2765 2444 2821 divitiarum
2478 2767 2679 2837 (ITim.
2711 2783 2788 2835 v1,
2824 2767 2935 2838 19).

2183 2894 2211 2921 «
2243 2873 2466 2927 Timete
2515 2872 2851 2944 Dominum,
2901 2890 3106 2930 omnes
3155 2874 3344 2930 sancti
3390 2874 3547 2944 ejus.
3581 2895 3617 2922 ι»
3667 2873 3776 2937 Οιιί

2111 2959 2265 3014 ﬁrmi
2295 2960 2465 3015 statis
2496 2958 2555 3014 in
2600 2960 2910 3031 promissis
2959 2961 3088 3032 ejus
3136 2960 3357 3025 timete,
3418 2975 3496 3015 ne
3527 2964 3777 3032 accepta

2112 3047 2420 3103 securitate
2451 3047 2845 3120 decipiamini.
2885 3069 2907 3099 ι
2958 3049 3245 3115 Quoniam
3296 3047 3444 3103 nihil
3494 3048 3674 3104 deest
3700 3048 3777 3102 tio

2113 3136 2408 3193 mentibus
2437 3153 2594 3192 eum.
2630 3159 2657 3187 »
2690 3136 2949 3200 Quorum
2980 3138 3134 3194 Deus
3167 3142 3256 3194 est
3305 3137 3581 3192 Christus
3617 3136 3770 3192 nihil

2110 3226 2273 3281 deest
2303 3225 2407 3290 eis,
2462 3225 2517 3279 id
2577 3230 2684 3297 est,
2745 3224 2891 3280 nihil
2948 3226 3082 3281 boni
3139 3227 3301 3283 deest
3346 3224 3450 3281 eis.
3512 3226 3771 3296 Quaerite

2112 3331 2338 3383 regnum
2362 3316 2481 3379 Dei,
2502 3319 2558 3368 et
2596 3315 2882 3386 justitiam
2909 3315 3047 3386 ejus,
3074 3323 3127 3370 et
3152 3319 3357 3371 caetera
3402 3317 3773 3386 apponuntur

2109 3403 2488 3475 nobis.(Mat/:.,
2528 3403 2747 3473 xxxm).
2780 3402 3025 3459 Justitia
3064 3405 3221 3459 enim
3255 3402 3353 3459 Dei
3386 3402 3597 3458 omnia
3626 3420 3769 3475 pre-

2112 3495 2245 3547 stat.

2185 3620 2213 3647 ‹‹
2248 3597 2459 3653 Divites
2514 3602 2802 3670 eguerunt
2857 3601 2915 3653 et
2968 3597 3338 3655 esurierunt:
3397 3597 3774 3670 inquirentes

2113 3691 2310 3741 autem
2334 3686 2649 3741 Dominum
2678 3703 2792 3742 non
2815 3686 3158 3743 minuentur
3178 3687 3337 3742 omni
3358 3686 3540 3742 bono.
3569 3708 3602 3735 ››
3628 3686 3777 3742 Mul-

2112 3776 2153 3830 ti
2188 3780 2329 3830 sunt
2358 3774 2563 3829 mundi
2603 3773 2944 3847 locupletes,
2985 3780 3043 3831 et
3088 3779 3259 3849 egent
3300 3770 3491 3847 gloria
3541 3776 3674 3839 Dei,
3704 3777 3773 3831 de

2113 3865 2328 3937 quibus
2362 3864 2470 3919 fuit
2499 3868 2557 3919 et
2579 3860 2738 3918 dives
2769 3863 2885 3931 ille,
2920 3868 3052 3919 ante
3082 3864 3253 3933 cujus
3300 3864 3554 3933 januam
3589 3863 3774 3918 Laza-

2113 3971 2215 4009 rus
2262 3948 2682 4008 decumbebat:
2736 3952 2836 4024 qui
2886 3952 3091 4008 sitiens
3139 3953 3198 4007 in
3248 3952 3591 4013 tormentis,
3627 3953 3772 4025 quia

2115 4060 2230 4097 non
2281 4044 2492 4098 fecerat
2539 4041 3023 4108 misericordiam,
3069 4058 3187 4097 non
3237 4041 3451 4097 meruit
3500 4042 3768 4114 accipere

2113 4136 2361 4203 guttam.
2397 4129 2705 4201 Inquirens
2752 4133 2948 4186 autem
2991 4130 3247 4186 Lazarus
3296 4146 3414 4186 non
3440 4146 3764 4202 purpuras.

2113 4221 2214 4276 sed
2246 4218 2502 4274 cmlestia
2532 4234 2729 4289 regna,
2762 4218 2977 4274 meruit
3018 4222 3077 4274 in
3127 4219 3263 4274 sinu
3314 4217 3565 4274 Abrahae
3594 4218 3770 4274 bon

2114 4309 2389 4364 omnibus
2410 4306 2715 4378 adimpleri
2750 4307 2886 4379 (Luc
2912 4324 3028 4373 xv1,
3059 4307 3148 4375 19,
3178 4307 3294 4379 31.)
3326 4328 3357 4353 τι
3378 4307 3611 4371 Venite,
3636 4308 3769 4369 filii,

2114 4398 2311 4453 audite
2333 4412 2460 4452 me:
2494 4396 2766 4452 timorem
2798 4395 3031 4452 Domini
3059 4395 3279 4452 docebo
3309 4412 3431 4451 vos.
3454 4416 3485 4445 »
3520 4396 3653 4452 Mos
3680 4401 3769 4453 est

2113 4486 2513 4558 propheticus,
2562 4490 2628 4539 ut
2675 4483 2994 4557 discipulos
3039 4483 3194 4540 ﬁlios
3250 4489 3578 4556 nuncupat,
3616 4485 3769 4540 sicut

2113 4575 2363 4630 Paulus:
2408 4574 2601 4630 Filioli
2629 4589 2760 4645 quos
2815 4574 3015 4630 iterum
3061 4575 3315 4646 parturio
3363 4572 3537 4629 donec
3561 4576 3768 4641 {orne-

2110 4668 2203 4719 tur
2232 4662 2479 4718 Christus
2507 4664 2567 4717 in
2596 4662 2743 4718 vobis
2773 4661 2981 4735 (Colat.
3015 4679 3091 4733 Iv,
3147 4661 3260 4732 19.)
3320 4661 3439 4717 Hos
3488 4656 3667 4718 docet
3704 4668 3769 4718 ut

2112 4752 2300 4824 primo
2330 4750 2594 4807 omnium
2635 4751 2961 4823 sapientia:
3018 4749 3079 4807 id
3138 4754 3229 4806 est
3290 4750 3503 4805 timore
3536 4750 3766 4807 Domini

2108 4841 2472 4896 imbuantur.
2512 4840 2715 4903 Venite,
2747 4839 2877 4909 ﬁlii,
2910 4838 3101 4896 audite
3128 4856 3240 4896 me.
3268 4838 3452 4894 Vocat
3490 4838 3767 4894 Christus

2109 4929 2426 4985 Ecclesiam
2456 4929 2529 4983 ad
2560 4945 2622 4984 se
2666 4928 2881 4994 venire,
2915 4928 2976 4985 id
3033 4932 3144 4996 est,
3176 4943 3281 5001 per
3333 4927 3539 4994 ﬁdem,
3576 4929 3765 4984 sancti

2110 5018 2214 5073 filii
2244 5018 2342 5073 Dei
2368 5017 2643 5073 dicuntur
2666 5042 2680 5083 ;
2702 5017 2874 5087 juxta
2901 5017 3058 5088 quod
3086 5016 3310 5073 dictum
3339 5021 3431 5072 est
3480 5016 3546 5071 in
3577 5021 3765 5073 Evan-

2108 5107 2257 5179 gelio
2282 5124 2295 5162 :
2330 5108 2592 5177 Quotquot
2621 5112 2809 5162 autem
2837 5110 3159 5179 receperunt
3186 5122 3336 5173 eum,
3370 5105 3533 5161 dedit
3562 5109 3643 5161 eis
3670 5123 3763 5178 po-

2108 5201 2352 5253 testatem
2399 5196 2542 5265 ﬁlios
2593 5196 2693 5250 Dei
2738 5195 2876 5265 ﬁeri
2932 5196 3110 5266 (Joan.
3144 5212 3185 5265 ι,
3235 5193 3349 5265 42.)
3402 5194 3476 5249 Et
3500 5193 3765 5250 Joannes

2110 5286 2252 5340 dicit
2284 5284 2339 5338 in
2371 5283 2633 5355 Epistola
2661 5300 2803 5340 sua:
2838 5289 2998 5341 Nunc
3025 5284 3132 5354 ﬁlii
3161 5284 3263 5339 Dei
3299 5298 3496 5337 sumus
3524 5284 3577 5349 (1
3601 5283 3760 5347 locu,

2111 5391 2195 5443 ιιι,
2231 5375 2303 5445 1).
2340 5374 2615 5428 Timorem
2671 5374 2888 5429 Domini
2919 5373 3112 5431 docebo
3138 5389 3250 5430 vos.
3310 5370 3385 5427 Ut
3412 5369 3603 5426 illud:
3650 5373 3763 5427 Ini~

2108 5464 2247 5519 tium
2271 5463 2557 5532 sapientia:
2608 5463 2774 5517 timor
2801 5463 3021 5519 Domini
3049 5463 3237 5535 (Eccli.
3299 5477 3341 5526 ι,
3372 5459 3488 5528 46.)
3519 5460 3593 5515 Et
3622 5458 3758 5515 alibi

2109 5550 2286 5605 dicit:
2320 5550 2395 5604 De
2424 5549 2617 5605 timore
2646 5552 2892 5606 nascitur
2918 5550 3264 5623 compunctio
3312 5547 3535 5603 salutis.
3569 5549 3751 5619 (Prov.

2106 5657 2221 5709 xiv,
2252 5638 2367 5708 26.)
2395 5637 2482 5692 Ad
2502 5635 2612 5692 hoc
2636 5637 2805 5696 debet
2829 5638 3243 5712 unusquisque
3266 5637 3466 5695 venire
3493 5641 3565 5692 ut
3590 5636 3733 5691 timo

2108 5745 2229 5785 rem
2261 5722 2487 5782 Domini
2519 5724 2731 5782 debeat
2762 5725 2998 5784 habere.
