3964 6190
224 424 348 484 9'17

1407 410 1904 488 BHEVIABlUM
1947 425 2027 487 ΙΝ
2076 424 2461 485 PSALMOS.

3519 415 3642 476 978

301 554 481 624 «Quis
512 557 604 610 est
626 553 804 611 homo
821 555 923 626 qui
942 553 1064 610 vult
1080 553 1315 611 vitam.»
1340 557 1631 612 Eternam
1650 558 1873 630 utique.
1907 559 1963 625 Α
1989 563 2218 613 verunt.
2247 556 2352 612 Vel
2380 560 2499 611 tres
2528 552 2690 627 pueri
2720 552 2871 607 inter
2899 552 3169 607 ﬂammas
3220 551 3637 619 clamaverunt,

233 649 340 701 «Et
357 646 507 717 cupit
519 644 634 699 dies
654 644 839 700 videre
859 644 1144 700 bonos.»In
1167 644 1384 717 quibus
1406 662 1536 701 cum
1552 648 1771 703 sanctis
1785 650 1886 719 ju-

227 732 594 791 cundeturin
609 748 787 804 regno
802 734 922 788 Dei.
944 732 1068 805 Vel,
1085 750 1191 789 vox
1214 733 1884 809 prophetaeinterrogan-

230 825 391 890 do,et
416 822 572 878 alius
594 820 763 877 dicit:
788 821 904 894 Ego
924 821 1137 892 volo,et
1158 820 1253 877 ille
1276 822 1495 878 dicit:Si
1521 824 1726 889 vis,fac
1748 842 1883 897 ergo

224 912 385 984 quod
418 910 709 982 sequitur,
738 914 797 965 et
824 908 1047 966 videbis
1077 910 1391 982 vitam,hoc
1413 916 1522 976 est,
1543 912 1788 969 habebis
1804 914 1886 969 vi-

228 1010 353 1056 tam
389 1003 751 1067 aeternam,et
781 998 906 1055 dies
934 999 1143 1067 bonos,
1166 999 1275 1056 h‘oc
1314 1005 1424 1068 est,
1463 1001 1590 1057 dies
1611 1006 1877 1059 aeternos.

227 1112 257 1139 ‹‹
293 1087 544 1144 Prohibe
575 1087 841 1160 linguam
872 1092 1041 1144 tuam
1068 1106 1103 1144 a
1127 1088 1363 1160 malo,et
1393 1087 1549 1145 labia
1579 1096 1681 1145 tua
1702 1107 1774 1146 ne
1797 1090 1881 1146 lo-

225 1184 488 1250 quantur
517 1175 882 1232 dolum.»-—«
906 1175 1157 1233 Prohibe
1180 1175 1443 1250 linguam
1463 1182 1687 1233 tuam.»
1711 1180 1769 1234 id
1792 1185 1881 1234 est

221 1284 257 1322 a
287 1264 758 1336 detractione,vel
790 1265 863 1321 ab
895 1265 1286 1321 amaritudine
1314 1283 1327 1320 :
1355 1266 1494 1338 quia
1523 1268 1744 1322 dictum
1770 1274 1876 1324 est:

225 1355 368 1410 Mors
398 1362 451 1409 et
476 1354 597 1410 vita
647 1356 707 1409 in
737 1356 993 1409 manibus
1046 1354 1257 1423 linguae
1312 1355 1497 1425 (Prov.
1554 1373 1713 1426 xvm,
1761 1358 1873 1427 21).

228 1444 377 1509 Quia
407 1442 507 1514 qui
539 1442 797 1498 custodit
824 1442 1089 1515 linguam
1121 1458 1310 1509 suam,
1333 1443 1589 1499 custodit
1619 1446 1877 1499 animam

224 1531 497 1588 suam.Et
525 1531 663 1587 alibi
695 1531 836 1587 dicit
866 1533 1361 1603 :Custosjustitiw,
1392 1534 1678 1587 silentium
1698 1537 1752 1588 et
1765 1550 1879 1604 pax

225 1621 356 1692 (Isa.
386 1637 560 1676 xxvn.
590 1621 700 1692 17.)
732 1621 794 1677 Si
821 1622 944 1693 quis
968 1627 1135 1692 putat
1161 1637 1217 1676 se
1245 1637 1361 1676 esse
1385 1622 1735 1691 religiosum,
1767 1639 1879 1678 non

226 1712 515 1780 refrenetis
573 1708 838 1783 linguam
891 1726 1070 1777 suam,
1120 1710 1285 1769 huius
1343 1712 1453 1765 erit
1503 1728 1647 1766 vana
1675 1712 1878 1781 religio

228 1797 367 1868 (Jac.
403 1815 440 1868 ι,
470 1797 586 1868 26.)
619 1819 649 1848 α
680 1798 751 1853 Et
779 1797 935 1853 labia
961 1802 1065 1853 tua
1114 1813 1188 1853 ne
1216 1796 1537 1868 loquantur
1566 1796 1766 1853 dolum
1795 1816 1808 1856 :
1847 1821 1868 1848 ι

224 1903 299 1943 ne
328 1885 484 1942 aliud
521 1902 619 1942 ore
651 1885 967 1954 assimiles,
1000 1885 1161 1941 aliud
1190 1887 1363 1942 corde
1399 1887 1669 1942 retineas.

294 1996 326 2026 α
370 1975 599 2031 Diverte
630 1992 659 2030 a
713 1974 889 2043 malo,
950 1978 1009 2031 et
1059 1974 1149 2030 fac
1202 1975 1444 2031 bonum.
1505 1997 1536 2026 »
1595 1976 1712 2031 Hoc
1762 1981 1868 2043 est,

220 2064 462 2120 destrue
517 2063 660 2120 vitia
704 2067 763 2119 et
792 2063 1015 2119 aediﬁca
1042 2063 1311 2120 virtutes.
1344 2063 1501 2119 Nihil
1530 2066 1789 2136 prodest,
1821 2066 1872 2121 si

217 2152 476 2208 destruis
505 2155 563 2207 et
582 2169 700 2209 non
730 2152 1005 2208 aediﬁcas.
1050 2156 1171 2208 Hoc
1202 2158 1311 2223 est,
1344 2153 1395 2209 si
1427 2155 1680 2210 destruis
1708 2154 1869 2223 vitia,

217 2245 279 2297 et
308 2257 425 2297 non
450 2241 704 2296 mdiﬁcas
733 2241 1001 2296 virtutes.
1034 2247 1115 2297 Ac
1146 2240 1196 2297 si
1227 2241 1384 2297 dicat
1417 2260 1430 2298 :
1472 2242 1611 2307 Quis
1643 2248 1732 2298 est
1760 2244 1870 2299 ho-

214 2346 341 2399 mo,
374 2330 475 2401 qui
509 2331 636 2385 sine
663 2328 758 2384 his
795 2328 934 2385 velit
968 2326 1151 2385 'vitam
1194 2330 1224 2384 ?
1275 2329 1503 2386 Nullus.
1538 2332 1684 2397 Quia
1712 2333 1770 2386 in
1804 2349 1871 2387 eo

214 2415 459 2472 nullum
492 2417 713 2473 bonum
742 2418 873 2485 fuit,
931 2418 1031 2490 qui
1084 2418 1313 2474 nullum
1345 2419 1564 2474 malum
1599 2422 1866 2476 destruit.

214 2526 249 2555 α
283 2505 517 2561 Diverte
537 2524 571 2561 a
601 2505 755 2563 malo
777 2511 834 2562 et
857 2508 945 2563 fac
978 2508 1223 2565 bonum.
1247 2530 1275 2559 »
1300 2507 1451 2563 Mala
1474 2509 1672 2565 omnia
1701 2528 1735 2565 a
1754 2511 1873 2565 dia-

222 2592 346 2649 boli
378 2593 663 2650 instinctu
706 2596 1050 2666 procedunt,
1079 2591 1231 2653 sic'ut
1263 2598 1413 2653 bona
1442 2612 1475 2652 a
1505 2599 1641 2653 Deo.
1675 2598 1869 2654 Relin-

226 2698 348 2753 que
377 2699 512 2755 ergo
560 2699 687 2754 quae
718 2683 962 2757 instigat
1016 2685 1307 2756 diabolus,
1340 2692 1398 2742 et
1427 2705 1664 2760 operare
1719 2705 1866 2760 quae,

222 2770 488 2843 praecipit
508 2771 797 2828 Christus.
815 2775 1051 2845 Inquire
1063 2792 1264 2846 pacem
1286 2782 1342 2831 et
1354 2793 1703 2848 persequere
1714 2794 1866 2835 eam.

210 2859 552 2915 Secundum
587 2862 929 2932 Apostolum
982 2880 1184 2935 pacem
1216 2865 1532 2936 sequimini
1567 2871 1624 2921 et
1650 2868 1867 2922 sancti-

212 2947 476 3003 moniam
503 2967 518 3017 ;
553 2950 679 3005 sine
710 2967 826 3022 qua
854 2968 1025 3007 nemo
1056 2953 1210 3009 videt
1258 2970 1503 3026 regnum
1536 2955 1635 3010 Dei
1667 2957 1864 3026 (Hebr.

204 3054 322 3107 xu,
376 3037 485 3105 14).
544 3037 646 3094 Vel
703 3039 891 3096 Judaei
951 3041 1306 3113 quaesierunt
1356 3060 1579 3114 pacem,
1642 3046 1698 3100 id
1754 3052 1864 3111 est,

203 3125 511 3182 Christum
542 3128 615 3182 ad
652 3129 1060 3197 occidendum,
1093 3147 1207 3187 non
1240 3133 1313 3187 ad
1342 3132 1694 3189 imitandum
1728 3135 1867 3206 quia

201 3213 624 3286 sequi,imitari
655 3217 888 3275 dicitur.
926 3239 956 3270 «
1014 3219 1249 3290 Inquire
1280 3238 1483 3293 pacem
1513 3228 1572 3279 et
1618 3239 1862 3294 sequere

200 3319 363 3371 eam,
399 3325 426 3353 »
446 3304 505 3359 id
531 3309 642 3373 est,
670 3306 997 3364 Christum:
1044 3288 1184 3379 quia
1227 3288 1356 3382 ip—se
1383 3316 1472 3366 est
1496 3328 1608 3383 pax
1637 3288 1856 3370 nostra.
1892 3288 1934 3354 (ἶ

203 3390 319 3447 Vel
344 3393 851 3464 sequere,imitare.
876 3395 1042 3453 Unde
1071 3397 1133 3453 in
1164 3399 1473 3472 Evangelio
1505 3400 1724 3456 dictum
1751 3408 1857 3457 est:

196 3481 322 3551 Qui
343 3482 460 3536 vult
488 3491 606 3553 post
633 3500 721 3539 me
750 3487 959 3555 venire,
1020 3487 1249 3557 abneget
1275 3492 1648 3561 semetipsum,
1677 3500 1730 3546 et
1760 3492 1863 3546 tol-

200 3571 294 3625 lat
322 3585 540 3626 crucem
557 3587 737 3643 suam,
768 3581 820 3629 et
846 3579 1110 3645 sequatur
1135 3593 1223 3632 me
1256 3577 1402 3648 (Luc.
1439 3596 1514 3643 1x,
1540 3579 1657 3647 23.)
1681 3581 1868 3651 Inqui-

201 3674 277 3715 re
300 3676 494 3729 pacem
521 3664 575 3715 et
601 3676 824 3732 sequere
843 3668 1115 3720 eam.Non
1140 3665 1359 3721 sufﬁcit
1388 3665 1608 3721 malum
1640 3668 1862 3740 fugere,

206 3746 335 3803 nisi
368 3749 587 3804 bonum
619 3766 852 3822 quoque
881 3752 1105 3809 feceris.

293 3856 318 3884 ι
350 3836 514 3893 Oculi
568 3838 801 3895 Domini
833 3857 1011 3913 super
1050 3843 1267 3912 justos.
1336 3864 1358 3892 ε
1420 3845 1656 3901 Pietatis
1705 3848 1864 3902 enim

205 3926 576 3998 inspectione
608 3944 707 3983 eos
730 3928 956 4001 jugiter
1009 3930 1456 4003 contemplatur.
1517 3956 1545 3983 «
1595 3935 1664 3988 Et
1692 3952 1864 3990 aures

205 4014 345 4084 ejus
376 4014 434 4069 in
468 4031 669 4087 preces
691 4032 917 4073 eorum.
946 4040 975 4067 »
1007 4017 1150 4085 Quia
1171 4035 1300 4091 quea
1321 4021 1489 4092 justa
1509 4028 1648 4077 sunt
1668 4029 1865 4094 postu-

204 4102 360 4157 lant.
398 4124 427 4153 «
458 4103 621 4159 Oculi
653 4105 907 4173 Domini,
933 4129 955 4155 ι
989 4107 1045 4162 id
1077 4112 1185 4177 est,
1217 4115 1490 4181 aspectus
1517 4111 1860 4180 divinitatis,

212 4215 236 4243 ι
275 4207 458 4264 super
478 4193 695 4263 justos.
728 4195 797 4266 Et
848 4212 1019 4251 aures
1050 4197 1177 4267 ejus
1226 4198 1297 4253 ad
1342 4215 1543 4270 preces
1574 4216 1797 4255 eorum.
1832 4222 1862 4251 »

207 4279 516 4352 Quidquid
549 4287 755 4355 rogant
782 4284 969 4339 sancti
999 4286 1069 4341 de
1097 4286 1512 4353 bono,exaudit
1531 4288 1662 4345 illos
1686 4305 1699 4344 :
1725 4290 1865 4361 quia

211 4368 378 4425 Deus
407 4375 465 4425 et
485 4370 666 4439 audit,
691 4376 749 4427 et
767 4372 925 4428 videt
951 4389 1085 4430 nos:
1100 4381 1407 4447 propterea
1437 4393 1545 4433 nos
1574 4378 1861 4434 faciamus

203 4457 577 4514 voluntatem
606 4458 787 4516 illius.

282 4568 313 4595 ‹‹
347 4545 552 4603 Vultus
582 4555 776 4605 autem
809 4549 1039 4605 Domini
1069 4568 1247 4624 super
1284 4553 1563 4610 facientes
1620 4555 1797 4611 mala.
1830 4578 1859 4605 »

1998 652 2053 702 et
2083 646 2365 702 Dominus
2395 643 2689 699 exaudivit
2717 658 2813 697 eos
2846 641 3006 712 (Dan.
3042 657 3125 694 III.
3170 641 3259 706 26,
3312 646 3478 712 seqq.)
3510 640 3637 696 Filii

1996 737 2484 801 Machabaeorum,
2513 733 2601 788 vel
2635 733 2805 787 modo
2838 729 3244 800 unusquisque
3274 735 3512 785 sanctus
3539 748 3553 797 ;
3582 735 3639 785 et

1993 825 2147 895 illos,
2179 830 2237 879 et
2262 824 2433 878 modo
2462 836 2944 891 unumquemque
2970 833 3039 872 ex
3088 816 3363 871 omnibus
3391 818 3636 895 tribula:

1994 914 2253 969 tionibus
2280 912 2509 968 liberat.

2067 1024 2095 1053 ι(
2141 1003 2317 1057 Juxta
2374 1006 2463 1056 est
2536 997 2818 1054 Dominus
2872 995 2966 1050 his
3021 994 3121 1066 qui
3171 993 3450 1048 tribulato
3500 997 3638 1047 sunt

1992 1092 2183 1147 corde.
2217 1113 2246 1140 »
2277 1091 2609 1160 Numquam
2641 1089 2948 1157 elongatur
2964 1084 3036 1139 ab
3068 1082 3152 1138 eis
3182 1082 3283 1154 qui
3314 1086 3551 1153 propter
3571 1079 3638 1135 il-

1991 1181 2112 1236 lum
2146 1180 2458 1235 sustinent.
2482 1180 2625 1233 Cum
2677 1174 2822 1246 ipsis
2852 1173 3030 1228 estin
3058 1169 3436 1226 tribulatione
3471 1187 3483 1224 :
3517 1185 3633 1223 non

1989 1269 2133 1337 loco,
2167 1268 2270 1323 sed
2302 1265 2537 1332 auxilio,
2573 1264 2713 1335 quia
2743 1262 2896 1317 Deus
2956 1276 3072 1314 non
3122 1263 3211 1313 est
3252 1256 3475 1313 localis.
3512 1275 3534 1304 α
3567 1256 3634 1310 Et

1988 1357 2241 1413 humiles
2292 1354 2502 1427 spiritu
2561 1351 2832 1407 salvabit.
2869 1372 2896 1398 »
2927 1348 3001 1403 Ut
3058 1348 3141 1403 eis
3174 1363 3350 1418 regna
3378 1344 3634 1400 crelestia

1987 1446 2289 1519 largiatur.
2324 1441 2587 1498 Humiles
2619 1439 2850 1510 spiritu,
2909 1438 2968 1493 id
2999 1442 3087 1491 est
3117 1435 3309 1501 mites,
3342 1440 3407 1488 ut
3434 1433 3577 1489 illud
3616 1450 3628 1488 :

1985 1536 2188 1590 Discite
2215 1550 2250 1588 α
2278 1547 2366 1587 me
2395 1532 2526 1601 quia
2555 1530 2705 1584 mitis
2732 1544 2852 1583 sum
2881 1535 2931 1581 et
2965 1525 3192 1580 humilis
3234 1523 3392 1578 corde
3419 1522 3628 1593 (Matth.

1984 1642 2061 1691 x1,
2093 1622 2209 1693 29.)
2239 1620 2349 1676 Vel
2369 1619 2514 1675 illud
2549 1634 2562 1674 :
2596 1617 2750 1672 Beati
2777 1617 2925 1671 enim
2953 1628 3215 1685 pauperes
3244 1613 3466 1683 spiritu,
3499 1626 3629 1681 quo-

1983 1714 2137 1769 niam
2164 1713 2411 1782 ipsorum
2440 1712 2517 1763 est
2542 1723 2771 1778 regnum
2799 1706 3076 1770 ctelorum,
3118 1701 3326 1773 (Matth.
3357 1718 3413 1770 ν,
3446 1701 3520 1771 3.)
3656 1712 3659 1719 ’

2062 1826 2083 1851 α
2139 1799 2329 1856 Multae
2387 1796 2793 1853 tribulationes
2861 1794 3183 1865 justorum.
3240 1811 3270 1839 »
3321 1789 3468 1859 Ergo
3527 1788 3629 1858 qui

1983 1889 2425 1948 tribulationem
2483 1903 2599 1942 non
2657 1883 2894 1957 patitur,
2944 1882 3149 1953 justus
3178 1895 3296 1934 non
3332 1883 3439 1933 est.
3473 1876 3627 1931 Mors

1982 1987 2354 2053 peccatorum
2387 1975 2646 2049 pessima
2666 1973 3082 2028 est.Justorum
3105 1965 3408 2023 tribulatio
3441 1970 3629 2020 morte

1982 2070 2206 2137 finitur,
2239 2072 2606 2139 peccatorum
2664 2079 2797 2117 vero
2854 2057 3142 2130 supplicia
3192 2061 3326 2129 post
3375 2058 3622 2110 mortem

1982 2159 2291 2231 incipiunt.
2323 2155 2445 2222 Vel,
2475 2176 2503 2203 ‹‹
2538 2152 2733 2207 multae
2790 2146 3201 2205 tribulationes
3241 2146 3564 2216 justorum,
3600 2164 3630 2190 »

1981 2254 2037 2305 et
2069 2250 2138 2303 de
2168 2246 2444 2302 omnibus
2475 2243 2567 2297 his
2610 2238 2875 2295 liberavit
2906 2254 3004 2292 eos
3035 2234 3342 2290 Dominus.
3375 2234 3627 2288 Tentan-

1980 2344 2076 2393 tur
2128 2336 2304 2400 enim,
2339 2338 2405 2388 ut
2430 2329 2654 2403 probati
2690 2325 2982 2383 manifesti
3029 2323 3191 2378 fiant.
3227 2322 3336 2377 Sed
3370 2321 3427 2375 in
3479 2325 3628 2375 tem-

1981 2444 2117 2498 pore
2168 2426 2278 2481 erit
2334 2426 2633 2494 respectus
2704 2418 2992 2489 ipsorum,
3049 2430 3183 2469 cum
3238 2410 3631 2483 judicaverint

1979 2514 2268 2580 nationes,
2304 2518 2361 2566 et
2391 2507 2675 2566 dominati
2709 2504 2925 2560 fuerint
2954 2501 3207 2574 populis.

2052 2629 2076 2653 ‹‹
2103 2602 2388 2659 Dominus
2419 2597 2676 2654 custodit
2705 2593 2905 2650 omnia
2931 2610 3064 2647 ossa
3095 2606 3319 2645 eorum.
3355 2611 3383 2638 ››
3416 2589 3477 2643 Id
3514 2591 3626 2653 est,

1977 2694 2222 2748 virtutes
2251 2705 2473 2746 eorum.
2509 2710 2537 2737 «
2573 2686 2763 2741 Unum
2800 2701 2865 2737 ex
2896 2681 2989 2736 his
3044 2697 3156 2733 non
3209 2682 3561 2733 conteretur.
3598 2699 3625 2725 ››

1976 2783 2056 2839 De
2086 2780 2305 2837 sanctis
2337 2778 2460 2833 suis
2506 2776 2566 2830 in
2598 2775 2793 2829 futuro
2820 2770 3064 2841 judicio,
3117 2766 3410 2840 quomodo
3463 2765 3622 2831 dicit,

1975 2890 2160 2928 unum
2192 2888 2262 2926 ex
2317 2868 2409 2922 his
2467 2883 2582 2921 non
2629 2866 2978 2929 conteretur,
3012 2857 3150 2928 quia
3206 2854 3376 2909 multi
3408 2853 3628 2907 habent

1976 2980 2111 3018 ossa
2140 2962 2341 3024 fracta,
2376 2958 2529 3012 sicut
2559 2953 2813 3025 legimus
2844 2949 2914 3004 de
2955 2947 3175 3002 sanctis
3220 2942 3576 3014 martyribus
3597 2941 3626 2995 ?

1976 3052 2085 3107 Sed
2119 3049 2213 3104 hic
2242 3064 2396 3116 ossa,
2430 3035 2985 3105 ﬁrmamentum,vel
3016 3035 3260 3088 virtutes
3291 3031 3503 3087 animae
3534 3030 3623 3084 in-

1974 3324 2088 3375 tuas
2117 3318 2244 3371 vitae
2274 3313 2438 3380 dicit,
2498 3326 2674 3382 quam
2706 3324 2809 3379 per
2865 3320 3028 3376 spem
3073 3299 3207 3356 ﬁdei
3237 3302 3467 3372 gerunt,
3503 3296 3624 3351 sive

1974 3405 2375 3463 fortitudinem
2408 3417 2586 3473 quam
2639 3398 2698 3452 in
2727 3397 2853 3468 ipso
2884 3393 3105 3448 habent
3135 3395 3248 3444 Deo
3280 3385 3573 3442 custodire
3608 3401 3621 3440 :

1976 3514 2048 3553 ne
2077 3497 2135 3552 iu
2169 3494 2261 3549 bis
2288 3486 2766 3548 tribulationibus
2822 3483 3144 3555 tepescant,
3177 3483 3279 3533 aut
3313 3479 3622 3531 conteran-

1974 3592 2071 3641 tur
2099 3585 2159 3639 in
2191 3582 2407 3653 aliquo.

2045 3698 2073 3724 «ι
2109 3674 2266 3728 Mors
2290 3651 2692 3742 peccatorum
2727 3662 2985 3737 pessima
3012 3664 3120 3714 est.
3186 3680 3208 3706 ι
3267 3653 3414 3719 Quia
3441 3658 3497 3707 et
3527 3651 3622 3706 hic

1974 3764 2302 3826 initiantur,
2360 3763 2417 3813 et
2446 3758 2505 3812 in
2533 3757 2730 3810 futuro
2774 3752 2900 3807 sine
2930 3750 3045 3803 fine
3075 3747 3442 3817 torquentur.
3488 3764 3515 3791 ‹‹
3554 3744 3622 3796 Et

1975 3852 2076 3924 qui
2108 3842 2630 3918 oderuntjustuin,
2658 3841 3057 3911 delinquent.»
3089 3834 3389 3924 Christum
3417 3828 3505 3886 vel
3537 3834 3619 3884 te-

1975 3920 2330 3997 stamentum
2356 3937 2484 4007 ejus
2502 3930 2686 3988 Judaei
2713 3931 3015 3985 oderunt.«
3046 3924 3306 3979 Oderunt
3325 3920 3618 4007 justum.»

1974 4031 2032 4085 id
2063 4033 2172 4097 est,
2204 4005 2523 4087 Christum,
2585 4026 2643 4076 et
2676 4019 2801 4075 sine
2859 4032 3055 4072 causa.
3106 4012 3453 4097 Delinquenr,
3510 4005 3619 4059 hoc

1972 4125 2081 4185 est,
2116 4095 2455 4190 peccabunt.
2477 4110 2581 4167 Vel
2608 4109 2706 4182 qui
2739 4107 2863 4163 odit
2892 4103 3064 4158 modo
3084 4101 3339 4171 justum,
3372 4095 3480 4149 hoc
3507 4097 3615 4162 est,

1973 4218 2460 4277 unumquemque
2490 4205 2783 4263 sanctum,
2815 4195 3031 4265 peccat.

2046 4316 2073 4343 (ς
2110 4290 2375 4347 Redemit
2403 4286 2688 4341 Dominus
2721 4283 2951 4337 animas
2983 4290 3285 4332 servorum
3318 4288 3619 4327 suorum.»

1973 4380 2244 4437 Redemit
2298 4394 2404 4432 nos
2464 4373 2732 4430 Christus
2781 4367 3066 4439 sanguine
3099 4380 3205 4419 suo
3255 4361 3530 4435 pretioso,
3563 4364 3622 4415 et

1973 4469 2147 4525 modo
2204 4483 2307 4538 per
2366 4461 2633 4535 singulos
2686 4459 2811 4515 dies
2869 4456 3121 4512 redimit.
3153 4451 3275 4519 Vel,
3311 4474 3339 4500 «
3374 4449 3622 4505 redemit

1970 4557 2257 4616 Dominus
2287 4552 2513 4610 animas
2543 4564 2840 4606 servorum
2873 4561 3139 4611 suorum,
3171 4567 3197 4592 ››
3231 4542 3303 4596 de
3334 4542 3619 4611 potestate

202 4634 329 4690 Iste
358 4634 623 4706 psalmus
666 4638 727 4692 in
760 4653 1011 4709 persona
1068 4640 1354 4696 bonorum
1398 4646 1455 4697 et
1496 4643 1558 4697 in
1617 4660 1866 4716 persona
1895 4653 1942 4718 ι)
1974 4645 2244 4703 secundae
2299 4642 2526 4697 mortiS.
2561 4662 2588 4689 ‹‹
2623 4643 2691 4693 Et
2739 4654 2855 4692 non
2887 4633 3252 4704 derelinquet
3280 4643 3484 4684 omnes
3517 4625 3617 4697 qui

208 4721 509 4779 malorum
541 4725 740 4780 currit.
775 4730 1017 4798 Propter
1045 4728 1187 4798 quid
1210 4728 1406 4785 vultus
1435 4730 1535 4786 Dei
1566 4750 1742 4805 super
1760 4751 1859 4792 eos

206 4810 315 4883 qui
348 4810 505 4868 mala
535 4814 893 4870 faciunt?uUt
922 4816 1222 4887 disperdat
1241 4818 1312 4873 de
1332 4823 1487 4875 terra
1515 4824 1860 4879 memoriam

206 4916 438 4955 eorum.
474 4923 503 4951 »
564 4903 686 4958 Hoc
742 4909 833 4960 est
862 4905 931 4959 de
961 4910 1115 4960 terra
1144 4906 1482 4974 viventium,
1519 4915 1584 4964 ut
1608 4911 1691 4966 ait
1722 4929 1858 4984 pro-

204 4988 391 5060 pheta
421 5006 434 5044 :
465 4990 763 5047 Deleantur
799 4992 864 5048 de
912 4994 1056 5048 libro
1111 4994 1414 5050 viventium
1443 4996 1613 5068 (Psal.
1665 5018 1856 5067 vam,

201 5075 328 5146 29.)
356 5074 597 5134 Vultum
632 5079 726 5136 hic
761 5081 1016 5138 furorem
1047 5081 1560 5157 intelligimus,qui
1592 5087 1858 5146 mirando

204 5165 385 5231 iram,
420 5168 763 5225 memoriam
786 5171 1006 5242 peccati
1038 5188 1073 5226 a
1100 5177 1254 5228 terra
1284 5173 1589 5245 disperdit,
1620 5182 1683 5231 ut
1703 5179 1856 5233 radi-

204 5270 306 5308 ces
337 5254 719 5329 benignitatis
744 5276 863 5314 sua:
896 5260 1075 5331 (unde
1104 5276 1234 5317 eam
1266 5263 1578 5337 exciderat)
1610 5268 1853 5337 plantet.

202 5343 344 5405 Quae
375 5343 447 5398 de
472 5344 734 5413 auribus,
768 5347 974 5415 oculis,
1025 5365 1090 5404 ac
1122 5349 1192 5405 de
1218 5349 1382 5405 vultu
1408 5352 1707 5423 dicuntur,
1741 5374 1857 5413 non

203 5430 283 5486 ad
316 5434 783 5504 corporationem
815 5436 1076 5506 Deitatis,
1138 5439 1238 5494 sed
1278 5440 1351 5495 ad
1400 5443 1725 5513 majestatis
1755 5463 1857 5518 po-

202 5519 456 5575 tentiam
488 5522 791 5580 rcferenda
820 5530 981 5580 sunt.

283 5630 312 5657 «
374 5608 783 5668 Clamaverunt
830 5613 1006 5685 justi,
1081 5619 1137 5669 et
1224 5617 1501 5675 Dominus
1569 5622 1860 5678 exaudivit

206 5706 334 5765 eos,
370 5719 399 5746 (ί
431 5703 541 5755 etc.
574 5702 721 5767 Quia
751 5703 822 5759 de
850 5702 1108 5776 puritate
1132 5705 1324 5763 cordis
1373 5708 1599 5783 integra
1637 5708 1859 5767 clama-

1969 4739 2209 4808 sperant
2238 4733 2296 4788 in
2330 4748 2485 4787 eum.
2520 4753 2547 4778 ››

2044 4824 2152 4888 Qui
2182 4823 2241 4877 in
2272 4822 2387 4877 Deo
2419 4823 2680 4892 sperant,
2734 4833 2849 4870 non
2881 4813 3245 4882 derelinquet
3276 4824 3395 4871 eos,
3429 4819 3615 4874 neque

1967 4913 2083 4984 hic,
2118 4928 2306 4982 neque
2338 4911 2395 4965 in
2430 4912 2663 4963 futuro:
2699 4906 2798 4961 sed
2831 4920 2962 4959 cum
2998 4900 3144 4973 ipsis
3173 4892 3613 4984 est,secu‘ndum

1967 4981 2417 5073 promissionem
2472 5013 2662 5061 suam,
2728 5009 2914 5065 usque
2945 4991 3013 5045 ad
3048 4981 3615 5073 consummationem

1968 5070 2183 5144 sareuli.
2210 5089 2351 5155 Quis
2381 5086 2552 5141 nobis
2578 5089 2851 5156 praestare
2882 5080 3172 5152 dignetur,
3202 5079 3266 5129 ut
3297 5072 3373 5127 sit
3394 5070 3618 5141 jugiter

1968 5177 2096 5234 laus
2154 5179 2281 5248 ejus
2341 5176 2401 5230 in
2432 5192 2531 5230 ore
2577 5177 2796 5239 nostro,
2830 5171 3073 5241 ejusque
3100 5163 3364 5220 doctrina
3395 5157 3614 5248 medio-

1970 5268 2144 5322 criter
2159 5246 2520 5329 utentes,nee
2532 5260 2804 5318 extollere
2818 5275 2953 5331 pros
2958 5270 3228 5329 pera,nec
3244 5246 3619 5306 incommoda

1966 5353 2200 5410 valeant
2227 5353 2528 5409 inclinare.

2490 5475 2815 5534 PSALMUS
2853 5469 3087 5528 XXXIV.

1968 5573 2039 5625 In
2085 5570 2270 5637 finem,
2307 5569 2560 5623 Psalmus
2589 5567 2698 5636 ipsi
2755 5561 2943 5637 David.
2999 5559 3295 5637 lantinem,
3327 5553 3383 5608 id
3413 5548 3612 5637 estin

2040 5622 2365 5706 Christum,
2408 5645 2473 5695 ut
2504 5622 2647 5692 illud
2684 5653 2696 5690 :
2730 5636 2881 5689 Finis
2903 5633 3035 5702 legis
3058 5630 3333 5706 Christum
3362 5622 3431 5704 ad
3451 5622 3615 5692 justi-

2040 5714 2185 5767 tiam
2214 5696 2368 5768 omni
2422 5710 2671 5766 credenti
2728 5707 2900 5778 (Rom.
2933 5696 2989 5772 ἱ,
3046 5702 3121 5769 4).
3155 5697 3254 5753 Vel
3292 5696 3447 5760 ﬁnis,
3481 5706 3611 5763 per-
