3964 6190
247 354 359 414 981

1485 355 1982 419 BREVIARIUM
2029 357 2107 416 IN
2152 357 2540 422 PSALMOS.

3543 360 3663 421 982

247 487 445 544 tuerit.
477 486 604 556 Vel,
636 486 1016 553 delectabitur,
1048 486 1157 543 hoc
1214 491 1324 559 est,
1383 488 1677 544 laetabitur
1729 504 1907 561 super
1937 491 1990 556 Α
2019 490 2238 546 duritia
2268 490 2466 564 populi
2512 509 2627 547 non
2659 492 2947 547 credentis
2980 508 2993 546 :
3028 491 3337 548 celebravit
3356 491 3655 564 jejunium

247 574 495 633 salutari
534 575 684 644 ejus.
719 574 1005 631 Salutaris
1062 579 1259 631 noster
1311 575 1579 632 Christus
1621 581 1730 647 est,
1763 578 1935 658 quia.

247 665 309 721 in
339 663 467 736 ipso
499 663 821 719 delectatur
850 662 1121 732 Ecclesia,
1158 668 1223 720 ut
1281 664 1362 719 ait
1416 664 1688 720 Salomon
1723 684 1736 722 :
1768 666 1902 734 Quae

245 757 324 809 est
353 756 463 809 ista
493 769 612 825 qua
641 753 884 808 ascendit
926 753 1203 821 dealbata,
1253 762 1305 810 et
1347 755 1547 809 innixa
1582 771 1751 831 super
1776 757 1882 826 fra-

248 842 482 899 truelem
511 858 677 898 suum
706 840 885 913 (Cant.
918 858 1046 913 vm,
1077 841 1183 913 5)?

322 953 351 979 «ι
386 931 597 987 Omnia
627 947 763 986 ossa
794 946 924 986 mea
953 930 1146 986 dicent
1179 948 1191 987 :
1220 930 1487 1002 Domine,
1520 932 1654 1004 quis
1687 931 1901 988 similis

243 1020 405 1076 tibi?
432 1042 461 1071 ››
496 1020 560 1075 In
591 1020 847 1087 ossibus,
872 1020 1195 1086 aeternitas,
1226 1019 1346 1075 sive
1376 1021 1656 1077 fortitudo
1682 1021 1896 1076 intelli-

242 1109 422 1182 gitur,
457 1108 611 1180 quod
646 1109 718 1165 ad
769 1108 1067 1180 apostolos
1096 1109 1346 1165 refertur
1376 1128 1389 1164 :
1425 1115 1492 1165 ut
1525 1110 1741 1177 quibus
1771 1109 1897 1166 visa

242 1198 420 1254 fuerit
475 1196 733 1269 primum
786 1198 963 1252 verba
991 1198 1442 1254 resurrectionis
1484 1200 1654 1270 quasi
1686 1199 1896 1253 delira-

242 1291 462 1356 menta,
497 1302 653 1341 nunc
683 1285 1017 1341 collaudent
1046 1290 1103 1341 et
1160 1286 1360 1342 dicant
1390 1305 1403 1342 :
1442 1310 1469 1336 ‹‹
1499 1288 1639 1353 Quis
1686 1287 1899 1343 similis

240 1375 399 1432 tibi?
426 1397 453 1423 »
484 1375 594 1430 hoc
626 1375 878 1446 est,quis
902 1378 966 1429 ut
982 1378 1046 1430 tu
1077 1376 1272 1448 potuit
1302 1376 1371 1431 de
1404 1382 1589 1431 morte
1606 1375 1900 1432 revocare?

238 1463 341 1519 Vel
376 1480 533 1528 ossa,
564 1462 833 1519 fortiores
893 1462 1104 1532 sancti,
1135 1463 1224 1519 vel
1255 1464 1499 1521 virtutes
1533 1470 1893 1522 sanctorum.

242 1574 271 1601 ‹‹
306 1552 449 1617 Quis
480 1550 693 1607 similis
722 1550 923 1606 tibi?»
952 1556 1035 1606 Ac
1068 1552 1118 1607 si
1149 1551 1304 1606 dicat
1337 1569 1349 1607 :
1382 1553 1581 1608 Nemo.
1616 1553 1743 1608 Alio
1769 1552 1895 1610 loco

242 1641 393 1696 dicit
435 1659 449 1697 :
480 1641 623 1696 Deus
652 1642 779 1711 quis
806 1641 1010 1695 similis
1039 1640 1143 1697 tibi
1175 1640 1347 1712 (Psat.
1382 1658 1505 1710 LXX,
1534 1641 1667 1714 19)?
1695 1642 1752 1697 id
1783 1648 1891 1709 est,

242 1729 466 1785 nullus.

317 1841 347 1868 ‹‹
374 1817 637 1890 Eripiens
670 1817 903 1890 inopem
936 1818 1008 1873 de
1070 1835 1247 1874 manu
1308 1819 1614 1877 fortiorum
1670 1822 1815 1892 ejus.
1858 1843 1887 1872 ››
1917 1858 1966 1923 Β

234 1907 416 1979 Inops
447 1906 711 1963 Christus
740 1923 844 1979 pro
875 1907 1066 1974 nobis,
1095 1912 1161 1962 ut
1189 1907 1349 1964 illius
1379 1908 1578 1981 inopia
1609 1926 1715 1966 nos
1747 1910 1889 1965 divi-

233 1999 330 2051 tes
367 1996 599 2051 faceret.
631 2000 708 2051 De
737 2012 916 2051 manu
949 1996 1256 2053 fortiorum
1290 2014 1304 2053 :
1336 1997 1396 2052 id
1422 2002 1530 2064 est,
1590 1999 1661 2054 de
1709 2016 1887 2055 manu

232 2084 577 2141 Judaeorum
606 2084 874 2140 liberavit
903 2101 1039 2140 eum
1072 2090 1223 2142 Deus
1253 2086 1438 2142 Pater.
1472 2088 1645 2161 Inops
1693 2087 1888 2145 Chris-

232 2177 362 2243 tus,
420 2190 491 2229 ex
545 2190 796 2245 persona
839 2174 1239 2230 membrorum
1299 2192 1541 2231 suorum
1605 2175 1885 2248 loquitur.

229 2283 263 2312 «
302 2262 566 2334 Egenum
600 2267 656 2318 et
684 2278 997 2335 pauperem
1056 2280 1091 2319 a
1128 2263 1538 2336 diripientibus
1586 2282 1743 2321 eum.
1779 2289 1807 2316 »
1838 2273 1889 2322 A

230 2352 639 2422 potestatibus
696 2353 1090 2408 tenebrarum.
1125 2355 1383 2418 Quorum
1423 2353 1679 2410 maxima
1702 2356 1887 2412 virtus

234 2442 357 2509 est,
390 2442 458 2493 ut
485 2440 717 2511 possint
744 2440 992 2513 diripere
1025 2458 1312 2514 pauperes
1340 2446 1496 2498 tuos.

313 2549 343 2577 «
378 2528 771 2600 Exsurgentes
801 2533 982 2585 testes
1010 2530 1221 2603 iniqui,
1262 2548 1388 2603 quae
1422 2531 1771 2604 ignorabant
1798 2534 1887 2589 in-

228 2616 620 2689 terrogabant
648 2634 761 2673 me.
796 2641 825 2667 ››
856 2619 1235 2692 Evangelium
1276 2620 1455 2675 falsos
1486 2626 1666 2677 testes
1698 2623 1838 2677 dicit
1871 2640 1884 2678 :

235 2704 552 2777 Propheta,
586 2705 845 2779 iniquos.
873 2709 941 2763 Et
972 2707 1105 2763 falsi
1132 2725 1281 2780 quos
1300 2709 1671 2782 Evangelium
1700 2715 1886 2783 vocat,

228 2793 720 2866 interrogantur;
753 2796 824 2851 de
854 2795 1072 2869 quibus
1101 2813 1236 2852 vero
1294 2798 1577 2870 propheta
1607 2798 1886 2872 loquitur,

226 2883 621 2954 interrogant.
644 2883 806 2940 Unde
824 2884 1271 2958 intelligendum
1302 2890 1391 2943 est
1411 2889 1565 2959 quod
1598 2890 1889 2960 principes

225 2971 607 3027 sacerdotum
673 2978 815 3028 sunt
874 2973 1064 3046 iniqui
1094 2978 1295 3042 testes,
1346 2976 1449 3047 qui
1499 2976 1888 3049 interrogave-

226 3063 379 3115 runt
406 3076 533 3131 qum
566 3062 919 3133 nesciebant,
982 3052 1241 3119 dicentes
1273 3082 1286 3119 :
1329 3065 1661 3135 Adjuramus
1718 3075 1768 3121 te
1792 3084 1892 3138 per

230 3153 442 3217 Deum,
498 3153 560 3204 ut
619 3151 778 3207 dicas
834 3150 989 3206 nobis
1042 3154 1094 3207 si
1131 3156 1191 3207 tu
1229 3169 1284 3208 es
1320 3154 1497 3208 Filius
1534 3154 1634 3209 Dei
1672 3154 1886 3225 (Matth.

222 3255 392 3305 XXVI,
421 3239 535 3307 63).
566 3238 806 3295 Dicente
846 3243 1044 3295 autem
1077 3240 1196 3305 illo,
1255 3242 1374 3314 Ego
1406 3259 1561 3310 sum,
1596 3243 1895 3301 sciderunt
1925 3225 1968 3291 (ἶ
2006 3242 2218 3311 (Matth.
2275 3258 2426 3311 xxvr,
2492 3240 2604 3310 38).
2675 3261 2701 3288 ‹‹

221 3326 595 3383 vestimenta
626 3344 754 3398 sua,
788 3332 844 3384 et
902 3329 1073 3401 quasi
1130 3329 1190 3384 in
1238 3329 1643 3386 testimonium
1672 3331 1888 3388 clama-

220 3420 448 3471 verunt
479 3432 492 3470 :
526 3418 641 3488 Ipsi
667 3416 900 3473 audistis
932 3416 1509 3490 blasphemiam;quid
1537 3420 1715 3475 adhuc
1741 3437 1886 3492 quae-

215 3506 404 3561 rimus
433 3509 590 3561 testes
618 3505 784 3575 (Ibid.
816 3507 907 3573 64,
931 3507 1075 3578 65)?
1109 3508 1342 3563 Falsum
1368 3509 1526 3563 enim
1556 3514 1682 3565 erat
1710 3510 1849 3565 testi
1869 3543 1890 3552 -

217 3593 520 3660 monium,
549 3598 617 3649 ut
643 3593 904 3650 dicerent
934 3611 1069 3651 eum
1100 3595 1561 3668 blasphemasse,
1597 3598 1698 3670 qui
1728 3599 1886 3655 dixe-

220 3686 321 3738 rat
345 3681 669 3738 veritatem.

308 3790 330 3817 ι
362 3771 428 3826 Et
455 3771 858 3827 retribuebant
913 3773 1058 3828 mihi
1095 3774 1250 3830 mala
1281 3792 1385 3847 pro
1415 3776 1584 3831 nobis
1620 3792 1633 3830 :
1668 3776 1886 3832 sterili-

217 3863 409 3916 tatem
443 3861 650 3916 anima:
682 3877 843 3917 meae.
882 3885 903 3910 ι
938 3862 1218 3919 Exibente
1249 3880 1341 3918 me
1369 3865 1573 3932 vitam,
1607 3866 1885 3921 condem-

217 3953 516 4004 naverunt
574 3966 668 4005 me
726 3950 922 4020 morti,
983 3955 1041 4006 et
1084 3952 1503 4008 fecunditatem
1590 3955 1881 4010 bonorum

217 4036 556 4093 ccelestium
588 4039 972 4110 promittenti,
1004 4040 1132 4096 vitae
1188 4041 1497 4113 penuriam
1534 4042 1882 4098 intulerunt.

216 4125 322 4182 Sic
353 4126 614 4181 fecerunt
639 4127 821 4182 Judaei
872 4128 1100 4186 Christo
1133 4146 1147 4184 :
1181 4147 1286 4202 pro
1332 4132 1502 4187 nobis
1564 4132 1719 4186 mala
1749 4134 1884 4188 red-

215 4214 523 4271 diderunt.
559 4238 587 4265 ‹‹
619 4216 998 4274 Sterilitatem
1032 4219 1242 4275 animas
1276 4236 1456 4289 meae;
1509 4221 1575 4283 id,
1599 4226 1706 4287 est,
1740 4240 1882 4295 quo-

230 4303 415 4359 modo
444 4303 684 4360 illorum
747 4306 956 4362 animae
1012 4308 1240 4365 steriles
1296 4314 1464 4365 erant
1505 4311 1577 4366 de
1606 4311 1778 4375 bono,
1828 4316 1886 4367 et

227 4389 420 4465 plena:
451 4392 521 4448 de
551 4399 788 4466 peccato
824 4411 837 4449 :
870 4396 955 4451 sic
985 4396 1298 4455 voluerunt
1353 4404 1419 4455 ut
1447 4400 1644 4456 anima
1668 4400 1881 4457 Christi

221 4480 459 4537 fuisset.

2010 596 2196 651 usque
2227 582 2297 635 ad
2324 597 2645 653 vesperam,
2674 597 2808 635 cum
2838 580 2897 633 in
2928 596 3167 650 vespera
3187 581 3392 635 mundi
3423 580 3655 636 oblatus

2010 673 2119 738 est,
2154 686 2257 741 pro
2288 670 2492 724 mundi
2524 674 2733 725 salute.
2765 670 3053 724 Conversa
3103 672 3192 723 est
3220 669 3404 723 oratio
3437 671 3563 740 ejus
3593 669 3654 724 in

2011 758 2206 814 sinum
2238 758 2590 826 Patris,cum
2624 758 2680 811 in
2714 755 2896 812 nihilo
2931 760 3020 812 est
3052 756 3369 811 frustratus
3400 774 3433 812 a
3464 757 3651 826 Patre,

2011 850 2069 901 et
2099 850 2268 901 Pater
2298 862 2412 901 non
2445 846 2614 919 quasi
2641 845 2853 901 minori
2884 843 3172 916 praestitit,
3198 844 3297 899 sed
3330 848 3395 898 ut
3419 861 3650 901 assum-

2011 939 2176 1006 ptum
2207 934 2505 991 hominem
2538 920 3152 990 declarareLChristus
3184 949 3299 988 non
3321 932 3652 989 carnaliter.

2010 1023 2111 1078 sed
2133 1022 2517 1095 spiritualiter
2536 1023 2842 1094 jejunavit.
2878 1022 3155 1076 Esuriens
3184 1021 3343 1076 venit
3373 1021 3444 1075 ad
3478 1022 3654 1076 arbo-

2010 1127 2133 1166 rem
2194 1112 2286 1167 fici
2343 1112 2550 1184 (Malth.
2605 1128 2720 1178 xxx,
2777 1113 2863 1176 18,
2926 1111 3012 1179 19)
3074 1126 3087 1163 :
3134 1109 3337 1165 sitiens
3393 1108 3553 1164 venit
3581 1110 3652 1163 ad

2010 1201 2225 1255 fontem
2256 1202 2470 1271 (Joann.
2508 1217 2581 1269 ιν,
2614 1201 2690 1271 7).
2741 1198 3045 1254 Esuriebat
3100 1196 3351 1253 salutem
3408 1197 3653 1252 humani

2008 1289 2239 1361 generis
2304 1305 2317 1342 :
2400 1288 2633 1343 sitiebat
2706 1288 2882 1343 fidem
2979 1286 3265 1342 Ecclesiae.
3341 1286 3653 1341 Esuriebat

2007 1377 2065 1432 in
2100 1377 2388 1448 passione,
2423 1378 2657 1448 quando
2678 1384 2902 1446 Omnes,
2927 1376 3179 1430 maxime
3209 1374 3653 1446 apostoli,nega-

2004 1471 2213 1521 verunt
2233 1467 2440 1533 (Matth.
2472 1482 2622 1533 XXVI,
2654 1467 2768 1533 56),
2804 1465 2918 1519 nisi
2949 1470 3178 1520 tantum
3208 1464 3356 1519 latro
3386 1463 3445 1518 in
3478 1480 3648 1519 cruce

2004 1556 2307 1611 confessus
2336 1560 2427 1610 est
2451 1556 2608 1624 (Luc.
2641 1572 2804 1621 xxm,
2856 1555 2965 1622 42).
3027 1576 3054 1603 ‹‹
3088 1554 3155 1607 Et
3211 1552 3397 1608 oratio
3427 1567 3559 1607 mea
3587 1552 3647 1607 in

2005 1643 2137 1700 sinu
2197 1660 2325 1700 meo
2383 1647 2768 1700 convertatur.
2830 1644 2944 1697 Hoc
3000 1646 3110 1707 est,
3160 1642 3223 1698 in
3271 1646 3489 1697 secreto
3548 1637 3656 1696 Dei

2002 1733 2191 1789 Patris
2221 1733 2447 1806 agebat.
2483 1733 2550 1788 Et
2580 1731 2766 1788 sancti
2816 1734 2986 1787 orant
3028 1730 3088 1784 in
3143 1734 3364 1785 secreto
3400 1746 3413 1784 :
3445 1728 3503 1783 id
3535 1734 3644 1796 est,

2002 1822 2062 1879 in
2094 1822 2286 1892 corde,
2317 1822 2418 1878 ubi
2449 1822 2604 1877 Deus
2641 1820 2870 1876 videtur
2901 1823 2969 1874 ut
3014 1819 3074 1874 in
3123 1815 3432 1889 Evangelio
3466 1833 3478 1872 :
3516 1816 3649 1871 Cum

1996 1928 2046 1968 ο)
2059 1929 2142 1981 as,
2173 1912 2324 1967 intra
2348 1912 2409 1965 in
2440 1910 2755 1966 cubiculum
2783 1914 2960 1980 tuum,
3000 1916 3052 1963 et
3078 1924 3176 1963 ora
3219 1911 3445 1962 Patrem
3492 1909 3650 1959 tuum

1997 2003 2058 2056 in
2104 1999 2411 2056 abscondito
2455 1998 2665 2069 (Matth.
2712 2015 2789 2063 Vl,
2839 1998 2916 2064 6).
2984 1997 3054 2052 Et
3119 1997 3289 2051 Anna
3336 1994 3539 2050 orabat
3588 1994 3648 2050 in

1994 2088 2212 2162 templo
2242 2090 2295 2162 (Ι
2318 2091 2446 2158 Reg.
2478 2106 2519 2160 ι,
2546 2088 2657 2159 13).

2068 2203 2095 2228 ‹‹
2148 2178 2325 2244 Quasi
2373 2177 2726 2249 proximum,
2776 2175 2946 2248 quasi
2998 2175 3234 2230 fratrem
3284 2175 3573 2228 nostrum.
3619 2193 3648 2221 »

1995 2267 2051 2322 Si
2084 2284 2152 2322 ex
2201 2282 2451 2339 persona
2519 2265 2699 2321 David
2732 2263 3027 2337 psalmum
3074 2261 3416 2334 accipimus,
3448 2260 3643 2332 proxi-

1998 2373 2157 2410 mum
2210 2355 2531 2426 accipimus
2580 2353 2834 2409 Saulem.
2884 2352 2941 2407 Si
3008 2368 3077 2408 ex
3123 2349 3360 2417 Christi,
3424 2349 3639 2404 Judam

1997 2445 2351 2517 proditorem
2412 2443 2743 2515 proximum
2809 2444 2995 2496 vocat.
3058 2439 3153 2495 Vel
3207 2439 3529 2511 proximus,
3584 2442 3643 2492 et

1998 2536 2174 2590 frater
2220 2534 2484 2589 Christus
2520 2532 2741 2587 Judzeis
2793 2548 2805 2587 :
2858 2531 3000 2602 quia
3027 2530 3099 2585 de
3130 2528 3275 2601 ipsis
3307 2528 3643 2583 humanita-

1996 2630 2112 2680 tem
2168 2622 2421 2678 attraxit.
2472 2644 2499 2671 ‹‹
2548 2626 2634 2676 Ita
2671 2619 3129 2692 complacebam.
3183 2639 3212 2667 »
3263 2617 3323 2673 Id
3395 2622 3471 2684 et,
3532 2618 3642 2671 Deo

1996 2712 2148 2768 Patri
2205 2712 2427 2767 :t‘rater
2485 2727 2551 2765 ac
2582 2709 2885 2781 proximus
2945 2711 3069 2762 erat
3117 2708 3351 2778 propter
3402 2720 3643 2777 genera-

1995 2803 2214 2857 tionem
2248 2815 2605 2871 corpoream.
2639 2820 2667 2846 «
2702 2796 2878 2861 Quasi
2903 2794 3128 2865 lugens,
3152 2798 3209 2849 et
3239 2792 3641 2861 contristatus,

1998 2890 2081 2946 sic
2113 2887 2487 2944 humiliabar.
2524 2909 2552 2936 »
2584 2886 2846 2956 Lugebat
2874 2883 3053 2949 enim,
3095 2898 3251 2950 cum,
3285 2880 3646 2936 confortante

2000 2978 2224 3050 angelo,
2292 2980 2468 3049 guttae
2545 2972 2776 3030 sudoris
2853 2974 2981 3042 ejus
3038 2976 3322 3042 tanquam
3400 2968 3646 3040 sanguis

1998 3067 2333 3124 deﬂuebant
2377 3065 2447 3120 ad
2496 3068 2733 3119 terram.
2788 3062 2858 3116 Et
2921 3060 3297 3116 contristatus
3364 3060 3453 3113 est
3513 3072 3646 3111 cum

2004 3157 2263 3211 diceret:
2317 3155 2504 3209 Tristis
2551 3155 2628 3207 est
2664 3152 2854 3207 anima
2904 3166 3029 3205 mea
3074 3164 3244 3218 usque
3293 3146 3363 3202 ad
3411 3149 3650 3202 mortem

2767 3239 3073 3308 Tanquam
3125 3235 3331 3307 lugens
3386 3238 3443 3289 et
3507 3250 3649 3288 con-

1997 3333 2287 3388 tristatus.
2347 3354 2375 3381 »
2428 3329 2690 3402 Lugebat
2737 3326 3004 3382 Christus
3053 3341 3155 3396 pro
3204 3328 3366 3395 parte
3425 3327 3646 3387 nostra,

2007 3426 2071 3475 ut
2102 3420 2244 3475 illud
2280 3438 2292 3474 :
2334 3419 2545 3486 Videas,
2577 3417 2789 3489 inquit,
2823 3417 3121 3485 civitatem,
3154 3414 3303 3484 ﬂevit
3333 3428 3498 3484 super
3523 3429 3650 3466 eam

1997 3511 2147 3581 (Luc.
2202 3526 2322 3575 xxx,
2355 3509 2465 3575 41).
2509 3528 2538 3556 ‹‹
2586 3508 2669 3561 Ita
2726 3503 3079 3560 humiliabar
3120 3522 3134 3571 ;
3186 3502 3324 3574 quia
3380 3501 3646 3557 Christus

1996 3598 2346 3653 humiliatus
2378 3605 2465 3651 est
2521 3596 2578 3650 in
2640 3595 2931 3667 passione.
2984 3592 3110 3659 Vel,
3150 3613 3171 3641 ι
3206 3592 3289 3648 sic
3320 3590 3647 3664 complace-

1996 3688 2130 3742 bam
2157 3705 2170 3754 ;
2205 3709 2233 3736 ››
2267 3685 2405 3758 quia
2434 3684 2833 3756 complacebat
2866 3683 3017 3737 Patri
3048 3699 3150 3754 per
3168 3682 3345 3736 ﬁdem
3376 3684 3433 3736 et
3458 3696 3644 3753 spem.

2072 3778 2107 3824 ι’
2131 3777 2199 3830 Et
2228 3776 2535 3830 adversum
2564 3790 2655 3828 me
2684 3771 2858 3828 lzetati
2894 3776 3051 3826 sunt.
3087 3794 3114 3821 ››
3147 3769 3347 3825 Laetati
3379 3774 3519 3825 sunt
3546 3770 3646 3824 Ju-

1995 3865 2365 3936 daei,quando
2398 3862 2696 3919 Christum
2729 3861 3333 3933 apprehenderunt,ut
3364 3876 3499 3915 eum
3522 3875 3648 3914 cru-

1994 3953 2315 4025 cifigerent.
2347 3974 2375 4002 «
2408 3952 2475 4005 Et
2528 3955 2922 4005 convenerunt
2978 3952 3038 4005 in
3070 3965 3277 4004 unum.
3342 3970 3370 3998 ››
3404 3948 3489 4001 Ad
3538 3948 3648 4001 hoc

1994 4045 2413 4108 convenerunt,
2461 4045 2526 4095 ut
2586 4040 2881 4095 Christum
2944 4038 3350 4110 ericiﬁgerent,
3408 4052 3522 4090 non
3584 4039 3647 4089 ut

1995 4132 2315 4187 crederent.
2366 4130 2467 4185 Vel
2519 4130 2799 4183 adversus
2854 4145 2943 4183 me
2988 4126 3323 4198 congregati
3372 4129 3532 4190 sunt,
3591 4128 3647 4179 et

1993 4223 2407 4281 convenerunt,
2458 4235 2590 4273 cum
2650 4217 2988 4271 traditionis
3016 4232 3154 4271 mea:
3186 4214 3640 4285 promissionem

1992 4309 2331 4364 haberent.«
2364 4307 2724 4379 Congregata
2755 4310 2893 4360 sunt
2921 4305 2980 4359 in
3013 4320 3105 4359 me
3138 4302 3387 4376 ﬂagella.
3422 4302 3642 4377 Flagel-

1990 4398 2256 4453 laverunt
2278 4396 2596 4460 Christum,
2630 4395 2783 4450 sicut
2819 4394 2963 4447 dixit
2999 4412 3012 4448 :
3038 4394 3174 4448 Cum
3201 4393 3404 4464 gladiis
3434 4398 3485 4449 et
3520 4396 3641 4464 fus-

1992 4488 2138 4542 tibus
2168 4486 2237 4541 ad
2268 4502 2350 4541 me
2386 4486 2589 4540 venisti
2648 4484 2857 4554 (Matth.
2906 4501 3058 4553 XXVI,
3117 4484 3230 4554 55).
3292 4484 3362 4537 Et
3419 4482 3642 4537 Pilatus

310 4591 337 4622 α
366 4571 484 4643 Ego
515 4574 713 4628 autem
744 4589 879 4628 cum
912 4573 1057 4628 mihi
1086 4573 1317 4631 molesti
1349 4581 1562 4644 essent,
1597 4578 1887 4635 induebar
1914 4593 1962 4658 D
1997 4575 2184 4631 dixit:
2221 4576 2510 4629 Dimittam
2540 4590 2662 4628 eum
2694 4572 3044 4628 emendatum
3101 4573 3253 4642 (Luc.
3303 4588 3466 4641 χχιιι,
3502 4572 3591 4642 16)
3625 4589 3637 4626 :

231 4658 449 4715 cilicio.
486 4682 515 4709 ››
547 4661 674 4717 Haec
705 4667 844 4717 sunt
886 4679 1051 4718 arma
1081 4668 1442 4720 sanctorum.
1477 4668 1656 4723 Totus
1685 4672 1881 4723 autem

234 4748 507 4821 psalmus
537 4766 605 4805 ex
635 4767 886 4822 persona
914 4751 1130 4808 Christi
1187 4757 1299 4820 est,
1329 4759 1388 4810 et
1436 4771 1541 4828 per
1587 4756 1886 4813 Christum

223 4838 304 4893 ad
336 4854 538 4895 omnes
570 4845 807 4897 sanctos
828 4841 1028 4898 referri
1054 4845 1268 4914 potest.
1298 4865 1325 4893 ‹‹
1353 4845 1640 4900 Induebar
1670 4844 1878 4901 cilicio.

224 4926 302 4983 Et
329 4926 712 4985 humiliabam
758 4930 817 4985 in
860 4931 1089 5002 jejunio
1122 4931 1379 4987 animam
1413 4950 1626 4989 meam.
1660 4957 1680 4982 ι
1716 4934 1882 5007 Legi-

225 5031 366 5070 mus
395 5014 552 5072 illius
604 5018 925 5089 jejunium,
985 5035 1103 5075 non
1159 5020 1413 5093 legimus
1459 5021 1734 5079 cilicium.
1769 5023 1881 5079 Sed

225 5119 334 5175 per
364 5103 623 5160 cilicium
671 5111 1025 5178 peccatores,
1060 5109 1200 5181 quia
1255 5110 1503 5166 vestitus
1533 5112 1884 5183 pcenitentiae

233 5197 346 5247 est.
385 5215 407 5242 ι
443 5194 735 5251 Induebar
789 5197 999 5255 cilicio.
1027 5218 1055 5249 ι»
1113 5202 1196 5252 Ac
1256 5198 1305 5253 si
1338 5198 1495 5254 dicat
1527 5216 1540 5254 :
1576 5201 1770 5256 Induit
1824 5218 1887 5257 se

232 5280 511 5338 divinitas
541 5299 734 5352 carne,
765 5290 822 5342 et
854 5287 925 5342 de
958 5290 1191 5355 peccato
1234 5287 1532 5342 damnavit
1560 5293 1885 5360 peccatum.

245 5389 268 5416 ιι
298 5370 417 5442 Ego
462 5375 658 5427 autem
690 5390 823 5428 cum
874 5375 1019 5430 mihi
1072 5368 1312 5432 molesti
1356 5382 1570 5445 essent,
1604 5378 1891 5435 induebar

242 5456 452 5529 cilicio,
483 5464 540 5515 et
568 5461 956 5519 humiliabam
989 5464 1292 5535 injejunio
1322 5466 1580 5522 animam
1615 5472 1892 5538 meam,et

244 5547 430 5603 oratio
462 5565 593 5605 mea
619 5551 678 5606 in
705 5551 838 5606 sinu
872 5568 999 5607 meo
1021 5558 1411 5610 convertatur.
1447 5578 1475 5604 »
1508 5555 1707 5610 Induit
1735 5557 1889 5611 enim

1994 4665 2051 4720 id
2086 4668 2192 4730 est,
2226 4662 2583 4736 flagellatum
2616 4662 2929 4717 dimittam.
2976 4664 3039 4717 Et
3076 4676 3187 4715 non
3214 4662 3458 4731 cognovi.
3490 4659 3638 4722 Quid

1998 4771 2113 4810 non
2146 4752 2500 4825 cognoverit,
2535 4751 2834 4823 quaeritur.
2866 4750 3107 4814 Quidam
3143 4753 3352 4822 putant
3380 4747 3641 4804 dolorem

1995 4842 2306 4898 vulnerum
2341 4858 2468 4912 quas
2492 4840 2823 4913 patiebatur
2852 4840 2909 4895 in
2942 4856 3131 4895 cruce.
3187 4839 3298 4895 Sed
3331 4837 3543 4893 melius
3570 4838 3640 4892 ad

1993 4936 2229 5005 peccata
2260 4931 2526 5001 refertur,
2560 4931 2712 5002 quod
2766 4946 2879 4984 non
2914 4929 3185 4983 habuerit
3223 4927 3641 4983 conscientiam

1994 5026 2390 5096 peccatorum,
2422 5036 2602 5091 quare
2632 5019 2945 5073 cruciﬁxus
2989 5018 3083 5073 sit.
3117 5016 3497 5101 Et‘ignoravi,
3529 5034 3644 5072 non

1998 5112 2152 5183 quod
2182 5110 2412 5181 ignoret
2443 5107 2711 5163 Christus
2744 5105 2964 5177 aliquid
3000 5123 3012 5160 :
3048 5107 3146 5160 sed
3179 5105 3460 5178 ignoravi,
3508 5106 3649 5177 quia

1997 5204 2237 5273 propter
2266 5198 2421 5271 quod
2453 5196 2611 5253 istud
2645 5195 2789 5250 mihi
2819 5194 3052 5265 accidit,
3086 5211 3198 5250 non
3222 5194 3513 5252 commisi.
3548 5194 3645 5250 Vel

1997 5291 2433 5361 ignoraverunt,
2484 5286 2637 5356 quod
2689 5289 2839 5339 Deus
2886 5284 2996 5338 sub
3055 5283 3247 5338 carnis
3321 5282 3647 5339 velamento

1998 5377 2222 5432 lateret.

2073 5488 2101 5515 ‹‹
2136 5463 2411 5537 Dissipati
2470 5469 2628 5520 sunt.
2664 5485 2693 5512 »
2741 5464 2787 5518 A
2837 5460 3072 5518 vinculo
3121 5462 3443 5518 charitatis.
3474 5482 3501 5511 «
3533 5461 3648 5517 Nec

2002 5553 2358 5627 compuncti.
2395 5575 2422 5602 »
2455 5553 2527 5608 Ut
2556 5558 2795 5625 agerent
2851 5551 3275 5624 paenitentiam.
3315 5571 3337 5598 α
3370 5552 3647 5606 Tentave-

242 5635 529 5694 Dominus
595 5639 968 5711 asperitatem
1036 5641 1350 5713 passionis,
1417 5650 1475 5700 et
1537 5643 1763 5701 luctum
1824 5635 1895 5701 de
2006 5648 2145 5702 runt
2174 5658 2289 5699 me.
2325 5664 2353 5692 »
2385 5640 2584 5697 Multis
2614 5641 2805 5697 modis
2847 5644 3216 5697 tentaverunt
3268 5638 3453 5695 Judmi
3485 5638 3647 5693 Chri-
