3964 6190
404 350 523 412 983

407 490 587 555 stum,
622 482 774 539 sicut
804 483 948 539 dixit
977 501 1131 541 unus
1168 503 1237 542 ex
1291 486 1437 558 ipsis
1492 504 1506 543 :

401 575 648 646 primum
674 572 1000 629 mandatum
1028 574 1238 642 (Matth.
1270 593 1410 639 xxu,
1459 576 1571 646 36).
1624 597 1652 626 ε(
1710 576 2045 631 Subsanna-

403 665 613 715 verunt
660 677 754 716 me
803 662 1280 719 subsannatione.
1314 686 1341 715 ιο
1377 662 1728 719 Deludentes
1759 667 1933 734 atque
1963 663 2050 717 di-

406 755 603 806 centes
636 768 650 808 :
682 750 789 806 Ave
817 768 920 806 rex
947 751 1265 808 Judworum-
1323 752 1497 823 (Joan.
1537 769 1653 819 xxx,
1711 753 1787 823 3).
1824 773 1851 800 ‹‹
1886 752 2055 806 Fren-

410 840 673 894 duerunt
729 856 907 912 super
964 857 1058 895 me
1116 841 1389 896 dentibus
1449 841 1594 896 suis.
1630 864 1658 889 »
1697 840 2050 895 Clamantes.

412 928 681 999 Cruciﬁge
735 945 860 984 eum
917 929 1081 1000 (Ibid.
1140 931 1195 1001 6,
1230 931 1339 998 15).
1373 930 1481 984 Per
1536 934 1731 985 motus
1773 929 2053 999 corporis,

413 1017 744 1072 ostenditur
798 1023 994 1073 motus
1053 1018 1280 1074 animae.
1342 1020 1447 1074 Per
1475 1019 1677 1073 dentes
1707 1017 2057 1089 intelligitur

414 1104 640 1161 malitia
673 1124 686 1164 :
722 1107 860 1179 quia
889 1124 991 1178 per
1025 1107 1310 1163 malitiam
1342 1108 1537 1179 ipsum
1568 1106 2057 1173 cruciﬂxerunt,et

413 1195 476 1250 in
505 1195 662 1251 hunc
692 1196 964 1252 dentibus
997 1198 1337 1252 striderunt.

482 1307 511 1335 «
546 1285 808 1351 Domine,
834 1286 1067 1357 quando
1098 1286 1398 1357 respicies.
1430 1308 1458 1335 »
1495 1285 1786 1356 Propheta
1833 1303 1901 1341 ex
1929 1302 2058 1357 per-

410 1391 554 1430 sona
583 1373 849 1430 Ecclesiae
907 1374 1068 1430 dicit.
1126 1382 1208 1430 Ac
1262 1375 1312 1430 si
1370 1374 1565 1430 dicat:
1602 1374 1843 1445 Respice
1876 1374 2058 1430 malo-

408 1479 540 1518 rum
600 1463 999 1535 iniquitatem,
1051 1468 1108 1520 et
1167 1480 1360 1518 meam
1413 1462 1713 1533 justitiam
1775 1464 1846 1518 ab
1913 1463 2059 1534 ipsis

407 1553 801 1608 discerneJEt
824 1552 1099 1607 restitues
1128 1552 1383 1607 animam
1409 1559 1665 1607 meam'a
1695 1552 2059 1624 malignitate

405 1658 631 1707 eorum,
664 1659 698 1696 a
726 1641 995 1696 leonibus
1027 1641 1261 1696 unicam
1322 1657 1535 1696 meam.
1574 1661 1602 1692 α
1647 1640 1866 1696 Leones
1897 1640 2057 1712 ipsos

406 1734 809 1801 persecutores
839 1730 1003 1799 dicit,
1034 1729 1135 1801 qui
1168 1729 1427 1785 animam
1459 1730 1586 1800 ejus
1626 1728 1914 1800 deglutire
1959 1745 2057 1784 ore

407 1818 744 1874 nitebantur
774 1836 787 1873 :
831 1819 932 1874 sed
991 1820 1120 1890 ejus
1153 1819 1577 1875 resurrectione
1634 1818 1861 1874 confusi
1893 1823 2051 1874 sunt.
2083 1854 2133 1921 Β

409 1906 553 1962 Ecce
584 1923 862 1964 conversa
890 1912 979 1964 est
1008 1907 1194 1964 oratio
1226 1909 1355 1979 ejus
1402 1909 1462 1962 in
1510 1908 1706 1963 sinum
1738 1908 1885 1978 ejus,
1920 1924 2055 1963 cum

410 1995 605 2061 unica,
637 1996 696 2051 id
727 2001 816 2052 est
844 1998 973 2069 ipsa
1002 1997 1199 2053 anima
1226 1997 1454 2069 integra
1511 1997 1736 2069 corpori
1788 1997 2059 2053 restituta

415 2088 522 2141 est.
556 2086 624 2141 Et
650 2087 804 2157 quis,
836 2087 1056 2159 inquis,
1090 2104 1218 2143 eam
1266 2086 1567 2144 restituit?
1599 2089 1726 2159 Ipse
1773 2103 1907 2142 cum
1966 2105 2061 2159 pa-

412 2179 582 2230 terna
609 2174 925 2245 voluntate,
950 2178 1050 2248 qui
1081 2176 1227 2232 dixit
1259 2193 1271 2232 :
1304 2180 1637 2232 Potestatem
1665 2176 1835 2231 habeo
1859 2178 2057 2231 totien-

413 2264 476 2318 di
502 2266 751 2319 animam
805 2281 978 2320 meam
1031 2274 1082 2321 et
1134 2270 1459 2338 potestatem
1487 2266 1651 2321 habeo
1708 2268 1909 2320 iterum
1963 2283 2057 2320 su-

410 2352 601 2406 mendi
626 2369 752 2407 eam
781 2354 960 2421 (Joan.
993 2371 1048 2424 χ,
1085 2355 1194 2422 18).
1235 2376 1261 2406 α
1292 2356 1360 2408 Et
1408 2371 1443 2409 a
1498 2353 1765 2409 leonibus
1824 2354 2057 2409 unicam

411 2454 624 2493 meam.
659 2463 681 2491 ιδ
720 2445 829 2494 Leo
860 2440 985 2510 ipse
1015 2440 1273 2512 populus
1296 2441 1601 2512 Judaicus,
1636 2450 1871 2513 prepter
1901 2442 2060 2497 forti-

409 2525 674 2582 tudinem
726 2526 966 2582 malitiaa
1011 2546 1152 2583 suee.
1207 2550 1236 2580 «
1268 2529 1513 2584 Unicam
1565 2546 1780 2597 meam,
1843 2553 1871 2579 ››
1919 2532 2059 2601 quia

410 2614 584 2669 unica
612 2614 724 2669 fuit
779 2615 978 2671 anima
1007 2616 1223 2673 Christi
1283 2618 1407 2673 sine
1437 2623 1697 2690 peccato,
1731 2620 2056 2674 secundum

408 2702 754 2774 prophetam
790 2721 803 2759 :
837 2704 946 2773 Qui
978 2714 1265 2776 peccatum
1317 2723 1429 2762 non
1483 2709 1632 2777 fecit,
1664 2723 1761 2762 nec
1789 2707 1945 2763 dotus
1970 2710 2056 2763 in-

406 2800 706 2848 ventus'est
734 2795 796 2848 in
824 2810 919 2849 ore
946 2795 1064 2863 eius
1094 2796 1142 2867 (Ι
1166 2797 1312 2851 Petr.
1352 2812 1415 2863 ιι,
1445 2797 1558 2867 22).

407 2903 437 2932 ‹‹
470 2880 799 2939 Conﬁtebor
827 2882 958 2953 tibi,
1015 2884 1281 2949 Domine,
1330 2885 1390 2940 in
1447 2885 1702 2941 Ecclesia
1758 2903 1990 2958 magna.
2021 2906 2049 2938 ι

407 2970 473 3026 Id
504 2974 611 3040 est,
643 2970 706 3026 in
736 2974 857 3028 toto
888 2973 1110 3029 mundo
1161 2973 1395 3029 diﬂ‘usa.
1460 2996 1488 3023 «
1547 2974 1610 3028 ln
1651 2974 1867 3048 populo
1896 2975 2057 3046 gravi

407 3058 664 3115 laudabo
712 3063 791 3116 te.
842 3082 871 3111 »
919 3061 982 3116 Id
1014 3066 1122 3128 est,
1154 3062 1214 3117 in
1247 3061 1461 3134 populo
1492 3063 1840 3133 Christiano,
1874 3064 1953 3118 ibi
2001 3070 2057 3120 te

409 3146 682 3203 laudabo.
743 3148 945 3205 Gravis
1005 3150 1236 3206 dicitur.
1295 3152 1441 3216 Quia
1496 3168 1611 3208 non
1670 3157 1758 3207 est
1811 3151 1951 3208 levis
1984 3153 2054 3207 ad

1898 352 2314 414 APPENDIX.
3614 364 3695 427 ,8,

1564 454 1853 559 Magister,
1913 486 2052 556 quod
2080 486 2138 553 Α
2165 484 2421 540 dicentes
2457 502 2469 540 :
2503 486 2566 541 Si
2592 485 2766 541 Filius
2795 486 2893 541 Dei
2921 487 3023 554 est,
3078 485 3357 542 descendat
3402 489 3455 543 de
3493 508 3634 559 cruce,
3663 502 3697 552 et

2156 573 2424 629 credimus
2455 576 2509 630 ei
2536 574 2745 645 (Matth.
2778 591 2953 642 xxvn,
3006 575 3121 645 42).
3184 597 3212 624 «
3271 575 3696 655 Dixeruntzlsuge,

2158 679 2323 733 euge.
2360 686 2387 712 υ
2415 664 2574 718 Sicut
2604 662 2745 717 dicit
2774 663 2833 717 in
2860 662 3173 734 Evangelia
3206 679 3219 718 :
3269 667 3407 735 Euge
3453 682 3572 723 serve
3595 671 3698 742 bone,

2158 753 2209 806 et
2235 750 2432 821 fidelis
2463 752 2639 822 (Luc.,
2669 769 2786 815 x1x,
2821 751 2931 823 17).
2980 750 3083 806 Vel
3138 768 3242 807 vox
3292 754 3583 810 Judzeorum
3605 767 3698 814 est:

2163 855 2228 894 ac
2249 838 2299 894 si
2328 839 2487 894 dicat
2517 856 2530 892 :
2564 841 2736 905 Bene,
2769 841 2915 895 bene
2941 840 3216 895 videmus
3267 842 3407 911 quod
3435 847 3700 914 exspectavi-

2164 944 2319 992 mus,
2350 927 2459 983 illae
2490 928 2746 984 virtutes
2777 945 2924 1000 quas
2956 928 3232 997 faciebas,
3255 931 3397 999 quod
3427 931 3548 986 nihil
3570 944 3697 995 erant,

2160 1016 2284 1083 Vel,
2318 1017 2589 1073 dixerunt
2642 1020 2787 1073 bene
2852 1034 2865 1071 :
2926 1019 3030 1073 sed
3080 1017 3297 1073 dolose.
3348 1019 3566 1074 Viderunt
3599 1024 3697 1076 oculi

2162 1108 2358 1161 nostri.
2393 1106 2540 1171 Quia
2558 1123 2668 1162 non
2725 1108 2927 1178 accipis
2969 1123 3263 1178 personam
3291 1106 3518 1177 hominis,
3542 1127 3617 1163 nec
3640 1118 3693 1165 est

2076 1236 2091 1243 ι
2168 1196 2269 1250 tibi
2294 1211 2431 1250 cura
2457 1195 2522 1251 de
2573 1197 2722 1266 ligno
2752 1196 2976 1266 (Matth.
3010 1213 3151 1266 xxn,
3196 1196 3299 1267 16).

2240 1306 2267 1333 «
2293 1283 2526 1349 Vidisti,
2560 1285 2818 1339 Domine.
2853 1307 2882 1334 »
2913 1286 3103 1355 Pater,
3145 1283 3434 1340 illusiones
3458 1290 3697 1343 eorum.Ac

2169 1374 2217 1429 si
2251 1374 2406 1428 dicat
2438 1391 2452 1428 :
2478 1372 2691 1428 Vidisti
2723 1373 2855 1429 illos
2882 1374 2953 1428 ad
2976 1373 3383 1443 judicandum.
3431 1395 3450 1424 ι
3482 1373 3547 1431 Ne
3569 1373 3698 1431 sileas.

2166 1462 2430 1528 Domine,
2467 1484 2488 1511 ι
2519 1461 2600 1517 Ne
2631 1466 2844 1518 taceas.
2875 1463 3052 1517 Tacet
3102 1463 3293 1530 modo,
3350 1466 3403 1518 et
3452 1479 3548 1517 non
3570 1467 3697 1517 tacet:

2166 1550 2226 1606 id
2255 1555 2362 1617 est,
2397 1568 2514 1606 non
2546 1556 2700 1607 tacet
2730 1551 3098 1622 mandatum,
3129 1556 3282 1607 tacet
3302 1551 3572 1622 judicium.
3596 1555 3647 1605 Te
3665 1552 3698 1605 in

2166 1640 2572 1695 testimonium
2632 1641 2867 1712 advoco,
2926 1656 3063 1695 cum
3113 1640 3437 1709 judicavero
3480 1640 3698 1693 mundum.

2171 1751 2193 1778 α
2229 1728 2310 1783 Ne
2341 1729 2608 1784 discedas
2662 1746 2695 1784 a
2724 1745 2836 1785 me.
2876 1751 2905 1778 »
2937 1729 3088 1793 Quia
3117 1729 3285 1784 Pater
3311 1744 3344 1782 a
3375 1727 3495 1782 Filio
3520 1743 3608 1782 non
3628 1727 3701 1781 dis-

2166 1816 2348 1872 cessit
2372 1817 2432 1872 in
2481 1818 2774 1889 passione.
2837 1818 2948 1873 Sed
3009 1823 3125 1872 tua:
3172 1816 3477 1872 adhmream
3518 1816 3699 1881 dextere,

2166 1906 2349 1962 donec
2379 1906 2555 1979 digna
2585 1906 2807 1963 ultione
2837 1906 3185 1978 puniantur.

2240 2017 2269 2046 «
2302 1996 2577 2067 Exsurge,
2636 1995 2902 2063 Domine,
2961 2011 3229 2068 exsurge.
3261 1995 3372 2050 Hoc
3408 1997 3500 2061 est,
3527 1994 3573 2048 in
3596 1993 3699 2062 adju-

2166 2085 2439 2139 torium.«
2471 2084 2710 2140 Intende
2733 2085 3030 2155 judicium
3066 2100 3320 2139 meum.»
3351 2084 3408 2139 Id
3428 2082 3699 2149 est,disceme

2168 2172 2322 2228 inter
2350 2189 2443 2228 me
2473 2179 2530 2228 et
2557 2173 2809 2229 Judaeos.
2875 2197 2895 2223 α
2932 2174 3178 2229 Intende
3214 2172 3481 2242 judicium
3507 2185 3660 2225 meum.
3681 2189 3694 2213 ι

2167 2262 2307 2333 quia
2338 2280 2443 2334 per
2471 2267 2561 2319 est
2604 2280 2794 2334 poena,
2847 2267 2903 2317 et
2958 2263 3164 2335 dispar
3217 2267 3304 2318 est
3355 2260 3522 2332 culpa.
3568 2257 3696 2318 Idest,

2167 2352 2399 2421 quando
2432 2368 2566 2407 cum
2615 2351 2731 2407 illis
2786 2352 3121 2407 latronibus
3152 2351 3447 2424 pendebat,
3498 2346 3602 2418 quia
3622 2346 3698 2415 ipse

2166 2440 2447 2495 innocens
2479 2441 2789 2512 pendebat.
2824 2463 2851 2490 «
2886 2441 3232 2511 Exsurge,et
3262 2438 3478 2493 intende
3496 2433 3695 2507 judicium

2168 2544 2385 2593 meum,
2421 2550 2449 2577 »
2509 2528 2762 2600 qualiter
2784 2529 3123 2599 judicantes
3165 2527 3697 2585 condemnaveruntme

2168 2617 2362 2671 morti.
2397 2639 2425 2666 «
2459 2616 2613 2673 Deus
2644 2634 2831 2682 meus,
2863 2624 2921 2673 et
2952 2617 3238 2673 Dominus
3295 2631 3445 2669 meus
3496 2612 3541 2665 in
3585 2620 3699 2662 causa

2167 2722 2317 2760 mea.
2375 2705 2498 2760 Vox
2553 2706 2937 2762 humanitatis
2996 2708 3072 2762 ad
3105 2705 3466 2766 divinitatem,
3493 2715 3574 2771 pro
3593 2698 3699 2767 parte

2167 2792 2360 2849 carnis
2390 2792 2887 2865 loquitur.Judica
2918 2811 3011 2849 me
3043 2794 3360 2850 secundum
3388 2800 3607 2859 magnam
3629 2779 3695 2833 mi-

2166 2882 2543 2938 sericordiam
2573 2888 2758 2938 tuam.
2795 2883 2957 2939 Unde
2987 2883 3156 2952 dixit,
3194 2904 3215 2931 α
3261 2878 3476 2935 intende
3495 2870 3697 2944 judicium

2168 2986 2386 3035 meum,
2447 2992 2475 3019 ››
2533 2970 2592 3026 id
2651 2976 2761 3040 est,
2819 2972 2907 3058 f‘ac
2966 2970 3369 3028 discretionem
3420 2966 3544 3020 inter
3581 2958 3697 3013 meet

2164 3058 2317 3115 illos.
3643 3130 3649 3139 .

2239 3170 2268 3198 «
2299 3148 2508 3203 Judica
2540 3163 2633 3202 me
2663 3149 2989 3203 secundum
3013 3147 3308 3220 justitiam
3346 3148 3506 3201 tuam,
3534 3138 3697 3191 Domine

410 3236 774 3306 peccandum
807 3255 821 3293 :
856 3237 983 3294 Non
1013 3238 1336 3312 levi,quem
1367 3245 1578 3296 ventus
1610 3247 1675 3295 ut
1703 3240 1999 3312 pulverem
2025 3259 2060 3296 a
2088 3222 2132 3289 (ἶ
2170 3237 2323 3292 Deus
2355 3253 2543 3293 meus.
2575 3262 2597 3289 ι
2630 3237 2896 3292 Judicavi
2931 3253 3038 3310 ego
3066 3237 3399 3300 adulteram,
3421 3234 3477 3284 ιιι
3503 3241 3591 3281 n0”
3613 3233 3698 3312 c9":

407 3322 553 3379 facie
583 3327 749 3379 terrae
776 3325 1042 3397 projiciet
1073 3342 1086 3380 :
1123 3328 1224 3382 sed
1252 3327 1310 3382 in
1344 3327 1527 3399 gravi,
1548 3331 1607 3382 et
1627 3344 1806 3399 supra
1829 3332 2050 3398 petram

408 3412 675 3482 fundato,
723 3414 1088 3486 firmiterque
1152 3421 1441 3487 praecepta
1484 3415 1864 3471 custodiente.
1912 3415 2054 3469 Hinc

407 3499 622 3556 iterum
668 3503 1008 3559 recordatur
1064 3503 1356 3575 passionis
1412 3521 1548 3571 suae,
1599 3521 1715 3575 quo
1746 3504 1942 3575 potius
1969 3503 2053 3559 eis

397 3589 690 3659 judicium
721 3592 928 3646 mortis
959 3592 1267 3647 annuntiet
1295 3593 1517 3649 dicens.

477 3699 505 3726 ‹‹
537 3682 662 3733 Non
695 3681 1167 3752 supergaudeant
1186 3680 1331 3735 mihi
1358 3681 1458 3753 qui
1492 3682 1879 3737 adversantur
1907 3680 2052 3736 mihi

399 3764 621 3838 inique.
658 3789 687 3816 »
716 3767 904 3823 Judai
934 3767 1185 3839 Christo,
1223 3773 1278 3823 et
1329 3775 1728 3840 persecutores
1756 3769 2047 3825 Ecclesiae.

406 3877 433 3908 α
483 3855 591 3921 Qui
650 3856 899 3912 oderunt
947 3872 1041 3912 me
1088 3858 1293 3929 gratis,
1336 3862 1392 3913 et
1441 3862 1712 3912 annuunt
1753 3857 1959 3913 oculis.
2020 3879 2049 3907 »

396 3945 529 4001 Hac
561 3946 704 4002 dicit
732 3950 799 4002 ut
824 3963 939 4002 non
972 3947 1052 4002 sit
1082 3946 1289 4002 iterata
1318 3946 1514 4019 passio
1576 3962 1590 4001 :
1650 3947 1788 4018 quia
1827 3963 1928 4001 nec
1959 3963 2047 4001 re-

397 4036 657 4109 demptio
683 4036 878 4093 veniet
905 4036 1132 4092 iterata.
1169 4037 1236 4091 Et
1266 4040 1601 4091 annuerunt
1649 4033 1833 4090 oculis
1866 4051 1879 4089 :
1914 4033 2051 4107 quia

400 4126 548 4182 nihil
578 4125 717 4183 boni
746 4127 804 4181 in
838 4142 1014 4199 Opere
1047 4127 1453 4181 ostenderunt.
1642 4122 1653 4139 ‘

472 4239 502 4267 ‹‹
539 4216 826 4279 Quoniam
859 4214 1001 4271 mihi
1036 4214 1274 4287 quidem
1306 4214 1545 4287 paciﬁce
1576 4213 1981 4286 loquebantur.
2018 4234 2047 4260 »

401 4310 459 4361 et
498 4311 587 4361 est
614 4304 761 4360 illud
798 4322 811 4361 :
844 4306 1117 4377 Magister,
1175 4305 1302 4360 licet
1330 4304 1602 4360 tributum
1655 4304 1781 4358 dari
1812 4303 2048 4370 Caesari,

400 4412 472 4450 an
506 4410 617 4450 non
640 4395 848 4468 (Matth.
879 4411 1020 4464 χχιι,
1073 4394 1213 4465 17)?
1264 4393 1361 4449 Vel
1422 4394 1658 4464 quando
1699 4392 1972 4448 dixerunt
2033 4406 2045 4445 :

394 4484 668 4555 Magister,
701 4485 909 4553 scimus
936 4486 1065 4553 quia
1118 4499 1288 4538 verax
1342 4500 1418 4549 es,
1448 4487 1505 4537 et
1554 4484 1615 4538 in
1647 4484 1873 4538 veritate
1899 4482 2049 4536 viam

396 4575 492 4629 Dei
518 4572 679 4629 doces
710 4572 870 4645 (Ibid.
904 4574 1019 4640 16).
1061 4571 1171 4627 Sed
1202 4571 1323 4626 haec
1384 4571 1623 4643 paciﬁca
1684 4569 1857 4642 plena
1885 4573 2050 4624 erant
2077 4588 2125 4654 D

389 4662 523 4719 dolo
553 4667 612 4718 et
638 4661 747 4718 ira.
780 4683 809 4712 «
842 4662 912 4716 Et
938 4661 999 4715 in
1049 4659 1355 4715 iracundia
1397 4659 1561 4715 dolos
1602 4660 1954 4732 cogitabant.
2013 4680 2042 4709 »

390 4752 484 4808 Sic
524 4750 940 4825 loquebantur,
988 4750 1086 4805 sed
1141 4748 1494 4821 cogitabant,
1550 4754 1615 4803 ut
1651 4748 2049 4820 apprehende-

391 4845 519 4897 rent
549 4858 708 4911 eum,
759 4844 817 4896 et
842 4838 1095 4912 ligarent
1123 4853 1281 4903 eum,
1344 4837 1498 4892 sicut
1537 4843 1738 4909 postea
1765 4837 2049 4903 fecerunt,

392 4930 455 4984 In
484 4929 574 4986 ira
602 4929 713 4985 hoc
743 4929 1026 4995 fecerunt,
1071 4927 1224 4981 sicut
1276 4926 1527 4982 Iacobus
1586 4926 1666 4981 ait
1725 4943 1737 4981 :
1797 4928 1887 4981 Ira
1942 4925 2054 4978 viri

383 5017 667 5087 justitiam
709 5018 808 5072 Dei
854 5031 966 5071 non
1007 5020 1266 5086 operatur
1297 5015 1497 5084 (Iacob.
1552 5032 1593 5080 1,
1641 5015 1755 5084 20).
1802 5014 1869 5067 Et
1901 5013 2053 5067 sicut

398 5105 537 5160 alibi
567 5104 709 5160 dicit
740 5121 754 5159 :
787 5104 1107 5160 Irascimini
1131 5111 1183 5158 et
1200 5104 1370 5158 nolite
1396 5118 1617 5173 peccare
1643 5103 1813 5168 (Psat.
1838 5118 1914 5171 ιν,
1969 5101 2046 5171 5).

401 5193 494 5250 Sat
592 5209 704 5250 non
795 5192 1001 5249 occidat
1098 5208 1263 5263 super
1363 5192 1715 5247 iracundiam
1816 5195 2056 5244 vestram

404 5281 620 5356 (Ephes.
653 5299 729 5348 ιν,
769 5282 882 5354 26).

481 5396 509 5424 ‹‹
567 5370 971 5429 Dilataverunt
1030 5385 1209 5441 super
1237 5386 1331 5425 me
1369 5388 1434 5426 os
1474 5386 1669 5425 suum.
1716 5390 1744 5418 »
1784 5370 2054 5423 Ditatave-

408 5467 559 5534 runt,
620 5459 857 5534 quando
911 5466 1330 5515 accusaverunt
1387 5460 1447 5514 in
1505 5457 1908 5530 blasphemiis.
1965 5458 2054 5524 Et,

410 5575 440 5603 ‹‹
473 5551 863 5608 dilataverunt
891 5565 1068 5620 super
1096 5564 1191 5603 me
1240 5565 1303 5603 os
1336 5565 1508 5603 suum
1535 5566 1549 5618 ;
1581 5572 1610 5598 ››
1644 5548 1783 5619 quia
1815 5564 1929 5603 non
1962 5562 2055 5601 so-

408 5642 538 5696 lum
566 5641 951 5713 peccaverunt
980 5636 1041 5691 in
1072 5652 1167 5691 me
1200 5654 1213 5691 :
1242 5638 1343 5691 sed
1377 5637 1552 5691 etiam
1604 5635 2055 5701 insultaverunt,

2165 3326 2540 3381 demnaretur
2569 3327 2748 3397 (Joan.
2780 3344 2904 3395 VIII,
2936 3306 3098 3398 3:11)
3127 3345 3141 3393 ;
3181 3318 3547 3399 judicaverunt
3578 3306 3696 3407 et

2164 3430 2257 3469 me
2287 3396 2680 3485 innocentem,
2711 3414 2958 3488 dignum
2991 3396 3197 3472 morte)
3234 3409 3427 3484 (Matth.
3463 3417 3583 3463 xxxx,

2163 3502 2292 3558 ideo
2343 3503 2750 3574 unusquisque
2799 3496 3135 3559 secundum
3184 3516 3323 3572 opus
3350 3492 3599 3579 propt'il‘lﬂ-1

2163 3591 2379 3645 dicium
2410 3596 2723 3647 mereatur.
2762 3615 2783 3641 α
2820 3592 2945 3647 Non
2980 3587 3434 3665 super-gaudeant
3478 3574 3590 3634 mihi
3626 3574 3696 3623 ini-

2162 3680 2298 3734 mici
2330 3681 2464 3748 mei,
2497 3698 2569 3735 ne
2597 3680 2795 3735 dicant
2851 3681 2910 3735 in
2944 3683 3218 3737 cordibus
3274 3675 3407 3732 suis.
3435 3673 3578 3737 Euge.
3601 3670 3694 3725 (τοδε

2162 3768 2367 3822 animm
2400 3774 2651 3835 nostrae;
2712 3786 2783 3823 ne
2840 3769 3059 3837 dicant,
3115 3762 3499 3825 Devorabimus
3523 3761 3637 3837 cutti-
3675 3759 3691 3786 ν

2161 3857 2283 3912 Non
2319 3857 2554 3928 pateﬁat
2584 3833 2739 3911 ultra
2770 3874 2835 3912 os
2892 3833 3095 3913 eorum
3145 3857 3215 3913 ad
3247 3869 3332 3909 me
3377 3833 3692 3928 devorandum:

2162 3963 2234 4001 ne
2263 3946 2479 4017 dicant,
2513 3946 2929 4002 devorabimus
2961 3964 3121 4003 eum.
3181 3942 3407 4001 Devorat
3429 3935 3569 4026 homo

2160 4034 2218 4089 in
2251 4052 2315 4090 os
2346 4036 2545 4090 mittit.
2577 4036 2686 4091 Sed
2716 4035 2776 4089 in
2806 4036 2914 4091 hoc
2963 4036 3106 4092 dicit
3135 4036 3410 4092 devorare,
3458 4019 3568 4091 quia
3610 4019 3690 4078 Pe"

2160 4128 2381 4179 catores
2411 4123 2613 4179 volunt
2663 4123 2796 4180 illos
2828 4129 3064 4181 sanctos
3095 4126 3354 4181 devorare
3409 4130 3421 4167 :
3471 4107 3518 4161 id
3551 4101 3629 4163 θεῖ,
3651 4092 3691 4142 ηί

2159 4229 2343 4267 unum
2375 4228 2588 4283 corpus
2620 4212 2972 4268 efﬁciantur.

2235 4325 2255 4350 σι
2291 4302 2648 4357 Erubescant
2676 4308 2733 4357 et
2762 4309 3138 4359 revereantur
3167 4293 3333 4356 simul
3366 4287 3454 4359 τιυὶ
3482 4268 3689 4365 Rmuli“?

2157 4394 2253 4444 tur
2274 4390 2445 4445 malis
2479 4391 2641 4445 meis.
2680 4413 2708 4441 »
2736 4391 2795 4446 Id
2828 4397 2939 4458 est,
2975 4393 3283 4451 (immanes,
3305 4367 3689 4458 Judwi’hggreml,

2158 4484 2213 4533 et
2244 4483 2647 4550 persecutores
2678 4495 2691 4532 :
2732 4503 2759 4529 ‹‹
2793 4480 2900 4545 Qui
2963 4479 3322 4553 gratulantur
3360 4460 3506 4521 malis
3528 4455 3689 4553 aliis?)

2159 4566 2267 4622 hoc
2299 4571 2410 4633 est,
2445 4584 2559 4623 non
2592 4567 2781 4623 solum
2809 4569 2909 4639 qui
2932 4569 3171 4637 faciunt,
3199 4562 3294 4620 Sed
3323 4554 3477 4662 etiam:
3502 4544 3687 4662 (13:90:;

2157 4658 2421 4712 sentiunt
2468 4627 2843 4713 facientibus:
2906 4681 2935 4707 ‹‹
2990 4656 3308 4713 Induantur
3357 4627 3671 4698 confusionee

2162 4745 2484 4800 reverentia
2513 4745 2613 4817 qui
2648 4745 2903 4817 maligna
2935 4747 3256 4818 loquuntur
3284 4719 3685 4839 δᾶνξτΐεξέη

2162 4834 2263 4888 Isti
2312 4798 2632 4905 supradicti
2693 4798 3036 4890 conclusion;
3113 4837 3344 4936 aeterna.
3380 4798 3683 4936 Πηῖῗίὲξςτιήῗ

2161 4923 2429 4978 Discedite
2459 4942 2491 4978 a
2523 4940 2625 4991 me,
2658 4926 2962 4991 ntaledicti,
2986 4926 3043 4979 in
3077 4926 3255 4991 ignem
3279 4886 3684 5022 $l€mﬁzzgggt

2160 5029 2290 5075 xxv,
2330 5012 2440 5080 44).
2475 5011 2550 5067 Ut
2577 5014 2678 5083 qui
2711 5029 2804 5067 me
2835 5013 3004 5083 quasi
3035 5009 3317 5067 hominem
3355 4983 3682 5102 ἇυὼθξῖξξυᾟ

2164 5105 2230 5154 ut
2258 5067 2445 5155 Deum
2479 5067 2717 5156 videant
2758 5067 3140 5171 judicantem.
3196 5093 3329 5150 Hinc
3377 5067 3599 5152 propheta

2162 5189 2390 5244 Patrem
2422 5190 2701 5262 loquitur.

2242 5299 2264 5326 α
2313 5280 2617 5335 Exsultent
2671 5287 2727 5335 et
2783 5279 3049 5335 laetentur
3105 5275 3201 5350 (ἰαί
3254 5264 3405 5360 vol?”

2165 5384 2378 5423 meam.
2413 5391 2441 5419 »
2474 5369 2773 5424 Christum
2831 5374 3222 5439 expectantes,
3275 5355 3362 5427 qui
3407 5355 3456 5439 ξδε

2165 5408 2378 5423 mum...
2413 5408 2440 5419 η
2476 5408 2772 5424 omnem...
2831 5408 3222 5439 ..-ιλιυιιμηνη
3282 5408 3305 5427 τ
3411 5431 3421 5440 ,
3621 5408 3673 5429 ν,

2165 5458 2379 5512 Patris.
2418 5456 2542 5526 Vel,
2579 5479 2607 5507 «
2641 5456 2943 5512 Exsultent
2972 5462 3028 5513 et
3063 5454 3314 5512 laetentur
3339 5448 3421 5508 qu'
3447 5408 3669 5538 ν9¹¹¹¹ῗᾜξ¹η

2168 5547 2385 5581 suum“
2422 5563 2610 5581 mnam
2669 5567 2698 5581 ..
2730 5547 2784 5581 ςιι
2822 5550 2907 5581 ραι
2946 5546 3129 5581 οιωηις
3162 5537 3250 5581 nni
3280 5500 3606 5581 volantium“

3425 5619 3453 5657 η
3477 5583 3667 5650 ῙιεΠΙΙΠῘΒ⁸

3412 5262 3427 5309 ι
3466 5228 3672 5318 jusﬁﬁdm

3460 5316 3479 5388 ί
3515 5316 3676 5399 jusﬂﬂl

2168 5547 2388 5602 stitiam
2422 5563 2635 5615 meam,
2668 5567 2698 5596 »
2730 5547 2786 5601 id
2822 5550 2928 5611 est,
2946 5546 3131 5602 sancti
3161 5537 3251 5613 qui
3280 5537 3418 5617 vom!)

2165 5635 2265 5691 Dei
2295 5633 2556 5706 implere,
2590 5635 2699 5704 ipsi
2732 5634 3023 5690 exsultent
3050 5640 3105 5690 et
3132 5624 3371 5687 latenter
3405 5623 3420 5659 1
