3964 6190
235 385 353 446 985

1436 384 1934 447 BREVIARIUM
1979 386 2059 446 IN
2102 387 2488 449 PSALMOS.

237 519 465 575 ratione
491 517 621 573 vitm
651 520 895 573 zeternaa.
929 539 959 567 «
993 519 1060 573 Et
1087 517 1305 585 dicant,
1338 531 1573 589 semper
1608 517 1882 589 magniﬁ-
1912 520 1967 585 Α
1999 534 2152 575 mus.
2185 541 2213 569 «
2250 521 2310 575 In
2341 495 2542 586 cubili,
2577 543 2606 569 »
2658 520 2717 575 id
2749 525 2839 576 est
2867 520 2927 575 in
2959 523 3134 577 corde
3176 537 3403 577 eorum.
3440 542 3467 574 ιι
3496 520 3648 577 Asti-

237 613 403 664 cetur
458 606 761 676 Dominus,
820 607 920 679 qui
968 607 1168 662 volunt
1224 623 1428 678 pacem
1487 606 1639 662 servi
1669 608 1821 677 ejus.
1860 629 1888 656 ››

238 698 367 767 Ipse
425 694 711 751 Dominus
758 701 847 750 est
909 713 1019 767 pax
1066 700 1283 762 nostra,
1328 697 1498 766 juxta
1541 695 1888 766 Apostolum

238 715 260 753 1
307 715 367 752 se
425 715 711 751 uomlnus
758 715 847 750 eet
909 715 1019 767 pax
1066 715 1283 762 nosnra,
1328 715 1498 766 juxw.
1541 715 1886 766 Aposwium

237 715 454 858 (Ephes.
519 802 581 850 11,
642 784 752 854 14).
813 806 842 834 ‹‹
900 784 1059 840 Servi
1112 787 1261 853 ejus,
1316 806 1344 833 ››
1402 785 1460 839 id
1515 788 1604 840 est
1651 784 1886 851 Christi,

234 874 338 946 qui
370 879 460 928 est
489 889 692 928 servus
722 872 822 927 Dei
864 873 1071 927 Patris.
1119 873 1281 928 Unde
1339 873 1499 941 dicit,
1530 872 1784 943 Magnum
1813 882 1893 928 est

233 964 341 1018 tibi
368 964 557 1017 vocari
585 977 804 1017 servum
841 977 1024 1015 meum
1078 962 1203 1033 (Isa.
1264 978 1413 1030 κως,
1443 962 1522 1033 6),
1564 978 1668 1033 pro
1725 967 1888 1033 parte

236 1050 454 1107 carnis.

308 1163 337 1190 «
396 1141 505 1195 Sed
580 1144 637 1194 et
691 1139 894 1211 lingua
960 1155 1090 1195 mea
1160 1140 1540 1196 meditabitur
1588 1140 1883 1212 justitiam

232 1238 421 1285 tuam.
455 1252 483 1280 ›ι
518 1232 731 1299 Lingua
756 1247 900 1293 mea,
943 1230 1128 1285 sancti
1176 1236 1334 1300 sunt,
1367 1231 1467 1302 qui
1523 1231 1887 1285 meditantur

233 1320 514 1374 mandata
539 1317 772 1373 Christi.
810 1337 837 1369 α
866 1320 1008 1374 Tota
1038 1320 1151 1386 die,
1211 1319 1446 1375 laudem
1478 1326 1663 1374 tuam.
1699 1340 1728 1367 »
1761 1320 1883 1373 Tota

235 1407 346 1478 die,
380 1412 500 1463 toto
542 1412 806 1479 tempore
834 1407 1073 1463 laudare
1099 1413 1301 1464 Deum.
1340 1427 1363 1457 ι
1406 1409 1516 1464 Sed
1564 1414 1623 1465 et
1679 1408 1883 1480 lingua

230 1513 363 1551 mea
395 1496 774 1551 meditabitur
822 1496 1117 1567 justitiam
1173 1502 1354 1566 tuam,
1398 1519 1426 1546 »
1459 1498 1598 1569 quia
1629 1514 1732 1569 pro
1761 1498 1880 1552 vita

230 1584 432 1658 populi
466 1590 755 1652 mortuus,
782 1601 896 1640 non
930 1603 991 1640 es
1018 1587 1076 1640 in
1109 1591 1328 1642 tartaro
1357 1586 1689 1642 derelictus.
1728 1611 1748 1635 ι
1774 1587 1879 1641 To-

229 1679 292 1729 ta
321 1674 413 1730 die
462 1673 698 1729 laudem
756 1678 941 1741 tuam,
978 1696 1007 1725 »
1039 1674 1177 1747 quia
1235 1676 1464 1732 devicta
1504 1675 1877 1746 triumphans

232 1768 438 1829 morte,
483 1765 543 1818 in
575 1762 738 1819 caelis
791 1779 853 1819 es
885 1769 1194 1835 susceptus
1216 1782 1246 1820 a
1276 1764 1464 1829 Patre,
1497 1780 1627 1818 cum
1661 1780 1775 1835 quo
1803 1763 1875 1818 ti-

229 1851 290 1906 bi
324 1856 381 1906 et
410 1851 656 1923 Spiritui
687 1856 889 1907 sancto
921 1857 1011 1907 est
1039 1853 1227 1907 honor
1257 1858 1312 1908 et
1340 1852 1545 1924 gloria.
1577 1856 1784 1907 Amen.

767 1959 1083 2015 PSALMUS
1120 1960 1328 2015 XXXV.

222 2050 290 2103 In
318 2050 504 2117 ﬁnem,
558 2065 734 2120 puero
767 2050 987 2104 Domini
1033 2050 1287 2104 Psalmus
1317 2049 1507 2104 David.
1543 2050 1656 2104 Iste
1710 2049 1876 2103 Psal-

299 2136 433 2174 mus
484 2136 733 2190 persona
787 2122 1106 2191 peccatoris
1163 2122 1472 2191 designat,
1535 2122 1873 2192 superbiam

297 2196 482 2262 notat,
514 2192 733 2247 fontem
767 2192 963 2247 aeterni
998 2192 1239 2247 luminis
1269 2197 1575 2247 monstrat.

304 2319 331 2348 α
361 2297 518 2351 Dixit
547 2297 824 2368 injustus,
859 2303 924 2351 ut
954 2297 1256 2368 delinquat
1300 2298 1432 2353 sibi.
1470 2322 1493 2350 ι
1533 2298 1592 2352 Id
1626 2302 1733 2367 est,
1793 2298 1870 2353 si-

216 2384 544 2455 bimetipsi.
578 2390 841 2456 injustas?
871 2387 975 2442 hoc
1006 2392 1113 2456 est,
1155 2386 1427 2441 diabolus
1456 2403 1589 2441 cum
1623 2387 1748 2442 suis
1779 2404 1870 2442 sa-

214 2470 532 2528 tellitibus.
594 2473 654 2527 ld
712 2480 817 2542 est,
857 2476 1086 2546 populis
1118 2475 1477 2542 Judaeorum,
1510 2474 1596 2530 vel
1629 2475 1872 2547 reliquis

212 2559 351 2614 suis
383 2561 664 2616 membris
695 2563 803 2616 sibi
836 2563 1099 2634 deliquit.
1133 2564 1247 2618 Nec
1272 2563 1423 2619 alius
1444 2564 1738 2635 quispiam
1770 2580 1874 2636 per

215 2649 573 2716 injustitiam
606 2650 690 2705 sic
720 2650 981 2722 loquitur
1004 2657 1068 2706 ut
1099 2658 1313 2723 peccet,
1346 2654 1498 2708 sicut
1529 2652 1626 2709 ille
1657 2654 1754 2725 qui
1788 2654 1872 2709 di-

212 2738 328 2804 xit,
362 2743 573 2793 Ponam
599 2741 799 2794 solium
840 2757 1021 2794 meum
1069 2756 1229 2811 super
1257 2742 1456 2798 sidera.
1490 2746 1541 2797 et
1568 2758 1659 2798 ero
1705 2744 1869 2797 simi-

213 2827 296 2880 lis
326 2827 607 2882 Altissimo
664 2829 785 2899 (Isa.
830 2845 943 2883 xw.
984 2829 1090 2899 14).
1124 2829 1367 2901 Semper
1403 2830 1561 2884 enim
1591 2830 1870 2901 iniquitas

213 2915 458 2987 prOprio
518 2933 579 2971 se
635 2906 895 2973 confodit
939 2917 1138 2986 jaculo
1166 2943 1179 2985 ;
1206 2919 1378 2988 juxta
1434 2918 1601 2985 illud,
1645 2921 1773 2984 Fili,
1820 2923 1871 2975 si

210 3006 402 3058 malus
458 3009 713 3072 evaseris,
746 3008 895 3061 solus
934 3007 1155 3061 hauries
1184 3007 1331 3061 mala
1380 3007 1573 3078 (Prov.
1621 3026 1723 3073 xu,
1758 3010 1867 3079 13).

212 3095 325 3148 Vel
385 3093 585 3150 aliter:
639 3096 782 3150 dixit
837 3096 1078 3166 iniquus
1127 3100 1193 3150 ut
1213 3094 1577 3167 delinqueret
1624 3096 1757 3167 sibi,
1809 3097 1867 3152 id

1998 608 2067 661 tit
2094 609 2254 663 omni
2286 608 2388 663 vite
2420 626 2534 665 non
2567 610 2756 666 bonae.
2792 633 2814 661 ι
2854 609 3002 673 Quia
3056 609 3136 663 ibi
3171 611 3374 679 astitit,
3409 611 3538 665 ideo
3567 611 3641 665 ad

1998 695 2228 751 nullum
2261 698 2505 767 justitiaa
2537 699 2794 753 fructum
2838 697 3028 769 potuit
3058 698 3380 768 pervenire.
3421 721 3449 748 ι(
3480 698 3640 754 Mali-

1997 783 2136 840 tiam
2165 791 2359 841 autem
2399 804 2515 843 non
2538 788 2738 842 odivit.
2773 810 2801 838 »
2836 788 2947 842 Sed
2978 785 3201 854 dilexit,
3234 789 3377 857 quia
3405 803 3520 842 non
3551 804 3640 843 so-

1994 872 2120 927 lum
2153 890 2269 929 non
2317 876 2588 940 oderunt,
2621 876 2721 931 sed
2752 874 3065 947 amplexati
3119 880 3281 929 sunt.

2069 984 2098 1012 «
2136 963 2397 1031 Domine,
2431 964 2490 1019 in
2531 964 2673 1020 ccelo
2706 964 3105 1020 misericordia
3131 969 3253 1019 tua.
3291 984 3319 1012 ››
3366 963 3427 1018 Id
3457 964 3635 1019 estin

1995 1053 2215 1108 sanctis
2245 1052 2489 1125 angelis,
2523 1053 2623 1125 qui
2652 1053 2871 1108 ibidem
2902 1052 3117 1107 ﬁrmati
3148 1052 3404 1121 fuerunt,
3437 1056 3494 1106 et
3522 1068 3638 1107 non

1995 1141 2351 1197 ceciderunt.
2409 1143 2531 1209 Vel,
2595 1165 2623 1193 ‹‹
2659 1144 2723 1197 In
2783 1141 2924 1197 coelo
2976 1140 3378 1196 misericordia
3432 1144 3555 1207 tua,
3611 1162 3633 1189 ι

1992 1229 2046 1283 id
2081 1236 2193 1295 est,
2222 1230 2280 1285 in
2314 1236 2517 1286 sancta
2553 1230 2827 1285 Ecclesia.
2882 1250 2910 1280 «
2938 1229 3204 1295 Domine,
3259 1228 3321 1284 in
3354 1227 3495 1283 caelo
3527 1228 3637 1282 mi-

1991 1319 2306 1374 sericordia
2333 1324 2455 1374 tua.
2489 1340 2519 1369 ιο
2552 1320 2819 1374 Christus
2871 1318 3171 1387 Dominus,
3202 1317 3307 1388 qui
3337 1316 3634 1372 humanos

1993 1407 2307 1463 miseratus
2344 1407 2573 1463 labores
2603 1407 2904 1463 descendit
2933 1409 2991 1462 in
3023 1406 3186 1476 ccelo,
3245 1410 3312 1461 ut
3340 1404 3639 1478 colligaret

1989 1495 2230 1551 vulnera
2258 1503 2479 1552 nostra.
2511 1519 2542 1546 «
2574 1497 2643 1552 Et
2671 1496 2883 1552 veritas
2912 1500 3016 1551 tua
3035 1511 3223 1566 usque
3251 1494 3324 1549 ad
3356 1494 3563 1549 nubes.
3598 1514 3630 1543 »

1993 1588 2224 1651 Veritas,
2255 1586 2523 1642 Christus
2551 1591 2659 1651 est,
2695 1590 2761 1640 ut
2790 1583 2959 1639 illud.
2992 1586 3102 1653 Ego
3135 1600 3258 1639 sum
3284 1584 3394 1649 via,
3444 1590 3493 1638 el
3538 1598 3635 1638 ve-

1987 1676 2124 1729 ritas
2178 1674 2365 1745 (Joan.
2419 1692 2533 1742 xw,
2591 1675 2669 1746 6).
2724 1674 2942 1741 Nubes,
2982 1672 3175 1729 sancti
3204 1671 3633 1744 praedicatores.

1986 1762 2149 1818 Unde
2213 1764 2469 1820 dicitur:
2546 1763 2816 1819 Mandabo
2878 1763 3119 1817 nubibus
3166 1764 3341 1826 meis,
3406 1764 3469 1815 ut
3521 1775 3634 1816 non

1905 1888 1955 1953 Β
1981 1853 2189 1922 pluant
2216 1854 2448 1909 imbrem
2472 1869 2635 1925 super
2662 1868 2783 1908 eam
2809 1854 2937 1921 (Isa.
2968 1869 3023 1921 v,
3055 1852 3133 1923 6).
3165 1850 3313 1917 Quia
3339 1849 3494 1949 sicut
3523 1865 3631 1904 nu-

1985 1942 2089 1997 bes
2119 1941 2378 2013 pluviam
2428 1946 2682 2014 portant,
2744 1946 2802 1998 et
2855 1941 3101 2013 irrigant
3137 1944 3377 2006 terram,
3431 1937 3517 1993 sic
3575 1942 3634 1993 et

1984 2030 2169 2085 sancti
2228 2031 2633 2101 praedicatores
2689 2029 2969 2103 pluviam,
3024 2030 3080 2085 id
3135 2033 3245 2094 est,
3301 2027 3628 2083 doctrinam

1983 2117 2275 2188 Evangelii
2306 2124 2560 2191 portant,
2622 2124 2680 2175 et
2724 2119 2972 2189 irrigant
3016 2118 3193 2173 corda
3221 2117 3466 2172 arentia.
3505 2138 3527 2165 ιι
3562 2120 3630 2171 Et

1980 2206 2190 2262 veritas
2249 2212 2352 2262 tua
2390 2222 2580 2279 usque
2629 2210 2701 2263 ad
2752 2209 2958 2263 nubes.
2993 2229 3022 2256 »
3079 2206 3186 2272 Qui
3244 2204 3629 2276 spiritualiter

1980 2295 2311 2367 Scripturas
2351 2296 2560 2351 nolunt
2610 2296 2970 2367 intelligere:
3016 2296 3399 2367 quaerendum
3430 2298 3521 2349 est
3549 2293 3622 2348 ab

1979 2384 2064 2439 eis
2093 2386 2386 2455 quomodo
2415 2388 2628 2440 veritas
2657 2386 2755 2440 Dei
2798 2386 2875 2439 sit
2906 2401 3091 2455 usque
3118 2385 3191 2439 ad
3254 2384 3460 2438 nubes.

2052 2495 2079 2522 ι(
2121 2472 2362 2528 Justitia
2393 2478 2493 2528 tua
2541 2473 2695 2528 sicut
2725 2479 2954 2527 montes
2987 2473 3104 2527 Dei.
3140 2494 3171 2522 »
3201 2472 3367 2527 Mons
3397 2472 3496 2527 Dei
3530 2488 3623 2526 sa-

1980 2562 2222 2633 pientia,
2256 2580 2426 2619 mons
2457 2564 2557 2619 Dei
2583 2564 2899 2634 judicium,
2954 2578 3125 2617 mons
3157 2560 3256 2615 Dei
3286 2560 3619 2615 sanctiﬁca-

1986 2652 2066 2706 tio
2097 2657 2206 2708 est.
2240 2656 2390 2707 Sunt
2417 2659 2473 2708 et
2529 2652 2938 2723 hujuscemodi
2971 2656 3201 2705 montes
3247 2648 3509 2720 plurimi,
3565 2648 3625 2703 in

1981 2742 2198 2813 quibus
2240 2743 2636 2798 reconduntur
2687 2757 2897 2796 arcana
2929 2740 3047 2806 Dei,
3090 2755 3216 2810 quae
3244 2737 3483 2792 difﬁcile
3513 2738 3625 2792 bu-

1979 2831 2241 2888 manitus
2300 2838 2490 2903 potest
2562 2831 2955 2903 investigare,
3006 2830 3180 2901 juxta
3235 2825 3623 2898 Apostolum:

1979 2923 2155 2989 Quum
2182 2921 2567 2976 inscrutabilia
2586 2925 2715 2976 sunt
2746 2920 2954 2988 iudicia
2981 2919 3121 2986 eius,
3140 2920 3192 2972 et
3216 2915 3626 2985 investigabiles

1977 3013 2086 3067 via?
2114 3012 2238 3081 ejus
2286 3012 2472 3079 (Rom.
2537 3026 2616 3078 x1,
2676 3010 2788 3077 33)!
2834 3009 2934 3063 Vel
2966 3006 3160 3062 aliter:
3199 3027 3228 3056 «
3256 3003 3494 3059 Justitia
3523 3006 3628 3059 tua

1980 3099 2133 3154 sicut
2190 3104 2419 3155 montes
2475 3099 2598 3154 Dei.
2635 3121 2664 3149 ››
2726 3098 2954 3153 Justitia
3004 3098 3123 3159 tua,
3178 3094 3458 3148 mandata
3502 3096 3626 3147 tua.

210 3188 330 3247 est,
360 3183 613 3239 decrevit
670 3202 731 3240 se
777 3201 1015 3256 peccare
1070 3185 1297 3239 debere.
1346 3206 1374 3235 ιι
1404 3186 1528 3240 Non
1559 3189 1649 3240 est
1692 3186 1872 3241 timor
1913 3254 1942 3258 μ
1981 3187 2181 3243 Montes
2241 3189 2362 3255 Dei,
2418 3188 2605 3244 sancti
2662 3185 2904 3258 majoris
2956 3183 3169 3248 meriti,
3203 3182 3358 3237 sicut
3386 3186 3627 3237 sanctus

210 3271 322 3326 Dei
354 3278 487 3327 ante
515 3272 715 3329 oculos
771 3254 921 3345 ejus.
957 3296 986 3323 »
1017 3273 1073 3326 Si
1113 3272 1268 3328 enim
1301 3274 1575 3328 timorem
1606 3273 1705 3329 Dei
1739 3280 1872 3330 ante
1900 3254 1943 3319 (ἶ
1981 3276 2258 3343 Joannes,
2289 3254 2375 3332 vel
2433 3276 2618 3331 caeieri
2650 3254 2917 3348 apostoli:
2976 3272 3203 3328 Montes
3251 3270 3416 3343 prius
3444 3287 3478 3325 a
3505 3268 3627 3325 sole

210 3358 421 3415 oculos
436 3360 697 3429 haberet,
721 3379 1024 3432 nunquam
1047 3360 1426 3418 exsecrabilia
1447 3368 1503 3417 et
1523 3363 1868 3418 abominan-

211 3449 299 3502 da
330 3451 748 3506 committeret.
774 3475 801 3501 ‹‹
842 3452 964 3506 Non
997 3456 1088 3507 est
1114 3451 1294 3505 timor
1349 3451 1448 3504 Dei
1507 3456 1640 3506 ante
1670 3452 1869 3508 oculos

208 3540 367 3608 ejus.
403 3561 432 3587 »
469 3540 524 3593 Id
558 3545 668 3605 est,
701 3545 833 3594 ante
865 3540 1145 3611 populum
1177 3539 1514 3606 Judaicum,
1546 3541 1685 3611 quia
1716 3541 1761 3596 si
1799 3542 1866 3595 ti-
1919 3597 1928 3605 ,

208 3642 439 3682 morem
473 3627 700 3683 Domini
723 3630 1068 3684 habuissent
1093 3634 1224 3683 ante
1247 3627 1446 3684 oculos
1477 3629 1688 3696 cordis,
1723 3646 1870 3685 nun-

208 3732 394 3785 quam
426 3721 595 3771 tanta
625 3717 781 3772 mala
811 3718 1108 3773 fecissent.

289 3827 317 3852 α
349 3804 635 3866 Quoniam
668 3806 866 3861 dolose
895 3807 1013 3876 egit
1054 3807 1114 3860 in
1146 3812 1459 3877 conspectu
1492 3808 1640 3877 ejus.
1678 3831 1699 3857 ι
1736 3808 1865 3863 Dia-

207 3892 408 3957 bolus,
441 3894 700 3948 etJudazi
730 3901 866 3950 ante
898 3900 1274 3967 conspectum
1310 3896 1427 3952 Dei.
1462 3896 1582 3965 Vel,
1614 3919 1641 3946 «
1666 3896 1865 3953 dolose

206 3982 334 4053 egit
379 3982 439 4037 in
487 3989 802 4055 conspectu
847 3986 997 4053 ejus,
1031 4005 1059 4032 »
1114 3983 1328 4053 iniqua:
1377 3985 1862 4056 concupiscentiae

207 4071 454 4125 ﬂamma
483 4071 842 4127 stimulatus.
881 4094 909 4121 ‹‹
939 4072 1011 4126 Ut
1040 4072 1370 4127 inveniatur
1421 4071 1703 4143 iniquitas
1732 4075 1862 4145 ejus

205 4165 269 4214 et
299 4159 519 4214 odium.
552 4180 579 4211 ιι
617 4166 764 4215 Dum
823 4162 1262 4233 concupisceret
1317 4165 1520 4215 contra
1560 4161 1859 4231 justitiam

204 4248 602 4319 iniquitatem,
635 4251 776 4305 dum
813 4251 1038 4306 auferre
1068 4267 1182 4305 non
1236 4255 1445 4322 potest,
1496 4251 1694 4306 odium
1726 4269 1859 4324 pos-

204 4338 382 4392 sedit.
418 4340 527 4393 Sed
579 4344 636 4394 et
664 4341 735 4394 ad
767 4340 979 4395 Judam
1014 4340 1367 4411 proditorem
1426 4339 1547 4395 haec
1572 4341 1861 4412 pertinere

205 4428 520 4496 sequentia
552 4428 779 4483 docent.

286 4535 314 4561 ‹‹
344 4512 534 4569 Verba
570 4516 688 4570 oris
719 4517 847 4586 ejus
877 4516 1158 4586 iniquitas
1197 4521 1253 4570 et
1291 4516 1480 4571 dolus.
1515 4540 1543 4565 ››
1576 4517 1732 4572 Dixit
1760 4536 1859 4574 au-

206 4609 350 4671 tem,
385 4609 508 4673 Ave,
546 4605 713 4659 Itabbi
755 4604 963 4671 (Matth.
1012 4621 1165 4674 xxvr,
1200 4605 1307 4671 49),
1354 4609 1412 4660 et
1440 4605 1640 4661 osculo
1673 4608 1858 4679 magi-
1887 4623 1935 4687 D
1969 4612 2280 4667 ricordiam
2306 4617 2490 4677 tuam,
2523 4611 2697 4665 Deus.
2737 4633 2757 4659 ι

203 4699 399 4748 strum
432 4693 675 4748 tradidit
704 4693 962 4748 inimicis
994 4695 1142 4764 (Luc.
1175 4711 1313 4764 xxu,
1345 4694 1456 4765 48).
1490 4694 1633 4750 Ecce
1677 4698 1853 4751 verba

202 4782 349 4849 oris,
380 4781 550 4851 plena
578 4782 710 4837 dolo
741 4788 917 4853 atque
946 4782 1276 4854 iniquitate.
1310 4804 1337 4832 ‹‹
1363 4782 1551 4837 Verba
1578 4783 1696 4838 oris
1727 4787 1856 4854 ejus

202 4870 510 4939 iniquitas,
566 4878 623 4926 et
651 4870 843 4942 dolus,
879 4896 907 4921 ››
967 4879 1025 4927 et
1082 4872 1140 4925 in
1172 4871 1424 4941 diabolo,
1460 4876 1517 4927 et
1545 4872 1603 4926 in
1637 4872 1851 4944 populo

200 4958 566 5012 Judzeorum.
612 4982 640 5009 «
670 4960 868 5015 Noluit
900 4960 1219 5031 intelligere
1278 4966 1342 5015 ut
1383 4961 1528 5016 bene
1560 4967 1780 5032 ageret.
1822 4983 1852 5011 »

206 5046 267 5099 ld
303 5051 414 5113 est,
438 5046 704 5104 diabolus
734 5054 791 5104 et
808 5050 899 5105 sui
933 5050 1235 5116 satellites,
1269 5050 1407 5121 quia
1431 5049 1588 5105 aliud
1620 5054 1709 5104 est
1738 5067 1852 5104 non

206 5150 404 5204 posse,
453 5138 612 5191 aliud
651 5148 740 5192 est
772 5139 940 5194 nolle.
976 5140 1044 5195 Et
1096 5140 1282 5195 Judas
1325 5139 1559 5194 videbat
1589 5139 1852 5210 quotidie

206 5239 346 5276 cum
378 5225 659 5295 apostolis
698 5227 991 5283 Christum
1043 5229 1231 5284 multa
1277 5227 1567 5284 mirabilla
1609 5244 1852 5298 operan-

206 5316 350 5377 tem,
384 5315 485 5368 sed
520 5330 636 5369 non
668 5315 1045 5388 intelligebat.
1080 5319 1142 5372 In
1175 5317 1507 5373 malivolam
1539 5316 1694 5373 enim
1728 5317 1852 5372 ani-

205 5417 365 5455 mam
394 5419 507 5456 nou
531 5403 858 5475 ingreditur
887 5405 1174 5476 sapientia
1203 5408 1354 5479 (δαί).
1389 5424 1429 5471 1,
1463 5408 1539 5473 4).

283 5511 304 5539 ι
344 5491 713 5563 lniquitatem
765 5493 1079 5549 meditatus
1136 5501 1225 5551 est
1253 5497 1313 5551 in
1345 5496 1524 5552 cubili
1576 5513 1704 5551 suo.
1728 5518 1755 5545 ››
1790 5497 1853 5551 In

203 5581 399 5634 cordis
429 5589 670 5653 secreto,
694 5583 752 5636 in
781 5598 896 5652 quo
919 5584 1232 5655 compungi
1262 5585 1852 5657 debuitiniquitatem

206 5670 524 5725 meditatus
555 5678 666 5737 est,
695 5673 849 5725 unde
872 5672 997 5741 jam
1030 5672 1303 5743 superius
1332 5674 1687 5729 mentionem
1720 5675 1852 5728 feci-

1980 3364 2407 3432 illuminantur,
2441 3371 2496 3421 et
2543 3370 2746 3437 postea
2788 3362 2990 3418 valles.
3024 3362 3134 3417 Sed
3168 3364 3416 3425 montes,
3448 3358 3507 3413 id
3537 3363 3627 3413 est

1979 3456 2188 3521 sancti,
2211 3472 2327 3509 non
2358 3473 2391 3509 a
2415 3454 2770 3526 semetipsis,
2804 3453 2916 3508 nisi
2943 3469 2977 3508 a
3008 3450 3151 3515 sole,
3184 3450 3241 3504 id
3273 3454 3364 3504 est
3401 3465 3434 3503 a
3463 3447 3623 3503 Chri-

1977 3550 2090 3600 sto.
2126 3545 2285 3601 Unde
2315 3544 2497 3598 dixit:
2553 3544 2779 3599 0rietur
2805 3543 2955 3597 vobis
2990 3541 3070 3597 sol
3092 3539 3334 3612 justitiae
3362 3537 3620 3607 (Malach.

1980 3651 2055 3703 1v,
2085 3634 2163 3704 2).
2223 3656 2251 3682 «
2285 3633 2353 3688 Et
2402 3632 2629 3703 judicia
2684 3637 2788 3686 tua
2835 3630 2995 3686 velut
3051 3629 3303 3701 abyssus
3350 3625 3558 3681 multa.
3594 3649 3615 3674 ι

1974 3724 2213 3793 Abyssus
2248 3723 2444 3788 multa,
2504 3720 2723 3789 iudicia
2777 3720 2878 3775 Dei
2934 3718 3183 3788 occulta,
3240 3717 3381 3789 quia
3434 3732 3619 3770 unum

1974 3812 2264 3881 reprobat,
2289 3817 2345 3865 et
2365 3810 2544 3865 alium
2567 3809 2836 3873 assumit,
2860 3809 3013 3864 sicut
3039 3808 3212 3863 dixit:
3230 3807 3392 3862 Jaeob
3421 3806 3617 3870 dilexi,

1972 3902 2117 3955 Esau
2144 3900 2266 3955 odio
2294 3901 2465 3954 habui
2484 3900 2741 3972 (Malach.
2765 3915 2805 3967 ι,
2835 3899 2910 3970 3).
2935 3897 3033 3952 Vel
3048 3896 3275 3967 judicia
3298 3899 3458 3961 sunt,
3490 3885 3618 3963 qui:

1973 3989 2085 4044 bus
2115 3989 2201 4044 vel
2224 3989 2407 4060 justis
2439 3990 2758 4053 beatitudo,
2800 3987 2884 4043 vel
2918 3986 3119 4058 impiis
3149 4001 3318 4056 pcena
3346 3983 3615 4037 infertur.

1972 4079 2105 4143 Quae
2127 4078 2256 4134 ideo
2287 4079 2498 4151 abysso
2529 4082 2966 4149 comparantur,
3002 4075 3144 4147 quia
3181 4074 3239 4127 in
3272 4072 3415 4129 Novi
3446 4070 3613 4125 Vete-

1971 4167 2169 4238 risque
2196 4168 2553 4223 Testamenti
2595 4164 3093 4239 prol‘unditatibus
3121 4160 3613 4231 contemplantur.

1974 4278 2002 4306 «
2041 4257 2339 4323 Homines,
2372 4262 2429 4312 et
2466 4257 2740 4327 jumenta
2796 4252 2987 4308 salvos
3047 4251 3239 4318 facies,
3287 4249 3551 4314 Domine,
3584 4271 3608 4300 ι

1968 4345 2364 4401 Rationabiles
2394 4343 2939 4413 irrationabilesque
2969 4356 3249 4413 personas
3270 4340 3441 4411 juxta
3470 4337 3614 4393 illud

1965 4433 2258 4505 Apostoli:
2296 4433 2646 4503 Sapientibus
2690 4440 2740 4487 et
2785 4432 3182 4502 insipientibus
3234 4428 3445 4484 debitor
3490 4442 3614 4482 sum

1968 4525 2138 4595 (Rom.
2174 4541 2210 4593 ι,
2246 4525 2353 4593 14).
2389 4544 2417 4571 ‹‹
2449 4521 2955 4585 Quemodmodum
3006 4516 3405 4590 multiplicasti
3439 4516 3615 4571 mise-

2802 4611 2888 4664 Ab
2921 4609 3086 4664 initio
3117 4608 3357 4679 quidem
3388 4604 3615 4677 proflua

1964 4701 2076 4755 fuit
2108 4701 2511 4756 misericordia
2554 4706 2695 4767 tua;
2757 4701 2859 4754 sed
2894 4704 3031 4754 tunc
3072 4695 3462 4766 multiplicata
3498 4699 3608 4758 est,

1964 4805 2097 4844 eum
2132 4806 2238 4843 nos
2270 4805 2473 4843 cruore
2512 4787 2746 4860 proprio
2778 4786 3099 4841 redemisti.

2038 4899 2067 4926 ‹‹
2099 4876 2228 4931 Filii
2258 4884 2453 4932 autem
2508 4878 2817 4931 hominum
2850 4876 2908 4928 in
2936 4873 3190 4945 tegmine
3220 4871 3447 4927 alarum
3476 4874 3614 4923 tua-

1966 4983 2096 5020 rum
2131 4967 2467 5038 sperabunt.
2504 4988 2532 5015 »
2562 4965 2684 5021 Non
2756 4963 3063 5037 progenies
3092 4962 3449 5032 viperarum,
3508 4958 3612 5013 sed

1965 5054 2049 5108 illi
2073 5055 2171 5125 qui
2203 5056 2273 5109 ad
2306 5055 2624 5125 imaginem
2667 5053 2769 5108 Dei
2798 5057 2993 5106 mente
3023 5048 3258 5122 perfecti
3289 5053 3449 5117 sunt,
3479 5064 3613 5116 spe-

1967 5150 2099 5198 rant
2127 5145 2237 5197 sub
2271 5144 2461 5198 crucis
2485 5149 2597 5197 tua:
2629 5142 2968 5197 defensione
2999 5138 3238 5193 muniri.
3270 5136 3396 5204 Vel,
3425 5159 3454 5185 «
3483 5135 3611 5190 Filii

1966 5231 2297 5299 hominum,
2333 5253 2355 5281 ι
2392 5232 2448 5286 id
2498 5237 2590 5287 est
2620 5230 2721 5285 lilii
2756 5229 2990 5298 Christi,
3029 5227 3167 5300 quia
3196 5228 3321 5300 ipse
3351 5225 3611 5282 hominis

1965 5319 2145 5375 Filius
2199 5325 2308 5386 est,
2361 5328 2418 5376 et
2469 5321 2655 5376 sancti
2714 5320 2819 5374 ﬁlii
2878 5318 3205 5374 hominum.
3266 5318 3329 5371 In
3376 5321 3611 5388 protec-

1968 5409 2121 5465 tione
2180 5409 2403 5464 alarum
2469 5416 2728 5476 tuarum,
2766 5407 2875 5473 vel,
2911 5432 2939 5458 «
2994 5408 3055 5462 in
3104 5406 3381 5478 tegmine.
3415 5427 3445 5455 »
3477 5411 3607 5459 Duas

1970 5498 2093 5565 alae,
2128 5500 2243 5553 duo
2273 5500 2667 5563 Testamenta,
2699 5498 2838 5569 quia
2866 5497 3001 5552 inde
3031 5501 3311 5568 teguntur
3355 5494 3539 5550 sancti
3574 5510 3609 5548 a

1962 5586 2205 5642 Christo.
2269 5609 2296 5637 ‹‹
2329 5589 2395 5643 Et
2450 5588 2912 5642 inebriabuntur.
2955 5609 2985 5637 ››
3036 5586 3098 5640 Id
3142 5590 3251 5655 est,
3307 5586 3419 5655 ipsi
3475 5582 3605 5649 lilii,

1964 5677 2389 5732 inebriubuiitur
2445 5676 2683 5748 quidem
2728 5698 2756 5726 «
2786 5676 2859 5731 ab
2887 5677 3149 5731 ubertate
3175 5675 3385 5729 domus
3414 5678 3551 5738 tuae,
3574 5695 3597 5721 ι
