3964 6190
438 371 557 431 987

446 593 577 656 tua),
620 612 646 639 ››
675 591 895 645 Sanctae
917 590 1207 646 Ecclesize.
1266 593 1391 657 Vel,
1418 594 1857 660 inebriabuntur,
1883 598 1966 657 ut,
1996 594 2090 648 ob-

444 678 562 733 litis
593 679 851 751 ﬂagitiis,
883 680 1200 735 virtutibus
1231 682 1597 753 copulentur.
1638 705 1657 730 ι
1694 684 1781 739 Ab
1824 684 2087 739 ubertate

442 768 655 822 domus
685 772 819 823 tuae.
856 791 883 816 »
914 754 997 823 Ab
1039 768 1332 824 intellectu
1368 770 1711 841 dogmatum
1740 770 2089 827 ecclesiasti-

444 873 667 911 corum.
703 879 731 906 «
763 858 833 912 Et
862 861 1118 913 torrente
1147 858 1462 931 voluptatis
1503 864 1615 914 tua:
1648 860 1875 931 potabis
1905 877 2023 916 eos.
2059 882 2081 911 ι

442 947 695 1001 Torrens
722 945 1037 1018 voluptatis
1089 948 1211 1015 Dei,
1254 948 1506 1020 Spiritus
1559 955 1799 1004 sanctus
1845 954 1951 1016 est,
1988 949 2087 1021 qui

444 1035 648 1107 irrigat
694 1052 929 1090 omnem
969 1036 1225 1091 animam
1277 1037 1683 1108 spiritualibus
1736 1038 1989 1108 ﬂuentis,
2021 1043 2089 1093 ut

444 1124 698 1178 fructum
730 1123 998 1179 exhibeat
1028 1125 1375 1180 sanctitatis.

519 1233 550 1263 ι
582 1213 869 1278 Quoniam
902 1214 1055 1285 apud
1091 1218 1167 1280 te,
1202 1215 1465 1281 Domine,
1498 1219 1587 1270 est
1608 1214 1736 1271 fons
1764 1216 1912 1271 vitae.
1956 1237 1982 1268 η
2017 1217 2087 1271 Et

444 1306 507 1357 tu
540 1318 621 1367 es,
653 1306 711 1357 et
740 1303 892 1373 apud
926 1307 983 1358 te
1014 1307 1105 1357 est
1127 1304 1287 1375 origo
1319 1304 1583 1358 omnium
1605 1306 1914 1376 bonorum,
1937 1309 1994 1360 et
2024 1310 2086 1359 tu

445 1396 685 1463 praestas
716 1391 1078 1462 baptismum
1107 1410 1119 1447 :
1152 1408 1254 1463 per
1282 1394 1435 1463 quod
1466 1394 1681 1449 ablutis
1708 1394 2084 1466 facinoribus,

442 1479 595 1535 viam
652 1480 921 1552 largiaris
978 1486 1274 1537 mternam.
1307 1482 1407 1537 Vel
1454 1504 1481 1532 «
1517 1483 1646 1538 fons
1674 1484 1825 1551 vitae,
1868 1505 1897 1534 »
1947 1484 2087 1555 quia

443 1570 708 1626 doctrina
735 1570 856 1636 Dei,
890 1570 1099 1625 animae
1129 1571 1247 1626 vita
1275 1574 1383 1627 est.
1413 1594 1441 1622 ‹‹
1466 1572 1530 1626 In
1550 1572 1775 1628 lumine
1796 1576 1897 1628 tuo
1926 1574 2084 1629 vide-

440 1657 639 1713 bimus
692 1657 913 1713 lumen.
949 1680 978 1707 »
1023 1659 1245 1715 Lumen
1298 1660 1488 1716 Patris
1542 1660 1810 1718 Christus
1861 1665 1968 1718 est.
2017 1666 2083 1717 In

442 1746 669 1802 Christo
711 1746 900 1801 Patris
929 1746 1175 1815 lumine,
1225 1747 1424 1804 lumen
1475 1749 1755 1821 Spiritum
1814 1754 2082 1806 sanctum

438 1834 787 1890 videbimus.
822 1834 1044 1891 Lumen
1078 1840 1247 1892 tuum
1280 1838 1448 1894 Pater
1470 1842 1585 1894 est:
1619 1840 1787 1910 cujus
1817 1839 2084 1895 volunta-

437 1926 559 1978 tem
593 1922 832 1991 faciens,
865 1924 1073 1980 venisti
1098 1924 1432 1982 illuminare
1460 1927 1686 1983 occulta
1709 1929 2081 1985 tenebrarum

437 2014 503 2067 ut
532 2012 592 2067 in
614 2015 689 2081 te,
722 2013 823 2085 qui
855 2030 918 2069 es
950 2014 1048 2069 lux
1080 2015 1305 2083 mundi,
1339 2016 1861 2073 mereremurillud
1884 2017 2082 2073 lumen

428 2117 670 2158 cernere
716 2103 775 2158 in
808 2103 998 2175 gratia
1043 2105 1257 2160 mentis
1286 2122 1475 2176 purae:
1528 2105 1620 2162 Sic
1650 2106 1807 2162 enim
1867 2106 1950 2162 ait
2009 2108 2080 2163 ad

426 2190 811 2264 Philippum:
849 2194 954 2261 Qui
1001 2193 1149 2249 videt
1201 2211 1308 2264 me,
1387 2195 1526 2251 videt
1573 2204 1624 2251 et
1651 2197 1873 2252 Patrem
1902 2212 2084 2252 meum

422 2281 602 2352 (Joan.
630 2298 746 2347 XIV,
772 2282 847 2353 9).
889 2303 912 2332 ι
951 2283 1009 2336 In
1044 2280 1267 2337 lumine
1297 2284 1444 2353 ejus,
1482 2306 1510 2333 ››
1542 2284 1601 2339 id
1633 2289 1720 2340 est
1742 2286 1801 2340 in
1827 2286 2075 2357 Christo,

429 2391 458 2418 ‹‹
498 2369 830 2424 videbimus
888 2369 1132 2437 lumen;
1170 2392 1197 2420 »
1241 2371 1298 2424 id
1329 2376 1418 2426 est
1466 2372 1748 2443 Spiritum
1788 2378 2079 2444 sanctum,

430 2455 530 2526 qui
557 2472 734 2527 super
762 2457 1057 2527 apostolos
1089 2458 1146 2511 in
1181 2459 1375 2529 specie
1407 2460 1561 2530 ignis
1584 2460 1955 2517 illiminantis
1987 2479 2084 2533 ap-

427 2543 623 2615 paruit
651 2544 785 2615 (Act.
820 2561 884 2609 II,
914 2545 990 2615 3).
1047 2568 1075 2594 υ
1109 2547 1179 2601 Et
1218 2547 1275 2601 in
1333 2547 1556 2604 lumine
1602 2553 1703 2606 tuo
1755 2550 2080 2607 videbimus

428 2630 651 2699 lumen,
689 2630 778 2686 uid
810 2635 919 2697 est,
951 2648 985 2685 a
1014 2631 1243 2688 Christo
1275 2633 1770 2703 illuminabimur,
1817 2643 1882 2692 ut
1911 2637 1993 2692 ait
2020 2638 2079 2692 in

430 2719 736 2791 Evangelia
758 2738 770 2775 :
795 2722 932 2776 Erat
962 2722 1144 2776 lumen
1180 2739 1373 2777 verum
1401 2724 1541 2795 quod
1563 2726 1847 2781 illuminat
1864 2743 2083 2782 omnem

429 2808 706 2863 hominem
732 2808 1038 2864 venientem
1065 2810 1123 2863 in
1150 2809 1296 2865 hunc
1320 2812 1587 2867 mundum
1618 2814 1793 2884 (Joan.
1829 2830 1866 2877 I,
1894 2814 1971 2881 9).

507 2919 536 2947 «
577 2897 875 2953 Praetende
902 2898 1362 2955 misericordiam
1394 2905 1558 2956 tuam
1590 2902 1911 2957 scientibus
1940 2906 2015 2957 te.
2052 2924 2080 2951 »

435 2986 544 3051 Qui
577 2989 633 3042 te
664 2990 977 3043 venturum
1001 2988 1058 3042 in
1092 2990 1382 3045 mundum
1422 2996 1725 3046 noverunt.
1759 2996 1836 3047 De
1867 2991 2083 3063 quibus

435 3076 814 3148 postmodum
853 3075 913 3131 in
948 3078 1259 3150 Evangelio
1291 3080 1476 3134 dicis:
1508 3079 1676 3135 Multi
1695 3082 1836 3153 justi
1876 3084 1927 3135 et
1952 3097 2079 3152 pro-

433 3164 613 3236 phetae
657 3166 949 3235 cupierunt
980 3168 1169 3223 videre
1198 3184 1325 3240 quae
1360 3168 1575 3235 videtis,
1609 3174 1661 3225 et
1687 3186 1795 3226 non
1824 3170 2081 3225 viderunt

1936 371 2334 433 APPENDIX
2344 413 2361 429 .
3627 378 3705 437 988

443 519 477 557 a
534 500 887 573 pinguedine
947 501 1144 573 gratias
1200 502 1452 574 Spiritus
1509 505 1716 560 sancti.
1781 526 1809 555 ‹‹
1867 505 2087 560 Domus
2116 506 2169 572 Α

2272 525 2301 552 ‹‹
2342 500 2471 557 Noli
2491 499 2754 557 aemulari
2776 498 2836 553 in
2868 496 3340 569 malignantibus.
3366 498 3580 556 )rIIultas
3594 501 3710 563 habet

2200 590 2489 646 aemulatio
2520 587 3043 661 interpretationes,
3065 585 3328 657 quaeloco
3357 603 3448 642 suo
3480 590 3639 646 debent
3656 595 3712 649 vel

2198 680 2464 751 intelligi,
2493 678 2579 734 vel
2607 677 2836 750 exponi.
2869 680 3015 731 Nam
3046 674 3143 730 hic
3184 675 3338 746 dicit,
3367 676 3475 732 Noli
3511 682 3713 754 particeps

2199 786 2327 826 esse
2377 768 2691 841 malignis:
2726 782 2915 838 neque
2959 765 3033 821 ad
3063 764 3271 830 zelum,
3328 781 3491 829 neque
3528 769 3582 823 ad
3619 771 3716 824 inii-

2196 858 2375 925 diam,
2409 858 2549 929 quia
2576 856 2767 913 zelum
2793 856 2880 911 ira
2898 859 3009 925 est,
3033 854 3351 911 secundum
3369 853 3494 909 illud
3517 858 3630 927 quod
3648 875 3715 930 per

2196 946 2535 1019 prophetam
2567 945 2847 1002 Dominus
2875 944 2992 1000 ait:
3024 945 3091 999 In
3113 943 3468 1015 indignatwne
3488 962 3639 1014 mgna
3660 965 3713 1002 κ-

2196 1037 2343 1091 lutus
2369 1052 2493 1089 sum
2522 1035 2653 1090 Sion
2701 1034 2880 1106 (Zach.
2914 1049 3039 1099 VIII,
3087 1034 3167 1099 2).
3203 1032 3407 1086 Invidia
3432 1038 3590 1088 autem
3620 1034 3712 1091 livor

2195 1130 2311 1180 est:
2339 1125 2509 1195 juxta
2548 1122 2729 1178 illud:
2794 1121 2978 1179 Occidi
3033 1118 3476 1177 adolescentulum
3514 1123 3564 1176 in
3601 1124 3715 1180 livore

2194 1230 2308 1271 meo
2339 1213 2492 1284 (Gen.
2527 1230 2600 1283 Iv,
2628 1213 2718 1268 33.
2746 1234 2775 1261 «
2809 1212 3008 1283 Neque
3065 1209 3336 1265 zelaveris
3389 1210 3613 1266 facientes
3645 1212 3714 1266 ini-

2195 1304 2499 1374 quitatem.
2531 1321 2559 1354 »
2596 1301 2721 1359 Non
2752 1299 3000 1355 imiteris
3029 1315 3130 1355 eos
3157 1298 3254 1370 qui
3283 1315 3379 1370 per
3404 1298 3596 1369 iniquas
3617 1301 3714 1354 frau-

2195 1394 2297 1448 des
2354 1391 2584 1447 divitias
2645 1392 3021 1462 congregant,
3055 1388 3436 1459 honoremque
3478 1388 3713 1459 requirunt:

2194 1483 2295 1537 sed
2323 1485 2501 1536 Deum
2526 1480 2853 1546 attendens,
2878 1477 3204 1534 bonitatem
3228 1476 3560 1548 apostolicam
3578 1494 3710 1547 quare

2266 1591 2295 1620 «
2336 1570 2621 1634 Quoniam
2678 1572 2964 1639 tanquam
2996 1567 3199 1622 fenum
3246 1564 3495 1620 velociter
3518 1570 3711 1631 arescent,

2190 1663 2248 1714 et
2276 1658 2773 1730 quemadmodum
2806 1656 2964 1712 olera
2992 1655 3308 1711 herbarum
3338 1654 3441 1710 cito
3468 1653 3708 1709 decident-

2192 1752 2362 1804 Recte
2392 1748 2513 1802 haec
2562 1745 2813 1803 carnalis
2866 1744 3073 1818 gloria,
3132 1749 3191 1798 et
3244 1743 3504 1799 mundata
3527 1742 3711 1814 potentia,

2192 1836 2323 1892 leno
2379 1838 2561 1907 (juxta
2597 1834 2832 1907 Isaiam)
2877 1836 3329 1907 comparantur;
3372 1831 3551 1899 Omnis,
3576 1830 3709 1902 inquit,

2189 1942 2318 1983 care
2371 1927 2582 1996 fenum,
2642 1926 2693 1980 et
2738 1925 2916 1979 omnis
2974 1924 3170 1995 gloria
3215 1924 3330 1993 ejus
3382 1923 3509 1977 sicut
3531 1921 3605 1989 ﬂos
3641 1920 3709 1988 [cui

2192 2016 2329 2089 (Isa.
2363 2033 2443 2081 XI,
2469 2016 2546 2085 6).
2579 2012 2748 2069 Aruit
2777 2012 2930 2068 enim
2978 2012 3197 2083 fenum,
3244 2016 3300 2067 et
3328 2010 3426 2067 ﬂos
3451 2010 3555 2080 ejus
3578 2006 3711 2063 decidit

2193 2104 2334 2177 (Ibid
2362 2104 2439 2172 7).
2472 2103 2619 2159 Huic
2649 2101 2950 2158 sententiae
2979 2100 3209 2156 addidit
3234 2099 3472 2156 Jacobus
3490 2094 3709 2169 apostolus:

2190 2196 2273 2249 Ita
2300 2201 2351 2248 et
2375 2192 2525 2247 dives
2552 2194 2615 2247 in
2642 2192 2936 2246 itineribus
2992 2192 3109 2245 suis
3138 2194 3420 2245 marcescat
3463 2187 3572 2259 (Jac.
3596 2184 3709 2250 1,11}.

2192 2281 2382 2337 Simili
2441 2281 2663 2336 ratione
2686 2282 2744 2335 et
2770 2279 2843 2334 de
2861 2278 3123 2335 oleribus
3153 2278 3498 2335 sentiendum
3523 2278 3609 2331 est:
3629 2271 3710 2341 quia

2192 2386 2305 2425 non
2338 2369 2535 2426 omnia
2564 2369 2723 2425 olera
2752 2368 3007 2424 inﬁrmis
3038 2372 3179 2424 sunt
3207 2370 3521 2439 opportuna.

2262 2481 2291 2509 «
2325 2459 2507 2530 Spera
2534 2457 2596 2512 in
2626 2457 2873 2513 Domino
2894 2460 2953 2512 et
2986 2457 3074 2512 fac
3098 2456 3472 2513 bonitatem.»
3499 2453 3705 2520 Tanquam

2190 2563 2341 2619 {egro
2370 2547 2477 2601 tibi
2507 2546 2769 2618 loquitur
2787 2562 2982 2601 sermo
3030 2544 3294 2600 divinus:
3324 2548 3386 2598 ut
3404 2537 3710 2627 interreliquas
3814 2568 3815 2627 ι

2190 2635 2409 2708 gratias
2440 2652 2566 2707 quae
2598 2639 2738 2690 sunt
2789 2634 3021 2689 fructus
3069 2633 3333 2706 spiritus,
3361 2630 3589 2687 exhibeas
3609 2622 3710 2679 boni-
3814 2622 3815 2675 ἡ

2189 2728 2390 2779 tatem.
2426 2746 2453 2774 «
2480 2728 2660 2795 Spera
2688 2723 2750 2778 in
2779 2722 3067 2791 Domino;
3103 2747 3125 2774 ι
3156 2737 3315 2794 spem
3345 2720 3536 2775 habens
3560 2726 3709 2782 semper

2190 2813 2247 2867 in
2277 2812 2544 2868 Domino.
2576 2835 2603 2863 ‹‹
2633 2813 2703 2867 Et
2732 2812 2820 2867 fac
2849 2811 3197 2879 bonitatem,
3226 2830 3253 2862 ι
3290 2810 3391 2865 hoc
3418 2811 3510 2873 est,
3542 2798 3711 2870 adimple

2190 2902 2485 2956 mandata.
2510 2923 2539 2951 «
2573 2900 2844 2956 Inhabita
2872 2905 3120 2968 terram,
3153 2924 3176 2953 ι
3204 2902 3449 2955 sanctam
3474 2890 3709 2950 Ecclesium:

2190 2989 2277 3045 vel
2309 3006 2520 3062 corpus
2567 2994 2756 3045 tuum.
2810 2990 2897 3044 Tu
2930 2989 3238 3046 dominare
3275 2987 3453 3043 carni:
3502 2998 3591 3038 non
3627 2990 3709 3031 eam

2193 3079 2315 3135 tibi.
2352 3102 2381 3130 ‹‹
2412 3080 2483 3134 Et
2511 3078 2768 3150 pasceris
2811 3078 2872 3133 in
2921 3078 3147 3135 divitiis
3176 3079 3317 3149 ejus.
3343 3096 3368 3129 ιι
3400 3075 3457 3131 In
3483 3068 3621 3128 sacris

2190 3168 2533 3224 luminibus.
2566 3167 2625 3223 Si
2672 3167 2794 3224 haec
2841 3172 3000 3224 terra
3033 3169 3287 3225 fructum
3316 3164 3547 3222 exhibeat
3569 3157 3710 3213 sancti-

434 3254 656 3325 (Matth.
690 3270 816 3321 xm,
851 3256 959 3327 t7).
1023 3258 1145 3313 Non
1203 3259 1494 3331 superbis,
1547 3264 1603 3314 et
1631 3259 1916 3329 subdolis,
1975 3260 2077 3315 sed
2110 3245 2153 3311 C
2189 3256 2349 3322 tatis,
2375 3262 2515 3311 tunc
2545 3260 2603 3312 et
2631 3260 2694 3312 tu
2719 3256 3150 3327 jucundaberis
3180 3257 3238 3311 in
3269 3252 3466 3310 divitiis
3496 3247 3585 3305 llei.

435 3342 674 3398 mundis
733 3345 923 3400 corde.
957 3346 1059 3401 Vel
1112 3350 1353 3404 ostende
1410 3349 1870 3404 misericordiam
1918 3354 2081 3405 tuam

438 3432 761 3489 scientibus
789 3438 867 3500 te,
899 3435 955 3489 id
980 3441 1087 3504 est,
1112 3438 1211 3507 qui
1236 3442 1289 3492 te
1320 3437 1530 3502 sciunt.
1557 3442 1614 3493 et
1642 3444 1698 3493 te
1725 3438 2081 3511 intelligunt,

438 3519 585 3590 ipsis
616 3522 860 3576 ostende
916 3524 1378 3581 misericordiam
1436 3531 1629 3595 tuam,
1666 3526 1924 3583 Domine.
1965 3550 1985 3575 ι
2021 3532 2088 3582 Et

432 3608 727 3677 justitiam
775 3613 939 3665 tuam
971 3611 1063 3666 his
1094 3612 1193 3683 qui
1226 3619 1379 3670 recto
1413 3619 1552 3670 sunt
1579 3617 1771 3672 corde.
1796 3638 1824 3665 ››
1854 3636 1883 3666 ‹‹
1912 3615 2089 3671 Justi-

446 3694 590 3749 tiam
625 3700 807 3763 tuam,
835 3720 856 3745 ιι
888 3700 1166 3755 mandata
1187 3706 1306 3757 tua.
1331 3727 1359 3752 «
1378 3703 1485 3767 Qui
1517 3708 1672 3760 recto
1695 3710 1837 3760 sunt
1857 3706 2084 3772 corde,»

444 3782 504 3838 id
536 3788 644 3850 est,
686 3785 785 3856 qui
817 3802 931 3841 non
962 3788 1183 3845 habent
1214 3791 1616 3863 duplicitatem
1649 3794 1865 3850 cordis.

520 3896 547 3922 ‹‹
581 3873 708 3929 Non
738 3875 933 3931 veniat
965 3877 1110 3932 mihi
1134 3895 1237 3949 pes
1269 3882 1575 3952 superbiae.
1607 3904 1635 3932 ››
1670 3887 1751 3939 Ne
1781 3884 1967 3940 elatus
1990 3901 2089 3939 va-

452 3963 655 4027 nitate,
686 3962 941 4021 incidam
974 3966 1033 4020 in
1066 3966 1344 4039 laqueum
1365 3970 1605 4037 diaboli,
1628 3977 1685 4026 et
1704 3972 1944 4028 evadere
1975 3989 2090 4028 non

455 4053 676 4124 possim
704 4071 717 4108 :
750 4076 772 4102 σ
806 4054 877 4108 Et
904 4072 1115 4111 manus
1148 4063 1514 4128 peccatorum
1548 4076 1661 4114 non
1686 4065 1911 4116 moveat
1940 4078 2090 4129 me;»

452 4142 510 4196 id
542 4145 648 4208 est,
683 4159 861 4214 opera
890 4144 1180 4201 malorum
1212 4164 1306 4203 me
1337 4164 1452 4203 non
1485 4154 1710 4204 moveat
1737 4151 1808 4205 de
1851 4150 2002 4206 bono
2033 4150 2091 4205 in

447 4229 690 4284 malum.
726 4231 853 4287 Non
894 4249 987 4288 me
1017 4240 1264 4301 moveat,
1298 4241 1363 4290 ut
1390 4254 1424 4292 a
1451 4241 1506 4294 te
1536 4238 1792 4294 divellar.

522 4340 550 4368 ‹‹
594 4319 677 4373 Ibi
710 4320 1040 4378 ceciderent
1087 4340 1292 4380 omnes
1333 4326 1432 4398 qui
1465 4332 1780 4399 operantur
1817 4328 2094 4400 iniquita-

447 4410 587 4462 tem.
623 4428 651 4455 »
684 4409 748 4462 In
780 4408 889 4463 hac
922 4412 1198 4482 superbia
1218 4417 1393 4485 atque
1422 4416 1677 4472 vanitate
1700 4421 1900 4473 contra
1920 4434 2095 4489 quam

449 4501 603 4551 stare
635 4497 981 4566 debuerant,
1032 4502 1383 4558 ceciderunt.
1446 4527 1475 4554 «
1528 4505 1764 4577 Expulsi
1797 4512 1954 4563 sunt.
1991 4531 2018 4556 »
2049 4510 2096 4563 A

446 4600 624 4657 regno
658 4586 781 4641 Dei.
830 4609 857 4637 ί(
888 4588 1005 4645 Nec
1050 4595 1368 4662 potuerunt
1411 4598 1583 4649 stare.
1614 4616 1641 4644 ››
1692 4595 1928 4667 Expulsi
1961 4601 2099 4652 sunt

468 4675 762 4731 daemones
797 4677 865 4732 de
910 4678 1085 4734 ccelo:
1147 4698 1253 4737 nec
1300 4687 1616 4753 potuerunt
1660 4689 1834 4741 stare.
1885 4685 2102 4741 Caelum

457 4778 558 4819 eos
591 4780 706 4819 non
731 4766 921 4836 potuit
950 4772 1177 4826 tenere:
1210 4770 1347 4843 quia
1373 4771 1433 4826 in
1461 4773 1639 4844 pedes
1669 4774 1956 4845 superbire
1975 4776 2103 4846 jam

451 4859 811 4910 corruerant.
845 4855 960 4912 Nos
1015 4874 1148 4914 vero
1201 4877 1435 4917 oremus
1466 4864 1803 4927 Dominum,
1836 4867 1902 4918 ut
1931 4864 2100 4920 nobis

450 4942 709 4998 nominis
740 4944 831 4999 sui
864 4946 1137 5003 timorem
1196 4949 1475 5018 insinuet,
1510 4953 1973 5008 misericordiam
2029 4954 2100 5009 de

450 5028 593 5084 caelo
626 5031 793 5088 solita
820 5032 1120 5106 largiatur:
1150 5040 1485 5111 superbiam
1518 5059 1552 5096 a
1580 5043 1748 5097 nobis
1779 5042 1948 5097 bonis
1976 5041 2100 5098 suis

451 5116 750 5175 inimicam
783 5124 1026 5193 auferat,
1084 5132 1258 5199 atque
1316 5146 1549 5185 omnem
1609 5130 1809 5187 dolum
1842 5135 2094 5187 avertat:

450 5221 674 5277 nosque
697 5215 1050 5269 sacrosancti
1088 5216 1335 5274 luminis
1375 5220 1466 5275 sui
1497 5221 1830 5292 cognitione
1872 5220 2096 5276 illumi-

458 5300 650 5363 natos,
684 5314 861 5370 regno
893 5319 1000 5359 suo
1031 5305 1239 5377 dignos
1269 5307 1477 5376 eliciat,
1510 5311 1712 5365 Amen.

968 5427 1288 5487 PSALMUS
1330 5432 1567 5488 XXXVI.

442 5508 700 5596 Psalmus
730 5513 926 5596 David.
962 5517 1319 5596 Tricesimus
1353 5526 1553 5596 sextus
1600 5523 1865 5594 psalmus
1899 5539 2094 5596 psrsfo-

521 5586 819 5661 namjusti
846 5585 1363 5661 glorificat,injusti
1388 5599 1552 5648 notat
1574 5585 1806 5651 {mores
1833 5585 2092 5660 instruit,

520 5652 968 5714 bonitatem'Dei
1001 5652 1187 5728 docet,
1217 5652 1562 5733 pravitatem
1594 5666 1805 5721 evellit.

2271 3366 2293 3396 ι
2341 3345 2629 3402 Delectare
2657 3345 2718 3400 in
2767 3345 3041 3417 Domino,
3093 3350 3150 3402 et
3196 3344 3350 3400 dabit
3375 3341 3467 3397 tibi
3503 3334 3712 3423 petitiones

2194 3433 2386 3490 cordis
2415 3435 2521 3490 tui.
2556 3456 2585 3483 »
2618 3435 2727 3490 Cor
2751 3449 2985 3506 semper
3013 3434 3359 3507 sapientiam
3387 3428 3528 3503 petit.
3551 3425 3653 3492 Ergo
3672 3432 3714 3513 ξιο

2194 3523 2470 3580 admissis
2500 3524 2593 3580 his
2617 3523 3123 3595 jucunditatibus.
3156 3524 3213 3578 in
3246 3522 3466 3579 Domino
3485 3514 3714 3600 delecteris,

2196 3612 2358 3668 dabit
2402 3613 2507 3668 tibi
2567 3589 2877 3669 thesauros
2933 3612 3234 3685 sapientiae
3289 3626 3397 3666 suae
3423 3605 3498 3662 vel
3522 3589 3715 3674 quidquid

2196 3701 2432 3774 petieris
2462 3718 2566 3774 per
2614 3701 2810 3757 fidem.
2868 3701 3029 3758 Unde
3095 3702 3272 3758 dixit:
3325 3699 3452 3769 Quia
3498 3694 3539 3747 si
3575 3688 3650 3743 duo
3677 3694 3717 3734 ειτ

2198 3792 2345 3847 vobis
2374 3793 2744 3847 consenserint
2789 3808 2956 3863 super
3011 3800 3242 3861 terram,
3297 3788 3357 3845 de
3404 3783 3533 3841 omni
3549 3795 3595 3833 re
3615 3783 3714 3845 qua“

2194 3882 2458 3952 petierint
2482 3897 2520 3935 a
2550 3881 2715 3936 Patre
2742 3896 2883 3949 meo,
2913 3880 3010 3950 ﬁet
3036 3884 3123 3937 eis
3153 3878 3354 3953 (Matth.
3384 3888 3522 3934 xvm,
3552 3867 3686 3958 19):“

2277 3989 2300 4017 ι
2341 3969 2551 4025 Revela
2579 3969 2825 4024 Domino
2865 3969 3019 4026 viam
3051 3975 3234 4026 tuam.
3269 3990 3294 4017 n
3334 3958 3583 4031 Quomodo
3617 3946 3713 4005 dicit»

2199 4058 2417 4114 revela?
2446 4058 2735 4131 numquid
2785 4058 3006 4131 aliquid
3040 4058 3227 4116 nescit
3253 4052 3428 4111 Deus?
3452 4034 3714 4139 Itomaedi“

2203 4148 2360 4220 quod
2393 4148 2573 4204 habes
2604 4147 2664 4202 in
2696 4148 2888 4216 corde,
2921 4149 3246 4220 patefacere
3273 4144 3432 4200 debes
3465 4135 3622 4230 080)“

2206 4216 2379 4292 mone
2427 4253 2531 4309 per
2558 4216 2993 4294 confessionem
3035 4242 3221 4293 tuam.
3254 4231 3506 4290 Conﬁtere

2206 4342 2307 4382 nes
2339 4296 2509 4381 tuas:
2543 4330 2602 4382 et
2631 4342 2807 4397 spera
2835 4327 2895 4382 in
2927 4343 3065 4383 eum
3099 4339 3339 4397 semper,
3368 4323 3419 4375 et
3459 4296 3716 4397 Ipsetlb'dl'

2206 4416 2400 4471 mittet
2428 4393 2809 4487 peccata-tua.
2847 4438 2875 4467 ‹‹
2901 4420 2970 4471 Et
3000 4433 3171 4489 spera
3199 4393 3255 4469 in
3284 4425 3424 4467 eum.
3448 4393 3618 4497 »ριξῴ
3638 4398 3717 4497 Po:

2205 4505 2283 4559 sit
2332 4472 2627 4560 remittere
2678 4472 3065 4577 delinquenti.
3126 4527 3155 4554 «
3194 4503 3263 4558 Et
3313 4500 3426 4570 ipse
3474 4472 3717 4546 facietiﬁi

2137 4616 2183 4681 Ι)
2216 4592 2379 4665 quid,
2413 4592 2635 4665 inquis,
2676 4593 2895 4649 faciet?

2288 4643 2655 4737 (ﬁt—educet
2677 4643 2871 4754 quasi
2920 4683 3118 4740 lumen
3140 4678 3414 4754 justitiam
3440 4676 3586 4725 tuam.
3612 4680 3631 4703 ”
3666 4643 3714 4701 λδ

2215 4770 2538 4827 claritatem
2570 4788 2686 4843 qua
2716 4753 2850 4828 eum
2881 4753 3201 4829 credidisti.
3234 4793 3262 4821 «
3292 4759 3550 4823 Justitiam
3577 4753 3714 4843 ιυιφιξ

2214 4861 2270 4915 id
2303 4864 2410 4927 est,
2443 4859 2505 4915 in
2535 4840 2797 4918 claritate
2815 4879 2991 4934 opera
3018 4866 3138 4918 tua.
3163 4884 3191 4910 «
3221 4860 3287 4915 Et
3296 4848 3546 4928 judicium
3568 4840 3713 4934 tanta:

2209 4951 2331 5015 Quo
2361 4966 2430 5005 ea
2460 4966 2591 5021 quae
2623 4950 2776 5007 bona
2805 4928 2947 5007 sunt
2983 4950 3225 5025 elegisti.
3259 4970 3286 4997 ‹‹
3316 4944 3572 5008 Tantinam
3607 4928 3713 5025 ω

2209 5038 2385 5093 diem.
2419 5060 2447 5089 »
2477 5014 2547 5094 in
2579 5038 2753 5110 pleno
2779 5014 3104 5112 splendore
3126 5036 3314 5112 gratiis
3346 5044 3464 5120 sum.
3490 5014 3713 5120 quea:

2206 5126 2361 5182 velat
2392 5144 2587 5183 coram
2621 5128 2845 5201 angelis
2877 5129 3025 5185 suis.
3062 5127 3163 5185 Vel
3193 5119 3458 5182 meridies,
3482 5102 3697 5179 ορθηεδη

2208 5221 2436 5272 ctorum
2475 5216 2908 5290 intelliguntur.
3201 5304 3218 5321 ν
3362 5228 3376 5239 ’
3470 5293 3516 5321 Μ
3551 5273 3623 5321 ,μδ
3644 5267 3710 5321 δυ,

2279 5328 2308 5355 ‹‹
2350 5306 2635 5362 Subditus
2664 5273 2790 5362 e’sto
2820 5273 3087 5365 Domino.
3112 5328 3139 5356 ν
3173 5304 3291 5361 Non
3319 5273 3623 5410 peccatore:

2207 5393 2367 5449 milis
2405 5399 2531 5450 esto
2571 5411 2767 5453 coram
2828 5398 3093 5455 Domino.
3156 5418 3181 5444 ‹‹
3229 5393 3291 5447 Et
3330 5383 3705 5493 ονξγθξξαρξυῖιξξ

2206 5482 2432 5538 delictis
2499 5486 2885 5554 praesentibus
2954 5492 3012 5542 et
3050 5453 3339 5580 antiquis.

2204 5572 2378 5627 dixit:
2409 5545 2599 5628 Primo
2645 5576 2897 5630 omnium
2940 5576 3069 5646 ﬁeri
3086 5569 3371 5629 'oraliones,
3398 5545 3700 5646 obsecrantes;

2409 5616 2426 5626 .
2940 5616 3069 5646 μυ..
3101 5616 3370 5629 ,ηπ--.ηπ
3635 5620 3642 5630 .

2203 5660 2632 5734 postulationes,
2717 5668 3025 5735 gratiarum
3108 5661 3371 5717 actiones:
3426 5654 3507 5716 Ρνθ
3562 5616 3704 5692 "9w
