3964 6190
431 363 543 424 991

1919 365 2341 426 APPENDIX.
3612 374 3687 432 ω

433 500 760 570 peccatores
809 501 981 552 erunt
1027 498 1214 569 vacui,
1245 503 1385 554 tunc
1434 499 1618 554 sancti
1651 499 2076 554 saturabuntur
2104 500 2158 565 Α
2189 500 2317 570 ejus
2347 513 2610 569 quaerens
2641 511 2872 568 panem.
2917 496 3126 552 Semen
3177 497 3317 567 ejus,
3343 516 3368 549 ι
3418 514 3553 571 opera
3593 505 3694 573 ejus.

432 589 504 640 de
533 587 720 658 gratia
750 586 869 640 Dei.
918 609 946 635 «
982 586 1126 651 Quia
1158 592 1489 658 peccatores
1520 588 1810 659 peribunt.
1849 611 1876 638 ››
1932 587 2078 651 Quia

431 692 546 730 non
589 674 930 730 custodiunt
987 676 1265 729 mandata
1312 676 1432 741 Dei,
1468 677 1516 732 si
1573 693 1687 731 non
1736 678 2077 732 emendave-

432 765 567 818 rint.

506 876 533 902 ‹‹
564 853 792 908 Inimici
821 868 954 908 vero
985 853 1216 909 Domini
1251 871 1382 908 mox
1427 860 1490 910 ut
1536 854 1902 910 honoriﬁcati
1954 855 2076 910 fue-

432 942 567 995 rint.
615 964 642 990 ››
705 944 768 996 In
825 947 1110 1012 potestate
1167 947 1415 998 terrena.
1478 968 1498 991 «ι
1537 944 1604 999 Et
1658 943 1914 999 exaltati.
1950 967 1978 993 ››
2013 946 2075 998 In

429 1046 580 1084 vana
621 1031 824 1101 gloria.
879 1054 904 1080 ‹‹
943 1031 1280 1085 Deﬁcientes
1330 1033 1827 1103 quemadmodum
1877 1033 2076 1089 fumus

429 1119 718 1174 deﬁcient.
755 1142 783 1168 ››
824 1121 1175 1175 Adveniente
1204 1125 1399 1175 autem
1430 1127 1636 1188 morte,
1669 1122 1862 1177 omnis
1891 1122 2077 1194 gloria

428 1224 630 1263 eorum
662 1212 940 1279 tanquam
974 1209 1172 1264 fumus
1202 1214 1303 1264 aut
1331 1209 1544 1265 nebula
1581 1212 1841 1266 tabescet
1875 1227 1888 1264 :
1939 1211 2076 1283 quia

430 1295 545 1352 cito
576 1295 773 1351 omnia
803 1302 1136 1352 transeunt.
1680 1317 1687 1324 ο

501 1408 528 1435 ‹‹
562 1385 881 1440 Mutabitur
924 1390 1211 1457 peccator,
1245 1392 1301 1441 et
1354 1403 1468 1440 non
1521 1387 1818 1442 retribuet.
1855 1409 1883 1436 »
1932 1386 2076 1453 Quia

428 1491 544 1530 non
594 1475 863 1529 restituet
909 1476 1218 1546 pecuniam
1271 1475 1499 1530 Domini
1532 1492 1664 1530 cum
1697 1476 1912 1531 usuris.
1948 1477 2074 1531 Mu-

423 1570 595 1619 tuum
627 1565 850 1635 accepit
899 1581 931 1617 a
977 1564 1224 1619 Domino
1262 1580 1274 1619 :
1326 1565 1384 1619 id
1430 1569 1538 1634 est,
1575 1565 1832 1637 quinque
1863 1583 2074 1620 sensus

423 1654 701 1724 corporis,
726 1651 815 1707 vel
847 1653 1098 1721 divitias,
1123 1658 1181 1708 et
1213 1671 1327 1708 non
1360 1655 1578 1725 gratias
1611 1657 1730 1726 agit
1753 1655 1887 1710 Deo.
1924 1678 1952 1704 «
1975 1655 2075 1709 Ju-

422 1747 550 1797 stus
587 1746 783 1796 autem
817 1741 1129 1796 miseretur
1159 1748 1215 1796 et
1245 1745 1598 1798 commodat.
1636 1767 1656 1793 ι
1695 1744 1756 1798 ld
1788 1749 1895 1811 est,
1927 1749 1984 1799 et
2013 1744 2071 1799 in

2193 610 2220 637 «
2251 587 2524 650 Quaereris
2553 601 2787 658 panem,
2823 607 2850 636 ››
2903 583 2962 639 id
2994 591 3084 641 est
3118 585 3341 640 verbum
3370 587 3468 642 Dei.

2260 716 2289 744 «
2321 694 2466 748 Tota
2495 692 2587 747 die
2620 697 2943 748 meseretur
2996 696 3051 748 et
3083 693 3412 748 commodat.
3444 717 3465 742 ››
3511 697 3604 754 Dies
3625 708 3693 768 est,

2186 799 2320 838 cum
2349 782 2757 854 unusquisque
2787 783 3005 837 bonum
3041 787 3277 836 exercet.
3309 781 3408 836 Iste
3442 799 3546 856 ergo
3569 791 3695 843 omni-

2184 872 2294 926 bus
2319 871 2525 927 dielius
2547 870 2676 925 vitae
2698 887 2816 925 suae
2854 870 3089 924 faeneret
3111 869 3331 924 Domini
3358 870 3435 924 sui
3463 875 3694 943 pecuniam,

2185 978 2297 1015 non
2347 960 2417 1015 ad
2469 959 2632 1015 lucra
2679 960 2997 1029 mundana,
3049 959 3148 1013 sed
3181 960 3249 1014 ad
3271 957 3489 1014 ccelestia
3535 966 3694 1033 conqui-

2186 1049 2384 1104 renda.
2447 1071 2475 1098 ‹‹
2510 1050 2654 1104 Tota
2707 1048 2819 1119 die,
2856 1070 2884 1097 »
2944 1047 3105 1102 omni
3151 1048 3696 1119 tempore.Miseretw-,a

2185 1138 2299 1194 Deo
2326 1154 2339 1195 :
2372 1138 2430 1192 id
2463 1143 2570 1203 est,
2597 1137 2697 1210 qui
2725 1136 2856 1192 aliis
2887 1136 3182 1191 ministrat
3205 1136 3492 1190 doctrinam
3516 1137 3602 1192 Dei.
3625 1163 3641 1186 ςει
3658 1141 3698 1193 Et

2186 1243 2384 1282 semen
2443 1227 2571 1298 ejus
2625 1226 2684 1280 in
2741 1224 3145 1280 benedictione
3196 1224 3316 1278 erit.
3360 1247 3383 1272 ››
3436 1224 3581 1296 Opera
3619 1244 3695 1298 qua

2185 1317 2385 1388 gessit,
2409 1315 2497 1371 vel
2531 1315 2856 1370 doctrinam
2881 1331 3059 1385 quam
3088 1313 3297 1380 docuit,
3322 1331 3352 1368 a
3371 1313 3571 1368 Domino
3593 1317 3698 1369 bene-

2184 1406 2470 1460 dicentur.
2505 1405 2615 1459 Sed
2655 1408 2713 1459 et
2760 1420 2957 1459 semen
3010 1403 3082 1457 ad
3132 1401 3492 1457 Christianum
3540 1403 3695 1457 refertur

2183 1494 2487 1566 populum,
2531 1492 2630 1564 qui
2663 1493 2722 1547 in
2755 1491 3009 1548 Ecclesia
3041 1491 3276 1546 assidua
3305 1489 3628 1545 benedictione
3645 1492 3693 1543 di-

2183 1589 2357 1637 tatur.
2421 1604 2449 1632 ‹‹
2479 1583 2547 1637 Et
2585 1599 2785 1637 semen
2816 1581 2944 1653 ejus
2976 1580 3035 1635 in
3069 1579 3448 1635 benedictione
3486 1578 3628 1645 erit,»
3665 1578 3694 1631 in

2184 1671 2544 1727 abundantia
2576 1677 2632 1725 et
2660 1670 2864 1744 gloria.

2257 1783 2285 1810 «
2315 1761 2551 1815 Declina
2599 1777 2632 1815 a
2680 1759 2855 1815 malo.
2893 1781 2920 1808 ››
2971 1760 3176 1830 Opere.
3227 1780 3253 1807 «
3287 1759 3350 1813 Et
3377 1758 3453 1812 fac
3488 1757 3692 1811 bonum.»

423 1846 485 1885 se
514 1829 653 1884 facit
684 1830 1169 1896 misericordiam,
1194 1836 1251 1886 et
1280 1832 1338 1885 in
1370 1831 1500 1888 aliis
1527 1849 1539 1886 :
1573 1833 1681 1888 hoc
1711 1838 1820 1900 est,
1851 1833 2066 1888 discer-
2183 1851 2344 1916 Quod
2380 1852 2528 1904 Deus
2577 1849 2868 1921 praecepit,
2920 1871 2948 1898 α
2981 1829 3220 1904 Declina
3247 1865 3278 1903 α
3307 1847 3460 1912 mam,
3487 1851 3531 1901 et
3554 1846 3694 1900 {30130.

422 1917 511 1972 nit
541 1918 702 1989 ipsos
746 1919 1006 1990 quinque
1058 1937 1268 1976 sensus
1319 1923 1595 1993 corporis.
1629 1922 1753 1993 Vel,
1806 1923 2071 1978 «Justus

421 2006 734 2062 miseretur
789 2013 846 2063 et
901 2009 1254 2064 commodat.
1307 2031 1334 2059 ››
1393 2010 1626 2082 Accepit
1680 2012 1953 2079 verbum,
2015 2016 2071 2066 et

424 2095 832 2168 spiritualibus
895 2097 1224 2168 spiritualia
1281 2099 1697 2155 subministrat
1749 2117 1761 2154 :
1835 2105 1900 2155 ut
1954 2117 2068 2156 non

423 2185 613 2241 solum
646 2202 728 2251 se,
763 2187 863 2241 sed
896 2187 1042 2242 alios
1084 2188 1432 2246 lucrifaciat.
1467 2191 1531 2243 In
1589 2189 1699 2244 hoc
1755 2205 1889 2244 vero
1944 2207 2069 2246 ver-

422 2274 630 2342 siculo,
661 2275 836 2330 etiam
867 2276 1164 2330 miseratio
1197 2293 1519 2347 pauperum
1553 2277 1930 2350 intelligenda
1959 2282 2066 2332 est.

494 2386 520 2413 «
555 2364 700 2430 Quia
731 2365 1141 2418 benedicentes
1191 2367 1240 2418 ei
1296 2365 1721 2420 hznreditabunt
1769 2372 2003 2421 terram.
2039 2389 2066 2416 »

423 2451 484 2506 In
517 2469 635 2522 qua
666 2454 817 2507 bona
846 2453 946 2507 Dei
981 2455 1233 2523 reposita
1266 2460 1421 2508 sunt.
1456 2453 1561 2517 Qui
1604 2470 1838 2525 semper
1887 2456 2065 2509 Deum

425 2541 689 2607 laudant,
719 2547 776 2596 et
822 2541 933 2612 ipsi
994 2542 1374 2611 possidebunt
1425 2548 1691 2597 terram:
1742 2542 1800 2598 id
1860 2547 1968 2605 est,
2013 2549 2070 2598 et

425 2629 598 2684 istam
648 2635 863 2684 terram
913 2630 1101 2685 solent
1146 2630 1465 2701 possidere,
1497 2636 1553 2685 et
1605 2636 1806 2702 postea
1851 2636 2066 2686 terram

423 2719 740 2772 viventium
775 2719 1178 2790 possidebunt.
1232 2719 1623 2787 Maledieentes
1663 2729 1843 2775 autem
1872 2722 1924 2775 ei
1951 2720 2065 2774 dis-

419 2808 695 2878 peribunt.
729 2808 1104 2863 Promittente
1145 2809 1434 2864 Domino:
1485 2811 1747 2864 Inimicus
1802 2827 1895 2864 ero
1955 2812 2070 2865 ini-

422 2898 584 2952 micis
612 2899 742 2964 tuis,
765 2906 817 2953 et
835 2899 1088 2968 afﬂz‘gam
1117 2900 1429 2970 a/ﬂigentes
1455 2905 1508 2953 te
1532 2899 1720 2970 (Exod.
1746 2917 1906 2968 xxm,
1928 2901 2065 2973 '22.).

501 3005 525 3036 ιι
555 2987 720 3057 Apud
755 2987 1068 3041 Dominum
1103 3003 1340 3058 gressus
1371 2987 1627 3042 hominis
1658 2988 2003 3060 dirigentur.
2035 3011 2062 3040 »

423 3075 648 3138 Quibus
679 3076 750 3130 ad
784 3091 918 3130 eum
967 3076 1218 3130 transire
1267 3081 1530 3131 conatur.
1565 3077 1659 3133 Sic
1708 3083 1765 3132 et
1814 3079 2068 3134 Rebecca

423 3164 568 3217 abiit
615 3163 973 3235 interrogare
1023 3181 1136 3220 non
1191 3165 1262 3219 de
1306 3164 1431 3220 loco
1480 3166 1552 3220 ad
1605 3165 1822 3233 locum,
1855 3167 1955 3223 sed
1998 3168 2066 3222 de

421 3251 540 3306 vita
569 3252 640 3307 ad
685 3252 862 3307 vitam
915 3253 1070 3326 (Gen.
1105 3270 1251 3320 xxrv,
1283 3255 1412 3325 28);
1467 3259 1524 3310 et
1577 3255 1824 3328 Moyses,
1859 3255 2066 3312 solutis

419 3340 672 3397 vinculis
702 3343 938 3414 pedum,
981 3344 1250 3398 transivit
1287 3345 1478 3399 videre
1509 3344 1722 3398 rubum
1755 3345 1943 3415 (Exod.
1979 3364 2061 3416 ιιι,

419 3430 495 3501 3).
529 3431 598 3485 Et
629 3437 689 3486 tu
723 3432 770 3486 si
805 3449 1066 3504 apponas
1097 3433 1360 3486 animum
1406 3438 1471 3487 ut
1510 3438 1775 3488 transeas
1817 3452 1850 3488 a
1879 3440 2064 3490 morte

421 3520 491 3572 ad
523 3520 722 3585 vitam,
748 3537 862 3574 non
898 3522 1110 3590 pedum
1135 3522 1456 3592 gressibus,
1483 3524 1581 3576 sed
1617 3522 1798 3576 animi
1830 3522 2061 3592 virtute,

421 3608 755 3678 diriguntur
803 3626 836 3662 a
883 3608 1129 3664 Domino
1183 3626 1420 3681 gressus
1467 3610 1573 3664 tui.
1625 3612 1711 3665 Ad
1753 3611 2061 3668 Dominum

420 3711 659 3764 gressus
708 3696 1013 3750 hominum
1049 3697 1394 3770 dirigentur,
1427 3715 1636 3755 sensus
1685 3699 2060 3770 uniuscujus-

419 3801 533 3856 que
568 3802 580 3840 :
625 3791 689 3840 ut
718 3785 799 3839 ait
826 3785 1097 3841 Salomon
1132 3803 1146 3840 :
1181 3789 1436 3842 Hominis
1465 3796 1545 3842 est
1568 3805 1888 3862 praeparare
1912 3792 2060 3845 viam

416 3891 597 3940 suam,
630 3874 725 3930 sed
753 3875 1016 3929 Dominus
1067 3875 1268 3944 diriget
1314 3892 1532 3946 gressus
1580 3893 1703 3932 suos
1733 3879 1913 3947 (Prov.
1943 3896 2058 3946 xvr,

415 3965 492 4029 9).
556 3985 584 4013 ‹‹
628 3964 696 4018 Et
753 3963 905 4018 viam
966 3964 1093 4033 ejus
1158 3963 1327 4018 volet.
1373 3988 1401 4014 ››
1460 3965 1532 4020 Ut
1591 3967 1662 4020 ad
1721 3984 1782 4020 se
1844 3969 2056 4034 veniat,

417 4052 516 4123 qui
573 4057 663 4108 est
717 4052 827 4123 via,
873 4053 1088 4108 veritas
1147 4058 1203 4108 et
1259 4052 1397 4108 vita.
1449 4053 1548 4108 Vel
1609 4056 1884 4110 mandata
1932 4058 2059 4127 ejus

417 4142 725 4197 desiderat.

488 4252 516 4280 «
549 4230 693 4285 Cum
729 4231 1002 4286 ceciderit
1031 4249 1145 4286 non
1179 4231 1502 4287 collidetur.
1529 4255 1556 4281 »
1590 4233 1776 4296 Quare
1801 4234 1828 4288 ?
1857 4257 1884 4283 «
1915 4235 2060 4298 Quia

419 4321 699 4374 Dominus
732 4321 926 4376 firmat
958 4337 1199 4376 manum
1232 4323 1380 4390 ejus.
1413 4345 1434 4373 ι
1476 4322 1532 4376 Id
1565 4327 1673 4388 est,
1705 4339 1880 4394 opera
1907 4324 2055 4394 ejus.

414 4410 550 4464 Cum
596 4409 869 4479 ceciderit,
902 4415 1136 4481 propter
1179 4409 1580 4466 infirmitatem
1633 4413 1871 4469 carnis:
1922 4413 2060 4484 quia

412 4498 630 4570 septies
687 4498 842 4553 cadit
889 4499 1112 4569 justus,
1153 4504 1210 4553 et
1257 4501 1530 4570 resurgit.
1583 4501 1771 4555 «Non
1822 4501 2056 4557 collide-

2182 1957 2344 1994 num.
2381 1961 2409 1989 »
2469 1962 2496 1988 «
2530 1937 2765 1993 Declina
2795 1955 2828 1993 a
2857 1936 3032 2004 malo,
3072 1960 3101 1987 »
3157 1955 3190 1992 a
3219 1935 3430 1992 diabolo
3456 1934 3526 1990 vel
3564 1951 3588 1988 a
3617 1950 3694 2005 pec-

2181 2033 2327 2095 cato,
2388 2049 2415 2077 ‹‹
2451 2033 2508 2082 et
2556 2029 2642 2082 fac
2689 2027 2908 2081 bonum
2942 2049 2969 2076 »
3029 2026 3139 2081 hoc
3184 2031 3287 2096 est,
3318 2021 3476 2096 imple
3513 2023 3694 2078 mandata

2185 2140 2211 2168 «
2246 2118 2313 2172 Et
2341 2116 2605 2171 inhabita
2632 2116 2693 2171 in
2728 2115 3011 2171 saeculum
3046 2115 3261 2171 saeculi.
3299 2139 3317 2164 ι
3351 2115 3407 2170 In
3437 2111 3641 2177 Ecclesia,
3661 2110 3693 2163 in

2184 2207 2403 2261 unitate
2435 2206 2591 2275 ﬁdei,
2625 2211 2748 2260 esto
2779 2221 2912 2260 cum
2945 2222 3011 2260 eo
3044 2211 3370 2277 perpetuus.

2253 2335 2281 2363 «
2314 2313 2459 2377 Quia
2490 2313 2770 2368 Dominus
2805 2316 2963 2368 amat
2985 2312 3298 2382 judicium.
3331 2335 3354 2361 η
3387 2305 3691 2377 Rectumjudi-

2182 2403 2356 2470 cium,
2392 2419 2504 2474 quo
2527 2403 2722 2473 justos
2752 2401 3087 2473 impiosque
3116 2401 3400 2456 discernit.

2254 2531 2280 2559 υ
2311 2511 2378 2564 Et
2407 2525 2523 2563 non
2555 2508 2922 2579 derelinquet
2951 2515 3185 2564 sanctos
3217 2525 3366 2563 suos.
3389 2529 3415 2556 »
3444 2504 3528 2570 Qui
3553 2504 3593 2556 in
3613 2516 3691 2555 eum

2177 2605 2360 2654 totam
2392 2615 2556 2670 spem
2599 2596 2953 2652 locaverunt.
3018 2620 3048 2647 ‹‹
3084 2599 3144 2652 In
3195 2602 3451 2652 aeternum
3489 2604 3692 2648 conserva-

2179 2689 2416 2744 buntur.
2453 2710 2480 2737 »
2514 2692 2631 2742 Hoc
2664 2690 2752 2742 est
2779 2686 2841 2741 in
2873 2693 3244 2758 perpetuum,
3267 2686 3394 2757 quia
3419 2690 3588 2738 aeterna
3606 2693 3692 2732 con-

2177 2777 2505 2848 cupierunt.

2249 2890 2274 2917 ‹‹
2310 2865 2520 2936 Injusti
2577 2865 2914 2938 punientur.
2949 2889 2977 2917 ››
3040 2869 3103 2922 In
3133 2866 3392 2922 vindicta.
3421 2885 3444 2913 α
3474 2863 3529 2917 Et
3565 2870 3692 2913 semen

2177 2955 2493 3028 impiorum
2526 2956 2756 3028 peribit.
2789 2957 2999 3012 Semen
3042 2957 3348 3028 impiorum
3379 2972 3390 3008 :
3431 2973 3454 3004 ιι
3505 2950 3586 3004 hoc
3624 2949 3690 3004 est.

2178 3063 2353 3116 opera
2400 3044 2632 3100 illorum
2681 3061 2816 3100 cum
2866 3046 3012 3117 ipsis
3053 3046 3359 3118 punientur
3383 3042 3436 3096 in
3461 3033 3692 3094 tormentis,

2177 3142 2232 3192 et
2263 3151 2434 3191 omne
2483 3151 2631 3207 opus
2679 3152 2881 3190 eorum
2932 3135 3316 3209 disperdetur,
3347 3131 3468 3204 quia
3511 3126 3691 3196 iniquum

2098 3236 2139 3302 ρ
2179 3231 2288 3281 est.

2255 3335 2276 3363 α
2310 3315 2342 3370 J
2351 3315 2466 3370 usti
2498 3318 2693 3370 autem
2725 3313 3066 3370 haereditate
3096 3312 3453 3386 possidebunt
3486 3311 3692 3360 terram.»

2172 3406 2409 3460 Terram
2441 3405 2781 3460 Viventium.
2840 3424 2861 3451 «ι
2897 3404 2963 3458 Et
3002 3401 3399 3459 inbabitabunt
3424 3397 3474 3451 in
3501 3388 3690 3447 sarculum

2173 3493 2369 3550 seaculi
2402 3510 2578 3566 super
2606 3509 2756 3548 eam.
2783 3515 2810 3542 »
2844 3493 3034 3564 Super
3063 3492 3220 3548 illam
3243 3507 3358 3562 quae
3379 3490 3455 3543 est
3477 3482 3574 3538 sine
3595 3478 3690 3531 ﬁne:

2173 3584 2243 3638 de
2276 3599 2392 3656 qua
2421 3583 2570 3654 fugit
2600 3581 2764 3637 dolor
2793 3587 2852 3637 et
2883 3583 3160 3654 gemitus.

2250 3712 2274 3742 α
2304 3692 2380 3744 Os
2428 3689 2574 3759 justi
2634 3687 3017 3743 meditabitur
3074 3686 3417 3760 sapientiam.
3467 3702 3484 3728 ι
3533 3675 3578 3730 Id
3621 3673 3687 3727 est,

2171 3777 2465 3834 Christum
2500 3795 2512 3831 :
2566 3777 2721 3833 unde
2750 3777 2893 3832 dicit
2925 3795 2938 3832 :
2983 3779 3052 3833 Et
3082 3779 3142 3832 in
3171 3777 3280 3847 lege
3306 3775 3410 3844 ejus
3434 3761 3689 3858 meditetim

2169 3869 2257 3922 die
2311 3884 2374 3922 ac
2427 3873 2583 3922 nocle
2640 3867 2813 3936 (Psal.
2874 3883 2914 3930 ι,
2962 3869 3040 3933 2).
3101 3868 3239 3921 Cum
3295 3863 3385 3931 ait,
3413 3853 3685 3944 meditatis”.

2170 3959 2430 4011 futurum
2478 3955 2770 4027 significat
2818 3959 3078 4027 tempus,
3111 3954 3257 4027 quod
3291 3953 3345 4005 in
3372 3961 3519 4018 regno
3543 3945 3613 3993 De!
3634 3949 3686 4028 ξιι-

2169 4045 2450 4117 telligitur
2479 4045 2552 4100 ad
2583 4044 2876 4115 agendum
2911 4063 2923 4099 :
2976 4045 3036 4098 in
3069 4060 3183 4115 quo
3215 4057 3321 4097 non
3351 4038 3464 4093 vino
3508 4032 3685 4086 luxurie.

2169 4151 2357 4206 neque
2385 4134 2529 4189 cibis
2551 4132 3052 4204 voluptuosis,sed
3081 4129 3351 4204 sapientia
3372 4123 3471 4189 Dei,
3477 4121 3686 4212 justorll‘lll

2169 4197 2279 4278 ora.
2326 4197 2724 4294 replebuntur.
2786 4244 2815 4272 ‹‹
2850 4197 3165 4293 Etrlingua-
3197 4221 3318 4290 ejus
3344 4197 3686 4294 loqueturjufn'

2168 4311 2343 4366 cium.
2379 4333 2407 4360 »
2467 4311 2608 4365 Cum
2659 4311 2856 4366 omnia
2907 4311 3266 4382 ponderate:
3317 4309 3370 4360 et
3403 4315 3498 4355 non
3526 4286 3685 4382 fraudi}-

2167 4400 2370 4467 lenter,
2404 4399 2594 4471 neque
2625 4416 2756 4454 cum
2790 4399 2896 4468 ira,
2931 4399 3030 4454 sed
3071 4400 3234 4469 justo
3272 4388 3488 4466 judiCiO,
3515 4395 3609 4452 qua
3639 4371 3684 4471 fle

2167 4490 2282 4545 Deo
2338 4465 2535 4557 sentit,
2569 4493 2817 4544 enarrat.
2853 4465 2914 4543 In
2969 4465 3090 4558 quo
3131 4465 3284 4542 enim,
3321 4476 3540 4538 abundat
3562 4465 3684 4558 grati!

411 4563 527 4652 tur,
551 4610 578 4636 ››
603 4587 743 4658 quia
766 4587 1047 4641 Dominus
1070 4588 1350 4658 supponit
1372 4605 1612 4643 manum
1637 4607 1826 4644 suam.
1849 4589 2056 4662 Agenti
2086 4595 2132 4658 D
2169 4576 2513 4648 ερίτίίυειῙίεν
2545 4576 2742 4632 omnia
2772 4581 3191 4668 Ρβτεοτυῐεῐυνι
3225 4573 3384 4627 etiam
3412 4564 3510 4619 an“
3536 4563 3620 4668 Deli

409 4677 832 4748 pcenitentiam,
866 4677 1068 4731 statim
1129 4677 1455 4732 miseretur.
1501 4677 1589 4732 Sic
1645 4684 1702 4732 et
1754 4680 1934 4733 David
1997 4686 2054 4734 et

408 4765 612 4820 Petrus
662 4766 959 4838 cognitum
1004 4764 1279 4837 lacrymis
1326 4773 1716 4837 purgaverunt
1745 4767 2045 4834 delictum,

407 4860 462 4908 et
491 4873 524 4910 a
552 4839 800 4910 Domino
831 4855 1157 4910 conﬁrmati
1198 4861 1338 4909 sunt
1387 4857 1457 4927 (II
1485 4857 1610 4924 Reg.
1643 4875 1742 4924 χιι,
1778 4859 1884 4928 13).
1917 4860 2046 4913 Luc.

405 4959 542 5010 xxu,
573 4945 663 5011 61,
695 4945 810 5013 62.)

479 5053 505 5080 ‹‹
534 5034 746 5088 Junior
775 5034 880 5099 fui,
911 5039 969 5089 et
1000 5035 1188 5101 senui,
1221 5039 1277 5090 et
1306 5051 1420 5089 non
1451 5035 1568 5088 vidi
1602 5036 1829 5105 justum
1881 5038 2049 5092 dere-

401 5120 625 5176 lictum.
661 5144 688 5171 »
729 5122 934 5192 Nolite,
970 5124 1162 5195 inquit
1194 5124 1529 5196 Apostolus,
1559 5128 1722 5195 pueri
1749 5127 1899 5195 efﬁci
1924 5144 2048 5182 sen-

401 5211 553 5264 sibus
580 5214 791 5277 vestris,
823 5211 916 5266 sed
951 5215 1172 5268 malitia
1211 5215 1436 5284 parvuli
1479 5217 1640 5269 estote
1690 5217 1744 5282 (Ι
1771 5216 1893 5270 Cor.
1929 5232 2046 5283 x1v,

398 5299 511 5364 20).
544 5299 692 5370 Ergo
722 5300 832 5355 iste
863 5301 934 5355 ab
967 5301 1131 5356 initio
1162 5303 1348 5357 aetatis
1379 5320 1498 5357 suae
1531 5303 1806 5373 parvulus
1835 5305 1894 5358 in
1928 5321 2046 5360 ma-

399 5387 546 5452 litia,
580 5389 680 5442 sed
733 5406 905 5443 senex
959 5391 1017 5444 in
1065 5391 1277 5445 virtute
1324 5392 1542 5456 divina,
1575 5392 1858 5448 intellexit
1895 5411 2044 5448 nun-

400 5493 574 5547 quam
611 5479 1036 5549 possejustum
1088 5497 1121 5532 a
1164 5479 1410 5534 Domino
1440 5481 1785 5554 derelinqui,
1821 5500 1923 5537 nec
1954 5501 2043 5538 se-

399 5583 530 5622 men
563 5567 691 5638 ejus
723 5583 990 5639 quzerens
1041 5585 1244 5638 panem
1297 5571 1570 5625 doctrinae
1619 5573 1917 5628 cmlestis:
1974 5574 2044 5627 de

397 5672 524 5725 qua:
569 5656 813 5711 verbum
860 5654 1277 5726 insipientibus
1317 5659 1582 5726 praebuit.
1639 5683 1666 5708 ‹‹
1701 5661 1812 5715 Nec
1844 5678 2042 5716 semen

2233 4708 2259 4732 ‹‹
2295 4685 2405 4738 Lex
2453 4683 2547 4738 Dei
2596 4684 2722 4754 ejus
2776 4664 2836 4737 in
2884 4683 3054 4739 corde
3107 4681 3363 4754 ipsius.»
3412 4664 3680 4754 ΗοίδνθθίξΠΙ

2161 4777 2352 4828 mente
2374 4773 2541 4844 justi.
2567 4773 2691 4827 Non
2719 4773 2909 4828 solum
2941 4773 2998 4826 in
3030 4753 3208 4828 oreac
3238 4769 3433 4837 lingua,
3461 4753 3542 4812 sed
3564 4754 3680 4844 eum

2161 4865 2218 4916 in
2250 4839 2606 4916 alto'cordis
2655 4863 2782 4932 ejus
2838 4862 3281 4923 fructificabunt,
3314 4869 3404 4927 per
3428 4849 3576 4916 legem

2161 4968 2335 5022 Opera
2361 4916 2709 5006 sanctitatis:
2759 4974 2787 5001 «
2818 4955 2885 5005 Et
2917 4968 3027 5007 non
3063 4916 3678 5022 supplautabunturL»1‘14J

2160 5019 2509 5095 adversario.
2571 5063 2597 5090 «
2632 5041 2879 5096 Gressus
2937 5042 3146 5112 ejus.»
3203 5034 3403 5102 Quibus
3453 5019 3675 5112 angel‘JtI)

2158 5128 2453 5199 pervenire
2520 5129 2746 5183 nititur.
2816 5129 2932 5198 Vel,
2961 5101 3025 5179 v«
3072 5129 3190 5185 Non
3257 5101 3678 5199 supplantabuntllf

2156 5196 2394 5288 gressus
2424 5219 2570 5287 ejus.
2607 5240 2636 5267 ››
2689 5220 2912 5274 Sensus
2942 5219 3068 5290 ejus
3116 5235 3149 5271 a
3195 5207 3420 5272 diabolo,
3448 5196 3516 5254 vel
3541 5210 3567 5246 a
3589 5197 3674 5258 Pe"

2157 5312 2307 5362 cato.

2227 5419 2254 5445 «
2285 5396 2624 5452 Considerat
2655 5402 2922 5470 peccator
2945 5399 3193 5470 justum,
3226 5415 3252 5442 »
3422 5367 3671 5494 Ῑηίυξῗξίῖἷ

2155 5484 2305 5585 enim
2339 5484 2609 5585 ‘populus
2639 5460 2970 5542 iudaeorum
3023 5489 3250 5584 justum
3291 5460 3598 5585 .li‘iliumnﬁlﬁl
3620 5460 3664 5585 αῖ

2153 5575 2436 5629 stridebat
2492 5576 2551 5629 in
2607 5592 2738 5630 cum
2777 5594 2789 5631 :
2842 5577 2982 5647 quia
3025 5574 3209 5648 gravis
3257 5569 3302 5624 ei
3341 5553 3640 5654 eratcum):

2153 5662 2468 5719 videndum
2515 5665 2666 5736 (Sap.
2703 5683 2763 5732 η,
2801 5666 2908 5738 15),
2955 5665 3048 5720 sic
3081 5668 3133 5719 et
3162 5673 3304 5716 nunc
3331 5643 3551 5708 inimicus
3571 5639 3663 5684 σου·
