3964 6190
204 363 327 428 993

209 498 435 553 siderat
467 507 949 564 unumquemque
981 491 1246 544 nostrum
1278 489 1346 540 ut
1403 485 1628 557 perdat.
1662 483 1772 538 Sed
1807 481 1855 536 si
1885 486 1938 549 Α

209 586 524 659 vigilanter
544 583 797 644 resistat,
830 579 1052 635 eveniet
1081 577 1235 648 quod
1267 574 1551 647 sequitur.

291 696 320 725 ‹‹
350 673 635 730 Dominus
661 674 858 724 autem
890 685 1005 723 non
1037 664 1401 736 derelinquet
1419 680 1554 719 eum
1584 661 1644 716 in
1677 661 1864 715 mani-

213 767 328 821 bus
358 764 506 832 eius.
545 782 572 809 »
607 759 668 814 In
706 761 993 828 potestate
1025 755 1225 825 utique
1282 752 1464 808 illius.
1500 775 1519 800 α
1556 751 1670 806 Nec
1701 751 1865 804 dam-

213 853 382 909 nabit
426 868 561 905 cum
620 864 754 904 cum
807 843 1174 916 judicabitur
1223 841 1384 896 illi.»
1421 841 1530 896 Dat
1574 837 1865 910 judicium

210 942 458 1014 impius,
497 944 562 994 ut
589 939 786 1010 pereat
806 937 1029 1006 justus,
1062 936 1118 988 et
1163 931 1449 987 Dominus
1481 946 1596 1014 non
1629 928 1869 982 damnat

214 1013 376 1098 eum,
410 1029 549 1102 quia
575 1025 886 1082 custodivit
908 1023 1100 1094 legem
1123 1023 1272 1093 ejus.
1306 1019 1417 1076 Sed
1445 1013 1609 1072 illum
1633 1017 1866 1087 justum

217 1138 337 1176 non
381 1119 731 1174 condemnat
777 1114 836 1167 in
878 1112 971 1167 die
1011 1111 1244 1182 judicii,
1298 1125 1432 1166 cum
1485 1106 1732 1178 impium
1776 1105 1869 1174 ju-

223 1211 402 1264 dicat.

294 1321 323 1347 ‹‹
357 1297 639 1367 Exspecta
666 1293 1003 1356 Dominum,
1037 1294 1095 1346 et
1139 1288 1367 1344 custodi
1396 1288 1522 1343 vias
1553 1287 1736 1356 ejus.»
1764 1288 1872 1338 Per

222 1403 387 1458 spem
421 1386 672 1450 firmam,
707 1387 763 1437 et
785 1379 1212 1436 indeficientem
1235 1377 1648 1433 mandatorum
1681 1377 1872 1428 custo-

223 1476 380 1530 diam
409 1476 778 1539 exspectatur
806 1471 960 1525 Deus
994 1487 1006 1524 :
1041 1468 1169 1523 ideo
1224 1484 1338 1522 non
1399 1466 1683 1520 debemus
1732 1479 1868 1516 con-

224 1563 390 1618 fundi
423 1563 482 1616 in
513 1560 759 1616 diversis
789 1557 995 1612 mundi
1048 1554 1491 1612 tentationibus.
1532 1576 1552 1602 ι
1590 1554 1872 1623 Exspecta

227 1651 560 1708 Dominum.
592 1671 621 1699 ››
655 1646 949 1718 Quidquid
981 1643 1087 1700 tibi
1122 1643 1346 1700 accidat
1374 1643 1433 1697 in
1487 1639 1782 1713 prosperis
1816 1643 1874 1692 et

228 1741 286 1794 in
320 1738 596 1805 adversis,
654 1735 945 1808 patienter
995 1737 1284 1804 exspecta,
1336 1731 1394 1786 id
1453 1734 1562 1794 cst,
1623 1726 1868 1783 sustine.

231 1852 258 1879 «
292 1826 580 1883 Exaltabit
607 1829 683 1895 te,
718 1829 782 1879 ut
813 1821 1144 1878 haereditate
1173 1821 1370 1892 capias
1400 1824 1674 1918 terram.»
1708 1815 1872 1915 Illam
1909 1862 1954 1925 Β

231 1918 434 1990 utique
459 1919 686 1970 aeternis
718 1911 1098 1969 beatitudinis
1143 1910 1410 1964 tellurem
1447 1925 1459 1962 :
1495 1907 1552 1961 in
1586 1923 1703 1976 qua
1727 1901 1876 1975 justi

231 2011 364 2080 post
395 2003 738 2060 terminatos
767 2001 994 2058 labores
1028 1999 1460 2055 exaltabuntur.
1504 2019 1532 2045 «
1569 1994 1712 2049 Cum
1746 2009 1875 2064 per-

228 2096 406 2151 ierint
436 2096 787 2167 peccatores,
819 2089 1064 2145 videbis.
1100 2110 1128 2138 »
1161 2089 1322 2143 Tunc
1346 2086 1494 2157 justi
1545 2087 1878 2156 peccatores

231 2185 420 2257 perire
448 2183 749 2251 videbunt,
781 2197 914 2235 cum
960 2179 1217 2234 fructum
1269 2175 1574 2245 mercedis,
1633 2171 1878 2227 Domino

233 2273 550 2339 tribuente,
586 2269 926 2342 percipient.

312 2385 340 2412 ‹‹
370 2360 504 2415 Vidi
533 2359 782 2430 impium
836 2357 1172 2423 exaltatum,
1233 2359 1288 2410 et
1344 2354 1652 2419 elevatum,
1707 2364 1884 2420 super

238 2452 445 2506 cedros
479 2449 699 2516 Libani,
731 2451 789 2504 et
817 2446 1073 2512 transivi,
1106 2450 1162 2501 et
1192 2461 1322 2501 ecce
1370 2461 1485 2499 non
1504 2447 1645 2499 erat.
1681 2467 1703 2494 ιι
1739 2446 1881 2496 Cum

243 2538 452 2594 mundi
475 2538 654 2608 hujus
677 2536 944 2609 pelagum
964 2535 1544 2604 transierimus,tunc
1558 2531 1884 2587 videbimus

241 2645 357 2682 non
387 2643 517 2682 esse
547 2625 868 2696 diabolum,
899 2629 956 2681 et
983 2625 1175 2680 locum
1219 2624 1347 2694 ejus
1378 2637 1750 2694 nequaquam
1785 2637 1884 2692 ap-

241 2733 444 2788 parere
475 2719 797 2787 peccatum.
828 2715 1047 2770 Cedrus
1077 2715 1223 2768 duas
1255 2713 1429 2767 habet
1458 2711 1884 2783 interpretatio-

241 2822 366 2874 nes,
400 2806 502 2860 scd
532 2804 592 2859 in
624 2804 734 2859 hoc
755 2803 878 2859 loco
910 2804 1038 2874 ejus
1070 2802 1399 2875 explanatio
1417 2801 1536 2856 hanc
1568 2803 1658 2855 est
1689 2817 1700 2853 :
1736 2799 1889 2854 sicut

241 2893 400 2949 enim
433 2893 641 2948 cedrus
672 2909 850 2964 super
877 2891 1135 2946 excelsos
1164 2895 1393 2946 montes
1413 2893 1652 2961 apparet
1676 2886 1890 2944 exalta-

239 2986 320 3047 ta,
365 2988 421 3036 et
463 2981 722 3053 impulsu
769 2985 1076 3036 ventorum
1139 2995 1292 3051 saepe
1347 2979 1686 3034 delabitur:
1721 2977 1803 3030 ita
1835 2977 1891 3030 et

240 3069 461 3142 impius
491 3070 611 3142 qui,
645 3069 846 3125 relicto
879 3075 1013 3133 “eo,
1043 3069 1102 3122 in
1133 3067 1352 3123 divitiis
1385 3065 1592 3121 mundi
1625 3063 1888 3120 confidit:

242 3158 566 3229 quamlibet
594 3158 797 3213 ﬂoreat
827 3155 1152 3228 quamlibet
1177 3155 1495 3211 extollatur
1524 3158 1580 3209 et
1608 3153 1885 3211 elevetur.

244 3265 360 3304 non
394 3247 718 3302 invenietur
746 3263 879 3300 cum
913 3246 984 3300 ab
1014 3245 1124 3300 hoc
1152 3245 1372 3299 mundo
1390 3243 1742 3314 migraverit.
1777 3243 1884 3297 Sed
1918 3229 1961 3294 C

241 3343 302 3393 et
333 3337 404 3390 ad
431 3335 645 3392 Judam
677 3333 1016 3388 traditorem
1047 3332 1161 3388 ista
1191 3330 1651 3388 referuntur.Vel
1686 3331 1893 3385 cedrus

243 3423 664 3493 Libani,sancti
699 3433 935 3493 propter
960 3421 1329 3476 altitudinem
1362 3419 1705 3475 meritorum
1736 3418 1894 3489 ipso--

244 3530 400 3581 rum,
429 3517 485 3567 et
511 3512 866 3577 sacerdotes,
899 3511 1074 3566 odore
1103 3510 1239 3565 boni
1270 3509 1481 3581 operis.
1520 3507 1686 3580 Impii
1721 3522 1898 3577 super

241 3603 406 3673 ipsos
428 3600 748 3671 suntzquia
778 3599 1004 3655 calcant
1023 3603 1080 3655 et
1107 3599 1447 3671 opprimunt
1475 3596 1897 3653 illos.«Trans-

249 3691 349 3759 ivi,
380 3696 436 3744 et
463 3701 604 3744 ecce”
625 3705 740 3744 non
773 3693 914 3743 erat.
951 3711 978 3737 »
1013 3688 1178 3743 Dicat
1206 3687 1317 3742 hoc
1376 3685 1732 3759 apostolicus
1785 3702 1896 3740 ca:-

248 3783 368 3842 tus,
401 3778 540 3850 quia
568 3775 813 3832 transivi
845 3776 1155 3847 procellam
1191 3775 1484 3848 passionis
1513 3780 1686 3832 Jesu:
1721 3777 1778 3829 et
1799 3772 1898 3828 illo

261 3870 621 3940 resurgente,
653 3865 749 3920 hic
779 3882 894 3921 non
925 3869 1049 3920 erat
1081 3882 1093 3920 :
1128 3865 1267 3936 quia
1314 3864 1455 3919 abiit
1487 3868 1543 3919 et
1599 3863 1808 3934 laqueo
1839 3879 1901 3918 se

261 3957 588 4028 suspendit.
613 3977 641 4005 «
675 3953 922 4019 Quaesivi
954 3971 1110 4022 eum,
1162 3957 1219 4008 et
1247 3970 1360 4008 non
1393 3957 1482 4009 est
1514 3953 1786 4008 inventus
1819 3949 1900 4006 lo-

261 4063 368 4102 cus
398 4045 545 4116 ejus.
581 4068 610 4092 »
659 4043 822 4110 Quod
882 4049 1076 4099 autem
1131 4060 1248 4098 non
1306 4044 1384 4098 sit
1435 4043 1706 4097 inventus
1738 4040 1903 4097 locus

261 4137 412 4205 ejus,
445 4139 503 4189 et
534 4132 820 4189 habitatio
850 4133 978 4204 ejus
1009 4132 1270 4189 desolata
1299 4131 1665 4198 remanserit,
1697 4135 1906 4186 Petrus

263 4225 322 4279 in
353 4223 596 4279 Actibus
628 4222 960 4294 apostolicis
994 4223 1271 4294 prodidit,
1315 4238 1448 4277 cum
1508 4219 1814 4276 Matthiam
1846 4219 1906 4274 in

263 4315 393 4384 ejus
425 4311 684 4368 ordinem
720 4312 1057 4384 subrogavit
1084 4312 1217 4384 (Act.
1254 4329 1294 4378 Ι,
1324 4312 1438 4383 26),
1470 4309 1594 4381 Vel,
1628 4333 1657 4359 «
1691 4310 1907 4365 Trans-

264 4402 365 4469 ivi,
392 4406 451 4456 et
478 4417 609 4456 ecce
667 4418 781 4456 non
839 4404 1009 4456 erat:
1044 4399 1285 4472 quaesivi
1345 4417 1502 4463 eum,
1558 4403 1616 4453 et
1673 4415 1785 4453 non
1821 4403 1910 4454 cst

265 4491 540 4546 inventus
570 4489 734 4544 locus
764 4490 913 4560 ejus,
942 4511 970 4539 »
1003 4488 1060 4543 id
1092 4493 1202 4554 est,
1253 4487 1439 4560 ipsius
1460 4486 1649 4559 impii.
1707 4509 1726 4535 α
1782 4487 1907 4542 Non

1387 350 1885 415 BBEVIARIUM
1933 351 2010 408 1N
2057 348 2440 409 PSALMOS.

3497 349 3616 409 994

2047 501 2073 529 α
2104 477 2312 549 Injusti
2343 481 2558 542 autem,
2595 498 2622 525 »
2645 480 2753 531 etc.
2792 494 2805 542 ;
2839 476 3460 548 «reliquiaeimpiorum
3487 495 3615 550 per-

1978 568 2164 622 ibunt.
2201 590 2228 616 ‹‹
2265 566 2389 623 Non
2420 569 2790 621 reservantur
2818 581 3021 620 eorum
3077 565 3332 637 reliquiae
3391 583 3458 621 ex
3517 584 3616 621 su-

1979 655 2197 728 perbia,
2230 660 2296 710 ut
2324 655 2382 708 in
2417 660 2695 710 aeternum
2745 653 2940 708 vivant
2971 670 2984 707 :
3018 654 3118 708 sed
3163 659 3226 708 ut
3274 655 3332 709 in
3385 672 3616 726 poenam

1978 745 2251 817 gehennzr
2283 743 2436 815 ignis
2468 743 2776 797 intereant.
3633 745 3641 753 '

2051 857 2078 882 «
2111 833 2282 888 Salus
2314 837 2508 886 autem
2531 832 2827 900 justorum
2862 847 2895 885 a
2949 829 3209 885 Domino.
3245 853 3270 878 η
3307 835 3414 886 Per
3443 848 3615 902 quem

1978 927 2036 978 et
2067 925 2408 993 prmsentem
2449 921 2626 974 vitam
2671 919 2930 992 capiunt,
2992 924 3049 974 et
3079 919 3323 990 adipisci
3382 929 3620 992 praesto-

1978 1011 2177 1066 lantur
2207 1015 2502 1066 aeternam.
2537 1032 2565 1058 «
2596 1009 2766 1064 Salus
2796 1013 2989 1063 autem
3030 1010 3330 1079 justorum
3364 1027 3397 1063 a
3425 1009 3622 1064 Domi-

1980 1116 2073 1154 no.
2113 1123 2132 1146 ιι
2166 1101 2294 1170 Ipse
2325 1102 2412 1153 est
2442 1102 2644 1153 nostra
2674 1096 2853 1153 salus.
2913 1118 2940 1145 «
2975 1098 3041 1151 Et
3099 1101 3389 1168 protector
3419 1113 3621 1152 eorum

1979 1193 2069 1244 est
2098 1188 2158 1242 in
2190 1194 2452 1259 tempore
2491 1186 2909 1251 tribulationis,
2948 1208 2975 1234 »
3010 1208 3037 1236 ‹‹
3094 1186 3408 1256 Adjuvabit
3435 1203 3557 1253 eos,
3594 1209 3620 1235 »

1979 1281 2086 1333 etc.
2122 1277 2428 1348 Propterea
2459 1275 2648 1330 salvos
2683 1275 2853 1329 faciet
2905 1292 3022 1343 eos,
3084 1279 3141 1329 et
3199 1279 3490 1346 protector
3528 1292 3623 1331 eo-

1981 1383 2110 1421 rum
2139 1369 2227 1420 est
2257 1365 2314 1419 in
2351 1370 2608 1436 tempore
2636 1363 3052 1430 tribulationis,
3087 1380 3219 1418 cum
3271 1382 3374 1436 per
3404 1369 3620 1420 arctam

1979 1454 2156 1518 viam,
2189 1469 2318 1524 qua:
2345 1453 2414 1506 ad
2450 1453 2628 1506 vitam
2674 1452 2853 1516 ducit,
2889 1452 3166 1506 incedunt
3226 1453 3458 1524 plenam
3517 1455 3624 1508 do-

1983 1542 2204 1597 loribus
2233 1547 2290 1596 et
2318 1541 2616 1596 zerumnis.
2658 1564 2678 1588 ι
2716 1541 2784 1594 Et
2815 1541 3116 1611 adjuvabit
3173 1558 3270 1596 cos
3319 1542 3625 1607 Dominus,

1983 1637 2037 1684 et
2063 1631 2332 1684 liberabit
2361 1645 2459 1683 eos
2485 1645 2518 1683 a
2545 1628 2949 1700 peccatoribus
2981 1647 2993 1684 :
3031 1629 3221 1684 salvos
3280 1630 3450 1684 faciet
3505 1646 3623 1699 eos,

1985 1718 2082 1790 qui
2115 1723 2493 1789 speraverunt
2522 1718 2580 1771 in
2613 1733 2771 1786 eum,
2807 1739 2834 1766 ››
2891 1734 3024 1771 cum
3087 1719 3159 1772 ad
3215 1718 3628 1788 perfectionem

1985 1823 2146 1880 pura)
2177 1806 2390 1862 mentis
2420 1807 2705 1878 perducit.
2739 1807 2821 1860 Ad
2857 1822 2989 1861 eum
3022 1805 3216 1861 venire
3251 1811 3626 1862 meruerunt:

1987 1895 2265 1968 quoniam
2298 1900 2678 1967 speraverunt
2723 1895 2781 1949 in
2831 1911 2986 1949 eum.
3036 1897 3096 1950 In
3147 1896 3424 1951 omnibus
3472 1897 3630 1951 enim

1988 1985 2276 2058 angustiis
2309 1985 2367 2039 in
2399 2001 2534 2039 eum
2567 2001 2732 2055 spem
2763 1982 3099 2039 locaverunt
3133 1983 3234 2054 qui
3288 1984 3435 2038 dixit
3469 2002 3481 2040 :
3515 1985 3633 2057 Ego

1986 2091 2110 2129 sum
2138 2078 2312 2138 Deus,
2346 2077 2395 2128 et
2414 2075 2618 2144 absquo
2637 2089 2724 2127 me
2750 2088 2858 2128 non
2889 2077 2969 2127 est
3014 2074 3178 2128 alius.
3237 2075 3358 2141 Ego
3388 2074 3636 2129 occidam

1988 2172 2038 2220 et
2065 2165 2246 2218 vivere
2264 2164 2467 2233 faciam
2499 2180 2518 2217 :
2548 2166 2600 2217 et
2627 2163 2928 2233 percutiam
2961 2167 3015 2216 et
3043 2177 3137 2230 ego
3195 2162 3398 2216 sonabo
3450 2163 3632 2233 (Deut,

1989 2269 2166 2313 xxxn.
2200 2252 2310 2322 39).
2344 2251 2449 2314 Qui
2483 2256 2650 2306 sanet
2681 2267 2883 2306 omnes
2914 2249 3288 2305 infirmitates
3347 2251 3634 2307 mentium

1992 2345 2326 2396 nostrarum
2361 2357 2374 2394 :
2410 2340 2695 2411 nobisque
2726 2343 2960 2411 przcstot
3015 2343 3134 2394 toto
3187 2340 3358 2394 corde
3417 2340 3638 2412 erigere

1995 2447 2159 2502 spem
2193 2432 2476 2496 nostram,
2524 2433 2580 2483 et
2634 2427 2692 2482 in
2753 2445 2815 2482 se
2871 2428 3095 2482 tribuat
3154 2427 3424 2484 collocari
3460 2447 3473 2484 :
3509 2433 3639 2484 uta

1995 2518 2249 2590 peccatis
2306 2517 2533 2572 liberati
2611 2533 2960 2580 mereamur,
3030 2517 3156 2588 ipso
3231 2517 3637 2583 distribuente,

1995 2607 2167 2661 etiam
2202 2605 2542 2661 mternitatis
2574 2605 2880 2677 prmmium
2913 2605 3182 2676 adipisci.

2486 2711 2817 2768 PSALMUS
2871 2711 3138 2767 XXXVII.

2000 2805 2062 2858 In
2118 2805 2303 2873 ﬁnem,
2364 2803 2614 2856 Psalmus
2672 2801 2843 2855 David
2899 2803 2960 2854 in
3017 2804 3478 2873 rememoratione
3526 2805 3640 2859 diei

2072 2872 2311 2929 sabbati.
2364 2874 2709 2939 Sabbatum,
2771 2873 2981 2942 requies
3031 2872 3494 2942 interpretatur:
3528 2874 3640 2929 hoc

2071 2951 2179 3009 est,
2213 2945 2446 3014 quando
2473 2943 2848 3016 requiescunt
2877 2944 3065 3016 sancti
3103 2960 3115 2998 :
3149 2943 3205 2998 id
3239 2949 3350 3004 est.
3409 2946 3644 3016 quando

2073 3013 2384 3089 requiescit
2432 3013 2707 3089 Ecclesia_
2741 3013 2842 3068 illa
2894 3015 3095 3089 requie
3151 3013 3641 3089 paradisi'quam

2076 3085 2419 3160 perdiditin
2446 3087 2650 3160 Adam.
2688 3085 2801 3140 Iste
2858 3085 3123 3160 psalmus
3145 3085 3454 3160 Lostendit,
3484 3085 3640 3160 utsi

2074 3157 2298 3214 accidat
2328 3157 2639 3210 inﬁrmitas
2677 3173 2960 3228 corporeae
3014 3157 3334 3228 fragilitati,
3389 3176 3502 3213 non
3546 3159 3644 3213 de-

2073 3231 2246 3284 sistat
2274 3228 2491 3298 requiri
2523 3227 2814 3282 medicina
2841 3227 3111 3282 cmlestis.

2080 3358 2106 3384 α
2138 3334 2402 3398 Domine,
2437 3351 2507 3388 ne
2538 3334 2594 3387 in
2631 3333 2823 3388 furore
2867 3338 2966 3388 tuo
3027 3350 3237 3405 arguas
3287 3353 3420 3394 me:
3456 3354 3644 3408 neque

2005 3427 2063 3482 in
2097 3425 2184 3479 ira
2213 3429 2316 3478 tua
2345 3423 2624 3494 corripias
2657 3439 2768 3477 me.
2817 3443 2842 3472 η
2879 3423 3061 3476 Totus
3117 3423 3382 3493 psalmus
3415 3443 3485 3482 ex
3516 3443 3651 3497 per-

2009 3531 2153 3570 sona
2206 3511 2541 3583 paenitentis
2603 3515 2694 3565 est
2749 3512 2905 3565 :sed
2965 3512 3034 3564 ad
3093 3511 3386 3567 Christum
3450 3513 3650 3569 referri

2009 3605 2218 3675 potest,
2251 3600 2403 3655 sicut
2431 3605 2487 3654 et
2544 3598 2943 3669 sexagesimus
2997 3604 3256 3654 octavus.
3310 3623 3337 3650 ‹‹
3385 3601 3652 3670 Domine,

2011 3707 2082 3746 ne
2114 3690 2170 3744 in
2223 3691 2417 3745 furore
2474 3693 2576 3743 tuo
2625 3703 2837 3760 arguas
2891 3705 3023 3742 me:
3060 3705 3247 3760 neque
3305 3689 3364 3745 in
3420 3692 3507 3746 ira
3554 3697 3656 3746 tua

2011 3779 2290 3849 corripias
2321 3794 2432 3832 me.
2471 3800 2498 3825 »
2528 3777 2618 3832 Ira
2649 3781 2756 3846 est,
2790 3781 2854 3831 ut
2885 3794 3035 3849 saepe
3084 3778 3362 3845 diximus,
3397 3796 3657 3835 commo-

2011 3869 2091 3923 tio
2127 3867 2328 3922 animi.
2367 3867 2544 3921 Furor
2571 3883 2704 3922 vero
2745 3865 3003 3921 vindicta
3050 3866 3489 3935 irrationabilis,
3523 3885 3657 3924 cum

2013 3956 2165 4013 fellis
2195 3953 2606 4010 amaritudine.
2668 3954 2800 4010 Ideo
2857 3955 2966 4010 iste
3015 3956 3115 4027 qui
3173 3973 3236 4011 se
3294 3961 3655 4028 peccatorem

2015 4047 2171 4102 scit:
2222 4061 2337 4099 non
2394 4043 2453 4098 in
2508 4043 2614 4110 ira,
2675 4044 2775 4099 sed
2827 4059 2929 4114 per
2996 4043 3510 4099 misericordiam:
3553 4062 3659 4100 nec

2017 4135 2076 4191 in
2136 4135 2350 4203 furore,
2401 4134 2502 4188 sed
2565 4149 2666 4204 per
2718 4132 3058 4204 patientiam
3119 4148 3180 4186 se
3237 4135 3403 4206 argui
3453 4139 3660 4206 postu-

2017 4223 2117 4280 lat.

2094 4337 2120 4362 ‹‹
2151 4313 2435 4380 Quoniam
2469 4311 2693 4383 sagittae
2726 4315 2840 4366 tuze
2869 4311 3058 4365 infixa:
3091 4315 3229 4366 sunt
3259 4310 3423 4369 mihi.
3462 4337 3490 4362 ρ)
3521 4313 3660 4370 Ver—

2017 4404 2094 4459 ba
2142 4402 2438 4466 doctrinae,
2498 4418 2624 4472 qua:
2684 4404 2748 4454 ut
2795 4398 3060 4470 jaculum
3119 4404 3666 4458 transverberarunt

2020 4509 2119 4547 cor
2148 4507 2368 4558 meum,
2403 4493 2467 4544 ut
2522 4505 2754 4560 agerem
2815 4490 3236 4560 pmnitentiam.
3290 4514 3318 4541 «
3355 4492 3420 4545 Et
3450 4493 3662 4546 confir-

265 4585 357 4636 est
387 4580 658 4635 inventus
690 4577 852 4633 locus
883 4579 1012 4647 ejus
1053 4593 1066 4632 :
1102 4592 1205 4648 pro
1234 4579 1399 4631 tanta
1449 4574 1752 4630 velocitate
1794 4592 1910 4646 qua
1939 4596 1988 4661 D
2022 4580 2198 4635 masti
2229 4595 2405 4650 super
2435 4594 2527 4632 me
2573 4594 2811 4632 manum
2876 4583 3060 4633 tuam.
3101 4602 3121 4627 η
3159 4580 3231 4634 Ut
3258 4584 3539 4651 tanquam
3571 4580 3666 4634 bo-

264 4669 566 4724 deficiunt.

348 4780 375 4810 ι(
419 4757 659 4813 Custodi
716 4755 1133 4820 innocentiam,
1195 4757 1250 4808 et
1303 4752 1432 4808 vide
1490 4752 1906 4824 aequitatem.»

265 4845 326 4904 Si
358 4845 505 4901 nulli
534 4862 766 4910 noceas,
800 4845 850 4900 si
879 4862 1010 4900 cum
1044 4843 1202 4899 nullo
1230 4841 1523 4915 litigiosus
1553 4842 1656 4910 sis,
1686 4841 1912 4897 vibebis

268 4936 564 4990 Christum
598 4951 611 4989 :
649 4934 786 5006 quia
843 4935 994 4989 sicut
1038 4935 1150 4999 via,
1201 4931 1414 4987 veritas
1466 4935 1523 4986 et
1550 4930 1668 4984 vita
1701 4947 1714 4985 :
1748 4930 1830 4985 ita
1857 4934 1914 4985 et

269 5024 518 5096 aquitas
548 5023 918 5094 intelligitur.
954 5046 980 5072 ‹‹
1016 5021 1301 5088 Quoniam
1333 5023 1471 5075 sunt
1517 5018 1777 5090 reliquize
1808 5019 1910 5074 ho-

269 5113 417 5168 mini
452 5113 712 5184 pacifica.
753 5135 778 5160 ››
811 5111 917 5176 Qui
949 5111 1042 5166 hic
1073 5111 1313 5183 pacifice
1343 5109 1567 5176 vixerit,
1627 5113 1692 5163 ut
1730 5107 1913 5164 Filius

265 5201 370 5257 Dei
400 5206 636 5256 vocetur
666 5218 678 5254 :
708 5201 887 5272 hujus
915 5200 1194 5272 reliquiae,
1226 5199 1334 5255 hoc
1371 5201 1479 5268 est,
1521 5213 1734 5268 corpus
1765 5214 1914 5252 mor-

263 5289 403 5359 tale,
437 5295 768 5345 reservatur
827 5291 898 5345 ad
956 5290 1199 5361 gloriam
1253 5285 1716 5350 resurrectionis,
1742 5287 1915 5357 juxta

189 5416 194 5420 -
266 5378 416 5433 illud
465 5377 773 5450 Apostoli:
819 5378 1037 5448 Oportet
1088 5378 1321 5434 mortale
1370 5375 1466 5430 hoc
1521 5373 1750 5431 induere
1808 5378 1912 5429 im-

268 5467 667 5522 mortalitatem
697 5468 744 5538 (1
775 5466 894 5520 Cor.
935 5485 1021 5521 xv.
1082 5467 1196 5537 53).
1253 5463 1535 5536 Reliquis:
1593 5462 1913 5535 impiorum

268 5556 565 5628 peribunt.
601 5556 708 5610 Pro
738 5556 990 5627 reliquiis
1022 5555 1079 5609 in
1137 5555 1398 5620 Hebrao,
1456 5553 1762 5608 novissima
1812 5552 1913 5607 ha-

269 5646 391 5700 bet.

2020 4685 2130 4723 nus
2181 4668 2462 4739 magister
2506 4665 2845 4721 verberibus
2921 4667 3320 4739 castigationis
3378 4667 3663 4721 afﬂictum

2023 4757 2292 4812 redderes
2323 4755 2718 4810 emendatum.

2094 4868 2121 4893 «
2155 4844 2280 4899 Non
2306 4849 2394 4898 est
2425 4843 2646 4898 sanitas
2677 4843 2734 4897 in
2765 4860 2936 4898 carne
2967 4861 3096 4899 mea
3127 4863 3160 4899 a
3187 4844 3330 4899 facie
3361 4845 3460 4898 irae
3486 4848 3663 4898 tum.»

2021 4933 2151 4988 Vidi
2186 4933 2390 4988 faciem
2423 4931 2522 4986 ira;
2553 4936 2686 4999 tum,
2720 4937 2776 4986 et
2806 4950 2922 4987 non
2957 4933 3145 5004 ipsam
3189 4933 3334 4987 iram
3371 4951 3383 4988 :
3419 4933 3526 4988 hoc
3556 4937 3664 5000 est,

2023 5021 2277 5077 intellexi
2304 5037 2403 5092 per
2433 5020 2758 5090 Scripturas
2791 5025 3044 5086 sanctas,
3095 5025 3315 5092 quanta
3347 5021 3665 5078 minaberis

2021 5109 2444 5183 peccatoribus,
2479 5114 2535 5163 et
2563 5108 2818 5175 extabui,
2845 5114 3046 5180 petens
3079 5126 3148 5164 ne
3202 5110 3328 5182 ipsa
3365 5128 3542 5183 super
3573 5127 3666 5167 me

2022 5200 2108 5254 ira
2157 5197 2550 5254 descenderet.
2600 5220 2627 5245 «
2671 5196 2797 5251 Non
2855 5203 2944 5252 est
3002 5215 3113 5268 pax
3155 5199 3390 5254 ossibus
3457 5200 3604 5256 meis
3637 5218 3671 5256 a

2025 5288 2168 5343 facie
2200 5291 2569 5358 peccatorum
2603 5302 2888 5340 meorum.
2927 5310 2953 5336 ››
3001 5286 3231 5342 Nullam
3291 5288 3545 5359 quietem
3579 5290 3667 5344 in-

2025 5375 2201 5443 dulsi,
2234 5373 2321 5429 vel
2353 5374 2606 5440 ossibus,
2638 5373 2728 5428 vel
2787 5377 3068 5431 membris
3127 5379 3296 5446 meis,
3359 5378 3542 5434 donec
3600 5395 3670 5434 ea

2027 5464 2356 5536 pmnitendo
2387 5479 2724 5534 purgarem.

2097 5552 2440 5617 «Quoniam
2482 5551 2819 5620 iniquitates
2879 5571 3020 5610 meae
3071 5573 3462 5630 supergressa:
3521 5561 3662 5612 sunt

2025 5647 2198 5714 caput
2228 5656 2446 5696 meum.
2479 5660 2506 5688 »
2539 5637 2916 5696 Invaluerunt
2945 5643 3102 5699 enim
3154 5645 3319 5710 mihi,
3366 5651 3431 5700 ut
3469 5643 3667 5715 sequi-
