3964 6190
424 325 539 383 995

1917 319 2335 380 ΑΡΡΕΝΒΙΧ.
3614 337 3689 400 996

421 462 518 510 tur
549 470 562 520 ;
598 474 625 501 ‹‹
659 451 821 507 Sicut
852 467 999 506 onus
1035 466 1206 522 grave
1234 452 1479 521 gravata:
1513 454 1653 504 sunt
1684 465 1858 520 super
1889 466 2001 505 me.
2035 470 2061 500 ››
2100 452 2155 517 Α
2186 452 2348 508 ferno
2375 468 2695 525 resurgere.
2733 453 2827 509 Ait
2855 470 2989 527 ergo
3019 455 3147 527 ipse
3191 456 3446 520 Dominus
3463 460 3519 516 de
3541 466 3695 534 passio.

420 544 547 598 Non
579 547 669 596 est
701 541 856 596 enim
901 538 1045 594 mihi
1077 538 1199 594 leve
1251 544 1550 609 peccatum
1600 554 1816 605 meum,
1848 539 1946 593 sed
1980 555 2070 593 re-

422 647 734 703 cognosco,
769 629 906 700 quia
928 645 1101 700 grave
1155 628 1300 681 mihi
1350 627 1561 697 judicii
1620 628 1850 698 pondus
1882 626 2068 698 impo-

422 722 565 791 suit,
595 725 653 774 et
683 735 859 789 super
887 716 1159 772 verticem
1192 716 1398 787 capitis
1432 716 1543 770 mei
1603 716 1869 771 excrevit.
1905 716 2069 771 Sicut

422 810 653 880 pondus
679 807 919 880 grande,
952 805 1036 861 sic
1066 811 1301 877 peccata
1331 822 1461 860 mea
1490 822 1667 877 super
1696 822 1807 860 me.

497 920 524 947 ‹‹
561 898 918 952 Putruerunt
948 899 1005 949 et
1036 899 1322 966 corruptae
1352 899 1489 949 sunt
1519 894 1816 950 cicatrices
1847 911 2008 949 meae.
2037 917 2065 943 »

424 988 735 1042 Porcorum
772 1001 900 1040 mos
928 988 1037 1049 est,
1071 1000 1232 1038 cmno
1289 988 1391 1037 aut
1428 983 1794 1039 stercoribus
1826 1000 1929 1055 pro
1961 984 2067 1039 bo-

423 1075 514 1130 nis
544 1074 825 1129 odoribus
859 1076 942 1127 uti
976 1091 989 1130 :
1027 1090 1131 1126 nec
1162 1070 1503 1143 intelligunt
1559 1088 1620 1127 se
1652 1072 1709 1125 in
1756 1071 1848 1126 his
1879 1072 2065 1126 sordi-

424 1163 667 1219 dissime
698 1160 968 1217 volutari.
1002 1161 1149 1215 Nam
1183 1160 1328 1214 mihi
1363 1162 1566 1215 i'mtent
1622 1166 1679 1214 et
1736 1164 2064 1231 computre-

425 1258 598 1309 scunt
627 1251 867 1307 vulnera
898 1255 1268 1322 peccatorum
1293 1249 1806 1319 desideranterque
1863 1254 2065 1319 expeto

426 1342 738 1397 medicum.
770 1341 838 1395 Et
897 1356 1020 1405 cur,
1077 1338 1296 1410 inquis,
1355 1341 1838 1407 computruerunt
1879 1336 1907 1391 ‘2
1947 1359 1972 1388 ι(
2022 1344 2066 1390 Α

422 1431 571 1486 facie
602 1429 951 1501 insipientia:
988 1445 1147 1482 mere.
1189 1451 1209 1475 η
1248 1426 1395 1491 Quia
1445 1425 1713 1480 nolebam
1745 1442 1914 1497 agerc
1947 1443 2065 1496 poe-

422 1520 748 1589 nitentiam,
785 1542 811 1567 ‹‹
847 1521 893 1572 Α
927 1516 1068 1571 lacie
1115 1515 1464 1587 insipientia:
1514 1530 1673 1569 meae.
1737 1538 1764 1563 »
1822 1514 1927 1569 Per
1957 1514 2066 1569 hoc

422 1612 795 1680 putruerunt,
847 1606 1068 1661 scilicet
1119 1622 1222 1676 per
1268 1603 1664 1675 insipientiam
1733 1620 1923 1659 meam
1959 1610 2066 1658 :ut

420 1697 640 1754 Paulus
686 1696 827 1751 dicit
875 1711 888 1748 :
944 1695 1091 1761 Quod
1141 1695 1426 1763 inﬁrmum
1478 1694 1556 1747 est
1600 1693 1717 1759 Dei,
1762 1694 1960 1763 fortius
1988 1696 2064 1747 est

420 1787 733 1843 hominibus
764 1785 806 1854 (1
839 1784 958 1838 Cor.
991 1800 1030 1854 ι,
1062 1783 1174 1853 25),

496 1897 524 1925 α
555 1873 731 1929 Miser
760 1872 951 1928 factus
983 1888 1117 1927 sum
1148 1875 1203 1926 et
1233 1873 1507 1925 curvatus
1567 1886 1700 1926 sum
1757 1886 1944 1942 usque
2002 1871 2063 1925 in

418 1965 619 2020 ﬁnem.
658 1985 687 2013 »
719 1962 917 2034 Usque
974 1961 1116 2015 dum
1176 1959 1505 2016 conﬁtendo
1564 1976 1847 2031 purgarer
1880 1975 1893 2015 :
1926 1958 2064 2030 quia

416 2053 542 2111 sine
572 2051 912 2110 confusione
942 2054 999 2106 et
1031 2048 1313 2105 maestitia
1350 2065 1467 2104 non
1527 2047 1907 2103 dimittuntur
1930 2063 2061 2119 pec-

415 2148 562 2210 cata,
598 2165 626 2194 «
661 2143 807 2197 Tota
838 2140 931 2196 die
961 2139 1343 2196 contristatus
1392 2137 1775 2210 ingrediebar.
1828 2159 1856 2187 ››
1906 2137 2063 2192 Indi-

421 2248 605 2305 gnum
637 2247 731 2286 me
761 2246 889 2286 esse
913 2229 1206 2300 judicans,
1241 2227 1340 2298 qui
1371 2226 1457 2282 vel
1506 2226 1704 2282 oculos
1753 2227 1826 2282 ad
1853 2226 2061 2282 cmlum

418 2321 609 2377 levare
658 2320 935 2375 auderem
986 2317 1135 2372 :sed
1195 2317 1524 2387 percutiens
1582 2321 1785 2386 pectus
1842 2332 2058 2381 meum,

419 2409 645 2464 aiebam
678 2426 690 2463 :
726 2409 883 2476 Deus,
911 2406 1183 2477 propitius
1217 2415 1325 2459 esto
1363 2404 1505 2458 mihi
1550 2405 1845 2475 peccatori.
1906 2404 2058 2474 (Luc.

420 2514 581 2563 xvm,
616 2496 725 2567 13).

492 2608 519 2634 ‹‹
554 2584 837 2651 Quoniam
870 2581 1057 2638 lumbi
1090 2581 1200 2636 mei
1225 2579 2056 2652 impletisuntillusionibus.»

422 2673 543 2729 Illis
576 2671 955 2727 illusionibus
987 2687 1049 2725 se
1078 2669 1384 2742 profitetur
1418 2685 1545 2723 esse
1576 2668 1943 2723 inﬁrmatum
1973 2672 2060 2722 at-

423 2779 535 2834 que
560 2760 868 2835 repletum,
922 2759 1134 2828 quibus
1195 2756 1461 2817 diabolus
1518 2757 1846 2812 humanum
1876 2774 2060 2828 genus

414 2851 692 2917 allicit,ut
722 2849 1044 2920 delinquat.
1065 2870 1093 2898 «
1127 2848 1300 2915 Deus,
1334 2851 1399 2901 tu
1430 2846 1751 2918 cognovisti
1782 2845 2061 2916 insipien-

416 2941 560 2997 tiam
594 2956 783 2996 meam
820 2956 831 2994 :
866 2938 1005 3011 quia
1034 2936 1221 2992 lumbi
1255 2935 1370 2991 mei
1399 2934 1624 3007 impleti
1664 2939 1803 2990 sunt
1843 2933 2059 2990 illusio-

417 3030 613 3085 nibus.
649 3051 677 3079 »
710 3031 782 3084 Se
812 3026 1221 3099 unusquisque
1251 3024 1600 3089 consideret,
1637 3029 1695 3078 et
1726 3023 2057 3079 titillantem

415 3119 675 3191 corporis
701 3116 991 3188 intelligat
1018 3115 1395 3186 voluptatem,
1452 3118 1508 3169 et
1560 3118 1701 3168 tunc
1743 3113 1931 3168 dicere
1965 3129 2062 3184 po-

2183 556 2254 595 ne
2284 557 2391 596 sua
2422 558 2435 596 Ζ

2257 650 2277 676 ‹‹
2311 629 2496 685 Amici
2527 630 2641 686 mei
2672 637 2728 687 et
2760 632 3006 703 proximi
3039 633 3154 686 mei
3184 634 3439 690 adversus
3466 654 3539 692 me
3560 656 3700 711 appru

2181 716 2610 789 pinquaverunt
2641 724 2697 775 et
2726 724 3034 777 steterunt:
3088 743 3115 771 »
3174 722 3341 777 Amici
3389 724 3698 783 dicunturJu-

2178 806 2306 873 dazi,
2329 814 2563 879 propter
2589 809 2905 877 Abraham,
2933 812 3195 867 Proximi
3232 828 3294 866 eo
3326 814 3461 884 quod
3483 816 3540 869 ab
3564 832 3701 874 eorum

2176 897 2547 964 generatione
2573 898 2963 970 assumpserit
2992 916 3248 969 carnem,
3297 900 3390 972 qui
3431 904 3702 976 appropiave-

2177 989 2313 1038 runt
2342 984 2413 1052 ei,
2449 991 2514 1040 ut
2545 987 3156 1058 comprehenderetur.
3196 988 3371 1044 Amici
3420 992 3516 1045 mei
3560 999 3603 1047 et
3623 996 3701 1048 noti

2177 1073 2287 1127 mei
2321 1078 2522 1129 contra
2547 1091 2639 1129 me
2668 1080 2975 1132 steterunt.
3030 1076 3226 1133 Potest
3268 1084 3324 1133 et
3375 1079 3438 1134 de
3486 1080 3702 1151 discipulis

2179 1161 2382 1233 accipi,
2417 1163 2538 1235 qui,
2571 1164 2630 1218 in
2676 1164 2947 1235 passione
3004 1170 3166 1220 metu
3224 1166 3414 1221 territi.
3462 1184 3491 1221 a
3535 1167 3703 1224 Domino

2176 1257 2542 1306 recesserunt
2574 1270 2587 1307 :
2619 1251 2916 1308 intantum
2946 1258 3011 1309 ut
3041 1254 3219 1309 etiam
3241 1271 3368 1310 eum
3396 1255 3566 1311 Petrus
3594 1258 3704 1312 dene-

2174 1345 2355 1411 garet.
2388 1339 2490 1395 Vel
2519 1344 2785 1396 steterunt
2816 1346 3132 1398 causantes
3163 1348 3355 1398 contra
3382 1360 3518 1399 eum.

2247 1450 2275 1477 «
2306 1432 2373 1482 Et
2402 1429 2500 1500 qui
2526 1431 2694 1499 juxta
2725 1447 2820 1486 me
2859 1436 3046 1500 erant,
3108 1433 3179 1487 de
3226 1431 3387 1503 longe
3433 1438 3665 1488 steterunt.
3687 1456 3703 1482 ι

2172 1517 2431 1588 Apostoli
2461 1516 2547 1573 vel
2578 1518 2786 1590 reliqui
2819 1519 3118 1592 discipuli,
3149 1522 3218 1575 de
3247 1521 3447 1592 quibus
3495 1521 3562 1576 ait
3594 1538 3703 1575 evan-

2173 1604 2423 1676 gelista:
2460 1606 2591 1661 Cum
2637 1612 2825 1662 autem
2873 1609 3353 1681 apprehendissent
3393 1626 3515 1680 eum,
3562 1610 3704 1664 stabant

2172 1709 2354 1748 omnes
2392 1697 2513 1750 noti
2538 1697 2656 1767 ejus
2685 1714 2719 1751 a
2748 1697 2902 1767 longe
2959 1698 3114 1767 (Luc.
3176 1715 3331 1766 xxiii,
3379 1698 3478 1769 119).
3504 1720 3528 1747 «
3556 1699 3607 1752 Et
3626 1697 3703 1751 \im

2173 1782 2462 1838 faciebant
2485 1785 2585 1855 qui
2616 1787 2957 1856 quaerebant
2987 1786 3251 1842 animam
3296 1802 3487 1841 meam.
3527 1808 3550 1835 »
3575 1784 3706 1841 Facie-

2171 1871 2314 1925 bant
2344 1871 2486 1939 vim,
2538 1889 2653 1928 non
2706 1874 2849 1944 uoti,
2898 1875 2999 1929 sed
3053 1874 3397 1930 Judaei:vel
3445 1874 3598 1941 Petro,
3618 1890 3705 1929 cum

2172 1961 2429 2016 dicerent
2458 1978 2470 2014 :
2501 1962 2641 2017 Nam
2723 1966 2774 2018 et
2821 1966 2881 2017 tu
2931 1978 3000 2018 ea:
3060 1964 3177 2018 illis
3206 1980 3260 2019 es
3289 1964 3427 2033 (Luc.
3478 1979 3588 2029 χχιι,

2170 2048 2274 2105 Vel
2303 2049 2520 2105 Jacobo
2554 2067 2567 2105 :
2600 2049 2700 2124 qui
2732 2067 2866 2105 cum
2914 2049 3268 2118 traheretur,
3314 2053 3491 2107 relicta
3524 2050 3701 2111 sindone,

2172 2138 2354 2193 nudus
2383 2140 2604 2209 aufugit
2629 2140 2697 2194 ab
2735 2141 2813 2195 eis
2843 2139 3030 2210 (Marc.
3063 2157 3176 2209 xxv,
3212 2139 3321 2209 5:2).
3371 2162 3397 2189 «
3447 2140 3506 2194 Et
3537 2139 3622 2192 vim
3654 2139 3704 2190 la-

2176 2227 2409 2283 ciebant
2438 2228 2537 2298 qui
2584 2229 2923 2299 quaerebant
2969 2230 3233 2285 animam
3269 2245 3485 2297 meam;
3514 2250 3536 2276 ››
3560 2225 3705 2282 scilicet

2170 2316 2381 2386 Judaei,
2433 2316 2602 2388 quasi
2652 2316 2891 2372 illorum
2950 2317 3238 2373 fortitudo
3291 2322 3451 2385 esset,
3494 2322 3542 2371 et
3576 2332 3602 2369 δ
3634 2319 3703 2367 Deo

2172 2404 2359 2475 ipsam
2392 2408 2739 2475 potestatem
2773 2421 2889 2460 non
2918 2406 3300 2479 accepissent.

2244 2515 2272 2543 «
2302 2494 2372 2547 Et
2402 2493 2502 2564 qui
2532 2494 2870 2565 quaerebant
2899 2493 3057 2550 mala
3093 2495 3260 2561 mihi,
3302 2493 3464 2550 locuti
3506 2497 3611 2548 sunt
3641 2506 3704 2543 va-

2171 2583 2403 2650 nitates,
2437 2586 2494 2637 et
2525 2581 2690 2637 dolos
2720 2586 2838 2637 tota
2885 2583 2980 2638 die
3042 2584 3477 2639 meditabantur.
3508 2606 3529 2630 ››
3552 2578 3694 2636 Multos

2171 2670 2409 2742 quidem
2438 2668 2603 2726 dolos
2635 2670 2897 2726 meditati
2931 2678 3076 2726 sunt
3110 2699 3123 2727 ε
3158 2690 3288 2727 cum
3318 2664 3698 2742 interrogarentsi

2170 2758 2448 2813 deberent
2505 2758 2643 2813 dare
2692 2775 2932 2814 censum
3022 2760 3252 2826 Caesari,
3311 2778 3379 2816 an
3433 2776 3528 2815 non
3564 2753 3700 2829 (Matth.

2168 2864 2305 2914 xxu,
2341 2847 2529 2918 17—21)
2564 2863 2576 2901 :
2613 2852 2713 2902 aut
2743 2847 2793 2903 si
2823 2847 3038 2903 mulier
3069 2848 3417 2920 deprehensa
3441 2845 3704 2917 lapidaretur

2169 2936 2345 2991 (Joan.
2378 2952 2495 3003 vm,
2529 2936 2604 3008 3).
2664 2936 2775 2991 Sed
2835 2940 2979 2991 tunc
3037 2943 3236 3008 aperte
3283 2937 3466 2992 dolum
3513 2931 3704 3003 ingerunt

2170 3041 2303 3080 cum
2334 3022 2515 3080 falsos
2564 3028 2744 3080 testes
2802 3025 3125 3081 adducunt.
3187 3025 3306 3092 Vel,
3359 3017 3702 3094 cquiinquire-

2170 3115 2311 3169 bant
2340 3112 2495 3168 mala
2526 3112 2691 3180 mihi,
2749 3112 2929 3168 locuti
2962 3119 3108 3170 sunt
3138 3115 3453 3179 vanitatem,
3496 3134 3520 3159 »
3545 3103 3702 3179 quando

414 3184 536 3261 test
562 3224 696 3262 cum
719 3184 1192 3277 Paulo'apostolo
1225 3220 1239 3259 :
1276 3204 1446 3259 Miser
1474 3219 1575 3271 ego
1610 3202 1788 3267 homo,
1821 3203 1943 3273 quis
1973 3217 2060 3257 me
2092 3184 2133 3251 C
2172 3202 2443 3258 dixerunt
2492 3220 2506 3271 ;
2542 3203 2603 3258 In
2664 3202 2956 3258 Beelzebub
3006 3205 3165 3275 ejicit
3217 3194 3467 3258 daemonia
3508 3198 3623 3268 (Luc.
3652 3207 3702 3256 ιιι

419 3295 677 3352 liberabit
706 3295 771 3351 de
824 3311 1048 3366 corpore
1093 3294 1283 3349 mortis
1338 3292 1499 3360 huius
1544 3293 1717 3363 (Rom.
1751 3309 1851 3360 vu,
1913 3290 2060 3359 211)?

417 3384 487 3441 Et
518 3385 666 3440 illud
700 3403 713 3440 :
746 3385 928 3454 Neque
956 3384 1105 3438 enim
1136 3381 1276 3455 quod
1308 3382 1442 3449 volo,
1467 3381 1564 3436 hoc
1582 3381 1728 3452 facio
1758 3398 1776 3435 :
1805 3379 1898 3435 sed
1918 3379 2061 3451 quod

414 3474 565 3531 noto.
601 3474 761 3545 (Ibid.
794 3473 900 3541 19).

487 3584 514 3611 ‹‹
553 3562 895 3616 Incurvatus
925 3575 1058 3615 sum
1097 3563 1155 3614 et
1198 3557 1543 3613 humiliatus
1601 3574 1735 3612 sum
1795 3555 1991 3612 nimis.
2028 3579 2058 3607 ››

414 3652 500 3705 Ad
546 3648 971 3720 paenitentiam.
1033 3670 1060 3697 ‹‹
1116 3646 1435 3719 Rugiebam
1497 3664 1531 3701 a
1586 3646 1807 3718 gemitu
1866 3646 2057 3701 cordis

416 3738 550 3793 mei.
586 3759 615 3787 ››
662 3736 868 3791 Petens
900 3752 1032 3790 cum
1063 3735 1225 3790 luctu
1279 3733 1708 3789 remissionem.
1767 3733 1935 3789 Aliud
1968 3740 2057 3790 est

413 3826 670 3900 gemitus
702 3822 963 3896 corporis
987 3829 1041 3878 et
1070 3822 1228 3877 aliud
1259 3822 1516 3895 gemitus
1546 3821 1758 3877 cordis.
1790 3822 2056 3879 Gemitus

412 3914 672 3989 corporis
723 3918 812 3969 est
869 3916 1103 3985 propter
1158 3928 1251 3967 res
1312 3916 1573 3966 terrenas
1656 3910 1748 3966 vel
1821 3916 2058 3983 propter

412 4010 660 4061 mortem
693 4019 943 4076 gemere.
999 4000 1262 4057 Gemitus
1302 3999 1513 4070 cordis,
1548 4004 1783 4071 propter
1811 4016 2057 4072 suapec-

412 4100 561 4163 cata,
592 4092 680 4149 vel
712 4091 983 4147 aliorum.
1020 4090 1130 4145 Sed
1164 4087 1428 4143 Christus
1476 4104 1592 4143 non
1644 4086 1849 4141 habuit
1900 4089 2054 4159 quod

412 4186 690 4256 gemeret,
720 4180 859 4252 quia
891 4196 1006 4234 non
1038 4177 1173 4234 fecit
1206 4181 1528 4249 peccatum.
1594 4197 1623 4227 «
1679 4180 1747 4230 Et
1799 4177 2056 4247 gemitus

414 4288 581 4327 meus
610 4286 726 4325 non
749 4275 836 4325 est
867 4266 1248 4325 absconditus
1279 4283 1312 4321 a
1357 4270 1427 4320 te.
1460 4287 1488 4316 »
1522 4265 1586 4319 Id
1629 4269 1734 4333 est,
1770 4265 2052 4336 quidquid

411 4359 588 4414 habet
616 4358 815 4422 homo,
848 4356 1001 4412 Deus
1033 4356 1159 4412 scit.
1185 4354 1478 4426 Quidquid
1501 4353 1741 4425 deliqui,
1766 4353 2054 4425 quidquid

410 4448 550 4504 mali
580 4446 964 4520 gessi,omnia
993 4445 1099 4500 tibi
1129 4461 1263 4499 cum
1294 4442 1515 4515 gemitu
1538 4443 1786 4499 reseravi
1815 4460 1828 4498 :
1862 4443 2053 4498 sciens

408 4537 548 4609 quia
576 4536 682 4592 tibi
717 4552 831 4591 non
858 4532 1225 4590 occultantur
1254 4531 1499 4587 occulta.

478 4650 507 4678 «
536 4630 644 4682 Cor
674 4641 872 4680 meum
905 4622 1320 4678 conturbatum
1350 4627 1439 4676 est
1468 4620 1527 4674 in
1579 4638 1693 4689 me,
1742 4619 2055 4692 dereliquit

408 4733 500 4771 me
524 4715 709 4771 virtus
742 4729 890 4768 mea.
927 4735 948 4763 ι
986 4710 1132 4775 Quia
1167 4711 1314 4765 iram
1372 4726 1549 4781 quam
1604 4710 1876 4781 superius
1929 4726 2050 4764 me-

403 4805 645 4875 moravi,
698 4803 994 4858 incurrere
1037 4814 1369 4871 expavesco.
1431 4821 1459 4848 «
1509 4799 1579 4853 Et
1609 4797 1806 4853 lumen
1852 4796 2052 4855 oculo-

408 4912 537 4950 rum
571 4884 837 4949 meorum
870 4907 986 4946 non
1012 4894 1100 4945 est
1132 4904 1383 4943 mecum.
1428 4909 1456 4937 ››
1506 4887 1673 4953 Quia,
1727 4886 2050 4958 postposito

407 4982 667 5039 veritatis
713 4980 976 5044 lumine,
1022 4979 1081 5033 in
1130 4978 1402 5034 tenebras
1471 4976 1798 5032 deciderem
1848 4991 2051 5048 pecca-

406 5076 622 5127 torum.
709 5070 803 5126 Sic
896 5068 1052 5123 enim
1152 5067 1493 5139 prophetam
1587 5081 1821 5121 omnem
1889 5065 2051 5121 ordi-

409 5175 542 5214 nem
576 5157 755 5229 hujus
786 5156 997 5229 psalmi
1028 5172 1096 5211 ex
1146 5153 1465 5228 peccatoris
1509 5169 1759 5224 persona
1820 5169 2047 5224 prorse-

406 5254 608 5302 cntum
639 5245 1166 5311 l'uisse,anteriores
1198 5242 1382 5299 nostri
1414 5243 1757 5297 docuerunt.
1783 5241 2049 5297 Sentiant
2076 5254 2085 5273 '

407 5336 491 5391 illi
525 5336 683 5408 quod
714 5334 873 5389 libet.
910 5336 1026 5405 Ego
1050 5350 1183 5388 vero
1233 5334 1304 5387 ab
1372 5331 1471 5387 illo
1531 5330 1675 5398 loco,
1744 5331 1845 5387 ubi
1914 5332 2043 5387 ait:

406 5448 435 5477 ‹‹
469 5423 658 5479 Amici
691 5423 804 5477 mei
857 5427 913 5477 et
961 5422 1211 5494 proximi
1265 5422 1399 5489 mei,
1430 5443 1458 5471 »
1510 5436 1698 5492 usque
1748 5422 1819 5475 ad
1870 5422 2044 5476 finem

404 5512 617 5589 psalmi
652 5530 664 5568 :
699 5510 866 5566 video
900 5510 1208 5566 Dominum
1260 5526 1456 5564 meum
1500 5510 1700 5565 Jesum
1748 5509 2045 5564 Christum

402 5623 436 5660 a
464 5602 683 5660 Judaeis
714 5598 1089 5664 circumdari,
1129 5598 1189 5653 in
1221 5614 1390 5653 cruce
1419 5597 1722 5668 suspendi,
1755 5603 1813 5653 et
1857 5615 1927 5653 ex
1956 5598 2042 5652 in-

622 5879 661 5889 π

2174 3291 2281 3363 15).

2240 3381 2418 3452 «Ego
2446 3383 2641 3435 autem
2680 3384 2963 3452 tanquam
3032 3382 3253 3438 surdus
3308 3397 3414 3436 non
3458 3372 3700 3434 audiebam.

2168 3472 2225 3525 et
2248 3468 2400 3524 sicut
2426 3473 2628 3523 mutus
2659 3485 2775 3524 non
2805 3469 3076 3541 aperiens
3135 3488 3199 3526 os
3230 3485 3413 3525 suum.
3468 3489 3493 3516 »
3537 3464 3702 3529 semper

2167 3573 2294 3628 quae
2319 3557 2764 3628 exprobrabant,
2798 3557 3031 3626 sustuli,
3059 3566 3117 3614 et
3144 3559 3359 3631 jugiter
3400 3554 3533 3611 silui.
3564 3554 3648 3604 Hoc
3664 3548 3701 3599 et

2168 3645 2388 3701 Pilatus
2440 3646 2795 3716 manifestat,
2847 3664 2981 3702 cum
3036 3649 3179 3704 dicit
3212 3667 3224 3703 :
3257 3647 3382 3702 Mitti
3414 3659 3509 3699 non
3549 3650 3698 3708 κεροπ-

2164 3735 2255 3790 des
2283 3739 2308 3789 γ
2332 3737 2415 3790 An
2443 3737 2617 3791 nescis
2665 3737 2796 3807 quia
2849 3742 3169 3807 potestatem
3227 3737 3384 3792 habeo
3433 3730 3645 3787 dimittere
3668 3726 3701 3775 ιε

2167 3824 2341 3895 (Joan.
2372 3840 2489 3889 x1x,
2521 3824 2611 3891 40)
2642 3824 2670 3878 ?
2702 3846 2731 3875 α
2761 3825 2879 3896 Ego
2912 3831 3112 3881 autem
3146 3833 3411 3897 tanquam
3440 3823 3601 3875 mutus
3625 3824 3700 3867 non

2165 3912 2434 3984 aperiens
2494 3929 2559 3968 os
2593 3929 2789 3968 suum.
2841 3936 2868 3964 »
2903 3914 2973 3968 Et
3026 3916 3184 3987 apud
3242 3913 3469 3968 Pilatum
3498 3902 3697 3962 Dominus

2166 4018 2280 4056 non
2313 4006 2402 4057 est
2460 4000 2712 4057 locutus.
2769 4003 2837 4057 Et
2867 4002 3049 4058 Isaias
3111 4006 3183 4059 de
3238 4002 3427 4059 eodem
3478 3991 3697 4064 loquitur:

2166 4091 2440 4162 Tanquam
2481 4108 2663 4163 agnus
2708 4091 2777 4146 ad
2824 4092 3113 4148 victimam
3151 4092 3352 4161 ductus,
3386 4103 3487 4143 non
3524 4078 3699 4152 0PM

2163 4196 2219 4233 os
2246 4196 2410 4235 suum
2439 4182 2564 4250 (Isa.
2601 4197 2716 4251 Lm,
2756 4180 2836 4251 7).

2236 4291 2264 4319 «
2296 4269 2365 4323 Et
2394 4269 2582 4323 factus
2614 4285 2746 4323 sum
2778 4268 2932 4324 sicut
2960 4269 3137 4325 homo
3170 4286 3279 4323 non
3304 4264 3522 4322 audiens
3558 4260 3698 4312 etnon

2165 4357 2390 4412 habens
2419 4357 2480 4411 in
2511 4373 2608 4412 ore
2639 4374 2744 4413 suo
2773 4359 3238 4431 redargutiones.
3286 4378 3311 4405 ››
3355 4355 3486 4410 Nam
3514 4360 3615 4403 cum
3638 4350 3699 4392 me

2165 4446 2359 4518 sputis
2386 4445 2644 4513 linirent,
2695 4430 2983 4503 arundine
3037 4430 3698 4518 verberarent,illuderentf

2084 4556 2132 4621 Ι)
2164 4512 2276 4606 que
2299 4551 2453 4607 genu
2493 4512 2658 4602 ﬂexo,
2716 4534 2862 4591 nihil
2919 4538 3003 4592 eis
3060 4544 3259 4591 mutus
3314 4512 3699 4621 respondisti}?

2165 4640 2278 4679 non
2312 4623 2535 4679 habens
2565 4624 2625 4679 in
2657 4640 2755 4681 ore
2785 4641 2890 4679 suo
2944 4624 3391 4697 redargutiones.
3436 4639 3461 4665 ››
3495 4612 3570 4668 Sic
3591 4610 3697 4661 ml“

2162 4716 2493 4779 accusatus,
2527 4712 2696 4784 quasi
2728 4729 2843 4768 non
2874 4712 3097 4769 habens
3119 4712 3255 4785 quid
3289 4725 3383 4781 pro
3422 4717 3501 4760 me
3530 4705 3698 4785 τθεροο·

2161 4802 2297 4857 dere
2348 4780 2640 4857 deberem.
2677 4800 2947 4857 Christus
3011 4802 3069 4855 in
3120 4780 3381 4857 omnibus
3444 4780 3695 4856 exemplum

2160 4889 2340 4957 dedit,
2372 4892 2437 4945 ut
2465 4889 2641 4945 homo
2681 4888 2912 4960 ﬂagella
2954 4895 3011 4946 et
3053 4887 3444 4945 correctionem
3486 4870 3696 4949 patienter

2161 4982 2390 5049 portare
2420 4978 2648 5034 debeat.
3622 5040 3649 5050 η

2235 5088 2263 5116 ι(
2292 5066 2576 5130 Quoniam
2613 5066 2671 5121 in
2703 5072 2779 5136 te,
2816 5066 3077 5131 Domine,
3113 5062 3350 5137 speravi.
3392 5063 3446 5113 ίυ
3490 5042 3693 5137 ex“???

2159 5171 2252 5210 me
2290 5155 2529 5210 Domine
2562 5156 2712 5211 Deus
2770 5172 2959 5211 meus.
2994 5177 3022 5205 »
3054 5153 3124 5209 Ut
3181 5170 3268 5207 me
3321 5139 3602 5204 resuscites.
3625 5122 3692 5179 νει

2159 5248 2268 5298 «tu
2299 5243 2561 5299 exauiies
2606 5261 2697 5299 me
2729 5261 2742 5298 :
2777 5266 2805 5293 »
2837 5243 2946 5299 hoc
2994 5249 3100 5313 est,
3134 5241 3257 5295 vide
3302 5237 3505 5293 illorum
3545 5230 3690 5288 ευρθτ·

2159 5332 2311 5388 biam
2342 5338 2398 5388 et
2427 5349 2619 5388 meam
2650 5331 3067 5387 humilitatem.
3530 5400 3538 5410 .

2227 5444 2255 5471 «
2288 5422 2435 5487 Quia
2462 5421 2577 5476 dixi
2622 5420 2942 5493 Nequando
2992 5413 3437 5492 supergaudeant
3477 5418 3540 5497 In}

2159 5512 2295 5566 mici
2327 5511 2459 5578 mei,
2493 5514 2550 5565 et
2594 5510 2735 5565 dum
2787 5512 3225 5565 commoventur
3255 5501 3414 5575 pedes
3438 5488 3596 5581 mei»)

2154 5599 2257 5655 des
2310 5572 2526 5656 Christi
2573 5599 2634 5654 in
2682 5598 2973 5670 passione,
3024 5594 3110 5652 vel
3156 5572 3333 5648 sancti
3376 5572 3595 5656 apostoli.
3616 5574 3683 5633 ‘1‘"

3546 5396 3590 5451 hi
3613 5386 3685 5444 ini-
