3964 6190
241 338 366 398 997

1424 339 1922 401 BREVIABIUM
1971 339 2046 397 lN
2093 338 2473 398 PSALMOS.

3535 341 3651 401 998

244 470 428 541 pedes
458 468 674 525 Christi
714 484 857 524 esse
890 468 1251 525 debuerant:
1310 469 1587 525 commoti
1639 474 1777 524 sunt
1822 470 1893 525 de
1924 472 1973 536 Α
2004 469 2127 524 dire
2156 469 2278 524 vias
2312 486 2323 523 :
2376 468 2489 523 nisi
2542 474 2605 522 ut
2660 485 2774 523 non
2822 468 3031 540 loquar
3079 471 3259 540 fatua,
3292 487 3358 527 ac
3400 470 3647 539 diversa,

242 559 362 613 fide
420 558 491 612 ad
549 557 977 612 infidelitatem.
1029 556 1390 612 Commoveri
1441 562 1690 629 possunt
1720 559 1897 629 pedes

241 646 362 702 mei
394 664 427 700 a
456 645 774 701 stabilitate
805 663 933 717 sua,
967 650 1024 701 et
1051 645 1275 700 inimici
1315 645 1376 701 in
1421 662 1514 701 me
1563 645 1847 701 insultare
1879 662 1893 701 :

243 735 302 791 si
332 735 392 790 in
423 735 533 790 hac
566 734 757 789 crucis
790 739 976 790 morte
1006 733 1374 801 humiliatus,
1408 752 1523 790 non
1568 750 1895 790 resurrexe-

242 839 334 878 ro.
375 825 434 878 In
465 840 552 878 me
586 840 791 891 magna
840 824 1009 878 locuti
1054 829 1203 878 sunt.
1238 823 1506 878 Dicentes
1539 840 1552 877 :
1609 822 1671 877 Si
1727 824 1897 882 Filius

242 914 351 968 Dei
378 928 452 979 es,
485 911 739 968 descende
766 912 832 967 de
858 927 1018 967 cruce
1055 912 1262 982 (Matth.
1295 929 1469 979 xxvn,
1502 912 1610 983 40).

322 1025 351 1051 ‹‹
384 1002 501 1073 Ego
533 1007 730 1056 autem
760 1001 818 1054 in
851 999 1081 1073 ﬂagella
1120 1006 1359 1072 paratus
1402 1017 1554 1056 sum.
1591 1022 1618 1049 n
1674 999 1895 1070 Praepa-

243 1108 313 1145 ro
346 1107 437 1145 me
466 1091 539 1145 ad
578 1090 984 1145 sustinendam
1030 1106 1283 1161 crucem,
1317 1089 1602 1159 lanceam,
1636 1087 1730 1157 fel,
1763 1105 1896 1142 ace-

241 1184 399 1245 tum,
432 1183 495 1233 ut
526 1195 627 1250 per
657 1179 806 1234 hanc
838 1184 1085 1233 mortem
1117 1195 1245 1234 meo
1277 1179 1562 1251 sanguine
1611 1177 1894 1233 redimam

243 1267 534 1340 populum
570 1272 933 1339 pereuntem,
964 1268 1104 1338 quia
1132 1267 1401 1323 Christus
1449 1269 1520 1323 ad
1572 1267 1681 1322 hoc
1718 1266 1894 1335 venit,

241 1361 312 1410 ut
342 1356 676 1428 passionem
722 1357 1059 1415 sustineret.
1114 1381 1141 1406 «
1176 1356 1246 1411 Et
1275 1356 1441 1412 dolor
1472 1372 1637 1411 meus
1668 1355 1727 1409 in
1760 1371 1895 1410 con-

244 1450 450 1515 spectu
482 1461 610 1499 meo
643 1460 895 1516 semper.
928 1468 955 1494 ››
1007 1444 1200 1500 Donec
1240 1444 1470 1515 ejiciam
1498 1442 1803 1501 victoriam
1837 1443 1893 1496 in

238 1531 558 1603 judicium.

322 1644 349 1670 α
382 1621 668 1684 Quoniam
722 1620 1094 1693 iniquitatem
1151 1638 1344 1677 meam
1403 1623 1786 1687 annuntiabo,
1837 1626 1895 1675 et

253 1708 515 1781 cogitabo
546 1726 649 1781 pro
679 1716 914 1780 peccato
939 1727 1087 1765 meo.
1114 1732 1143 1759 »
1176 1711 1341 1766 Sicut
1361 1711 1516 1766 enim
1542 1710 1896 1765 maledictio-

251 1798 336 1869 ni,
368 1798 684 1869 subjacuit,
712 1804 776 1854 ut
810 1817 915 1855 nos
945 1817 980 1854 a
1012 1799 1325 1855 maledicto
1357 1800 1502 1871 legis
1533 1803 1778 1865 erueret,
1812 1799 1895 1852 ita

251 1892 309 1943 et
352 1892 716 1959 peccatorem
763 1904 828 1943 se
874 1888 1200 1960 profitetur,
1247 1888 1348 1960 qui
1405 1893 1641 1960 peccata
1698 1892 1898 1942 nostra

248 1976 518 2047 portavit,
544 1982 608 2031 ut
652 1977 747 2049 pio
794 1972 1049 2049 cogitatu
1092 1994 1157 2032 ac
1188 1978 1601 2033 misericordiae
1633 1976 1897 2046 consilio,

249 2081 357 2120 nos
389 2066 461 2121 ab
492 2065 711 2121 eisdem
744 2069 991 2121 erueret.
1029 2088 1056 2118 ε
1086 2067 1154 2120 Et
1187 2065 1474 2136 sollicitus
1506 2083 1602 2120 ero
1635 2082 1738 2137 pro
1768 2081 1900 2137 pec-

248 2157 377 2208 cato
408 2169 559 2208 meo.
587 2178 608 2206 ι
644 2157 952 2209 Peccatum
975 2153 1211 2225 Christi,
1237 2154 1481 2210 humani
1514 2153 1731 2210 delicta
1761 2157 1901 2208 sunt

248 2241 480 2313 generis
516 2259 530 2296 :
585 2245 819 2315 propter
864 2260 989 2315 quae
1031 2248 1089 2298 et
1118 2243 1275 2298 Patri
1328 2243 1543 2299 dicitur
1584 2258 1740 2298 nunc
1771 2258 1900 2297 esse

249 2331 575 2400 subjectus.

334 2439 362 2470 ci
390 2418 619 2473 Inimici
648 2424 840 2474 autem
889 2421 1000 2475 mei
1046 2421 1269 2477 vivunt.
1304 2445 1327 2474 ι
1387 2420 1532 2485 Quia
1587 2436 1702 2476 non
1763 2424 1901 2476 sunt

252 2506 458 2562 statim
490 2506 712 2563 ultione
760 2508 953 2564 divina
981 2510 1192 2581 puniti.
1250 2534 1269 2560 α
1308 2510 1377 2565 Et
1406 2508 1733 2565 confirmati
1765 2514 1902 2564 sunt

255 2611 436 2666 super
464 2612 577 2651 me.
610 2618 639 2646 ››
690 2597 1025 2652 Cunﬁrmati
1071 2604 1211 2654 sunt
1248 2598 1308 2654 in
1353 2598 1499 2670 legis
1549 2598 1789 2654 littera:
1841 2597 1897 2651 in

258 2700 376 2755 qua
396 2682 776 2756 spiritualiter
806 2686 1137 2741 nuntiatum
1166 2704 1281 2743 non
1312 2687 1740 2743 intellexerunt.
1783 2706 1803 2733 α
1832 2686 1902 2740 Et

258 2770 631 2844 multiplicati
662 2779 819 2842 sunt,
854 2775 954 2847 qui
985 2776 1235 2831 oderunt
1266 2794 1360 2832 me
1404 2777 1624 2849 inique.
1660 2797 1689 2825 »
1741 2776 1901 2831 Certe

253 2859 456 2932 inique
486 2867 542 2916 et
571 2878 687 2918 non
719 2863 1145 2921 rationabiliter
1176 2883 1189 2921 :
1243 2866 1381 2938 quia
1422 2865 1484 2920 in
1528 2866 1637 2921 hac
1684 2863 1898 2929 littera,

254 2965 456 3004 semen
497 2967 694 3020 suum,
727 2967 833 3008 ceu
881 2957 1043 3009 astra
1094 2953 1222 3009 coeli
1272 2953 1646 3027 multiplicari
1697 2953 1898 3009 crede-

252 3038 414 3093 bant.

322 3148 353 3177 «
386 3127 493 3191 Qui
523 3128 893 3185 retibuebant
940 3129 1084 3185 mihi
1108 3131 1265 3187 mala
1312 3149 1423 3204 pro.
1446 3131 1636 3188 bonis.
1668 3152 1697 3182 »
1753 3130 1897 3187 Dul-

2007 557 2125 612 sive
2155 558 2361 613 otiosa.
2396 558 2474 612 Ex
2502 557 2714 625 verbis,
2746 557 2939 628 inquit
2989 557 3291 627 Dominus,
3328 560 3441 616 tuis
3463 560 3650 631 justi-

2006 646 2295 714 ficaberis,
2329 651 2386 701 et
2414 663 2484 701 ex
2512 646 2703 701 verbis
2735 645 2855 700 tuis
2886 646 3389 704 condemnaberis.
3445 673 3465 697 ει
3500 649 3648 720 Dixi,

2007 734 2334 790 custodiam
2363 735 2488 790 vias
2520 752 2680 790 meas
2713 751 2726 789 :
2761 756 2788 785 »
2830 735 2889 790 id
2920 740 3030 803 est,
3061 734 3327 806 disposui
3356 739 3651 794 custodire

2005 840 2181 895 opera
2211 840 2379 878 mea:
2414 823 2637 879 scilicet
2669 824 2931 894 quinque
2962 840 3175 879 sensus
3209 825 3489 895 corporis.
3527 851 3547 875 ιι
3581 827 3653 882 Ut

2005 929 2122 967 non
2153 911 2493 983 delinquam
2546 912 2606 966 in
2652 911 2853 985 lingua
2900 929 3051 969 mea.
3086 935 3114 961 »
3168 913 3280 969 Non
3308 913 3649 986 delinquam,

2007 1017 2121 1055 non
2154 1017 2386 1072 peccem
2412 1016 2426 1056 :
2457 1003 2592 1073 quia
2622 1004 2720 1071 qui
2747 1002 2978 1056 custodit
3009 1002 3257 1073 linguam
3285 1020 3463 1069 suam,
3485 1007 3651 1059 custo-

2004 1089 2087 1145 dit
2134 1092 2381 1146 animum
2426 1107 2582 1146 suam
2632 1091 2821 1161 (Prov.
2856 1108 3012 1158 xvm,
3046 1092 3175 1163 23);
3225 1094 3358 1163 quia
3403 1110 3555 1147 mors
3598 1100 3652 1149 et

2004 1181 2118 1233 vita
2164 1181 2227 1234 in
2272 1180 2528 1235 manibus
2579 1180 2788 1249 linguae
2833 1180 2964 1250 (Isa.
3012 1197 3188 1246 xxxu,
3223 1181 3297 1252 1).
3348 1182 3416 1236 Et
3462 1181 3647 1237 item:

2009 1266 2197 1323 Cultus
2219 1270 2477 1340 justitize,
2512 1269 2797 1323 silentium
2845 1278 2900 1324 et
2941 1286 3058 1340 pax
3088 1269 3274 1340 (Eccli.
3306 1287 3505 1331 xxvm.
3542 1271 3651 1342 11).

2084 1378 2109 1408 α
2140 1355 2312 1411 Posui
2344 1356 2429 1412 ori
2461 1372 2589 1411 meo
2623 1357 2972 1412 custodiam.
3002 1379 3024 1408 ι
3059 1357 3234 1413 Juxta
3265 1357 3407 1413 illud
3435 1377 3447 1414 :
3483 1359 3654 1415 Pecu-

2006 1445 2166 1499 niam
2196 1450 2253 1500 et
2282 1461 2494 1500 aurum
2524 1450 2694 1500 tuum
2728 1445 2903 1516 alliga
2932 1447 3099 1516 bene,
3131 1451 3188 1502 et
3233 1447 3404 1503 facito
3437 1448 3521 1503 ori
3550 1453 3651 1505 tuo

2005 1534 2225 1589 ostium
2249 1538 2306 1589 et
2328 1550 2541 1589 seram.
2564 1534 2802 1589 Beatum
2827 1536 2983 1589 enim
3007 1535 3306 1590 hominem
3327 1536 3444 1592 oris
3466 1542 3654 1593 custo-

2006 1622 2104 1676 dia
2134 1621 2273 1677 facit
2305 1638 2317 1675 :
2370 1639 2505 1677 cum
2555 1638 2673 1676 non
2721 1623 2941 1693 profert
2993 1623 3212 1688 inania,
3246 1625 3345 1679 sed
3380 1641 3507 1695 qua:
3538 1630 3652 1682 Deo

2005 1714 2145 1765 sunt
2195 1710 2391 1781 digna.
2444 1732 2472 1759 «
2505 1711 2647 1765 Cum
2697 1711 3045 1765 consisteret
3076 1716 3345 1782 peccator
3373 1714 3654 1769 adversus

2005 1816 2118 1854 me.
2151 1818 2177 1849 η
2236 1799 2297 1854 Id
2327 1803 2415 1854 est
2445 1797 2735 1862 diabolus,
2769 1799 2867 1869 qui
2910 1798 3094 1870 justis
3125 1799 3425 1855 maledicit
3455 1818 3521 1856 ac
3552 1802 3652 1857 de-

2004 1887 2204 1954 trahit,
2239 1892 2296 1942 et
2341 1887 2652 1960 instigator
2697 1903 2901 1943 eorum
2950 1895 3039 1944 est
3085 1887 3186 1959 qui
3236 1889 3457 1946 sanctis
3509 1890 3675 1948 insim

2005 1975 2262 2031 diantur.

2079 2087 2107 2114 «
2140 2063 2443 2120 Obmutui.
2472 2086 2494 2116 ι
2532 2065 2615 2121 Ne
2636 2065 3086 2138 objurgantibus
3116 2084 3211 2124 me
3236 2068 3653 2142 obstreperem,

2008 2151 2288 2219 Obmutui,
2322 2158 2379 2209 et
2422 2170 2536 2209 non
2567 2155 2766 2226 aperui
2801 2172 2866 2211 os
2899 2173 3113 2222 meum,
3146 2157 3286 2228 quia
3333 2162 3395 2212 tu
3445 2158 3652 2215 fecisti.

2011 2242 2140 2297 ldeo
2172 2242 2457 2314 patienter
2506 2244 2625 2298 fero
2662 2262 2673 2298 :
2726 2245 2867 2316 quia
2913 2250 2967 2300 te
2998 2246 3117 2301 scio
3149 2248 3221 2301 ad
3253 2247 3655 2319 probationem

2008 2346 2101 2384 me
2119 2328 2543 2387 tentationibus
2567 2332 2896 2403 reliquisse.
2932 2358 2959 2383 «
2984 2335 3055 2389 Et
3077 2333 3421 2392 humiliatus
3441 2354 3597 2392 sum.
3627 2358 3650 2387 ι

2003 2419 2091 2473 Ad
2143 2419 2491 2475 sustinenda
2545 2436 2746 2475 eorum
2805 2421 3181 2493 improperia.
3238 2447 3267 2472 ‹‹
3300 2424 3371 2479 Et
3425 2424 3563 2480 silui
3622 2442 3657 2480 a

2007 2506 2199 2562 bonis.
2236 2529 2263 2556 »
2295 2508 2375 2563 De
2402 2508 2553 2564 bona
2575 2508 2933 2565 conscientia
2956 2511 3303 2582 procedebat
3326 2511 3470 2567 mihi
3498 2529 3659 2569 secu-

2009 2596 2150 2651 ritas
2186 2614 2198 2651 :
2250 2596 2380 2651 ideo
2412 2614 2505 2653 me
2535 2614 2649 2652 non
2679 2598 2991 2669 justificavi
3027 2616 3222 2655 coram
3266 2598 3605 2657 hominibus
3639 2618 3652 2658 :

2009 2700 2195 2756 neque
2226 2684 2381 2740 bona
2410 2702 2534 2757 qua:
2566 2687 2626 2740 in
2658 2702 2752 2741 me
2782 2692 2968 2753 erant,
3002 2687 3291 2760 divulgavi
3321 2707 3332 2744 :
3368 2689 3507 2760 quia
3535 2691 3655 2746 scio

2008 2774 2163 2843 quod
2192 2777 2365 2829 Pater
2409 2774 2511 2845 qui
2557 2774 2713 2830 videt
2759 2774 2819 2828 in
2867 2775 3174 2847 absconso,
3228 2777 3429 2832 reddet
3485 2778 3652 2833 mihi.

2009 2884 2037 2911 «
2069 2861 2138 2916 Et
2167 2861 2333 2917 dolor
2371 2880 2539 2918 meus
2588 2868 2900 2919 renovatus
2948 2869 3057 2919 est.
3091 2886 3118 2914 »
3175 2863 3446 2920 Nondum
3496 2866 3653 2922 enim

2009 2946 2275 3006 veneram
2300 2951 2371 3005 ad
2404 2951 2726 3022 perfectum
2754 2951 2965 3007 virum.
2990 2951 3136 3007 Nam
3158 2952 3264 3007 etsi
3289 2952 3651 3010 sustinebam

2008 3054 2142 3094 cum
2174 3037 2371 3095 dolore
2401 3039 2778 3119 improperia,
2810 3057 2923 3095 non
2952 3046 3147 3095 tamen
3179 3042 3437 3097 sciebam
3469 3042 3648 3098 male-

2008 3126 2338 3183 dicentibus
2358 3127 2719 3184 benedicere.
2742 3128 2865 3200 Vel,
2900 3152 2925 3179 ‹‹
2953 3128 3119 3184 dolor
3145 3145 3311 3185 meus
3340 3134 3650 3187 renovatus

249 3214 515 3272 cedinem
546 3222 774 3273 aeternae
803 3218 931 3273 vitea
964 3202 1492 3276 efferentem—aceto
1523 3224 1889 3292 potaverunt,
1924 3202 1965 3267 C
2004 3220 2111 3271 est.
2146 3237 2174 3266 »
2231 3216 2295 3271 In
2327 3216 2436 3272 boc
2464 3216 2683 3272 dicitur
2712 3216 2876 3273 dolor
2904 3216 3119 3273 Christi
3146 3236 3159 3286 ;
3212 3219 3352 3289 quia
3399 3218 3483 3274 illi
3531 3236 3647 3275 non

248 3319 317 3358 ac
370 3303 519 3360 felle.
579 3328 607 3355 ‹‹
642 3305 1035 3362 Detrahebant
1090 3307 1256 3363 mihi.
1293 3329 1316 3359 ι
1375 3308 1690 3365 Dicentes:
1749 3309 1895 3364 Alios

245 3392 433 3447 salvos
467 3395 636 3463 fecit;
682 3397 1031 3467 semetipsum
1080 3413 1192 3453 non
1235 3400 1409 3467 potest
1454 3399 1669 3454 salvum
1712 3400 1895 3469 facere

248 3480 401 3549 (Luc.
432 3498 591 3551 xxni,
623 3483 734 3554 35).
786 3506 814 3533 ‹‹
847 3484 1134 3547 Quoniam
1166 3487 1454 3557 sequebar
1484 3487 1827 3542 bonitatem.
1865 3508 1892 3536 ››

246 3568 323 3623 Ut
349 3570 602 3641 implens
630 3570 984 3629 voluntatem
1016 3573 1222 3641 Patris,
1254 3592 1358 3647 pro
1388 3575 1507 3631 vita
1537 3575 1735 3648 populi
1768 3592 1893 3631 sus-

248 3657 504 3729 ciperem
535 3665 803 3716 mortem.
1076 3648 1083 3659 ’

322 3770 351 3797 ‹‹
383 3747 507 3803 Νοιι
539 3749 908 3821 derelinquas
938 3768 1051 3817 me,
1085 3756 1327 3811 Domine
1357 3754 1511 3810 Deus
1554 3772 1721 3810 meus
1755 3772 1767 3809 :
1821 3772 1891 3810 ne

245 3836 590 3894 discesseris
620 3855 654 3894 a
687 3856 799 3896 me.
835 3862 864 3889 »
892 3842 1039 3896 Cum
1068 3843 1359 3912 profunda
1389 3843 1599 3899 inferni
1632 3850 1891 3915 penetra-

242 3942 402 3981 vero.

318 4015 621 4070 «Intende
669 4015 728 4071 in
778 4013 1137 4087 adjutorium
1186 4035 1406 4087 meum,
1439 4020 1685 4077 Domine
1739 4025 1888 4077 Deus

240 4102 457 4158 salutis
485 4120 645 4160 meae.
677 4126 705 4154 »
736 4105 1113 4161 Manifestum
1143 4113 1249 4176 est,
1283 4108 1527 4164 Domine
1556 4110 1717 4177 Jesu,
1750 4110 1888 4183 quia

238 4191 493 4247 intendit
520 4193 580 4247 in
610 4198 666 4248 te
696 4192 864 4249 Pater
893 4197 1187 4251 suscitans
1232 4201 1289 4251 te
1338 4215 1373 4252 a
1420 4199 1669 4253 mortuis
1716 4199 1883 4254 tertia

236 4280 354 4347 die,
387 4285 444 4336 et
474 4279 764 4337 collocans
795 4284 866 4338 ad
900 4282 1194 4340 dexteram
1227 4303 1394 4341 suam
1443 4286 1501 4341 in
1550 4286 1886 4343 cmlestibus

236 4386 419 4440 super
465 4386 698 4425 omnem
752 4372 1143 4444 principatum
1192 4381 1248 4430 et
1295 4381 1683 4447 potestatem;
1736 4378 1885 4432 dans

235 4457 346 4512 tibi
395 4474 608 4514 nomen
661 4460 818 4530 quod
865 4467 956 4516 est
1002 4479 1183 4533 supra
1228 4481 1400 4520 omne
1448 4482 1681 4522 nomen.
1734 4467 1882 4539 Ergo

2005 3306 2239 3360 fuerunt
2289 3304 2453 3376 digni
2508 3305 2711 3361 audire
2757 3306 2933 3361 verba
2980 3306 3262 3378 mysterii,
3296 3313 3362 3361 ut
3405 3308 3486 3363 ait
3514 3325 3646 3379 pro-

2001 3393 2176 3465 pheta
2208 3411 2221 3449 :
2256 3399 2352 3450 Va:
2380 3393 2539 3463 mihi,
2572 3396 2704 3466 quia
2736 3397 2885 3450 tacut
2916 3395 3044 3467 (lsa.
3075 3412 3155 3461 v1,
3185 3396 3262 3466 5).
3296 3395 3399 3451 Vel
3448 3396 3593 3452 illud
3629 3416 3643 3452 :

2000 3482 2291 3539 Adhaerere
2337 3485 2543 3553 faciam
2589 3483 2840 3554 linguam
2900 3492 3056 3539 tuam
3108 3484 3298 3553 palato
3353 3489 3466 3553 tuo,
3516 3487 3648 3558 quia

2000 3572 2266 3627 Dominus
2303 3588 2637 3644 exasperatis
2666 3581 2747 3628 est
2777 3573 2992 3641 (Ewch.
3026 3590 3111 3640 III,
3141 3572 3252 3645 26).

2073 3682 2099 3710 ‹‹
2132 3660 2504 3716 Conculcavit
2532 3677 2631 3716 cor
2662 3678 2859 3717 meum
2891 3662 3045 3717 intra
3075 3678 3186 3717 me.
3222 3683 3251 3711 ››
3281 3661 3429 3719 Dicit
3457 3663 3648 3719 Eccle-

1999 3747 2105 3803 sia.
2154 3757 2198 3801 Α
2245 3749 2647 3805 recordatione
2696 3750 3041 3807 delictorum
3093 3751 3375 3823 priorum.
3429 3773 3457 3803 ι(
3487 3753 3556 3808 Et
3583 3752 3644 3808 in

2001 3836 2375 3894 meditatione
2406 3855 2536 3894 mea
2564 3840 2903 3895 exardescet
2933 3840 3111 3913 ignis.
3148 3863 3175 3891 ››
3222 3840 3392 3910 Quid,
3424 3841 3642 3913 inquis,

1998 3926 2425 3982 meditabaris?
2476 3925 2622 3983 Illud
2676 3945 2906 4001 nempe,
2940 3928 3192 4000 qualiter
3239 3929 3434 4002 ignem
3474 3929 3642 3985 illum

1998 4014 2247 4086 reperire
2277 4016 2525 4088 possim,
2558 4017 2658 4088 qui
2699 4024 2937 4089 peccata
2965 4024 3353 4084 consumeret,
3386 4023 3641 4073 mentem

1996 4101 2378 4171 illuminaret,
2409 4104 2511 4176 qui
2542 4111 2632 4161 est
2662 4105 2917 4177 Spiritus
2949 4111 3207 4176 sanctus,
3242 4107 3313 4161 de
3343 4122 3457 4176 quo
3488 4106 3644 4162 Cleo-

1993 4190 2142 4261 phas
2190 4196 2247 4247 et
2293 4193 2394 4264 qui
2443 4210 2578 4248 cum
2627 4210 2693 4248 eo
2738 4198 2922 4265 erant,
2958 4194 3275 4249 dicebant:
3327 4197 3524 4250 Nonne
3551 4212 3642 4252 cor

1994 4289 2244 4336 nostrum
2272 4282 2473 4336 ardens
2502 4291 2619 4337 erat
2648 4285 2711 4337 in
2738 4285 2914 4349 nobis,
2941 4298 3067 4337 cum
3095 4284 3406 4355 loqueretur
3434 4286 3494 4340 in
3522 4288 3637 4358 via,

1992 4373 2043 4424 et
2070 4370 2307 4440 aperiret
2337 4370 2491 4425 nobis
2518 4371 2838 4441 Scripturas
2882 4370 3032 4439 (Luc.
3066 4390 3220 4438 xxiv,
3252 4373 3343 4445 32)
3365 4373 3393 4428 ?

2064 4480 2093 4507 «
2127 4459 2381 4514 Locutus
2411 4476 2544 4513 sum
2574 4459 2632 4512 in
2672 4458 2872 4530 lingua
2904 4476 3053 4516 mea.
3086 4481 3112 4512 ι)
3173 4461 3290 4518 Hoc
3338 4467 3446 4529 est,
3483 4480 3636 4534 prae-

237 4546 382 4618 quia
410 4563 612 4619 graves
641 4554 779 4603 sunt
808 4565 1012 4621 pugnae
1044 4551 1257 4618 carnis,
1286 4555 1658 4623 tu,,nomine,
1692 4555 1881 4611 inten-
1915 4568 1963 4632 Β
1995 4545 2179 4601 dicavi
2210 4547 2485 4602 omnibus
2528 4547 2892 4615 hominibus,
2926 4554 2992 4604 ut
3041 4549 3184 4605 illud
3222 4568 3235 4604 :
3292 4550 3354 4605 Si
3381 4568 3494 4605 non
3540 4570 3640 4606 an-

236 4635 313 4691 de
343 4635 401 4689 in
434 4636 789 4707 adjutorium
824 4644 1114 4706 nostrum,
1146 4643 1203 4695 et
1249 4645 1373 4697 esto
1421 4643 1590 4699 nobis
1630 4642 1789 4700 salus
1821 4645 1879 4700 in

235 4728 500 4795 tempore
541 4724 956 4782 tribulationis.

724 4832 1060 4889 PSALMUS
1098 4834 1392 4893 XXXVIII.

233 4922 326 5003 In.
359 4919 535 5003 ﬁnem
575 4938 678 4991 pro
734 4923 954 5003 Idittmn
1016 4927 1313 5003 Canticum
1366 4929 1557 5003 David.
1620 4931 1879 5003 Iditbun,

305 4993 631 5073 transiliens
650 5010 758 5073 eos,
781 4994 1217 5073 interpretatur.
1244 4998 1359 5055 Iste
1377 5000 1643 5071 psalmus
1665 4993 1882 5073 patien;

306 5063 450 5117 tiam
475 5064 749 5141 do‘cet,_ut
777 5063 1077 5141 refrenans
1098 5067 1275 5125 homo
1301 5063 1592 5141 ossuum,
1617 5063 1883 5131 observet

306 5150 503 5213 neper
528 5136 854 5215 fatuitatem
877 5140 1187 5215 verborum
1210 5140 1431 5215 incidat
1459 5143 1518 5197 in
1542 5136 1838 5215 peccatum
1864 5163 1876 5203 :

305 5205 448 5276 quia
479 5205 588 5260 scit
617 5208 900 5278 prepheta
928 5210 1102 5265 etiam
1136 5212 1207 5266 de
1238 5213 1430 5269 verbis
1470 5205 1673 5271 otiosis
1704 5219 1877 5272 ratio-

302 5291 440 5331 nem
472 5293 601 5332 esse
632 5280 1014 5336 reddendam.
1051 5286 1222 5337 Docet
1252 5284 1425 5339 etiam
1458 5292 1523 5340 ut
1553 5303 1621 5342 ea
1650 5288 1879 5343 thesau-

303 5347 557 5428 rizemus
587 5348 648 5403 in
678 5350 908 5418 saeculo,
936 5369 1065 5422 quae
1086 5354 1158 5408 ad
1189 5355 1516 5425 profectum
1548 5360 1882 5429 pertineant

301 5435 657 5474 animarum.

303 5528 331 5555 ‹‹
367 5506 511 5572 Dixi,
536 5508 862 5567 custodiam
887 5510 1041 5565 viam
1073 5529 1233 5569 meas
1258 5530 1270 5568 :
1304 5520 1369 5571 ut
1399 5533 1512 5572 non
1536 5517 1875 5591 delinquant

223 5595 290 5651 in
321 5594 527 5667 lingua
558 5614 704 5653 mea.
742 5622 763 5650 ι
820 5598 942 5653 Νοιι
979 5598 1147 5656 aliter
1174 5601 1294 5660 scio
1324 5606 1458 5662 vitae
1489 5622 1628 5663 meae
1675 5615 1875 5666 custo-

1995 4637 2333 4692 nuntiaveris
2361 4637 2552 4708 iniquo
2582 4638 2933 4708 iniquitatem
2959 4655 3143 4707 suam,
3176 4640 3497 4710 sanguinem
3523 4640 3642 4710 ejus

1990 4725 2058 4780 de
2100 4742 2274 4780 manu
2322 4728 2422 4780 tua
2471 4729 2755 4797 requiram
2805 4726 3032 4797 (Exeo/2.
3080 4746 3164 4797 ιιι,
3200 4729 3309 4799 18).
3363 4751 3391 4779 ‹‹
3425 4729 3639 4785 Notum

1995 4816 2083 4868 fac
2114 4814 2280 4885 mihi,
2313 4814 2577 4882 Domine,
2612 4817 2788 4871 finem
2832 4833 3053 4885 meum,
3086 4823 3144 4873 et
3172 4834 3485 4873 numerum
3517 4818 3638 4873 die-

1994 4920 2124 4959 rum
2164 4919 2428 4959 meorum
2478 4904 2611 4975 quis
2664 4909 2770 4959 est.
2806 4926 2834 4954 »
2885 4906 3011 4962 Non
3059 4906 3234 4962 istius
3280 4907 3409 4962 vitae
3458 4908 3635 4963 ﬁnem

1991 4992 2198 5062 quaerit
2219 4992 2330 5047 sibi
2358 4997 2563 5047 notum
2585 4992 2710 5048 fieri
2742 4994 3025 5066 propheta
3052 5011 3064 5050 :
3097 4997 3196 5051 sed
3220 4994 3388 5050 illum
3412 4996 3470 5051 in
3495 5013 3632 5069 quo,

1989 5081 2284 5136 cvacuatis
2312 5082 2702 5153 potestatibus
2737 5099 2803 5137 ac
2833 5083 3134 5140 destructa
3165 5090 3371 5150 morte,
3404 5086 3632 5141 Christo

1980 5168 2270 5239 jungatur
2299 5172 2398 5240 qui
2430 5174 2520 5225 est
2549 5170 2684 5225 ﬁnis
2716 5170 2883 5242 legis.
2910 5172 3108 5244 Neque
3135 5173 3381 5229 istorum
3403 5173 3632 5231 dierum

1989 5274 2301 5311 numerum
2347 5258 2472 5313 vult
2519 5258 2687 5325 scire,
2720 5260 2820 5315 sed
2870 5259 3106 5317 illorum
3145 5263 3216 5318 de
3246 5263 3462 5334 quibus
3492 5264 3633 5319 dicit

1988 5344 2316 5401 Dominus:
2368 5346 2523 5418 Apud
2570 5350 2791 5403 Patrem
2836 5366 3017 5406 meum
3070 5354 3383 5407 mansiones
3438 5354 3632 5409 multa:

1986 5442 2113 5488 sunt
2143 5435 2320 5504 (Joan.
2352 5451 2467 5502 χιιι,
2499 5436 2573 5506 2).
2614 5456 2635 5483 α
2670 5440 2737 5491 Et
2766 5454 3076 5494 numerum
3108 5440 3334 5496 dierum
3367 5458 3629 5497 meorum

1988 5524 2119 5594 quis
2151 5529 2258 5578 est.
2293 5523 2410 5579 Hoc
2439 5528 2549 5590 est,
2585 5542 2866 5582 numerus
2896 5527 3021 5584 sine
3053 5546 3316 5601 numero,
3348 5530 3472 5586 dies
3502 5530 3630 5585 sine

1986 5612 2101 5683 die,
2129 5618 2395 5684 tempora
2424 5613 2552 5670 sine
2580 5618 2860 5687 tempore.
2895 5640 2924 5668 «
2959 5617 3099 5683 Quis
3125 5627 3231 5675 est.
3268 5641 3297 5670 »
3337 5619 3445 5685 Qui
3475 5635 3628 5675 sem-
