3964 6190
388 328 540 389 .999

1913 319 2335 381 APPENDIX'

3599 330 3701 392 uno

424 478 525 532 per
554 463 642 516 est
695 479 719 506 κ
750 458 823 515 Ut
851 458 1032 513 sciam
1074 456 1216 527 quid
1250 455 1403 510 desit
1435 454 1601 510 mihi.
1634 475 1667 506 ι
1720 455 1833 508 [loc
1862 458 1971 521 est,
2004 456 2070 507 ut
2098 456 2149 518 Α
2182 457 2371 524 potens
2398 469 2521 507 sum
2562 453 2635 519 (II
2667 452 2793 507 Cor.
2830 468 2929 518 xu,
2964 454 3072 523 10).
3135 472 3163 503 «ι
3191 453 3273 508 Ab
3319 453 3707 527 increpationibus

426 565 517 604 me
573 548 752 604 facias
808 545 1132 616 intelligere
1191 543 1388 600 omnia
1444 544 1617 609 bona,
1654 547 1713 597 ut
1764 559 1896 597 cum
1946 542 2068 595 haec

424 642 562 694 nota
590 636 869 703 habuero,
903 633 1084 689 sciam
1116 632 1256 705 quid
1280 632 1471 687 adhuc
1492 632 1551 686 in
1585 630 1793 686 saeculo
1824 632 2067 702 degente

424 728 576 783 desit
605 726 678 781 ad
711 723 964 796 palmam
998 721 1379 777 beatitudinis
1409 721 1900 791 consequendam.
1938 720 2067 775 Per-

426 818 609 872 fectus
656 813 813 869 enim
864 816 988 867 erat
1036 809 1251 866 Paulus
1299 811 1399 882 qui
1456 810 1729 865 dicebat:
1784 809 2069 865 Certamen

428 906 626 961 bonum
680 901 885 957 certavi
917 918 936 952 :
981 917 1201 955 cursum
1256 900 1648 955 consummavi.
1680 900 1837 954 Nunc
1881 907 2067 952 autem

425 994 568 1049 deest
616 992 756 1046 mihi
796 1005 998 1046 corona
1020 989 1278 1060 justitiae,
1308 1006 1474 1060 quam
1502 989 1768 1043 Dominus
1799 988 2067 1042 retribuet

420 1083 566 1136 mihi
608 1081 680 1152 (II
708 1081 840 1135 Tim.
874 1096 950 1148 1v,
979 1080 1036 1146 7,
1068 1078 1145 1148 8).
1197 1078 1358 1140 Quod
1408 1081 1601 1131 autem
1653 1094 1767 1132 non
1819 1076 1889 1131 de
1942 1075 2065 1130 suis

419 1170 628 1225 diebus
658 1168 781 1223 haec
810 1167 1105 1238 loquatur,
1138 1164 1443 1236 sequentia
1480 1166 1707 1219 docent.

494 1281 521 1307 ‹‹
554 1258 697 1312 Ecce
730 1253 1159 1311 mensurabiles
1190 1254 1439 1324 posuisti
1470 1253 1595 1307 dies
1635 1269 1815 1307 meos.
1846 1253 2063 1307 Secun~

422 1348 565 1402 dum
595 1350 843 1401 veterem
872 1344 1172 1398 hominem
1199 1358 1387 1412 usque
1419 1358 1573 1396 nunc
1605 1342 1873 1397 fuerunt:
1911 1358 2067 1396 nunc

423 1452 636 1490 novum
694 1433 982 1498 desidero,
1024 1430 1193 1485 illum
1252 1447 1425 1500 quem
1476 1430 1768 1484 Abraham
1822 1430 1960 1484 vidit
2013 1437 2067 1484 et

419 1526 641 1595 gavisus
702 1526 783 1578 est
828 1523 1005 1590 (Joan.
1038 1536 1161 1583 vui,
1193 1519 1304 1588 36).
1351 1518 1412 1572 In
1448 1535 1561 1588 quo
1592 1518 1730 1573 alibi
1759 1518 2067 1574 hortamur

422 1612 625 1683 laetari,
652 1612 711 1666 in
743 1626 856 1678 quo
877 1614 1030 1663 Deus
1054 1606 1337 1662 Dominus
1365 1606 1558 1660 illuxit
1587 1606 1777 1661 nobis.
1809 1606 1916 1669 Qui
1948 1623 2062 1661 non

423 1718 458 1755 a
504 1700 646 1765 sole,
692 1714 880 1768 neque
931 1714 964 1751 a
1019 1697 1159 1750 luna
1209 1694 1657 1762 illuminabitur,
1700 1695 1799 1750 sed
1831 1695 1903 1750 ab
1938 1695 2064 1767 ipso

424 1788 666 1844 Domino
687 1790 967 1858 perpetua
986 1784 1113 1839 luce
1138 1782 1403 1852 refulget.
1436 1802 1463 1833 η
1490 1784 1560 1839 Et
1579 1784 1910 1839 substantia
1935 1800 2065 1839 mea

421 1881 703 1949 tanquam
725 1874 976 1930 nihilum
999 1877 1130 1928 ante
1153 1879 1229 1928 te.
1250 1896 1276 1921 ››
1299 1872 1636 1944 Suscipiens
1657 1872 1849 1929 altiori
1872 1878 2065 1928 mente

422 1965 744 2021 claritatem
775 1967 938 2019 tuam
973 1979 987 2018 :
1038 1979 1140 2034 pro
1172 1961 1356 2017 nihilo
1379 1961 1640 2033 judicavi
1671 1962 2063 2017 substantiam

422 2069 636 2111 meam.

495 2167 524 2195 «
555 2143 973 2199 Verumtamen
1021 2140 1293 2197 universa
1343 2141 1590 2208 vanitas,
1640 2140 1832 2197 omnis
1888 2140 2063 2196 homo

420 2234 641 2291 vivens.
676 2256 705 2284 »
738 2232 799 2289 Si
829 2235 1097 2305 peccator
1126 2236 1234 2298 est,
1259 2234 1314 2285 et
1343 2230 1401 2284 in
1435 2230 1658 2286 deliciis
1690 2230 1939 2300 ﬂuxerit,
1964 2247 2065 2285 va-

423 2323 591 2380 nitati
625 2321 913 2378 subsistit.
946 2321 1006 2375 Si
1046 2322 1267 2391 justus,
1302 2324 1359 2374 et
1396 2320 1689 2374 desiderat
1717 2318 1977 2385 dissolvi,
2010 2323 2067 2374 et

426 2429 560 2467 cum
608 2411 838 2465 Christo
884 2425 1035 2473 esse,
1084 2425 1232 2463 vana
1281 2412 1369 2463 cst
1414 2409 1464 2463 ei
1516 2407 1901 2463 nihilominus
1948 2408 2064 2462 vita

424 2516 701 2572 praesens.

495 2611 523 2636 ‹‹
555 2588 970 2643 Verumtamen
994 2587 1053 2642 in
1075 2586 1332 2659 imagine
1356 2585 1457 2641 Dei
1482 2588 1496 2621 ¹
1531 2587 1847 2657 pertransit
1866 2586 2060 2645 homo.

422 2677 524 2733 sed
555 2677 771 2732 frustra
801 2677 1205 2731 conturbatur.
1242 2698 1268 2724 n
1312 2674 1515 2730 Omnis
1545 2675 1720 2730 homo
1750 2677 1823 2731 ad
1855 2675 2061 2747 imagi-

422 2783 554 2822 nem
577 2765 678 2821 Dei
704 2765 893 2820 factus
913 2769 1019 2819 est.
1045 2765 1103 2819 Si
1126 2781 1263 2836 ergo
1286 2764 1342 2818 in
1365 2780 1433 2819 ea
1453 2762 1755 2818 ambulare
1774 2763 2061 2827 videatur,

422 2860 480 2909 et
508 2855 565 2910 in
599 2854 819 2927 rapinis
847 2859 1111 2909 versetur
1157 2859 1332 2925 atque
1381 2852 1893 2925 concupiscentiis,
1926 2869 2062 2909 con-

421 2945 693 3000 turbatur
718 2942 779 2998 in
820 2943 1065 2999 actione.

500 3059 521 3085 α
558 3032 958 3100 'l‘hezaurizat,
991 3036 1050 3088 et
1077 3031 1308 3105 ignorat
1349 3031 1443 3086 cui
1491 3031 1866 3103 congregahit
1912 3047 1997 3086 ea.
2030 3053 2059 3082 »

422 3125 587 3194 Saepe
642 3122 798 3179 enim
848 3121 1109 3193 plerique
1158 3120 1558 3175 thesaurizant
1608 3125 1664 3175 et
1710 3124 2064 3192 congregant

2178 546 2413 613 propter
2444 541 2817 612 iniquitatem
2849 540 3185 612 corripuisti
3215 541 3499 598 hominem.
3530 569 3552 593 »
3586 547 3711 603 Ιοριε-

2178 635 2349 702 patur
2377 632 2569 686 omnis
2601 630 2775 685 homo
2807 635 3043 702 propter
3075 630 3446 699 iniquitatem,
3469 649 3604 703 quem
3627 653 3711 707 per-

2176 720 2309 774 dere
2338 736 2453 775 non
2484 719 2607 773 vult
2639 719 2835 774 divina
2866 719 3166 789 majestas.
3202 720 3450 788 Flagetlat
3475 731 3615 778 autem
3636 742 3710 778 om-

2174 826 2298 864 nem
2326 807 2514 878 ﬁlium
2541 825 2704 880 quem
2735 810 2931 879 recipit
2968 810 3150 876 (Hebr.
3184 826 3283 873 xu.
3312 811 3383 879 6).

2245 920 2273 947 ‹‹
2306 898 2625 953 Tabescere
2650 897 2833 951 fecisti
2856 897 3008 952 sicut
3033 914 3306 952 araneam
3330 898 3551 954 animam
3568 902 3673 971 ejus.
3691 926 3708 949 η

2173 986 2439 1041 Tabescit
2471 988 2689 1051 anima,
2721 1003 2855 1041 cum
2904 1003 3035 1042 caro
3090 1004 3124 1041 a
3170 986 3404 1041 luxuriis
3442 992 3492 1042 et
3514 991 3706 1061 concupi-

2174 1075 2412 1131 scentiis
2443 1076 2786 1131 refrenatur.
2810 1080 2931 1131 Hoc
2952 1080 3042 1131 est
3065 1076 3377 1140 tabescere,
3400 1077 3709 1148 obstupescere

2173 1164 2243 1219 de
2272 1164 2661 1220 anterioribus
2707 1164 2953 1219 delictis.
2986 1164 3091 1219 Ille
3119 1181 3253 1219 vero
3284 1165 3379 1235 qui
3406 1182 3467 1219 ea
3498 1166 3592 1237 agit
3627 1183 3709 1236 qua

2175 1254 2486 1308 mundanae
2534 1255 2779 1309 vanitati
2832 1258 2972 1309 sunt
3019 1259 3179 1325 apta,
3213 1253 3354 1309 telas
3394 1255 3515 1309 texit
3538 1272 3709 1315 aranea.

2166 1343 2335 1411 juxta
2366 1343 2576 1398 Isaiam
2608 1343 2954 1415 prophetam
2986 1345 3115 1415 (Isa.
3152 1361 3263 1403 ωε.
3292 1345 3347 1413 5)
3379 1362 3391 1398 :
3438 1344 3526 1398 hoc
3551 1349 3631 1408 est,
3654 1346 3709 1397 die

2176 1436 2466 1503 noctuque
2516 1432 2571 1487 in
2625 1449 2797 1504 opere
2844 1449 2994 1488 vano
3043 1437 3233 1495 vacat,
3265 1437 3320 1486 et
3348 1448 3451 1487 non
3480 1431 3707 1497 utilia,sei

2174 1519 2547 1576 dissolubilia
2603 1528 2661 1577 et
2717 1521 3143 1593 corruptibilis,
3188 1526 3462 1592 operatur.
3491 1521 3581 1575 Sed
3625 1523 3710 1591 quia

2175 1609 2457 1680 propheta
2498 1609 2756 1665 animam
2805 1628 2909 1665 ceu
2956 1626 3232 1664 araneam
3278 1609 3544 1664 tabescere
3584 1609 3706 1662 dicit:

2174 1696 2281 1750 hoc
2330 1696 2778 1770 intelligendum
2810 1703 2918 1763 est,
2954 1703 3021 1752 ut
3070 1699 3145 1752 ad
3177 1702 3395 1752 tantam
3423 1696 3707 1751 subtilitatem

2174 1801 2274 1857 per
2303 1786 2719 1842 abstinentiam
2766 1789 3145 1858 decoquatur,
3181 1790 3247 1840 ut
3274 1786 3342 1841 ad
3370 1786 3532 1841 instar
3554 1783 3707 1839 tilorum

2173 1874 2408 1929 illorum
2441 1876 2768 1931 deducatur
2801 1894 2813 1932 :
2866 1876 3089 1932 scilicet
3122 1883 3188 1931 ut
3216 1875 3358 1930 nihil
3387 1874 3707 1939 crassum,du-

2174 1981 2421 2035 rumque
2478 1965 2697 2036 peccati
2758 1965 3078 2021 contineat.
3147 1988 3168 2013 α
3203 1964 3576 2020 Verumtamen
3618 1977 3707 2015 vane

2173 2054 2555 2108 conturbatur
2584 2055 2777 2114 omnis
2809 2054 3004 2109 homo.
3037 2076 3066 2104 »
3119 2053 3329 2110 Vivens
3358 2053 3411 2107 in
3451 2050 3706 2107 vanitatibus

2171 2141 2351 2213 hujus
2398 2142 2614 2197 saeculi.
2649 2143 2758 2198 Sed
2809 2147 2866 2198 et
2906 2143 3008 2214 qui
3040 2142 3101 2197 in
3133 2142 3250 2199 Deo
3278 2142 3430 2209 vivit,
3456 2157 3578 2195 vana
3597 2141 3707 2193 estet

2172 2229 2398 2285 inutilis
2428 2229 2550 2285 hzec
2582 2231 2883 2286 mundana
2913 2231 3304 2287 conturbatio.

2244 2343 2271 2369 «
2306 2320 2526 2375 Exaudi
2573 2321 2889 2376 orationem
2946 2336 3166 2387 meam,
3216 2308 3465 2385 Domine,
3494 2322 3541 2373 et
3575 2318 3704 2388 depre-

2173 2409 2460 2465 cationem
2485 2425 2672 2465 meam
2702 2427 2714 2464 :
2744 2410 2987 2465 auribus
3010 2412 3248 2481 percipe
3270 2408 3528 2481 lacrymas
3549 2422 3701 2461 meas.»

2174 2498 2279 2553 Pro
2309 2514 2374 2553 eo
2405 2500 2562 2569 quod
2607 2503 2722 2555 ate
2752 2498 3128 2571 percgrinor,
3161 2503 3218 2553 et
3247 2498 3562 2553 desiderium
3587 2495 3703 2548 habeo

2173 2586 2429 2652 dissolvi,
2461 2591 2517 2642 ct
2544 2588 2613 2643 ad
2646 2592 2703 2643 te
2733 2589 3005 2643 transire.

2250 2697 2277 2728 α
2304 2676 2383 2730 Ne
2428 2676 2620 2742 sileas,
2653 2677 2931 2747 quoniam
2983 2677 3211 2733 advena
3259 2681 3392 2732 sunt
3437 2674 3563 2746 apud
3598 2677 3650 2727 te.
3670 2674 3702 2721 et

2172 2764 2512 2836 peregrinus
2569 2765 2722 2819 sicut
2776 2781 2982 2821 omnes
3045 2772 3240 2838 patres
3296 2765 3419 2820 mei.
3460 2786 3484 2812 »
3533 2759 3702 2817 [ncolam

2172 2857 2345 2924 atque
2397 2853 2768 2925 peregrinum
2822 2869 2884 2909 se
2936 2853 3102 2921 dicit,
3137 2855 3288 2909 sicut
3326 2869 3508 2909 omnes
3545 2844 3702 2904 sancti:

2172 2942 2329 3014 quia,
2355 2933 2507 2997 sicut
2533 2946 2590 2997 et
2618 2940 2702 2996 illi
2733 2942 2875 2998 dum
2905 2947 3075 2998 erant
3105 2944 3163 2998 in
3196 2956 3439 3014 corpore,
3465 2935 3701 3012 peregrina-

2173 3037 2269 3087 tur
2296 3050 2330 3087 a
2360 3031 2625 3100 Domino,
2673 3054 2701 3081 ‹‹
2736 3030 2982 3087 Remitte
3016 3032 3167 3087 mihi
3201 3037 3263 3087 ut
3291 3031 3557 3100 refrigerer
3579 3022 3702 3095 prius-

2173 3137 2349 3191 quam
2381 3121 2608 3188 abeam,
2643 3125 2701 3175 et
2730 3120 2984 3191 amplius
3017 3138 3137 3177 non
3169 3138 3285 3177 ero.
3323 3142 3347 3167 ››
3394 3119 3493 3174 Hoc
3533 3112 3702 3169 remitte.

422 3193 632 3279 multa,
664 3228 790 3283 quae
821 3215 921 3265 aut
948 3210 1175 3265 desidia
1202 3209 1457 3265 filiorum
1496 3210 1720 3273 evertit,
1755 3214 1856 3264 aut
1886 3209 2062 3264 ﬁscus
2093 3193 2136 3258 (ἶ
2176 3209 2439 3277 Domine,
2469 3210 2519 3264 si
2550 3208 2690 3280 quid
2721 3208 2941 3280 deliqui
2970 3226 2982 3264 :
3019 3211 3165 3282 quia
3196 3210 3253 3264 in
3284 3210 3488 3264 inferno
3515 3200 3634 3258 nulla
3652 3200 3705 3251 est

425 3306 690 3373 occupat,
714 3304 815 3356 aut
837 3299 1123 3370 diripiunt
1149 3297 1342 3353 alieni.
1367 3302 1577 3353 Beatus
1607 3302 1806 3353 autem
1834 3297 1930 3353 ille
1953 3301 2059 3368 est,

422 3391 520 3462 qui
554 3390 631 3445 ibi
674 3388 1045 3453 thesaurizat,
1078 3389 1175 3443 ubi
1202 3389 1356 3457 fures
1382 3403 1493 3442 non
1521 3386 1805 3459 effodiunt,
1838 3403 1932 3441 nec
1969 3388 2060 3457 fu-

423 3489 623 3535 rantur
652 3479 864 3547 (Matlh.
896 3491 973 3544 Vl,
1002 3477 1115 3544 20),
1150 3476 1250 3531 ubi
1280 3476 1481 3531 audire
1513 3481 1806 3531 mereatur
1839 3492 1851 3529 :
1887 3476 2091 3544 Quan-‘

422 3568 521 3621 diu
585 3567 790 3637 fecistis
850 3567 956 3619 uni
1017 3581 1087 3619 ex
1145 3564 1395 3619 minimis
1458 3565 1598 3629 istis,
1654 3564 1798 3620 mihi
1858 3568 2064 3637 fecistis

424 3655 632 3725 (Matth.
663 3671 793 3720 xxv,
834 3654 943 3725 40).

503 3764 529 3794 α
559 3742 627 3797 Et
657 3757 811 3796 nunc
843 3758 971 3813 quis
1001 3745 1089 3796 est
1110 3740 1464 3812 exspectatio
1495 3758 1850 3813 mea,nonne
1872 3743 2064 3798 Domi-

423 3849 538 3888 nus
557 3831 584 3886 ?
613 3835 672 3887 et
700 3830 1033 3886 substantia
1062 3846 1193 3884 mea
1222 3831 1373 3900 apud
1407 3834 1464 3885 te
1494 3834 1601 3885 est.
1627 3854 1656 3880 »
1688 3830 1924 3887 Relictis
1946 3849 2063 3887 om-

424 3920 620 3991 nibus,
672 3925 749 3986 te,
800 3919 1067 3989 Domine,
1119 3918 1514 3990 praestolabor,
1548 3917 1687 3990 quia
1733 3920 2066 3976 substantia

419 4010 548 4065 vitae
580 4009 751 4065 istius
782 4025 897 4064 non
931 4010 1304 4080 comparatur
1333 4006 1404 4061 ad
1433 4005 1597 4061 illam
1639 4007 2060 4064 beatitudinem

422 4099 860 4171 sempiternam.

499 4212 521 4238 ci
553 4190 638 4243 Ab
660 4188 934 4257 omnibus
953 4186 1367 4259 iniquitatibus
1393 4185 1540 4241 meis
1562 4201 1699 4242 erue
1720 4203 1832 4242 me.
1855 4209 1884 4236 »
1920 4187 2063 4242 Prte-

417 4276 628 4344 teritis,
661 4277 1045 4349 praesentibus
1073 4279 1130 4331 et
1158 4275 1388 4331 futuris.
1438 4297 1465 4324 ‹‹
1498 4274 1888 4347 Opprobrium
1919 4277 2061 4332 insi-

421 4366 600 4437 pienti
631 4366 844 4421 dedisti
875 4382 990 4421 me.
1016 4388 1043 4414 »
1076 4365 1227 4420 Dum
1259 4368 1527 4435 peccator
1556 4364 1658 4433 fui,
1683 4366 2060 4437 opprobrium

418 4454 610 4510 factus
641 4471 773 4510 sum
804 4454 1105 4526 insipienti
1135 4452 1385 4519 diabolo,
1410 4453 1508 4525 qui
1538 4457 1628 4509 est
1655 4454 1919 4509 omnium
1951 4455 2061 4510 cri-

419 4544 646 4599 minum
679 4548 737 4600 et
766 4544 1032 4600 incentor
1061 4546 1119 4598 et
1148 4546 1468 4598 accusator.
1503 4542 1636 4597 Ideo
1681 4544 1917 4613 purgari
1963 4560 2062 4599 cu-
2098 4557 2142 4620 1)
2176 4540 2341 4595 mihi.
2395 4564 2423 4590 ‹‹
2460 4541 2566 4596 Per
2608 4540 2979 4613 splendorem
3010 4539 3455 4612 Evangeliorum,
3483 4531 3531 4584 in
3555 4538 3612 4595 qu

417 4633 514 4705 pio
535 4633 595 4687 in
623 4632 733 4688 hoc
754 4630 985 4702 saeculo,
1008 4645 1081 4685 ne
1110 4628 1207 4684 ille
1232 4645 1323 4684 me
1344 4632 1581 4684 accuset
1609 4628 1666 4682 in
1692 4629 1917 4699 judicio
1941 4633 2063 4685 tuo.

490 4743 520 4771 ‹‹
552 4719 833 4777 Obmutui
864 4722 922 4774 et
951 4734 1067 4774 non
1100 4716 1301 4789 aperui
1331 4732 1396 4771 os
1438 4731 1656 4783 meum,
1691 4716 1967 4787 quoniam
1998 4720 2062 4771 tu

420 4810 627 4867 fecisti.
662 4832 691 4861 »
740 4810 885 4866 Cum
936 4823 1031 4863 me
1075 4804 1371 4875 conviciis,
1405 4803 1747 4869 iracundiis,
1778 4821 1845 4859 ac
1876 4805 2062 4860 diver—

421 4900 504 4955 sis
524 4897 897 4972 improperiis
920 4895 1233 4953 lacesseret
1256 4911 1269 4948 :
1293 4892 1557 4965 cogitans
1578 4909 1671 4948 me
1692 4898 1801 4948 ate
1822 4894 2062 4963 factum,

422 4987 568 5043 nihil
597 4989 669 5044 ad
703 5005 771 5044 ea
799 5004 928 5059 quas
958 4983 1378 5049 inferebantur,
1412 4981 1684 5052 respondi
1718 4998 1731 5037 :
1788 5003 1818 5031 «
1848 4987 2065 5039 Amove

424 5092 459 5130 a
504 5093 596 5131 me
626 5076 829 5149 plagas
861 5081 1013 5130 tuas.
1049 5095 1076 5123 ι)
1129 5071 1277 5136 Quia
1309 5086 1402 5125 me
1431 5070 1618 5125 sentio
1666 5072 2059 5126 emendatum.

496 5185 526 5213 «
557 5166 603 5220 A
634 5165 975 5220 fortitudine
1005 5178 1218 5218 manus
1251 5166 1361 5215 tuas
1392 5174 1497 5231 ego
1527 5158 1730 5214 defeci.
1760 5181 1788 5210 »
1833 5162 2062 5215 Incum-

424 5254 595 5309 bente
643 5271 822 5309 manu
868 5252 1158 5317 vindictae,
1189 5250 1375 5303 virtus
1420 5246 1613 5303 delicti
1652 5248 1881 5317 defecit,
1915 5250 2066 5304 sicut

421 5340 641 5398 Paulus
690 5341 989 5414 apostolus
1036 5340 1163 5396 ait:
1216 5338 1350 5393 Cum
1399 5341 1585 5392 autem
1632 5339 1904 5408 inﬁrmor,
1938 5343 2066 5393 tunc

494 5467 509 5500 ¹
542 5465 665 5523 Vox
710 5468 810 5522 Dei
855 5482 960 5521 nec
1006 5466 1065 5520 in
1108 5461 1345 5519 Hebraeo
1378 5464 1468 5517 est
1498 5464 1677 5525 textu,
1711 5478 1814 5517 nec
1847 5464 2060 5529 Graeco,

421 5553 526 5594 nec
572 5539 811 5595 demum
863 5537 923 5593 in
973 5537 1106 5606 Lat.
1140 5533 1293 5606 apud
1326 5531 1385 5588 S.
1419 5539 1666 5606 August.
1699 5532 1946 5606 legitur;
1998 5552 2064 5590 ac

419 5609 648 5666 videtur
692 5609 930 5682 quidem
980 5624 1049 5663 ex
1096 5603 1196 5660 his
1234 5603 1673 5659 commentariis
1722 5603 1917 5676 ipsave
1944 5614 2063 5661 Au-

2171 3298 2438 3353 remissio
2472 3315 2485 3353 :
2546 3297 2686 3369 quia
2731 3315 2835 3353 nec
2882 3299 3178 3355 confessio
3230 3297 3392 3353 valet.
3421 3293 3512 3359 Qui
3552 3305 3629 3345 nos
3660 3284 3703 3338 ab

2170 3387 2350 3457 hujus
2380 3387 2576 3443 seculi
2603 3391 2830 3459 ereptos
2863 3389 3351 3460 peregrinatione,
3382 3386 3537 3439 facere
3572 3379 3705 3445 digne-

2170 3476 2250 3531 ris
2300 3476 2451 3531 cives
2500 3479 2837 3531 sanctorum
2889 3479 2946 3530 et
2987 3476 3339 3532 domesticos
3374 3471 3463 3528 Dei
3489 3465 3643 3525 Patris,
3665 3464 3703 3513 ut

2169 3565 2434 3620 aediﬁcati
2465 3581 2641 3636 super
2668 3564 3083 3620 firmissimum
3112 3565 3522 3620 fundamentum
3550 3555 3593 3608 in
3614 3557 3703 3644 tem:

2173 3652 2334 3725 plum
2366 3656 2658 3719 sanctum,
2689 3652 2839 3708 efﬁci
2872 3670 3209 3710 mereamur
3233 3650 3528 3707 conformes
3551 3650 3702 3709 carpo!l

2171 3741 2363 3815 glorias
2407 3746 2538 3798 tuae.
2573 3743 2779 3797 Amen.

2683 3847 3019 3904 PSALMUS
3058 3848 3294 3905 xxxrx.
3653 3918 3677 3928 η

2172 3940 2235 3993 In.
2264 3938 2451 4008 ﬁnem,
2481 3937 2735 4009 Psalmus
2762 3937 2953 3992 David.
3007 3937 3113 3993 Hic
3167 3937 3416 4009 psalmus
3458 3932 3505 4009 in
3544 3920 3699 4009 exordio

2242 3995 2448 4089 Ῠοοεηί
2497 4008 2672 4089 habet
2718 4009 2918 4089 Populi
2973 3995 3355 4089 Gigantibus
3394 3995 3700 4089 ieftf‘fii‘t

2242 4086 2362 4135 tem
2391 4081 2596 4147 vocati,
2637 4075 2774 4136 inde
2798 4075 2991 4152 ipsius
3023 4075 3352 4137 MEdiatoris
3378 4075 3442 4132 ad
3468 4076 3658 4127 Patrem.

2245 4207 2273 4236 ‹‹
2310 4187 2666 4258 Exspectans
2697 4186 3026 4258 exspectavi
3055 4187 3382 4243 Dominum.
3406 4201 3429 4227 ιι
3462 4179 3513 4234 In
3538 4179 3703 4263 protlli?

2175 4274 2442 4331 sionibus
2475 4275 2912 4346 prepbetarum,
2944 4275 3005 4329 in
3038 4269 3252 4347 quibus
3281 4287 3367 4327 me
3404 4258 3699 4353 illuminavit]

2172 4363 2310 4432 quia
2359 4362 2712 4434 praevidebat
2758 4363 3050 4436 Propheta
3077 4364 3362 4418 Christum
3392 4372 3482 4428 per
3503 4348 3699 4436 Spiritu?

2173 4455 2447 4507 sanctum
2478 4456 2790 4508 venturum
2838 4469 2967 4508 esse
3023 4454 3084 4508 in
3137 4467 3321 4507 carne.
3382 4469 3402 4496 α
3434 4444 3492 4499 Et
3531 4427 3700 4492 intendit

2176 4540 2317 4570 ,ηειες
2397 4564 2423 4570 ..
2460 4541 2566 4570 θη..
2609 4540 2976 4570 -..1,...Αηηηη
3010 4539 3434 4570 ιπ..-....,.ι;η..ηπτ
3483 4531 3529 4570 in
3555 4517 3699 4570 auibus

3617 4529 3681 4571 lDll

2177 4645 2269 4684 me
2307 4628 2680 4685 illuminavit.
3539 4702 3550 4706 ,
3600 4696 3625 4706 ..

2252 4739 2277 4768 α
2305 4718 2376 4772 Et
2405 4718 2700 4773 exaudivit
2729 4735 2931 4791 preces
2962 4736 3146 4776 meas.
3184 4741 3211 4767 »
3256 4714 3391 4780 Ουία
3416 4692 3699 4794 ΡΓοΡδῗξίδξ

2174 4806 2521 4879 patriarchis
2551 4823 2612 4862 se
2640 4783 2887 4879 abdidit,
2910 4809 3064 4865 sicut
3084 4809 3208 4881 ipse
3228 4797 3557 4879 postmodum
3574 4783 3695 4871 dixit:

2176 4897 2315 4964 Quia
2343 4896 2509 4951 multi
2530 4897 2814 4967 praphetze
2844 4906 2897 4953 et
2914 4900 3061 4971 justi
3078 4880 3357 4970 cupierunt
3381 4886 3533 4945 videre

2172 4962 2329 5052 detis,
2361 4989 2413 5039 et
2463 4962 2575 5039 nan
2628 4962 2886 5041 viderunt
2914 4962 3089 5058 '(Luc.
3134 4962 3189 5055 ir,
3219 4983 3325 5053 24).
3373 4977 3481 5047 Ῑρθθ
3518 4962 3625 5058 "libi

2173 5045 2327 5129 Novo
2358 5073 2731 5129 Testamento
2764 5045 3031 5149 refulget.
3078 5098 3106 5124 «
3137 5045 3205 5129 Et
3231 5045 3408 5127 eduxit
3437 5074 3513 5117 me
3537 5054 3590 5106 de
3613 5045 3694 5149 lati}

2175 5161 2442 5232 miseriae,
2476 5165 2532 5217 et
2559 5162 2629 5217 dc
2660 5161 2784 5220 luto
2828 5140 3004 5220 faecis.
3038 5186 3066 5215 »
3118 5165 3179 5217 In
3230 5157 3425 5232 quibus
3467 5140 3694 5232 ἱωφθνείξξ

2175 5266 2354 5316 eram,
2387 5266 2522 5305 cum
2569 5251 2883 5309 simulacra
2932 5258 3095 5308 muta
3141 5251 3438 5306 adorarem.
3470 5230 3581 5325 γεῆι.
3608 5215 3693 5325 “ﬂe

2173 5338 2294 5393 luto
2327 5313 2519 5406 faecis;
2556 5360 2583 5387 »
2633 5339 2774 5409 quia
2803 5340 3156 5397 adhmseram
3196 5330 3418 5391 terrenis
3454 5313 3689 5377 desideﬂlﬁ

2176 5461 2396 5534 gustini
2427 5462 2901 5537 interpretatione
2931 5462 3231 5537 irrepsisse
3267 5459 3319 5512 in
3346 5449 3627 5507 Romanums
3648 5428 3687 5477 υί

2174 5533 2401 5602 vocant,
2435 5533 2776 5590 Psalterium
2790 5577 2803 5592 .
