3964 6190
148 346 301 408 1001

1312 326 1813 410 summatum
1857 347 1936 407 1N
1983 348 2366 411 PSALMOS.

3412 359 3562 419 1002

216 499 246 528 ‹‹
285 475 501 531 Statuit
524 491 701 548 supra
732 481 955 549 petram
985 478 1162 548 pedes
1188 492 1376 533 meos.
1402 500 1427 525 ››
1457 501 1477 527 α
1511 481 1696 550 Supra
1717 494 1809 550 pe—
1837 477 1892 543 Α
1920 482 1971 532 et
1998 480 2139 533 Deus
2168 488 2287 535 erat
2318 480 2550 535 Verbum
2597 482 2774 549 (Joan.
2808 497 2847 548 ι,
2885 483 2956 553 1).
2992 506 3017 532 ‹‹
3050 484 3212 540 Tunc
3245 453 3389 554 dixi,
3420 487 3566 543 Ecce

138 572 292 622 tram
320 583 332 620 :
365 587 391 615 ιι
428 564 538 620 hoc
576 570 667 620 est
703 582 880 637 super
918 565 1237 622 Christum.
1274 589 1301 615 «
1334 567 1516 622 Pedes
1549 583 1728 621 meos.
1768 589 1793 616 ››

140 671 353 711 sensus
410 669 572 709 meos
606 672 619 709 :
653 656 719 709 ut
747 652 928 709 illud:
963 658 1124 710 Petra
1171 664 1350 710 autem
1398 660 1516 710 erat
1548 656 1798 711 Christus

141 743 186 815 (l
215 743 336 799 Cor.
360 759 415 811 x,
450 743 524 814 4).
555 742 617 796 In
653 747 727 807 te,
762 742 863 814 qui
903 747 992 797 est
1022 742 1248 799 stabilis
1278 748 1461 816 petra,
1495 744 1799 799 conﬁrma-

138 830 223 885 vit
272 848 396 887 me:
449 847 520 886 ne
551 831 623 886 ab
673 830 851 902 hujus
882 831 1075 886 szeculi
1108 836 1374 887 nutarem
1414 831 1791 904 impulsibus.

145 943 165 968 ι
215 920 283 975 Et
311 919 521 976 direxit
558 935 797 991 gressus
842 936 1020 975 meos.
1057 942 1085 969 »
1133 925 1214 976 Ne
1259 921 1328 975 ad
1370 936 1505 975 eum
1535 919 1791 988 veniens,

142 1013 283 1080 post
339 1014 570 1081 tergum
644 1007 1028 1080 respicerem.
1080 1032 1107 1059 «
1168 1010 1238 1064 Et
1294 1008 1504 1064 direxit
1557 1026 1796 1081 gressus

141 1114 341 1163 meos;
373 1120 402 1146 ››
434 1097 490 1151 id
524 1101 635 1167 est,
655 1113 863 1152 sensus
894 1097 1185 1152 bonorum
1219 1114 1497 1170 operum:
1531 1096 1796 1153 Ecclesiae

142 1185 346 1258 dirigit
371 1202 386 1241 :
431 1185 570 1257 quia
600 1186 1009 1259 unusquisque
1038 1203 1139 1259 per
1168 1203 1229 1241 se
1259 1191 1558 1242 tortuosus
1587 1190 1693 1242 est.

211 1295 241 1324 ‹‹
281 1275 351 1328 Et
404 1273 654 1328 immisit
700 1274 757 1328 in
810 1291 875 1329 os
921 1291 1117 1330 meum
1168 1275 1462 1331 canticum
1493 1292 1730 1330 novum.
1764 1296 1791 1325 ››

135 1362 396 1418 Laudem
429 1362 630 1433 utique
660 1379 829 1418 suam
864 1380 876 1417 :
931 1364 1069 1434 quia
1099 1381 1282 1419 novus
1328 1363 1502 1419 homo
1530 1364 1688 1419 venit
1735 1364 1794 1418 in

133 1451 449 1523 mundum,
504 1467 711 1506 novam
760 1452 948 1523 legem
1000 1452 1161 1507 dedit
1211 1453 1453 1508 mundo.
1494 1476 1513 1501 α
1550 1452 1792 1507 Carmen

131 1539 254 1595 Deo
292 1544 507 1595 nostro.
540 1562 568 1589 ››
601 1539 858 1595 Laudem
901 1545 1011 1596 Deo
1042 1545 1261 1606 nostro,
1316 1545 1379 1595 ut
1400 1541 1526 1611 jam
1559 1557 1672 1595 non
1710 1557 1795 1595 so-

130 1645 245 1684 nos
274 1632 474 1701 turpes
508 1632 567 1684 at
596 1629 913 1684 theatrales
953 1630 1283 1698 concinam,
1317 1629 1417 1684 sed
1462 1629 1521 1683 in
1554 1633 1664 1683 Deo
1713 1627 1794 1682 vi-

127 1717 329 1773 ventis
380 1717 619 1791 hymnis
667 1735 771 1791 per
830 1717 1197 1774 harmoniam
1257 1717 1398 1774 Novi
1429 1718 1797 1789 Testamenti

134 1805 408 1862 delecter.

212 1917 241 1945 ‹‹
278 1892 574 1951 Videbunt
605 1895 794 1951 multi.
828 1918 848 1945 ι»
884 1896 1313 1952 Annuntiatum
1354 1896 1603 1952 venisse.
1647 1918 1675 1946 «
1729 1895 1797 1950 Et

133 1983 445 2039 timebunt.
499 2006 527 2035 ››
587 1985 693 2050 Qui
754 2002 817 2040 se
864 1983 1203 2057 intelligunt
1232 1990 1591 2057 peccatores,
1647 2004 1669 2034 ι
1729 1985 1798 2039 Et

132 2073 462 2143 sperabunt
494 2071 555 2127 in
586 2072 854 2129 Domino.
890 2095 919 2123 »
953 2073 1019 2129 Ut
1039 2072 1123 2129 eis
1154 2074 1403 2147 pristina
1423 2073 1799 2130 remittantur

148 2160 381 2217 delicta.

208 2251 480 2325 «Beatus
526 2249 616 2305 vir
663 2252 832 2323 cujus
875 2255 964 2307 est
1011 2267 1223 2307 nomen
1282 2251 1510 2308 Domini
1542 2268 1676 2324 spes
1704 2251 1799 2323 ip-

130 2338 288 2395 sius.
324 2362 351 2389 »
384 2342 452 2393 In
484 2355 602 2410 qua
629 2340 802 2395 bonis
836 2340 1109 2397 omnibus
1148 2340 1478 2413 impleatur.
1516 2339 1670 2395 Felix
1700 2339 1802 2395 illa

122 2428 357 2499 anima,
391 2444 517 2499 qum
549 2428 726 2485 habet
754 2428 928 2484 ﬁdem
961 2430 1193 2485 ﬁrmam
1227 2435 1285 2485 et
1316 2447 1481 2501 spem
1514 2429 1799 2484 directam

123 2517 193 2571 in
226 2516 480 2583 Christo,
529 2540 557 2568 «ι
587 2518 655 2572 Et
688 2535 801 2572 non
835 2519 1087 2590 respexit
1119 2519 1175 2573 in
1221 2518 1505 2574 vanitates
1556 2522 1612 2573 et
1643 2518 1798 2583 insa-

126 2605 266 2661 nias
315 2604 513 2660 falsas.
565 2626 595 2656 »
659 2605 868 2661 Omnia
926 2624 1053 2679 quae
1101 2606 1161 2662 in
1195 2608 1414 2662 mundo
1446 2606 1802 2676 sunt,juxta

133 2692 542 2759 Salomonem,
602 2694 833 2750 vanitas
890 2701 981 2750 est
1037 2696 1245 2767 (Eccle.
1306 2697 1509 2763 1,14).
1552 2694 1802 2749 Insanize

134 2785 337 2838 autem
370 2781 528 2837 falsae
550 2786 709 2848 sunt,
733 2783 852 2850 ira,
879 2784 1036 2851 rixae,
1064 2784 1440 2855 direptiones,
1470 2788 1526 2840 et
1556 2783 1797 2855 reliqua:

137 2870 203 2925 in
267 2869 483 2942 quibus
538 2870 810 2928 homines
864 2872 1168 2928 insaniunt
1225 2877 1287 2927 ut
1344 2878 1622 2945 peccent:
1675 2890 1802 2943 qua:

140 2958 462 3031 Apostolus
493 2976 668 3032 opera
698 2961 889 3015 carnis
920 2977 1047 3016 esse
1076 2960 1219 3016 dicit
1247 2960 1446 3031 (Galat.
1479 2979 1556 3027 IV,
1594 2961 1698 3032 19).

228 3068 258 3097 ‹‹
287 3046 469 3103 Multa
499 3048 686 3103 fecisti
717 3052 803 3116 tu,
842 3048 1081 3103 Domius
1111 3053 1263 3104 Deus
1289 3066 1475 3116 meus,
1514 3046 1807 3103 mirabilia

153 3141 281 3205 tua,
340 3143 394 3191 et
425 3137 878 3210 cogitationibus
922 3137 1041 3192 tuis
1095 3154 1208 3193 non
1239 3141 1328 3193 est
1358 3138 1459 3209 qui
1488 3135 1699 3191 similis
1730 3135 1807 3190 sit

1824 1842 1875 1908 B

1908 568 2153 637 venio,»
2198 572 2262 623 ut
2291 586 2593 624 assumam
2639 586 2873 625 carnem
2917 570 2974 625 in
3018 588 3136 643 qua
3183 574 3391 645 patiar:
3431 598 3452 623 ιι
3500 576 3562 632 In

1907 654 2093 726 capite
2131 656 2263 711 libri
2295 657 2579 729 scriptum
2615 662 2703 714 est
2733 659 2803 713 de
2836 675 2946 713 me.
2975 681 3003 708 »
3037 659 3224 731 Caput
3254 660 3387 716 libri
3418 665 3563 719 Tes-

1906 744 2146 799 tamenti
2177 746 2400 801 Veteris
2447 746 2560 803 tale
2593 747 2775 802 sumit
2805 748 3138 803 exordium:
3172 753 3242 804 In
3284 753 3561 823 principio

1903 833 2035 902 fecit
2074 838 2219 889 Deus
2257 835 2455 890 caelum
2502 845 2555 891 et
2598 845 2799 892 terram
2853 835 3004 908 (Gen.
3052 854 3090 907 ι,
3143 838 3233 905 1).’
3282 838 3339 892 id
3370 844 3477 906 est,
3499 840 3558 895 in

1905 920 2134 977 Christo
2181 922 2448 980 Domino.
2499 924 2617 979 Hoc
2663 924 3007 997 mysterium
3057 929 3113 980 et
3154 925 3413 982 Joannes
3443 943 3560 984 cer.

1905 1026 2073 1075 nens,
2107 1011 2192 1065 sic
2242 1011 2631 1083 Evangelium
2664 1012 2992 1069 inchoavit:
3038 1018 3107 1069 In
3133 1015 3433 1086 principio,
3466 1015 3557 1070 in-

1905 1097 2050 1168 quit,
2085 1102 2204 1154 erat
2234 1100 2481 1164 Verbum,
2514 1109 2569 1155 et
2605 1101 2832 1157 Verbum
2861 1110 2982 1157 erat
3019 1103 3156 1157 Deus
3195 1104 3372 1174 (Joan.
3405 1119 3445 1174 ι,
3480 1104 3553 1175 1).

1904 1186 2050 1241 Nam
2082 1193 2138 1242 et
2167 1205 2302 1259 epse
2333 1189 2827 1261 interrogantibus
2856 1190 3075 1246 Judaeis
3097 1190 3231 1262 quis
3260 1196 3433 1264 esset,
3466 1208 3556 1247 re-

1905 1277 2177 1347 spondit:
2234 1279 2579 1348 Principium
2612 1280 2788 1349 (Joan.
2821 1270 2946 1346 vin,
2984 1280 3032 1347 1,
3058 1280 3172 1348 25).
3204 1280 3389 1353 Caput
3418 1296 3556 1353 ergo

1903 1362 2058 1435 libri,
2112 1365 2369 1437 iutellige
2418 1367 2795 1439 principium,
2844 1369 2999 1439 quod
3045 1368 3314 1425 Christus
3359 1369 3554 1438 Jesus,

1905 1453 2002 1524 qui
2036 1453 2093 1506 in
2127 1452 2235 1508 hoc
2269 1453 2401 1509 libri
2432 1456 2621 1526 capite
2650 1456 2957 1512 nuntiatus
2989 1466 3094 1512 est.

1974 1564 2001 1590 ‹‹
2038 1541 2110 1596 Ut
2130 1541 2338 1598 faciam
2360 1542 2715 1599 voluntatem
2739 1548 2922 1615 tuam,
2949 1549 3099 1600 Deus
3125 1546 3553 1613 meus,volui.»

1904 1631 2165 1686 Descendi
2211 1634 2363 1687 enim
2411 1632 2476 1687 de
2520 1634 2688 1688 caelo:
2740 1650 2846 1689 non
2878 1641 2939 1688 ut
2980 1636 3187 1705 faciam
3216 1635 3560 1692 voluntatem

1904 1735 2103 1786 meam,
2134 1719 2227 1775 sed
2256 1724 2429 1787 tuam,
2462 1722 2624 1777 Pater
2654 1721 2830 1792 (Joan.
2864 1738 2940 1791 Vi,
2973 1723 3084 1792 28).
3134 1721 3259 1779 Non
3287 1722 3560 1779 voluntas

1904 1812 1993 1863 est
2022 1808 2232 1877 carnis,
2266 1810 2367 1865 sed
2409 1810 2635 1874 Patris;
2690 1815 2755 1865 ut
2800 1826 2903 1882 pro
2935 1810 3053 1866 vita
3081 1809 3391 1866 hominum
3432 1826 3559 1867 mo-

1907 1894 2042 1951 riar.
2090 1919 2117 1947 «
2165 1901 2232 1951 Et
2282 1897 2474 1970 legam
2532 1903 2695 1954 tuam
2753 1899 2813 1953 in
2872 1899 3064 1955 medio
3118 1900 3310 1956 cordis
3358 1900 3493 1957 mei.
3531 1924 3558 1952 ››

1908 1987 2090 2052 Quam
2128 2002 2243 2041 non
2272 1988 2402 2042 veni
2434 1986 2672 2056 solvere,
2707 1987 2809 2043 sed
2842 1986 3182 2060 adimplere.

1984 2097 2011 2125 α
2032 2076 2389 2130 Annuntiavi
2406 2076 2705 2146 justitiam
2725 2080 2890 2131 tuam
2918 2075 2978 2131 in
3008 2074 3266 2131 Ecclesia
3286 2092 3556 2149 magna.»

1909 2163 2135 2219 Gratias
2183 2163 2289 2218 tibi
2339 2180 2468 2236 ago,
2510 2163 2774 2221 Salvator
2804 2164 3032 2232 mundi,
3083 2165 3238 2236 quod
3280 2181 3558 2237 magnam

1908 2252 2095 2307 fecisti
2129 2251 2441 2307 Ecclesiam
2472 2256 2656 2319 tuam,
2689 2270 2723 2308 a
2773 2257 3023 2324 quatuor
3050 2252 3259 2307 mundi
3292 2254 3560 2325 partibus

1909 2340 2237 2413 evangelica
2264 2339 2674 2414 praedicatione
2709 2346 2969 2397 vocatam
3010 2346 3110 2396 tua
3140 2341 3413 2413 passione
3442 2340 3559 2397 col-

1909 2431 2141 2500 lectam,
2175 2433 2277 2485 tua
2308 2429 2729 2485 resurrectione
2759 2430 3126 2486 mandatam.
3165 2451 3186 2481 ι
3214 2430 3277 2485 In
3303 2428 3562 2487 Ecclesia

1911 2535 2143 2591 magna,
2179 2539 2207 2567 ››
2241 2517 2299 2572 in
2331 2521 2451 2573 toto
2485 2519 2703 2573 mundo
2734 2518 2967 2574 diffusa.

1984 2629 2012 2657 «
2052 2611 2194 2662 Ecce
2240 2606 2396 2662 labia
2444 2622 2573 2662 mea
2621 2625 2735 2663 non
2796 2607 3135 2679 prohibebo,
3185 2607 3450 2679 Domine,
3498 2611 3563 2663 tu

1912 2694 2092 2763 scisti,
2125 2700 2232 2750 etc.
2269 2718 2295 2743 ››
2327 2695 2453 2750 Non
2484 2694 2642 2765 silui,
2667 2694 2810 2750 nihil
2841 2694 2991 2751 clam
3015 2695 3245 2751 locutus
3273 2713 3428 2765 sum,
3463 2695 3564 2751 sed

1914 2800 2149 2838 omnem
2196 2783 2470 2839 virtutem
2496 2788 2683 2850 tuam,
2734 2785 2888 2855 quod
2922 2785 3141 2854 justus,
3183 2786 3338 2856 quod
3368 2800 3562 2852 verax,

1913 2871 2068 2942 quod
2106 2871 2458 2942 misericors,
2493 2871 2648 2943 quod
2695 2872 2853 2927 salus
2884 2871 3146 2928 omnium
3177 2888 3272 2928 es:
3325 2889 3441 2928 non
3473 2888 3567 2928 so-

1824 2970 1829 2975 '
1912 2958 2035 3014 lum
2059 2959 2119 3013 in
2151 2958 2418 3015 Ecclesiis
2440 2958 2809 3031 populorum,
2836 2960 2932 3015 sed
2965 2959 3139 3016 etiam
3162 2960 3220 3017 in
3252 2957 3565 3033 synagogis

1912 3047 2247 3103 Iudaeorum
2295 3045 2723 3102 incessabiliter
2770 3046 3093 3119 praedicavi.
3154 3048 3358 3103 «Ecce
3406 3047 3563 3104 labia

1916 3152 2045 3191 mea
2092 3153 2208 3191 non
2262 3134 2598 3207 prohibebo.
2635 3157 2663 3186 »
2700 3136 2881 3191 Labia
2908 3135 3138 3205 Christi,
3181 3137 3367 3193 sancti
3399 3145 3557 3193 sunt.

150 3223 287 3279 tibi.
344 3247 372 3274 »
419 3224 733 3281 Ostendisti
784 3227 1052 3298 patribus
1096 3226 1311 3281 nostris
1364 3225 1655 3281 mirabilia
1702 3231 1805 3280 tua
1836 3210 1877 3275 C
1913 3223 2038 3279 Non
2075 3223 2341 3295 prohibet
2371 3223 2500 3279 illos
2524 3224 2856 3297 praedicare,
2890 3224 3038 3279 sicut
3073 3229 3312 3280 sanctus
3345 3224 3560 3281 Paulus

148 3312 364 3382 multa,
395 3330 525 3385 qua:
550 3331 664 3369 non
698 3315 1092 3375 crediderunt.
1128 3315 1412 3371 Revelasti
1468 3314 1551 3371 eis
1595 3321 1651 3370 te
1679 3332 1810 3369 ven-

147 3405 355 3456 turum
389 3402 449 3457 in
482 3401 627 3475 lege,
661 3408 719 3458 et
749 3420 862 3459 non
903 3403 1339 3459 intellexerunt:
1375 3420 1480 3459 nos
1525 3420 1657 3459 vero
1688 3419 1806 3458 ore-

143 3490 430 3547 didimus.
480 3490 674 3562 Usque
737 3491 851 3546 huc
910 3492 1271 3547 credentium
1326 3490 1619 3563 populus:
1674 3491 1831 3546 hinc~

143 3580 277 3652 ipse
307 3578 588 3635 Dominus
626 3580 698 3635 ad
730 3580 960 3636 Patrem
992 3581 1073 3636 ita
1093 3596 1334 3637 exorsus
1365 3586 1487 3636 est:

224 3691 254 3717 ‹‹
295 3668 652 3723 Annuntiavi
702 3672 758 3724 et
802 3668 1034 3725 locutus
1080 3686 1233 3726 sum.
1278 3692 1306 3719 »
1355 3669 1593 3725 Dicens:
1627 3670 1810 3724 Ραυηὶ-

146 3757 384 3813 tentiam
415 3758 584 3828 agite,
616 3759 1081 3829 appropinquavit
1121 3760 1272 3813 enim
1298 3774 1524 3828 regnum
1558 3759 1814 3813 oculorum

146 3846 369 3917 (Matth.
423 3862 497 3915 iv,
552 3845 654 3917 l7).
708 3866 738 3895 «
786 3844 1151 3917 Multiplicati
1201 3851 1340 3901 sunt
1393 3862 1569 3918 super
1616 3862 1815 3900 nume-

148 3950 310 3990 rum.
344 3956 373 3983 »
420 3932 604 3989 Judaei
660 3933 719 3988 in
752 3933 979 3989 malitia
1008 3951 1136 3989 sua.
1161 3934 1286 4000 Vel,
1339 3957 1367 3985 ‹‹
1404 3950 1580 4006 super
1611 3951 1815 3990 nume-

155 4038 397 4090 rum;»
448 4021 556 4078 hoc
599 4027 707 4095 est,
754 4028 1085 4095 peccatores
1129 4039 1306 4095 super
1364 4039 1700 4089 numerum,
1759 4028 1815 4079 et

152 4110 303 4166 foris
343 4127 656 4167 numerum
687 4116 855 4167 sunt:
882 4111 983 4185 qui
1014 4128 1130 4167 non
1162 4116 1298 4168 sunt
1326 4111 1487 4184 digni
1520 4113 1815 4169 numerari

152 4199 218 4255 in
255 4216 498 4255 numero
522 4201 844 4271 justorum.

232 4311 262 4337 ι(
287 4286 650 4344 Sacriﬁcium
673 4293 739 4345 et
771 4289 1096 4346 oblationes
1128 4289 1363 4345 noluisti
1390 4308 1401 4344 :
1428 4307 1598 4345 aures
1619 4294 1815 4345 autem

153 4375 456 4450 perfecisti
491 4375 653 4431 mihi.
688 4377 1040 4433 Holocausta
1058 4384 1115 4433 et
1146 4395 1247 4449 pro
1276 4384 1507 4449 peccato
1539 4396 1655 4433 non
1688 4383 1817 4449 pos-

149 4463 383 4521 tulasti.
418 4486 447 4514 ››
477 4467 687 4537 Aperte
716 4466 837 4521 haec
866 4465 1179 4537 Apostolus
1201 4465 1487 4521 declarat:
1514 4468 1687 4536 quod,
1720 4467 1818 4520 ad-
1856 4478 1878 4493 '

1918 3313 2097 3368 dicit:
2144 3313 2371 3368 Verbum
2408 3313 2501 3367 Dei
2543 3329 2652 3368 non
2698 3322 2776 3368 est
2807 3313 3090 3381 alligatem
3119 3313 3188 3384 (II
3226 3315 3361 3369 Tim.
3393 3330 3454 3380 ιι,
3487 3313 3562 3384 9).

1915 3402 2002 3457 Tu
2034 3401 2391 3473 cognovisti:
2440 3406 2502 3456 tu
2537 3402 2653 3456 scis
2694 3402 2851 3473 quod
2885 3418 2998 3456 non
3030 3400 3158 3466 feci,
3206 3402 3262 3456 id
3308 3405 3418 3470 est,
3450 3418 3567 3456 non

1919 3490 2211 3562 prohibui.
2248 3514 2275 3541 «
2306 3488 2605 3545 Justitiam
2638 3494 2797 3545 tuam
2854 3506 2966 3545 non
3000 3489 3275 3545 abscondi
3304 3490 3364 3546 in
3397 3490 3569 3545 corde

1923 3595 2070 3647 meo,
2103 3599 2129 3629 η
2163 3578 2272 3634 hoc
2304 3582 2392 3634 est
2423 3579 2701 3634 mandata
2729 3582 2851 3645 tua,
2896 3602 2924 3629 «
2956 3578 3273 3634 Veritatem
3319 3583 3482 3634 tuam
3515 3582 3573 3635 et

1923 3667 2181 3723 salutare
2212 3672 2377 3721 tuum
2411 3667 2550 3721 dixi.
2581 3688 2610 3715 »
2642 3666 2867 3722 Veritas
2898 3670 2954 3722 et
3000 3666 3276 3735 salutare,
3306 3666 3573 3723 Christus

1922 3767 2039 3812 est:
2066 3756 2173 3810 hoc
2196 3755 2513 3828 praedicant
2534 3755 2740 3811 sancti.
2770 3755 2895 3810 Non
2910 3755 3088 3811 celavi
3110 3754 3573 3811 misericordiam

1922 3849 2108 3912 tuam,
2141 3849 2199 3899 et
2227 3844 2526 3899 veritatem
2561 3850 2723 3899 tuam
2770 3859 3075 3915 synagogas
3106 3842 3327 3912 multae,
3360 3843 3419 3899 id
3463 3847 3574 3912 est,

1921 3933 1981 3988 in
2012 3937 2132 3988 tota
2161 3932 2325 4004 plebe
2357 3932 2717 3989 annuntiavi.

1996 4045 2023 4072 ‹‹
2066 4022 2151 4077 Tu
2186 4025 2403 4089 autem,
2439 4021 2703 4091 Domine,
2736 4037 2808 4076 ne
2838 4019 3005 4091 longe
3037 4019 3214 4077 facias
3246 4017 3573 4075 miseratio-

1924 4127 2027 4167 nes
2072 4115 2204 4167 tuas
2243 4128 2276 4166 a
2323 4126 2451 4165 me:
2507 4108 2906 4166 misericordia
2952 4113 3056 4164 tua
3101 4113 3158 4163 et
3206 4107 3416 4163 veritas
3474 4112 3580 4164 tua

1925 4216 2154 4272 semper
2195 4202 2581 4271 susceperunt
2610 4214 2721 4252 me.
2750 4196 3034 4260 Quoniam
3065 4195 3580 4251 circumdederunt

1926 4306 2017 4344 me
2050 4288 2206 4342 mala
2237 4303 2489 4357 quorum
2522 4303 2637 4341 non
2669 4288 2755 4340 est
2787 4299 3089 4339 numerus.
3115 4305 3143 4333 »
3172 4284 3333 4348 Quod
3358 4282 3582 4339 miseri-

1925 4376 2180 4433 cordiam
2215 4374 2399 4429 Patris
2446 4372 2719 4445 postulat,
2770 4373 2925 4444 quod
2975 4389 3007 4427 a
3081 4372 3298 4428 Judaeis
3349 4389 3411 4428 se
3462 4372 3580 4428 cir-

1927 4466 2267 4521 cumdatum
2319 4468 2377 4517 et
2425 4462 2769 4533 iniquitates
2816 4479 2990 4533 super
3047 4478 3110 4517 se
3164 4460 3583 4533 multiplicatae

153 4553 433 4610 veniente
460 4554 728 4622 Domino,
762 4554 1117 4610 cessaverint
1148 4553 1432 4609 sacriﬁcia
1460 4555 1814 4609 Judaeorum.
1848 4577 1896 4640 Ι)
1928 4554 2102 4609 dicit:
2128 4552 2280 4625 quod
2302 4568 2336 4606 a
2356 4551 2528 4606 corde
2551 4549 2883 4621 derelictus,
2910 4567 3145 4605 rursum
3168 4549 3355 4606 Patris
3384 4548 3585 4621 praesi-

150 4642 500 4715 lmpossibile
529 4646 633 4709 est,
662 4642 872 4713 inquit,
894 4644 1169 4712 sanguine
1196 4644 1475 4697 hircorum
1506 4645 1603 4697 aut
1629 4646 1818 4697 tauro-

152 4748 289 4786 rum
318 4733 538 4802 auferri
564 4735 801 4803 peccata.
834 4731 954 4787 Ideo
983 4731 1297 4803 ingrediens
1330 4731 1622 4798 mundum,
1655 4732 1824 4786 dicit:

159 4821 424 4877 Hostiam
451 4824 501 4876 et
533 4819 866 4875 oblationem
894 4821 1146 4887 noluisti,
1178 4836 1369 4892 corpus
1408 4828 1587 4875 autem
1627 4822 1826 4892 optasti

156 4909 308 4965 mihi
338 4908 520 4980 (Hebr.
556 4926 612 4976 x,
643 4909 751 4981 45).
787 4908 1202 4965 Holocaustum
1233 4914 1285 4964 et
1308 4925 1412 4981 pro
1444 4913 1679 4981 peccato
1711 4926 1825 4964 non

166 4996 278 5053 tibi
309 4996 551 5070 placuit,
584 4996 695 5053 nisi
720 4997 1013 5070 meipsum
1045 5015 1148 5071 pro
1177 4997 1355 5054 totius
1378 4998 1582 5053 mundi
1614 4996 1826 5052 delicto

172 5076 284 5141 tibi
321 5085 674 5141 sacriﬁcium
705 5086 1027 5143 exhiberes.

254 5196 282 5227 ι
319 5175 486 5229 Tnnc
507 5173 624 5229 dixi
652 5191 665 5240 ;
697 5175 840 5231 Ecce
868 5176 1055 5232 venio.
1090 5180 1153 5230 In
1185 5175 1370 5246 capite
1392 5174 1524 5230 libri
1543 5175 1823 5246 scriptum

160 5268 256 5320 est
287 5264 359 5319 de
391 5279 502 5319 me.
538 5286 565 5311 ››
599 5263 707 5329 Qui
741 5265 1028 5320 sacriﬁcia
1070 5269 1128 5319 et
1177 5264 1550 5320 caeremcnias
1594 5264 1823 5319 Judan-

162 5369 320 5418 rum,
374 5363 430 5407 et
475 5352 710 5421 Sabata,
787 5358 844 5407 et
900 5352 1349 5425 superstitiones
1406 5353 1567 5424 Legis
1599 5352 1825 5417 veteris,

1931 4643 2093 4697 dium
2126 4644 2432 4712 precatur:
2468 4638 2662 4694 omnia
2698 4639 2770 4694 ad
2801 4638 3202 4694 inﬁrmitatem
3226 4638 3418 4693 carnis
3449 4640 3590 4693 sunt

1933 4729 2255 4798 referenda,
2307 4733 2371 4783 ut
2422 4727 2573 4783 sicut
2620 4744 2794 4783 verus
2842 4727 3014 4797 Deus,
3067 4726 3148 4782 ita
3195 4743 3369 4782 verus
3415 4725 3589 4780 homo

1935 4820 2222 4875 credatur.
2275 4841 2301 4866 «
2346 4818 2429 4873 Tu
2481 4820 2699 4887 autem,
2750 4816 3012 4881 Domine,
3064 4832 3134 4871 ne
3187 4814 3361 4887 longe
3410 4812 3593 4870 facias

1941 4931 1961 4957 α
2008 4905 2439 4963 misericordias
2471 4909 2603 4959 tuas
2634 4922 2667 4959 a
2698 4921 2808 4959 me.
2842 4927 2867 4954 ››
2899 4908 3024 4959 Non
3056 4902 3227 4975 longe
3259 4903 3361 4958 sed
3393 4916 3593 4974 prope.

1934 4995 2327 5051 Misericordia
2384 4998 2486 5071 tua
2514 4998 2571 5048 et
2600 4992 2813 5048 veritas
2831 4997 2931 5047 tua
2950 5008 3179 5063 semper
3210 4992 3598 5063 susceperunt

1938 5102 2048 5152 me,
2086 5108 2112 5133 ››
2145 5081 2541 5139 Misericordia
2586 5082 2722 5136 facit
2764 5085 3000 5152 peccata
3030 5079 3347 5146 dimittere,
3380 5079 3595 5134 veritas

1937 5173 2127 5227 reddit
2177 5172 2488 5241 unicuique
2538 5170 2693 5241 quod
2746 5168 2916 5224 fecit:
2955 5191 2981 5218 «
3016 5167 3603 5246 Comprehenderunt

1937 5279 2031 5317 me
2061 5260 2399 5332 iniquitates
2433 5275 2593 5327 meae,
2630 5263 2686 5311 et
2719 5274 2834 5312 non
2866 5257 3029 5328 potui
3060 5260 3125 5311 ut
3154 5256 3436 5311 viderem.
3478 5278 3505 5305 »
3537 5254 3602 5309 Id

1937 5356 2043 5420 est,
2077 5366 2258 5421 genus
2284 5348 2608 5402 humanum
2642 5346 3043 5401 circumdatur
3064 5343 3457 5416 originalibus
3479 5358 3606 5414 pec-

1940 5439 2169 5501 catis,et
2192 5454 2302 5492 non
2329 5436 2486 5507 potui
2507 5439 2569 5489 ut
2592 5434 2906 5500 viderem,»
2931 5433 3072 5505 quia
3092 5434 3397 5487 abstracta
3418 5432 3609 5486 fuerat

1938 5527 2039 5582 illa
2076 5527 2175 5581 lux
2206 5524 2481 5581 veritatis.
2520 5524 2683 5578 Unde
2712 5524 2932 5577 dictum
2965 5526 3088 5578 est:
3146 5523 3217 5577 De
3247 5526 3405 5577 terra
3434 5535 3610 5576 exca-

1943 5617 2180 5682 caberis,
2211 5613 2343 5671 etde
2366 5621 2510 5668 terra
2534 5611 2943 5667 ittuminaberis
2965 5611 3091 5683 (lsa.
3126 5627 3277 5679 ιλιι,
3310 5609 3363 5662 4.

162 5436 495 5527 spiritualis
536 5438 831 5510 Evangelii
867 5440 1145 5513 religione
1192 5441 1473 5495 mutasti:
1526 5446 1829 5511 prepterea

163 5526 342 5581 laetus
399 5526 457 5581 in
513 5529 803 5584 mundum
863 5529 1052 5600 venio,
1098 5534 1155 5584 et
1202 5529 1271 5584 de
1304 5545 1394 5583 me
1426 5529 1735 5583 scribitur:
1768 5530 1830 5582 In

158 5617 449 5687 principio
476 5626 596 5672 erat
646 5617 895 5686 Verbum,
938 5625 994 5673 et
1026 5618 1264 5674 Verbum
1310 5620 1425 5675 erat
1454 5618 1604 5688 apud
1633 5622 1829 5686 Deum,

458 5746 716 5803 l’u‘aot.
763 5743 978 5808 XXVI.
3259 5735 3336 5794 32
