3964 6190
541 306 562 359 l
578 306 691 362 003

2036 295 2456 355 APPENDIX.

3649 309 3742 366 ίωι

611 455 638 482 ‹‹
675 432 1062 506 Multiplicatae
1101 435 1239 486 sunt
1268 447 1445 500 super
1465 429 1704 500 capillos
1735 428 1944 498 capitis
1975 428 2110 490 mei,
2143 447 2170 475 »
2203 428 2253 492 Α
2287 428 2386 498 qui
2420 427 2708 499 intelligit.
2743 429 2970 495 Beatus,
3000 431 3058 482 et
3103 427 3250 492 felix,
3296 427 3384 499 qui
3420 428 3624 503 intelligit
3644 451 3749 506 super

535 523 594 576 Id
628 525 734 590 est,
759 519 1256 592 ipsaainiquitates
1287 535 1460 590 super
1493 535 1677 588 genus
1707 517 2054 570 humanum.
2083 516 2170 570 (102

531 627 712 666 meum
739 609 1039 680 dereliquit
1055 625 1159 663 me.
1190 607 1431 673 Quando
1455 607 1626 661 homo
1649 610 1865 676 peccat,
1890 621 1987 659 cor
2006 619 2181 658 suum

531 718 646 754 non
681 699 871 754 habet.
916 697 1073 751 Unde
1108 697 1277 751 David
1335 696 1510 749 dixit:
1568 695 1775 748 Invenit
1822 708 2008 747 servus
2057 700 2180 745 tuus

529 805 620 844 cor
647 805 805 842 suum
838 788 911 857 (ΙΙ
948 792 1075 856 Reg.
1103 803 1204 853 VII,
1257 786 1367 854 '27).
1402 781 1548 854 E'rgo
1584 788 1750 837 antea
1781 781 2014 851 quando
2045 797 2179 852 pec-

530 877 702 941 cavit,
735 892 850 928 non
866 875 1075 928 habuit
1117 873 1281 926 illud.

603 987 632 1014 ‹‹
670 953 1038 1034 Complaceat
1069 962 1193 1030 tibi,
1231 961 1497 1025 Domine,
1529 959 1711 1014 libera
1745 974 1856 1026 me,
1884 957 2178 1022 Domine,»

528 1052 790 1108 Ecclevia
820 1057 984 1123 rogat
1014 1052 1083 1106 ad
1117 1050 1451 1105 Christum:
1487 1049 1602 1104 Hoc
1648 1049 1750 1102 tibi
1799 1045 2176 1117 complaceat,

527 1146 593 1196 ut
624 1157 714 1195 me
744 1140 976 1194 liberes.
1006 1141 1067 1192 In
1103 1137 1387 1193 auxilium
1423 1153 1616 1191 meum
1652 1134 1892 1206 respice.
1927 1131 2176 1186 Infirmi-

529 1234 616 1284 tas
649 1229 1005 1283 voluntatem
1038 1228 1211 1283 habet
1243 1225 1617 1296 impetrandi,
1669 1241 1783 1279 non
1833 1226 2175 1294 potestatem

525 1319 720 1375 habet.

601 1432 622 1458 α
667 1407 1130 1463 Confundantur.
1155 1427 1183 1453 »
1211 1405 1270 1457 In
1301 1403 1748 1474 cogitationibus
1775 1401 1985 1472 pravis,
2019 1404 2081 1453 ut
2111 1416 2177 1453 ea

524 1514 649 1567 quae
693 1501 832 1551 sunt
864 1501 1038 1557 recta,
1071 1493 1412 1563 percipiant.
1446 1496 1564 1544 Aut
1594 1491 1685 1544 hic
1714 1490 2041 1553 cmendent,
2076 1492 2176 1542 aut

522 1585 582 1639 in
616 1585 830 1648 futuro,
864 1604 891 1631 ‹‹
951 1587 1005 1636 et
1034 1584 1426 1635 revereantur.
1463 1600 1490 1627 »
1525 1569 1640 1633 Hoc
1670 1583 1777 1641 est,
1827 1583 1891 1630 ut
1921 1591 2176 1631 reveren-

519 1673 662 1727 tiam
685 1672 965 1726 habeant.

595 1781 622 1809 ‹‹
663 1760 1014 1813 Avertantur
1060 1759 1401 1811 retrorsum.
1447 1780 1468 1807 ι
1527 1755 1634 1818 Qui
1681 1752 1904 1809 malum
1934 1769 2169 1808 cursum
2201 1793 2248 1857 B

522 1847 874 1902 habuerunt.

592 1958 619 1984 «
665 1935 874 1990 Ferant
903 1933 1210 1988 confestim
1242 1932 1646 1987 confusionem
1681 1948 1887 1987 suam:
1937 1930 2038 2002 qui
2084 1929 2170 1983 di-

519 2027 659 2078 cunt
688 2022 853 2090 mihi,
887 2023 1064 2094 Euge,
1099 2038 1265 2094 euge.
1305 2045 1326 2070 ι»
1363 2019 1818 2076 Misericorditor
1847 2036 1946 2075 eos
1975 2019 2172 2090 depre-

519 2115 684 2167 catur
712 2111 1013 2180 confundi,
1046 2119 1110 2165 ut
1141 2111 1449 2165 confestim
1485 2108 2165 2182 cognoscantjustitiam.

520 2199 753 2256 Portent
783 2199 1182 2254 confusionem
1228 2215 1417 2266 suam,
1469 2199 1564 2268 qui
1592 2215 1652 2252 se
1684 2216 1794 2253 non
1828 2197 2169 2251 emendave-

519 2288 655 2343 riut.
691 2311 719 2338 «
752 2288 858 2351 Qui
895 2289 1096 2342 dicunt
1129 2287 1293 2356 mihi,
1323 2288 1500 2358 Euge,
1526 2303 1690 2357 euge.
1727 2309 1754 2334 ››
1789 2292 1941 2340 Duos
1971 2286 2170 2340 hostes

517 2376 693 2432 habet
723 2375 994 2446 Ecclesia,
1028 2375 1390 2430 adulationes
1419 2379 1476 2429 et
1511 2375 2061 2446 blasphemationes.

588 2489 615 2515 «
671 2466 975 2520 Exsultent
1030 2469 1086 2518 et
1138 2463 1405 2518 laetentur
1461 2464 1560 2534 qui
1626 2463 1828 2517 volunt
1879 2463 2170 2532 justitiam

515 2570 730 2609 meam.
766 2575 794 2603 »
828 2556 945 2607 Hoc
969 2557 1074 2618 est,
1111 2553 1282 2606 ﬁdem
1318 2557 1374 2606 et
1406 2568 1600 2621 opera.
1639 2572 1664 2602 ‹‹
1695 2552 1760 2604 Ει
1791 2551 1989 2605 dicant
2020 2567 2170 2606 sem-

515 2659 636 2713 per,
670 2642 1071 2714 Magnificetur
1119 2640 1420 2694 Dominus.
1461 2662 1481 2689 ι»
1538 2639 1938 2710 Magniﬁcetur
1988 2656 2169 2710 popu-

513 2729 606 2785 lus
659 2736 1016 2786 sanctorum.
1069 2728 1231 2784 Unde
1278 2728 1462 2782 dixit:
1522 2727 1747 2782 Videant
1792 2731 1972 2782 vestra
2034 2728 2172 2781 bona

516 2836 704 2892 opera,
734 2828 784 2874 et
812 2820 1114 2890 gloriﬁcent
1157 2824 1380 2872 Patrem
1408 2822 1648 2872 vestrum
1693 2819 1791 2887 qui
1822 2818 1882 2870 in
1911 2817 2060 2870 cretis
2092 2822 2172 2870 est

517 2907 734 2978 (Matth.
766 2925 822 2978 v,
858 2907 965 2976 16).
1005 2931 1024 2954 α
1059 2906 1165 2969 Qui
1213 2905 1466 2976 diligunt
1511 2904 1767 2960 salutare
1819 2909 2010 2958 tuum.
2047 2927 2074 2952 »
2109 2904 2170 2957 Id

519 3002 626 3064 est,
660 2996 955 3050 Christum
992 2999 1180 3048 tuum.
1214 3017 1240 3042 »
1276 2994 1404 3048 Haec
1447 2993 1734 3064 Propheta
1765 2993 1906 3048 dicit
1938 2993 2008 3047 de
2055 2992 2170 3059 his,

521 3085 738 3156 quibus
765 3083 890 3154 ipse
922 3084 1204 3138 Dominus
1238 3099 1340 3152 per
1369 3081 1746 3154 Evangelium
1778 3081 1894 3136 ait:
1937 3081 1998 3137 Si
2033 3081 2169 3135 dile-

2290 532 2536 586 egenum
2571 521 2627 570 et
2648 533 2981 588 pauperem.
3016 538 3043 565 ››
3075 516 3325 572 Christus
3357 533 3531 589 egenus
3552 526 3591 574 et
3616 539 3751 592 panper

2291 607 2477 659 t'actus
2509 609 2595 659 est
2640 623 2741 675 pro
2785 605 2969 674 nobis,
3007 609 3071 660 ut
3125 604 3276 658 illius
3302 605 3472 676 inOpia
3515 624 3592 661 nos
3626 609 3752 665 divites

2291 692 2536 747 faceret:
2572 716 2598 741 «
2632 693 2736 756 Qui
2770 692 3058 764 intelligit,
3097 715 3116 741 ι»
3161 692 3216 745 id
3247 696 3346 757 est,
3375 693 3459 763 qui
3494 693 3686 765 intelligit
3713 698 3753 750 il-

2286 780 2408 835 lum
2440 799 2638 836 verum
2669 782 2852 836 Deum
2884 787 2941 836 et
2968 798 3165 836 verum
3189 781 3456 836 hominem
3473 799 3584 836 esse.
3609 784 3682 838 «ln
3701 787 3753 839 die

2288 868 2442 923 mala
2483 869 2748 925 liberavit
2790 885 2923 924 eum
2956 868 3252 924 Dominus.
3293 891 3318 918 »
3355 869 3413 924 In
3449 869 3523 924 die
3541 871 3698 940 judicii,
3723 873 3752 926 in

2287 974 2404 1027 qua
2431 958 2665 1013 Judaeos
2715 976 2820 1013 nos
2851 959 2956 1030 (Al.
3007 958 3147 1027 non)
3194 957 3534 1030 intelligentes
3567 958 3754 1012 damnabit

2287 1046 2572 1101 Christus.
2601 1047 2803 1101 Aderit
2831 1046 2934 1101 tibi
2964 1047 3087 1101 dies
3127 1046 3302 1100 mala:
3338 1046 3380 1099 si
3408 1061 3506 1100 non
3531 1046 3753 1100 intellexeris

2287 1152 2463 1207 super
2493 1152 2740 1207 egenum
2771 1140 2827 1190 et
2854 1151 3188 1206 pauperem.

2359 1248 2385 1274 ‹‹
2428 1224 2708 1279 Dominus
2738 1229 3036 1279 conservet
3063 1240 3214 1278 eum.
3240 1245 3266 1272 »
3288 1223 3362 1279 Ne
3389 1222 3449 1277 ab
3467 1222 3554 1276 hoc
3570 1221 3751 1276 intellectu

2287 1315 2517 1368 recedat
2549 1313 2606 1366 in
2656 1313 2946 1384 praesenti.
3001 1335 3029 1362 «
3060 1313 3126 1367 Et
3154 1311 3385 1366 vivificet
3424 1327 3551 1365 eum.
3575 1332 3595 1358 υ
3628 1310 3668 1363 ln
3697 1309 3751 1362 har

2285 1401 2571 1473 sapientia
2602 1406 3086 1472 perseverantem,
3136 1399 3423 1455 transferat
3449 1416 3477 1453 a
3501 1402 3636 1452 morte
3659 1398 3693 1450 in
3709 1397 3750 1448 ή-

2284 1494 2432 1544 tam.
2479 1515 2498 1538 «
2535 1491 2604 1544 Et
2646 1490 2882 1544 beatum
2914 1490 3086 1544 faciat
3130 1505 3278 1543 eum.
3313 1509 3339 1536 »
3368 1487 3491 1541 Cum
3516 1486 3750 1540 sanctissnis

2283 1578 2342 1631 in
2375 1594 2551 1649 regno
2582 1577 2880 1633 caelorum.
2915 1600 2941 1627 «
2977 1579 3040 1632 In
3069 1581 3238 1632 terra.
3273 1599 3300 1627 ‹‹
3329 1577 3387 1629 ln
3416 1579 3580 1629 sancta
3606 1571 3751 1627 Ecclesia

2282 1666 2368 1721 vel
2400 1666 2460 1720 in
2482 1667 2575 1722 die
2613 1666 2970 1722 aeternitatis.
3013 1689 3041 1715 «
3082 1667 3151 1721 Et
3178 1682 3284 1720 non
3322 1665 3491 1718 tradat
3509 1678 3611 1717 eum
3633 1662 3669 1713 in
3689 1676 3750 1712 ma-

2282 1772 2394 1810 nus
2417 1755 2787 1811 inimicorum
2819 1757 2965 1826 ejus.
2997 1778 3024 1804 ››
3055 1755 3114 1809 Id
3138 1758 3242 1823 est,
3267 1753 3322 1807 in
3353 1755 3586 1823 potestate
3617 1747 3750 1808 diaboli,

2280 1845 2380 1916 qui
2413 1843 2743 1900 credulitati
2774 1849 2983 1900 nostris
3027 1860 3252 1914 semper
3280 1840 3525 1896 inimicus
3558 1837 3715 1893 exsistit.

2351 1957 2378 1983 ‹‹
2422 1933 2704 1989 Dominus
2735 1950 2901 2004 opem
2947 1934 3095 1988 ferat
3142 1932 3223 1986 illi
3255 1945 3417 2002 super
3441 1929 3611 1983 lectum
3631 1921 3751 1979 doloris

2280 2023 2427 2090 ejus.
2465 2046 2492 2072 ››
2526 2056 2592 2064 —
2624 2046 2650 2071 «
2683 2022 2862 2093 Opem
2896 2022 3043 2077 ferat
3071 2020 3175 2088 illi,
3211 2043 3238 2069 »
3269 2019 3370 2075 hoc
3411 2023 3505 2086 est,
3533 2011 3752 2085 adjutorium

2280 2117 2510 2184 praestet
2540 2111 2643 2167 illi.
2674 2113 2736 2167 In
2768 2111 2911 2166 lecto
2960 2110 3198 2180 doloris,
3231 2110 3287 2164 in
3335 2104 3613 2162 infirmitate
3633 2098 3752 2156 carnis.

2278 2200 2382 2256 Vel
2407 2201 2478 2256 de
2507 2200 2604 2256 illo
2637 2199 2952 2272 paralytico
2999 2201 3190 2270 potest
3233 2195 3477 2267 intelligi,
3519 2191 3679 2264 quando
3697 2188 3752 2241 Do-

2281 2290 2478 2344 minus
2510 2289 2688 2344 dixit:
2735 2289 2929 2357 Surge,
2981 2288 3112 2344 tolle
3157 2285 3349 2342 tectum
3389 2289 3522 2339 tuum
3549 2278 3686 2351 (Haut
3715 2291 3753 2335 ιι.

2279 2379 2371 2448 6);
2407 2379 2544 2449 quia
2582 2395 2791 2450 corpus
2846 2377 3005 2448 quod
3030 2375 3428 2447 corrumpitur,
3463 2371 3665 2444 aggravat
3689 2363 3752 2417 ani-

2282 2485 2481 2533 mam,
2547 2473 2605 2522 et
2658 2465 3006 2522 inhabitatio
3065 2471 3291 2522 terrena
3353 2460 3582 2533 deprimit
3619 2467 3754 2510 sensum

2283 2556 2466 2610 multa
2512 2555 2862 2627 cogitantem
2895 2555 3052 2626 (Sap.
3087 2572 3162 2622 1x,
3219 2554 3292 2626 6).
3341 2553 3399 2607 In
3427 2550 3570 2620 hujus
3604 2538 3757 2627 corporis

2281 2626 2648 2714 aegrotatione
2708 2645 2766 2697 in
2826 2661 2941 2714 quo
3017 2644 3212 2698 anima
3266 2646 3512 2708 tanquam
3558 2636 3600 2688 in
3640 2626 3757 2720 min]?

2282 2731 2610 2802 requiescit,
2635 2748 2741 2802 ope
2761 2731 3075 2797 Dominici,
3100 2729 3346 2802 praesidii
3368 2723 3645 2783 consoletur.
3662 2743 3676 2762 ιι
3693 2713 3760 2768 t'ni-

2281 2837 2510 2874 versum
2546 2823 2793 2874 stratum
2821 2821 2948 2890 ejus
2980 2819 3222 2874 versasti
3257 2819 3313 2872 in
3346 2813 3621 2871 infirmitate
3641 2806 3759 2896 ejus.»

2281 2910 2522 2979 Corpus,
2558 2913 2622 2963 ut
2651 2907 2928 2974 diximus,
2966 2909 3123 2978 quod
3159 2924 3257 2978 pro
3305 2908 3466 2960 strato
3502 2897 3712 2967 accipitur,
3730 2904 3760 2939 In

2281 2996 2526 3052 diversis
2577 2996 3055 3052 tribulationibus
3102 2992 3445 3068 inquietasti,
3487 2994 3537 3043 ut
3571 2983 3759 3070 probatae!

2283 3091 2456 3156 atque
2513 3085 2586 3140 ab
2647 3084 2924 3139 illetebris
2972 3065 3370 3157 expurgatum,
3407 3087 3675 3136 assumeres.
3707 3065 3770 3157 litt

519 3173 718 3228 meritis
744 3187 849 3241 me,
892 3176 941 3227 et
971 3173 1135 3227 verba
1163 3188 1285 3226 mea
1331 3173 1391 3225 in
1437 3153 1586 3226 vobis
1613 3173 1942 3236 manserint,
1984 3171 2171 3226 omnia
2200 3154 2241 3218 C
2281 3153 2570 3246 Propheta
2617 3174 2891 3227 immutat
2934 3153 3225 3244 ordinem,
3263 3176 3316 3227 et
3342 3169 3530 3242 profert
3553 3173 3686 3217 vocem
3706 3153 3762 3206 De

522 3276 860 3332 quaecunque
876 3262 1168 3332 petieritis,
1198 3262 1331 3331 ﬁent
1361 3260 1505 3314 vobis
1535 3260 1724 3331 (Joan.
1765 3276 1854 3312 xv.
1880 3261 1955 3324 7).

510 3394 515 3399 .
595 3375 622 3401 «
665 3353 780 3423 Ego
825 3367 957 3405 vero
988 3365 1206 3420 egenus
1237 3353 1294 3403 et
1324 3364 1544 3418 pauper
1575 3364 1735 3401 sum:
1770 3346 1923 3400 Deus
1964 3347 2177 3416 adjuva

523 3455 636 3494 me.
670 3461 698 3489 »
738 3440 966 3509 Egerius
997 3444 1053 3492 et
1083 3454 1306 3507 pauper
1331 3435 1600 3490 Christus
1628 3451 1639 3489 ε
1673 3451 1796 3488 cum
1825 3435 1972 3489 dives
2020 3443 2171 3501 esset,

521 3543 718 3596 egenus
743 3529 923 3596 [actus
951 3530 1028 3581 est
1058 3527 1131 3591 (II
1159 3524 1278 3578 Cor.
1311 3542 1432 3589 VIII,
1467 3525 1542 3594 9).
1577 3525 1810 3594 Egenus
1835 3523 2047 3577 dicitur
2077 3525 2176 3594 qui

524 3613 746 3684 aliquid
778 3614 974 3681 habet,
1008 3618 1065 3667 et
1096 3612 1290 3682 aliquo
1319 3612 1564 3683 indiget.
1598 3612 1664 3665 Et
1694 3628 1909 3682 pauper
1942 3612 2176 3681 dicitur,

526 3702 625 3772 qui
659 3699 805 3754 nihil
835 3701 1028 3755 habet.
1068 3702 1260 3771 Inops,
1293 3701 1350 3755 id
1382 3705 1492 3764 est,
1527 3701 1651 3754 sine
1685 3715 1810 3771 ope.

599 3812 625 3839 «
659 3790 901 3858 Adjutor
949 3795 1004 3844 et
1036 3788 1311 3844 liberator
1340 3805 1507 3843 meus
1537 3793 1683 3857 esto,
1714 3788 1992 3855 Domine;
2029 3793 2181 3844 Deus

525 3896 713 3947 meus,
748 3895 820 3932 ne
865 3877 1206 3932 tardaveris.
1244 3899 1272 3926 »
1317 3882 1382 3930 Et
1439 3876 1560 3931 haec
1610 3879 1679 3931 ad
1736 3877 2180 3948 trepidationem

527 3967 888 4040 corporalem
920 3971 1058 4021 sunt
1080 3966 1402 4021 referenda.
1442 3965 1587 4019 Nam
1610 3965 1887 4020 divinitas
1919 3983 2043 4036 qua:
2075 3965 2185 4020 fuit

529 4146 631 4200 sed
664 4146 722 4199 in
753 4145 956 4200 eadem
1007 4143 1265 4214 potentia
1314 4158 1428 4213 qua
1477 4141 1609 4209 fuit,
1657 4146 1712 4196 et
1763 4149 2085 4212 permanet,
2127 4147 2186 4197 et

530 4234 913 4304 permanebit,
938 4237 995 4288 et
1026 4249 1201 4302 nunc,
1241 4237 1298 4286 et
1329 4236 1468 4286 tunc
1491 4231 1548 4286 in
1573 4230 1786 4286 saecula
1813 4229 2181 4287 saeculorum.

527 4323 730 4376 Amen.

1116 4454 1444 4509 PSALMUS
1479 4455 1592 4508 XL.

525 4547 588 4600 In
619 4543 805 4613 ﬁnem,
861 4544 1113 4596 Paulinus
1151 4543 1340 4598 David.
1379 4545 1562 4598 Istum
1599 4543 1855 4613 psalsum
1893 4542 2177 4612 Propheta

598 4631 698 4686 per
727 4614 1008 4686 Spiritum
1041 4619 1312 4668 sanctum
1345 4615 1404 4667 in
1448 4631 1697 4686 persona
1731 4614 1943 4668 Christi
1962 4619 2174 4686 canta-

594 4684 694 4740 vit.
728 4684 997 4740 Psalmus
1026 4701 1227 4739 vocem
1261 4685 1518 4739 continet
1542 4685 1834 4755 prOphetae
1859 4685 1914 4738 in
1949 4684 2178 4739 Christo

597 4756 1028 4828 pronuntiantis
1060 4757 1117 4810 in
1148 4755 1346 4810 initio:
1383 4756 1589 4810 deinde
1622 4756 1806 4826 ipsius
1846 4755 2178 4810 Mediatoris

595 4827 888 4900 loquentis
948 4827 1016 4882 ad
1078 4832 1362 4900 Patrem:
1431 4844 1560 4898 quae
1619 4828 1868 4882 maxime
1927 4831 2066 4882 sunt
2117 4828 2175 4881 in

596 4899 922 4973 Evangeliis
953 4899 1213 4969 impleta.

598 5056 624 5082 ‹‹
668 5033 878 5087 Beatus
910 5032 1006 5103 qui
1042 5030 1316 5102 intelligit
1363 5047 1546 5101 super
1596 5045 1842 5102 egenum
1876 5034 1932 5086 et
1960 5047 2176 5102 paupe-

526 5138 669 5176 rem.
704 5143 731 5172 »
775 5121 881 5186 Qui
915 5119 1214 5192 cognoscit
1251 5119 1546 5174 Christum
1577 5119 1637 5172 in
1670 5124 1976 5190 assumpta
2006 5136 2178 5175 carne

523 5210 774 5280 venisse,
821 5211 879 5264 in
934 5227 1049 5281 qua
1097 5227 1200 5281 pro
1251 5209 1420 5264 nobis
1475 5225 1698 5279 pauper
1748 5209 1935 5263 factus
1985 5213 2076 5263 est
2123 5212 2180 5262 et

524 5313 763 5370 egenus,
812 5298 906 5353 hic
956 5297 1380 5352 beatitudinum
1443 5296 1765 5352 cmlestium
1814 5313 1951 5369 opes
2004 5297 2175 5368 capit.

523 5387 650 5459 Ipse
682 5390 875 5441 autem
909 5387 1193 5441 Dominus
1225 5385 1410 5440 factus
1443 5391 1530 5441 est
1569 5402 1822 5456 pauper:
1877 5403 2008 5440 cum
2060 5402 2178 5440 non

521 5477 758 5532 haberet
788 5476 886 5529 ubi
935 5480 1107 5546 caput
1156 5474 1459 5529 reclinaret
1489 5475 1637 5544 (Luc.
1675 5491 1750 5540 Ix,
1781 5474 1870 5527 58.
1922 5474 2177 5545 Egerius,

520 5583 655 5625 cum
687 5582 749 5621 se
778 5563 836 5619 in
885 5562 1192 5635 egentibus
1239 5562 1394 5618 reﬁci
1427 5563 1865 5618 demonstravit.
1900 5584 1929 5613 «
1958 5562 2173 5618 Beatus

2191 4467 2212 4480 ,
2292 4415 2530 4470 mundus
2577 4417 2715 4469 totus
2757 4419 2873 4484 post
2918 4430 3044 4469 eum
3088 4394 3241 4469 abiit
3277 4413 3435 4484 (Joan.
3479 4421 3560 4466 xn,
3590 4394 3650 4463 19)

2211 4515 2252 4577 1)
2283 4505 2444 4562 aliud
2479 4483 3045 4576 poterantcogitare,
3079 4503 3214 4573 nisi,
3263 4505 3326 4555 ut
3355 4502 3514 4553 morte
3537 4485 3680 4577 eth?

2283 3262 2482 3317 minici
2514 3262 2769 3316 hominis
2800 3262 3088 3317 dicentis:

2357 3373 2384 3401 «
2405 3351 2522 3422 Ego
2546 3350 2661 3406 dixi
2687 3369 2699 3405 :
2725 3350 2980 3418 Domine,
3035 3351 3306 3406 miserere
3325 3346 3428 3403 mei
3447 3361 3458 3400 :
3477 3357 3591 3399 sana
3608 3333 3759 3422 animant

2286 3455 2497 3506 meam,
2531 3439 2669 3510 quia
2700 3439 2931 3510 peccavi
2984 3439 3115 3494 tibi.
3153 3461 3179 3487 υ
3227 3441 3352 3502 Quae
3403 3435 3572 3489 ωωειε
3594 3413 3763 3510 usqneid

2287 3532 2534 3582 mortem
2560 3543 2706 3594 ;non
2740 3527 2810 3581 ab
2842 3527 3115 3598 originali
3147 3529 3406 3592 facinore,
3435 3522 3519 3578 sed
3541 3532 3617 3590 pro
3638 3506 3765 3598 delictis

2287 3615 2485 3688 populi
2519 3616 2917 3671 contristatur.
2936 3595 3079 3684 —Vel,
3106 3639 3134 3668 ‹‹
3164 3617 3419 3672 Miserere
3446 3609 3555 3677 mei,
3581 3629 3600 3654 υ
3622 3595 3767 3688 Ecclesit‘:

2288 3675 2466 3760 dicit:
2502 3705 2640 3775 quia
2671 3704 2840 3759 multi
2875 3675 3138 3778 suntqui
3163 3708 3387 3778 peccata
3409 3675 3767 3781 committunt,

2288 3795 2464 3849 verba
2508 3793 2900 3848 excusationis
2949 3795 3330 3866 praetendunt.
3373 3789 3513 3846 Unde
3539 3766 3768 3838 Ecclesiadl‘

2291 3883 2407 3937 cit:
2443 3882 2556 3954 E80
2587 3898 2679 3936 me
2728 3898 2937 3936 accuso
2994 3899 3099 3954 pro
3146 3882 3289 3938 meis
3334 3874 3568 3952 peccatis,
3606 3865 3768 3937 quiut“

2331 3987 2537 4026 eccav1.

527 3989 888 4040 corporalem
920 3989 1058 4021 sunt
1080 3989 1402 4021 FBICI'BUUEL.
1443 3989 1587 4019 “H.111
1610 3989 1887 4020 UlVlIllLuS
1919 3989 2043 4036 qua:
2075 3989 2185 4020 ιυιι
2292 3989 2326 4043 p

527 4058 588 4111 in
638 4059 941 4128 assumpto
993 4055 1250 4120 homine,
1304 4052 1448 4108 nulli
1480 4059 1569 4108 est
1624 4053 1870 4108 obnoxia
1900 4054 2180 4124 passioni,
2269 4053 2272 4062 ³

2366 4081 2392 4110 ‹‹
2435 4058 2660 4114 Inimici
2691 4059 2804 4113 mei
2838 4059 3113 4114 dixerunt
3145 4058 3294 4115 mala
3323 4054 3484 4112 mihi:
3514 4040 3767 4138 ouantem};

2293 4149 2473 4202 rietur
2501 4151 2557 4202 et
2604 4147 2815 4218 peribit
2865 4164 3080 4204 nomen
3115 4146 3291 4219 ejus?
3325 4167 3345 4196 ι
3391 4137 3592 4204 Quando
3609 4123 3768 4219 videte:i

2293 4254 2494 4298 caecos,
2519 4235 2862 4306 illuminari,
2913 4235 3175 4307 leprosos
3207 4231 3477 4296 mundari,
3504 4223 3679 4282 sabbata

2293 4325 2454 4392 solvi,
2491 4326 2770 4380 Lazarum
2816 4325 3174 4394 resuscitari,
3209 4322 3426 4396 quando
3453 4298 3769 4433 dicebagtiftf:

3279 4413 3413 4433 n-__
3479 4402 3603 4433 νηί
3669 4397 3756 4433 -αυιί

3664 4407 3677 4450 ;
3695 4397 3756 4454 qu“

2283 4599 2379 4648 tus
2424 4591 2788 4663 eriperetur?
2819 4592 2965 4646 Nam
3011 4595 3069 4647 et
3099 4607 3250 4646 unus
3290 4605 3352 4644 ex
3381 4583 3498 4651 illis,
3526 4569 3766 4668 Caiphas

2290 4643 2376 4648 η-
2770 4643 2777 4645 ἡ
2820 4643 2836 4645 -
3018 4643 3065 4647 ν-
3106 4643 3245 4646 ηπ-
3302 4643 3307 4644 κ
3487 4643 3496 4651 ,
3754 4643 3756 4649 ,

2290 4683 2467 4746 mine,
2501 4680 2636 4735 licet
2669 4680 2934 4734 nesciens
2966 4697 3091 4751 qua:
3141 4680 3364 4742 diceret,
3415 4669 3601 4728 aiebat:

2288 4780 2344 4825 ut
2375 4787 2518 4824 unus
2547 4771 2818 4824 moriatur
2845 4785 2942 4839 pro
2976 4735 3194 4841 populo,
3234 4775 3290 4822 at
3315 4781 3415 4820 non
3442 4766 3530 4816 tota
3553 4735 3765 4841 venit“?

2287 4860 2443 4930 (Joan
2474 4875 2630 4924 xvm,
2672 4858 2754 4924 14)
2781 4857 3070 4921 «Quando
3101 4852 3455 4912 morietur?”
3486 4845 3580 4930 H09
3602 4836 3762 4930 est”???

2286 4947 2346 5001 in
2380 4944 2672 5017 Evangelii
2705 4946 2979 5017 parabola
3004 4945 3295 5008 scribitur,
3317 4935 3510 4997 colonis
3533 4914 3763 5036 dicenti):

2289 5037 2392 5090 Iste
2420 5039 2498 5090 est
2523 5033 2699 5090 Intres
2733 5036 2906 5089 venite
2934 5035 3320 5106 interﬁciamus
3347 5042 3489 5084 eum:
3513 5024 3556 5075 εἰ
3572 5009 3751 5106 ποδίνίδίῗ

2287 5123 2572 5178 haereditas
2594 5124 2778 5193 (Marc.
2810 5139 2913 5194 xu,
2951 5124 3029 5195 7),
3061 5127 3117 5178 et
3163 5139 3273 5178 non
3308 5111 3607 5176 memoretur
3641 5092 3762 5150 110men

2288 5213 2414 5283 ejus
2454 5211 2727 5282 amplius.

2362 5323 2390 5349 ‹‹
2429 5305 2498 5355 Et
2528 5301 2575 5355 si
2608 5300 3085 5373 ingrediebantur
3131 5305 3195 5355 ut
3223 5295 3476 5356 viderent,
3505 5299 3588 5339 van

2284 5389 2454 5444 batur
2483 5406 2582 5444 cor
2640 5405 2860 5445 eorum.
2898 5412 2925 5439 »
2959 5393 3314 5445 Introeuntes
3343 5361 3764 5456 pratoriumgloquf'

2287 5478 2500 5532 bantur
2521 5479 2590 5533 de
2611 5479 2779 5533 corde
2804 5479 3267 5546 malo,dicentes:
3289 5447 3456 5531 omnis
3471 5463 3554 5536 qui
3567 5447 3766 5546 “(mf-

2283 5583 2404 5637 gem
2427 5568 2748 5623 contradicit
2773 5539 3413 5641 Casari(loan.x1x,12).
3437 5551 3522 5609 Vel
3545 5546 3600 5603 ad
3621 5539 3693 5594 hoc
3711 5540 3760 5578 m-

3593 5295 3617 5332 a
3651 5272 3760 5335 loqllt”
3824 5239 3825 5310 i
