3964 6190
146 350 306 408 1005

1306 346 1804 422 BREVIABIUM
1848 346 1928 407 1N
1972 347 2360 407 PSALMUS.

3389 346 3546 407 1006

139 477 654 551 grediebantur,ut
684 475 1120 547 exstinguerent
1147 474 1489 540 Ecclesiam,
1522 480 1579 531 et
1608 476 1797 548 explo-
1825 478 1880 543 Α
1906 476 2267 531 confirmasti
2319 492 2412 530 me
2466 476 2525 530 in
2573 478 2887 545 conspectu
2940 480 3040 530 tuo
3079 477 3139 531 in
3170 479 3467 532 aeternam.
3520 499 3549 528 »

138 565 519 633 rarent,sicut
564 563 783 619 Paulus
833 563 973 618 dicit
1004 580 1016 618 :
1049 564 1198 618 Fatsi
1224 568 1426 631 fratres
1457 567 1551 635 qui
1594 567 1792 619 subin-

139 657 420 710 troierunt
457 654 754 725 explorare
782 652 1091 708 libertatem
1118 656 1362 708 nostram
1389 652 1596 723 (Galat.
1624 670 1683 718 Il,
1715 655 1790 721 4).

139 743 309 799 Vana
335 742 600 798 locutum
632 746 721 797 est
749 758 850 796 cor
877 757 1102 806 eorum,
1131 740 1336 813 lingua
1364 741 1500 796 ﬁcta
1539 740 1600 795 in
1651 740 1794 796 dile-

143 832 321 899 tione,
354 835 420 886 ut
441 830 586 885 illud
615 848 628 885 :
660 830 935 901 Magister,
985 831 1188 884 scimus
1236 830 1366 901 quia
1409 846 1585 885 verax
1628 846 1705 895 es,
1745 837 1798 884 et

144 923 292 977 viam
323 922 421 977 Dei
450 922 510 975 in
538 922 769 975 veritate
794 919 948 974 doces
977 919 1185 989 (Matth.
1217 936 1354 985 χχιι,
1392 919 1501 987 18).
1539 920 1651 973 Hoc
1697 934 1793 973 va-

146 1026 294 1065 num
326 1013 433 1065 est.
469 1031 496 1058 «
527 1012 1037 1081 Congregaverunt
1063 1007 1436 1079 iniquitatem
1466 1006 1598 1061 sibi.
1626 1030 1648 1058 ι
1676 1004 1798 1062 Cla-

148 1104 381 1155 mautes
412 1116 424 1153 :
459 1097 606 1161 Quid
655 1097 729 1152 ad
777 1114 884 1152 nos
918 1097 946 1150 ?
995 1098 1067 1150 Tu
1104 1097 1339 1155 videris,
1401 1095 1635 1167 Sanguis
1683 1097 1798 1167 ejus

144 1204 315 1259 super
350 1203 447 1241 nos
474 1190 527 1242 et
552 1202 717 1258 super
738 1185 885 1255 ﬁlios
913 1188 1145 1241 nostros.

228 1343 250 1368 ι
287 1319 751 1393 Egrediebantur
778 1318 953 1373 foras.
992 1338 1013 1367 ι
1052 1320 1247 1388 Foras,
1271 1335 1404 1374 cum
1439 1318 1636 1374 Pilato.
1670 1340 1699 1368 «
1730 1319 1802 1373 Et

149 1407 545 1479 loquebantur
588 1407 649 1461 in
697 1406 979 1478 idipsum.
1011 1406 1333 1463 Adversum
1394 1423 1486 1462 me
1530 1423 1800 1462 susurra-

151 1497 296 1551 bant
316 1512 517 1551 omnes
563 1494 787 1549 inimici
812 1495 925 1549 mei
959 1512 972 1549 :
1004 1495 1315 1550 adversum
1347 1511 1440 1550 me
1470 1496 1805 1567 cogitabant

154 1584 317 1639 mala
354 1582 518 1639 mihi.
551 1605 579 1633 »
614 1582 968 1638 Adhibentes
1018 1588 1197 1639 testes
1244 1583 1499 1656 iniquos,
1550 1589 1606 1639 et
1648 1601 1802 1655 quae-

156 1677 353 1727 rentes
392 1687 482 1727 me
529 1671 875 1727 interficere.
927 1693 955 1721 ‹‹
1003 1672 1327 1727 Adversum
1384 1689 1477 1728 me
1532 1689 1804 1727 susurra-

158 1762 323 1828 bant,
368 1760 424 1815 id
466 1764 557 1816 est
605 1761 1073 1816 murmurabant.
1111 1783 1140 1810 ‹‹
1179 1763 1393 1816 Omnes
1432 1760 1654 1816 inimici
1691 1759 1806 1815 mei

160 1848 494 1919 cogitabant
523 1847 681 1904 mala
710 1847 876 1915 mihi,
912 1870 939 1897 ››
968 1847 1289 1920 supradicti
1316 1847 1525 1919 Judmi,
1557 1847 1646 1904 vel
1690 1863 1815 1902 mo-
1843 1841 1893 1907 B

159 1936 235 1992 do
267 1940 469 1993 contra
497 1936 814 1992 Ecclesiam
844 1936 1123 1992 haeretici.

236 2064 266 2090 α
291 2043 549 2099 Verbum
578 2043 850 2115 iniquum
885 2042 1320 2099 constituerunt
1349 2044 1630 2099 adversus
1660 2060 1809 2099 me.»

92 2184 101 2189 -
157 2133 391 2189 Aientes
420 2150 433 2187 :
468 2133 632 2188 Nobis
659 2149 771 2189 non
816 2133 943 2188 licet
979 2132 1224 2188 occidere
1271 2150 1598 2204 quemquam
1625 2132 1810 2203 (Joan.

158 2239 322 2289 xvm,
356 2222 431 2293 3),
466 2221 567 2277 sed
597 2226 662 2276 tu
694 2221 887 2292 accipe
917 2226 973 2276 et
1002 2222 1276 2293 cruciﬁge
1301 2238 1457 2277 eum.
1486 2221 1586 2275 Vel
1627 2238 1812 2292 quan-

159 2310 237 2365 do
268 2310 542 2365 dixerunt
574 2326 587 2365 :
619 2312 684 2365 In
712 2309 1014 2365 Beelzebub
1052 2311 1199 2382 ejicit
1245 2311 1519 2367 daemonia
1547 2311 1697 2381 (Luc.
1733 2327 1812 2380 χι,

162 2399 284 2469 15),
314 2403 374 2453 et
405 2416 519 2453 non
552 2398 743 2454 solum
783 2415 960 2471 super
999 2401 1217 2466 vivum,
1269 2400 1368 2454 sed
1414 2399 1590 2455 etiam
1641 2415 1818 2470 super

167 2491 476 2542 mortuum
508 2486 685 2543 falsos
707 2491 887 2543 testes
918 2487 1225 2543 miserunt.

247 2616 275 2643 ‹‹
309 2593 607 2665 Numquid
657 2594 755 2665 qui
805 2594 1040 2659 dormit,
1088 2611 1205 2650 non
1253 2594 1488 2664 adjiciet
1517 2598 1583 2648 ut
1622 2610 1817 2649 resur-

173 2683 320 2755 gat?
348 2705 377 2731 »
410 2682 503 2737 Sic
552 2698 644 2737 me
675 2683 997 2738 interﬁcere
1046 2683 1419 2748 festinabant,
1471 2682 1639 2753 quasi
1688 2685 1820 2753 post

174 2774 425 2826 mortem
458 2787 759 2842 resurgere
789 2787 903 2826 non
935 2771 1231 2826 haberem.
1273 2771 1390 2826 Hoc
1438 2776 1529 2827 est
1575 2772 1766 2826 dicere
1800 2788 1813 2825 :

176 2859 278 2931 qui
313 2860 383 2914 ab
415 2858 632 2930 iniquis
660 2859 879 2930 injuste
931 2876 1137 2915 somno
1185 2861 1390 2915 mortis
1447 2859 1817 2931 opprimitur,

174 2965 294 3003 non
324 2947 632 3020 resurget?
660 2948 821 3004 Sicut
848 2948 993 3004 alias
1020 2948 1301 3020 prOpheta
1330 2948 1475 3003 dixit
1506 2966 1518 3002 :
1542 2947 1821 3019 Numquid

172 3038 275 3108 qui
304 3037 464 3108 cadit,
488 3052 595 3091 non
628 3040 873 3106 resurget
899 3038 1117 3107 (Jerem.
1151 3054 1275 3102 VIII,
1302 3037 1396 3108 4)?
1424 3037 1643 3092 Cecidit
1661 3035 1818 3091 enim

170 3141 425 3198 granum
453 3125 754 3195 frumenti,
778 3130 835 3180 et
863 3127 1073 3181 messis
1098 3126 1334 3198 copiosa
1363 3127 1635 3181 surrexit.

254 3272 281 3299 ‹‹
311 3250 535 3305 Etenim
565 3249 742 3305 homo
774 3249 935 3321 pacis
968 3266 1106 3305 meae
1155 3251 1214 3305 in
1268 3266 1383 3321 quo
1431 3250 1677 3322 speravi,
1719 3250 1817 3321 qui

164 3339 385 3395 edebat
431 3354 610 3410 panes
658 3348 840 3404 meOs,
890 3338 1286 3410 magniﬁcavit
1332 3356 1507 3410 super
1554 3356 1646 3395 me
1677 3357 1817 3412 sup-

164 3426 617 3501 plantationem.
654 3448 682 3476 »
713 3425 1188 3482 Manifestissime
1216 3427 1313 3482 hic
1339 3428 1551 3482 Judam
1593 3429 1819 3483 denun-

164 3517 285 3571 tiat
312 3515 688 3588 proditorem,
737 3515 889 3570 sicut
936 3515 1060 3585 ipse
1108 3515 1391 3571 Dominus
1420 3515 1478 3570 in
1510 3517 1818 3588 Evangelio

168 3605 262 3662 ait
291 3621 304 3660 :
341 3604 440 3660 Cui
468 3620 563 3673 ego
588 3619 789 3676 panem
814 3606 1109 3659 intinctam
1161 3605 1373 3676 dedero,
1406 3607 1523 3677 ipse
1546 3609 1624 3659 est
1639 3606 1814 3677 (Joan.

168 3711 301 3759 xm,
331 3695 455 3765 26);
487 3698 545 3749 et
571 3692 709 3748 alibi
744 3710 759 3750 :
796 3693 1011 3748 Levabit
1039 3693 1328 3749 adversum
1366 3711 1454 3749 me
1503 3695 1821 3750 calcaneum

170 3785 359 3839 (Joan.
415 3799 537 3852 xm,
587 3782 694 3853 t8).
734 3782 896 3846 Quod
945 3786 1141 3838 autem
1172 3784 1253 3837 ait
1284 3799 1297 3836 :
1331 3805 1359 3832 «
1392 3783 1500 3841 Οιιί
1528 3784 1754 3851 edebat,
1791 3806 1818 3832 ››

168 3872 289 3927 hoc
318 3875 427 3941 est,
460 3870 561 3942 qui
593 3868 882 3925 ccelestem
931 3870 1148 3937 cibum,
1189 3871 1369 3926 vitam
1416 3870 1552 3925 huic
1600 3873 1820 3928 mundo

171 3960 437 4029 dantem,
470 3958 757 4025 sumebat,
789 3962 846 4013 et
884 3956 1014 4013 aliis
1045 3958 1452 4025 distribuebat,
1493 3976 1626 4014 cum
1669 3964 1823 4015 esset

170 4046 479 4121 apostolus
510 4063 524 4101 :
559 4046 684 4119 ipse
715 4045 866 4101 hanc
894 4046 1078 4102 vitam
1111 4047 1306 4113 morti,
1340 4052 1575 4120 propter
1602 4048 1822 4121 cupidi-

172 4136 319 4192 tatis
350 4135 620 4208 pretium,
653 4136 981 4191 destinavit.

258 4264 280 4290 ι
314 4243 400 4297 Tu
430 4246 650 4308 autem,
684 4242 945 4311 Domine,
977 4243 1250 4300 miserere
1290 4244 1426 4315 mei,
1459 4249 1515 4299 et
1539 4245 1826 4300 resuscita

170 4347 295 4401 me,
329 4335 388 4387 et
416 4331 733 4386 retribuam
766 4332 871 4387 eis.
906 4354 935 4381 »
966 4332 1369 4388 Resuscitatus
1399 4338 1491 4388 est
1542 4333 1822 4388 Dominus

173 4424 383 4476 noster
410 4418 621 4475 virtute
652 4424 915 4491 paterna,
947 4420 1017 4474 ad
1069 4422 1240 4491 cujus
1290 4421 1586 4476 dexteram
1642 4422 1821 4477 sedet.

170 4512 504 4580 Antequam
533 4512 879 4581 resurgeret,
910 4508 1250 4581 anticipavit
1274 4509 1418 4565 ultio
1447 4510 1823 4580 Judam,cum

1904 565 2155 619 Maxima
2186 569 2275 619 est
2303 564 2423 619 haec
2452 563 2959 629 innocentia,cum
2982 564 3185 634 justus
3220 583 3321 636 pro
3351 566 3551 640 impiis

1906 654 2152 707 moritur
2184 670 2197 707 :
2233 652 2333 724 qui
2373 670 2489 707 non
2535 669 2662 720 sua,
2714 651 2812 706 sed
2863 656 3064 706 nostra
3092 658 3327 723 peccata
3358 660 3548 725 porta-

1902 741 2000 795 vit.
2034 741 2276 812 Propter
2305 757 2481 812 quam
2511 739 2926 809 innocentiam,
2961 743 3019 794 et
3049 756 3083 795 a
3110 740 3278 795 Patre
3329 742 3553 798 devicta

1905 834 2111 896 morte,
2145 845 2278 883 cum
2306 834 2612 902 assumpta
2641 845 2815 884 carne
2846 833 3157 901 susceptus
3187 831 3277 884 est
3303 830 3365 884 in
3396 830 3553 885 ccele-

1906 918 2118 973 stibus.

1982 1030 2003 1053 σ
2040 1007 2388 1062 Benedictus
2420 1006 2706 1062 Dominus
2739 1011 2887 1062 Deus
2920 1006 3095 1062 Israel
3140 1024 3175 1062 a
3221 1006 3450 1078 saeculo,
3497 1010 3556 1063 et

1907 1111 2095 1166 usque
2127 1095 2184 1149 in
2215 1094 2522 1161 saeculum,
2554 1096 2675 1163 fiat,
2709 1096 2829 1150 ﬁat.
2860 1116 2889 1145 ι)
2924 1100 3034 1151 Pro
3065 1095 3180 1165 ﬁat,
3212 1096 3331 1165 ﬁat,
3352 1095 3410 1149 in
3443 1094 3557 1150 He-

1906 1183 2059 1238 braeo
2089 1183 2368 1238 scribitur
2395 1200 2583 1253 amen,
2616 1200 2795 1254 amen,
2828 1184 2986 1255 quod
3024 1183 3256 1254 Aquila,
3285 1203 3561 1237 πεπιστω-

1914 1270 2112 1343 μένως,
2167 1271 2226 1326 id
2283 1276 2372 1326 est
2427 1288 2570 1338 vere,
2627 1272 2746 1327 sive
2799 1272 3061 1344 ﬁdeliter,
3119 1272 3440 1328 transtulit.
3501 1272 3569 1327 Et

1910 1360 2214 1416 sciendum
2247 1360 2499 1431 primum
2529 1359 2744 1415 librum
2776 1360 3042 1416 Psalterii
3101 1362 3193 1416 hic
3251 1377 3380 1417 esse
3435 1360 3566 1415 ﬁni-

1910 1454 2059 1503 tum.
2093 1448 2427 1503 Secundum
2456 1464 2589 1503 vero
2637 1464 2765 1503 esse
2815 1465 2849 1521 a
2897 1449 3347 1521 quadragesimo
3378 1449 3570 1520 primo

1913 1553 2101 1607 usque
2157 1537 2226 1591 ad
2288 1536 2788 1607 septuagesimum
2834 1518 3139 1608 'primum.
3198 1538 3480 1607 Tertium,
3537 1554 3572 1590 a

1915 1625 2350 1696 septuagesimo
2381 1625 2639 1679 secundo
2672 1642 2858 1696 usque
2906 1627 2965 1680 in
3015 1627 3441 1699 octogesimum
3475 1642 3570 1680 oc-

1912 1720 2130 1769 tavum.
2181 1715 2487 1781 Quartum,
2540 1713 2614 1767 ab
2661 1715 3018 1786 octogesimo
3071 1732 3223 1770 nono
3273 1731 3463 1787 usque
3510 1714 3569 1768 in

1922 1803 2311 1859 centesimum
2342 1802 2638 1874 quintum.
2673 1802 2975 1875 Quintum,
3006 1820 3140 1860 vero
3180 1820 3215 1859 a
3255 1803 3572 1859 centesimo

1923 1896 2085 1948 sexto
2116 1908 2304 1962 usque
2334 1891 2405 1947 ad
2438 1891 2634 1947 finem.

2494 1979 2827 2036 PSALMUS
2866 1980 3002 2037 XLI.

1923 2075 1987 2128 In
2016 2072 2181 2141 ﬁnem
2207 2070 2514 2124 intellectus
2567 2070 2706 2138 ﬁliis
2755 2069 2905 2137 Core,
2955 2071 3237 2141 Psalmus.
3277 2071 3341 2124 In
3388 2071 3577 2141 ﬁnem,

1996 2140 2053 2195 in
2087 2141 2357 2197 Christo:
2394 2141 2703 2195 intellectus
2734 2158 2753 2212 ,ἡ
2783 2140 2892 2196 hoc
2922 2146 3030 2212 est,
3082 2140 3411 2196 intellectus
3462 2140 3581 2212 spig

1995 2212 2245 2267 ritualis.
2289 2212 2448 2266 Filiis
2489 2212 2624 2266 Core
2671 2230 2689 2265 :
2739 2211 2796 2265 id
2842 2218 2953 2279 est,
3008 2210 3145 2267 filiis
3192 2213 3430 2275 Christi,
3482 2210 3585 2279 qui

1997 2289 2137 2339 sunt
2167 2284 2489 2338 credentes.
2537 2284 2791 2337 Psalmus
2839 2299 3037 2339 vocem
3083 2283 3343 2340 continet
3390 2282 3583 2337 Eccle-

1998 2355 2119 2410 εἰῶ.
2153 2355 2272 2409 sive
2305 2352 2492 2409 ﬁdelis
2521 2354 2627 2407 viri
2653 2354 2835 2409 Deum
2870 2354 3281 2409 desiderantis.

2002 2465 2028 2493 ‹‹
2089 2443 2596 2506 Quemadmodum
2654 2443 2949 2497 desiderat
3002 2459 3206 2499 cervus
3263 2444 3334 2499 ad
3389 2444 3579 2499 fontes

1926 2548 2215 2604 aquarum
2250 2548 2262 2585 :
2298 2531 2378 2585 ita
2408 2530 2703 2586 desiderat
2733 2531 2933 2586 anima
2963 2547 3095 2587 mea
3122 2531 3194 2586 ad
3225 2535 3300 2602 te,
3338 2533 3507 2587 Deus.
3545 2555 3566 2581 ιι

1926 2621 2191 2676 Primum
2222 2620 2375 2675 enim
2411 2619 2859 2692 intelligendum
2893 2625 2982 2675 est
3021 2636 3201 2691 quare
3248 2619 3335 2675 vel
3384 2620 3572 2693 quali-

1925 2714 2013 2765 ter
2037 2710 2331 2765 desiderat
2361 2725 2564 2763 cervus
2612 2708 2684 2762 ad
2732 2708 2923 2763 fontes
2953 2725 3260 2779 aquarum.
3313 2713 3433 2764 Mos
3482 2714 3574 2764 est

1928 2798 2086 2854 enim
2139 2799 2287 2869 ejus,
2338 2803 2401 2851 ut
2448 2798 2746 2851 inventum
2778 2803 3107 2867 serpentem
3154 2796 3396 2853 naribus
3426 2797 3567 2852 hau-

1927 2887 2060 2957 riat,
2093 2891 2151 2942 et
2197 2891 2329 2958 post
2370 2885 2492 2940 haec
2539 2886 2940 2956 exardescens,
3000 2886 3336 2957 exstinguat
3382 2885 3563 2941 sitim.

1927 2976 2077 3047 Ergo
2134 2974 2309 3029 homo
2359 2973 2649 3043 Ecclesiae,
2700 2974 2799 3045 qui
2842 2974 2943 3028 diu
2988 2973 3049 3027 in
3100 2978 3232 3028 actu
3280 2990 3569 3047 venenoso

1929 3064 2194 3135 degebat,
2249 3064 2346 3117 ubi
2404 3063 2685 3134 perspicit
2739 3079 2898 3119 cerno
2954 3062 3375 3130 fornicationis,
3443 3063 3567 3118 ido-

1928 3151 2170 3207 lolatriae
2236 3152 2413 3207 fetore
2480 3152 2763 3223 repletum
2826 3170 2839 3207 :
2900 3153 3193 3209 desiderat
3254 3152 3450 3208 venire
3496 3152 3571 3207 ad

1928 3242 2248 3309 Christum,
2279 3241 2338 3296 in
2370 3258 2483 3313 quo
2513 3246 2603 3297 est
2630 3241 2759 3297 fons
2789 3241 3051 3312 luminis,
3085 3246 3167 3313 ut,
3200 3243 3437 3297 ablutus
3469 3241 3571 3295 ha-

1928 3332 2166 3403 ptismo,
2216 3329 2462 3402 accipiat
2511 3332 2730 3385 donum
2780 3331 3164 3387 remissionis.
3211 3332 3333 3386 Scit
3390 3330 3571 3398 enim,

1929 3419 2067 3490 quia
2097 3418 2210 3473 nisi
2248 3418 2381 3489 quis
2432 3424 2670 3474 renatus
2717 3418 2891 3473 fuerit
2937 3435 3007 3473 ex
3054 3435 3207 3490 aqua
3252 3423 3310 3473 et
3351 3416 3570 3489 Spiritu

1928 3511 2151 3574 sancto,
2185 3524 2298 3562 non
2332 3507 2569 3562 habebit
2592 3507 2768 3562 vitam
2800 3512 3073 3562 aeternam
3124 3510 3314 3579 (Joan.
3366 3524 3451 3572 ιιι,
3494 3506 3569 3577 3).

1930 3597 2040 3652 Sed
2097 3601 2155 3651 et
2200 3596 2248 3651 si
2301 3595 2435 3666 quis
2491 3596 2664 3651 hodie
2720 3600 3012 3664 nostrum,
3054 3595 3355 3651 exstinctis
3390 3594 3571 3662 vitiis,

1928 3685 2191 3756 ignescet
2219 3684 2278 3738 in
2309 3684 2663 3739 desiderium
2699 3684 3009 3740 Dominicae
3040 3683 3570 3756 contemplationis,

1928 3777 2121 3845 potest
2150 3779 2207 3827 et
2243 3772 2367 3844 ipse
2412 3771 2601 3827 dicere
2632 3790 2645 3827 :
2675 3772 2815 3844 quia
2859 3772 3151 3829 desiderat
3198 3773 3396 3829 anima
3442 3789 3574 3829 mea

1930 3863 2002 3917 ad
2033 3866 2111 3927 te,
2143 3862 2316 3927 Deus,
2351 3860 2460 3916 hoc
2490 3866 2598 3930 est,
2647 3860 2847 3917 relicto
2887 3861 3119 3928 saeculo,
3152 3862 3225 3918 ad
3256 3866 3315 3917 te
3344 3862 3571 3917 deside-

1930 3966 1992 4005 ro
2021 3948 2293 4004 transire.

2004 4063 2029 4088 α
2063 4038 2255 4094 Sitivit
2284 4037 2484 4094 anima
2513 4054 2643 4093 mea
2672 4040 2743 4093 ad
2783 4039 2966 4094 Deum
3024 4039 3243 4107 fortem
3275 4038 3490 4092 vivum.
3546 4060 3573 4086 ››

1929 4128 2054 4183 Non
2083 4127 2151 4182 ad
2188 4130 2420 4181 mortua
2449 4127 2786 4194 simulacra,
2818 4129 2919 4182 sed
2947 4128 3019 4182 ad
3050 4127 3215 4181 illum
3250 4126 3350 4197 qui
3380 4127 3525 4182 dixit
3555 4143 3569 4181 :

1936 4218 2058 4273 Vivo
2089 4231 2204 4286 ego,
2233 4214 2363 4269 dicit
2393 4216 2653 4270 Dominus
2702 4234 2718 4268 :
2767 4217 2906 4286 quia
2951 4215 3093 4270 mihi
3134 4216 3383 4285 ﬂectetur
3420 4231 3580 4271 omne

1931 4322 2085 4377 genu
2130 4305 2321 4372 (Num.
2373 4304 2507 4375 χιν).
2569 4304 2771 4371 Vivus,
2818 4303 2957 4374 quia
3003 4304 3127 4375 ipse
3175 4304 3319 4359 dicit
3367 4322 3380 4359 :
3432 4305 3584 4359 Sicut

1930 4394 2082 4447 misit
2106 4408 2193 4446 me
2218 4392 2396 4445 vivens
2432 4393 2617 4460 Pater,
2648 4393 2698 4445 et
2726 4405 2820 4460 ego
2866 4392 2985 4445 vivo
3027 4397 3250 4462 propter
3289 4392 3510 4446 Patrem
3562 4408 3581 4444 :

1932 4485 1984 4536 et
2017 4482 2114 4551 qui
2140 4480 2312 4534 credit
2339 4481 2395 4533 in
2427 4496 2535 4550 me,
2567 4487 2621 4534 et
2651 4481 2768 4551 ipse
2816 4481 2960 4533 vivet
3002 4483 3226 4551 propter
3273 4495 3359 4533 me
3402 4480 3580 4549 (Joan.

174 4614 319 4653 eum
349 4566 627 4652 interitus
659 4566 892 4652 debitus
922 4566 1448 4669 suggillavit.Quod
1479 4566 1683 4652 autem,
1706 4598 1786 4652 ait
1816 4614 1830 4652 :
1864 4570 1910 4634 D
1940 4588 1994 4669 3’
2004 4570 2231 4669 {58)1‘:
2245 4568 2485 4669 θθίξθδο
2509 4568 2830 4669 ,νίῖῐῖίδωιθδ
2854 4569 3148 4669 ξρρδνξὼο
3184 4571 3331 4669 fth
3378 4566 3584 4669 facie“?

176 4685 528 4741 Retribuam
560 4684 666 4756 illi,
701 4685 968 4740 futurum
998 4686 1051 4741 ei
1083 4685 1375 4756 judicium
1423 4687 1831 4742 comminatur.

260 4833 287 4860 «
319 4809 379 4865 In
410 4810 520 4865 hoc
549 4809 790 4882 cognovi
836 4808 1114 4881 quoniam
1164 4809 1398 4865 voluisti
1444 4827 1557 4866 me.
1592 4833 1620 4860 ›ι
1652 4811 1833 4866 Resu-

175 4899 406 4957 scitans
439 4915 587 4955 me.«
612 4898 901 4965 Quoniam
924 4916 1039 4954 non
1066 4898 1346 4970 gaudebit
1374 4898 1650 4955 inimicus
1670 4917 1838 4956 meus

175 5005 363 5059 super
391 5005 505 5043 me.
541 5010 570 5037 »
599 4986 876 5043 Diabolus
911 5004 923 5043 :
963 4988 1133 5059 cujus
1164 4987 1442 5045 instinctu
1483 4988 1605 5043 haac
1647 4989 1837 5045 Judaei

173 5080 324 5134 sunt
348 5076 569 5148 Operati
602 5093 615 5131 :
650 5093 768 5133 non
790 5080 880 5133 est
912 5076 1150 5149 gavisus
1172 5093 1304 5133 eum
1336 5077 1638 5134 retinendo
1669 5078 1728 5133 in
1749 5078 1838 5133 in-

176 5164 346 5221 feris.

257 5294 284 5321 ‹‹
320 5271 413 5326 Me
442 5276 641 5327 autem
691 5276 932 5345 prepter
980 5272 1372 5329 innocentiam
1424 5274 1751 5346 suscepisti,
1786 5279 1843 5331 et

262 5397 277 5431 ¹
310 5396 472 5469 Quod
501 5397 690 5452 cervis
722 5402 1128 5469 comparatum
1182 5403 1283 5469 est
1318 5415 1351 5451 a
1398 5403 1628 5463 natura,
1666 5399 1720 5453 id
1770 5399 1841 5454 ad

182 5468 473 5525 moralem
524 5484 785 5541 sensum_
814 5468 1117 5541 torquent,
1144 5468 1405 5541 plerique
1443 5475 1698 5525 veterum
1734 5474 1839 5525 Pa-

180 5548 370 5613 trum,
402 5544 459 5595 et
511 5556 645 5595 cum
700 5538 1343 5613 primisPEpiphanius',
1386 5540 1444 5595 in
1497 5541 1841 5613 Physiologo,

184 5611 296 5668 ubi
329 5626 590 5681 cervum,
626 5609 1216 5683 serpentibus—halitu
1265 5628 1373 5667 suo
1404 5609 1630 5682 excitis,
1657 5609 1846 5684 iisque

1942 4658 2042 4714 Dei
2074 4657 2231 4713 mei?
2264 4681 2285 4709 ι
2341 4664 2422 4711 Ac
2474 4658 2522 4712 si
2556 4657 2772 4713 diceret
2804 4675 2817 4711 :
2851 4657 3091 4720 Quando
3118 4654 3228 4712 erit
3256 4660 3491 4728 tempus
3523 4659 3589 4709 ut

1945 4746 2045 4801 illa
2074 4745 2260 4819 gloria
2289 4762 2407 4816 qua
2435 4746 2772 4800 efﬁciuntur
2801 4746 2986 4801 sancti
3016 4745 3344 4801 conformes
3390 4743 3586 4815 glorias

1947 4841 2082 4898 tuae,
2138 4851 2244 4907 ego
2291 4835 2348 4888 in
2399 4834 2658 4889 claritate
2708 4851 2840 4889 cum
2890 4834 3009 4889 illis
3057 4833 3409 4906 appaream?
3460 4831 3585 4904 Vel,

1954 4946 1980 4977 α
2011 4925 2244 4996 quando
2271 4924 2523 4994 veniam,
2550 4946 2577 4972 »
2601 4923 2657 4978 id
2692 4928 2801 4988 est,
2833 4924 3065 4995 quando
3116 4922 3226 4978 erit
3273 4922 3415 4977 illud
3449 4927 3591 4977 tem-

1947 5029 2081 5085 pus,
2112 5029 2228 5084 quo
2258 5012 2516 5068 Ecclesia
2563 5012 2687 5067 vult
2735 5011 2973 5068 dissolvi
3022 5030 3057 5068 a
3102 5028 3342 5084 corpore
3378 5015 3431 5067 et
3463 5026 3592 5067 esse

1948 5117 2082 5156 cum
2113 5100 2387 5156 Christo?
2419 5119 2440 5148 ι
2473 5101 2543 5155 Et
2574 5101 2788 5173 parebo
2836 5105 2969 5156 ante
3013 5101 3217 5156 faciem
3250 5100 3351 5155 Dei
3383 5100 3527 5167 mei;
3564 5121 3591 5148 »

1948 5190 2005 5244 id
2040 5193 2148 5257 est,
2182 5193 2316 5245 ante
2344 5194 2720 5261 conspectum
2752 5189 3094 5261 divinitatis,
3116 5195 3175 5245 et
3201 5194 3341 5244 tunc
3368 5187 3593 5245 videbi-

1951 5294 2087 5333 mus
2117 5293 2252 5332 eum
2284 5277 2454 5333 sicuti
2484 5282 2591 5332 est.

1952 5402 2265 5467 devoratis,
2304 5402 2623 5467 obiturum,
2676 5401 2776 5471 ait,
2828 5407 3098 5468 mortem,
3148 5402 3260 5458 nisi
3308 5418 3596 5459 venenum

1954 5479 2091 5556 ante
2145 5473 2324 5556 trium
2377 5474 2652 5556 horaer
2698 5473 3335 5556 spatium_przevertat.
3394 5474 3600 5556 Noster

2076 5549 2280 5671 εἴσεισι·
2307 5560 2375 5599 ex
2405 5543 2505 5599 illo
2548 5543 2836 5615 Epiphani
2883 5543 3222 5604 testimonio
3272 5544 3601 5619 sumpsisse

1954 5633 2009 5671 v1
2053 5633 2084 5672 e
2113 5633 2202 5671 ur.
