3964 6190
535 347 687 406 1007

2019 338 2441 402 ΑΡΡΕΝΒΙΧ.

3672 347 3769 405 1008

604 480 895 532 «Fuerunt
918 477 1060 531 mihi
1095 476 1359 548 lacrymaa
1384 492 1522 530 mea:
1547 492 1724 547 panes
1747 475 1838 530 die
1862 492 1927 530 ac
1951 478 2170 529 nocte.»
2204 476 2259 540 Α
2292 475 2476 528 fontes
2508 485 2813 542 aquarum,
2849 485 3070 524 memor
3120 468 3228 522 fuit
3268 469 3321 522 in
3363 468 3631 529 humilitate
3655 481 3770 548 pani.

531 567 830 630 Quomodo
872 569 1062 636 potest
1091 565 1160 618 de
1203 564 1477 635 lacrymis
1527 564 1691 635 panis
1741 564 1901 618 fieri?
1954 568 2176 626 Potest;

533 657 688 727 quia,
723 655 875 710 sicut
905 671 1115 725 corpus
1147 653 1392 708 satiatur
1421 654 1490 707 de
1523 669 1689 724 pane,
1742 653 1820 707 ita
1867 652 2062 706 anima
2111 652 2180 704 de

532 744 826 816 lacrymis,
861 742 1001 813 quia
1031 741 1238 796 exinde
1269 746 1464 812 sperat
1487 740 1890 795 remissionem
1925 747 2180 811 peccato-

533 849 664 887 rum
698 832 929 885 habere.
965 830 1156 884 Fletus
1187 846 1251 884 ac
1282 829 1534 901 gemitus
1581 834 1747 884 erant
1795 828 1937 882 mihi
1989 845 2056 882 ac
2097 827 2178 881 la-

534 920 838 984 mentatio,
871 920 943 973 ob
974 918 1329 973 desiderium
1362 919 1466 972 tui.
1505 942 1530 966 ‹‹
1565 918 1715 972 Dum
1766 917 1978 971 dicitur
2036 915 2178 970 mihi

535 1009 793 1078 quotidie
827 1025 838 1061 ε
878 1007 979 1062 Ubi
1034 1011 1122 1062 est
1172 1007 1324 1061 Deus
1375 1015 1527 1060 tuus.
1563 1028 1589 1055 »
1625 1006 1926 1076 Siquidem
1970 1004 2178 1075 pagani

537 1098 674 1152 deos
726 1113 864 1150 suos
915 1096 1094 1166 digito
1155 1096 1489 1160 ostendunt,
1535 1099 1589 1148 et
1637 1095 1708 1148 ob
1758 1095 1864 1148 hoc
1909 1093 2181 1162 ingerunt

538 1185 680 1239 mihi
739 1185 1110 1256 improperia.
1175 1185 1330 1239 Unde
1387 1184 1594 1248 sciant,
1648 1184 1784 1254 quia
1833 1199 1936 1253 ego
1988 1186 2180 1236 mente

536 1275 718 1328 Deum
752 1289 946 1328 meum
982 1273 1341 1327 reconditum
1386 1278 1570 1337 teneo,
1607 1277 1665 1326 et
1695 1288 1796 1342 per
1844 1270 2176 1325 interiorem

535 1362 831 1417 hominem
865 1378 995 1414 cum
1032 1362 1157 1432 ipso
1189 1360 1405 1414 habito.

609 1475 635 1500 ‹‹
670 1456 799 1505 Haec
831 1451 1168 1505 recordatus
1201 1465 1355 1516 sum,
1389 1454 1446 1502 et
1478 1448 1654 1502 eﬂ‘udi
1691 1447 1747 1500 in
1783 1463 1872 1500 me
1919 1447 2178 1501 animam

536 1557 783 1595 meam.»
818 1545 962 1593 Dum
997 1539 1102 1592 hoc
1135 1537 1554 1608 imprOperium
1589 1536 1846 1606 quotidie
1879 1537 2179 1590 sustinens

537 1643 944 1695 memorarem,
976 1625 1287 1695 liquefacta
1331 1630 1420 1679 est
1467 1625 1524 1678 in
1575 1640 1668 1678 me
1716 1624 1914 1678 anima
1945 1641 2091 1687 mea,
2125 1627 2180 1678 et

535 1718 698 1772 tabui
730 1717 787 1770 in
819 1720 1069 1770 tractatu
1105 1731 1118 1770 :
1152 1731 1284 1768 cum
1311 1729 1498 1784 neque
1528 1713 1585 1766 in
1619 1712 1761 1767 caelo
1794 1729 1980 1783 neque
2028 1717 2181 1767 terra

536 1807 717 1861 Deum
751 1821 946 1858 meum
981 1819 1213 1858 cernere
1245 1819 1475 1874 possem
1519 1801 1840 1869 visibiliter,
1875 1802 1974 1856 sed
2026 1801 2178 1856 inve-

539 1894 704 1948 niens
736 1911 869 1948 eum
903 1894 960 1946 in
991 1897 1182 1947 mente
1231 1909 1360 1947 mea
1408 1891 1833 1962 gubernantem
1870 1907 1961 1945 me
1997 1907 2060 1944 ac
2091 1891 2178 1944 di-

538 1984 819 2054 rigentem
866 1983 926 2037 in
976 1983 1072 2036 illo
1119 1982 1492 2036 tabernaculo
1543 1981 1921 2051 sempiterno,
1952 1980 2022 2035 de
2066 1997 2179 2050 quo

538 2072 746 2144 loquor
776 2090 792 2125 :
826 2096 852 2122 ‹‹
889 2071 1174 2139 Quoniam
1206 2071 1467 2125 transibo
1501 2070 1558 2123 in
1592 2069 1783 2124 locum
1819 2068 2179 2124 tabernaculi

538 2160 902 2216 admirabilis
935 2177 1120 2231 usque
1150 2161 1220 2214 ad
1253 2160 1494 2214 domum
1525 2156 1684 2214 Dei.»
1715 2157 2180 2213 Tabernaculum

537 2251 658 2320 Dei,
687 2249 946 2306 Ecclesia
992 2254 1098 2315 est,
1149 2265 1276 2318 quae
1324 2248 1514 2302 adhuc
1564 2248 1968 2318 peregrinatur
1999 2265 2032 2302 a
2071 2253 2178 2301 Do-

537 2340 723 2401 mino;
778 2355 878 2410 per
920 2354 1098 2407 quam
1149 2338 1219 2391 ad
1269 2339 1482 2390 aeterna
1538 2336 1933 2403 tabernacula,
1985 2336 2042 2390 id
2094 2340 2183 2390 est

537 2428 607 2482 ad
640 2427 929 2481 caelestem
960 2425 1307 2490 Jerusalem,
1354 2441 1480 2494 quae
1530 2429 1619 2478 est
1674 2428 1860 2480 mater
1914 2425 2178 2478 omnium

535 2527 822 2583 nostrum,
855 2514 1103 2567 venitur.
1141 2513 1198 2566 1n
1244 2529 1359 2583 qua
1408 2518 1548 2567 sunt
1595 2511 1760 2566 multi
1811 2512 2180 2567 admirabiles

535 2608 591 2657 et
621 2602 934 2656 virtutibus
965 2600 1144 2656 sacris
1176 2601 1458 2672 pollentes
1489 2617 1500 2654 :
1527 2602 1666 2671 quia
1706 2601 1969 2656 aedificati
2004 2618 2180 2672 super

529 2691 980 2747 fundamentum
1013 2689 1430 2760 apostolorum,
1475 2694 1752 2756 tanquam
1804 2707 1920 2744 una
1968 2690 2179 2745 domus

531 2780 840 2835 habentur.
896 2781 956 2833 In
1007 2796 1180 2850 quam
1240 2779 1347 2832 iste
1396 2782 1590 2832 mente
1644 2778 1998 2849 ingrediens,
2054 2779 2177 2848 qui,

532 2867 731 2922 relicta
759 2866 1106 2932 idololatria,
1133 2868 1257 2935 jam
1285 2871 1634 2938 cognoverat
1653 2867 1931 2937 baptismi
1985 2883 2177 2921 sacra-

532 2962 747 3022 menta,
794 2956 1094 3012 admirans
1140 2956 1509 3010 harmoniam
1559 2956 1774 3010 Cantici
1828 2955 2174 3027 spiritualis,

535 3063 637 3117 per
662 3046 1009 3100 suavitatem
1043 3049 1267 3099 aeternae
1316 3043 1660 3113 dulcedinis,
1695 3044 2042 3099 accessitad
2075 3044 2175 3098 do-

536 3151 699 3189 mum
732 3133 854 3202 Dei,
892 3134 1046 3204 quod
1079 3140 1168 3188 est
1214 3133 1428 3187 Sancta
1474 3137 1834 3187 sanctorum.
1890 3133 1955 3187 Et
2007 3132 2174 3203 quasi

2292 561 2502 624 tentias,
2529 565 2586 614 et
2619 558 2892 630 baptismi
2927 557 3224 612 ablatione
3255 557 3424 612 abluit
3449 567 3598 617 vetera
3619 565 3770 622 delicta:

2290 647 2798 703 anathematizavit
2856 650 3089 718 peccata
3145 663 3272 715 sua,
3328 651 3379 701 et
3428 665 3521 702 non
3562 667 3609 705 se
3648 656 3773 708 extulit

2292 753 2570 808 magnum
2623 735 2947 807 gloriando,
2999 735 3102 790 sed
3157 735 3338 790 effecit
3377 737 3625 807 parvulum
3661 749 3774 812 pani-

2287 826 2483 880 tendo.

2361 937 2388 962 «
2432 915 2690 984 Abyssus
2735 913 3012 984 abyssum
3062 912 3303 968 invocat.
3357 936 3376 961 υ
3425 914 3582 970 Multa
3615 927 3706 972 sunt
3737 923 3774 975 de

2289 1002 2497 1072 abysso
2530 1002 2831 1073 opiniones
2881 1018 3028 1072 quae,
3082 1002 3414 1072 opportunis
3456 1002 3572 1059 locis
3607 1007 3774 1077 explana-

2289 1091 2528 1145 buntur.
2581 1091 2726 1145 Nam
2776 1090 2886 1154 hic,
2923 1113 2950 1139 ‹‹
2986 1091 3236 1161 abyssus
3282 1091 3529 1162 abyssum
3567 1092 3773 1159 invocat,»

2289 1197 2422 1233 cum
2472 1178 2556 1234 vel
2600 1180 2778 1234 Vetus
2825 1179 3266 1234 Testamentum
3313 1180 3512 1234 Novum
3552 1187 3772 1242 annuntiat;

2289 1267 2372 1322 vel
2425 1268 2646 1322 Novum
2697 1271 2874 1322 Vetus
2924 1267 2984 1322 in
3044 1269 3437 1323 testimonium
3491 1276 3634 1324 vocat.
3673 1271 3772 1326 Yet-cs

2290 1357 2602 1410 annuntiat
2633 1356 2878 1426 Novum,
2911 1373 3050 1411 cum
3099 1357 3244 1412 dicit
3291 1358 3496 1429 Moyses
3532 1362 3771 1430 :Pmphdar.

2288 1446 2436 1500 vobis
2498 1446 2782 1500 suscz'tabz't
2845 1446 2980 1500 Deus
3042 1447 3108 1501 de
3168 1446 3427 1518 fratribus
3481 1451 3630 1502 vestris
3675 1450 3769 1517 {Dat

2288 1553 2448 1605 xvui,
2485 1535 2592 1605 15).
2626 1535 2848 1589 Novum
2888 1551 3021 1589 vero
3072 1535 3256 1591 Vetus
3301 1537 3358 1590 in
3402 1537 3770 1592 testimoniuva

2290 1627 2382 1676 cat
2411 1639 2543 1676 cum
2575 1623 2715 1677 dicit
2747 1622 2964 1678 Paulus
2999 1641 3011 1678 :
3049 1623 3313 1680 Bibebant
3339 1624 3399 1680 de
3434 1629 3630 1696 sequenti
3646 1637 3769 1696 petra:

2289 1719 2440 1780 petra
2495 1715 2681 1766 autem
2726 1716 2844 1766 erat
2895 1711 3149 1768 Christus
3197 1713 3245 1784 (I
3290 1714 3402 1769 Cor.
3450 1729 3498 1779 ι,
3544 1715 3600 1778 4).
3639 1713 3770 1784 Pmpte:

2291 1799 2747 1870 profunditatem
2797 1800 2953 1855 enim
3004 1800 3418 1874 intelligentiae,
3447 1803 3661 1857 dicuntur
3685 1803 3770 1872 abys

2291 1904 2412 1942 sus.
2449 1910 2476 1937 ‹‹
2511 1889 2573 1942 In
2604 1905 2740 1944 voce
2769 1894 3200 1945 cataractarum
3223 1895 3499 1946 tuarum»
3529 1896 3582 1946 In
3603 1908 3769 1960 vocepro-

2291 1977 2755 2049 pheturum.quee
2786 1981 3103 2034 adventum
3137 1979 3363 2034 Domini
3394 1980 3769 2035 annuntiavitJde:

2291 2067 2446 2122 enim
2502 2073 2802 2122 cataractae
2833 2067 3132 2135 dicuntur,
3166 2069 3303 2140 quia
3332 2070 3580 2125 obscurus
3604 2071 3645 2122 in
3660 2084 3769 2123 eorum

2293 2155 2596 2227 prophetia
2625 2156 2907 2212 adventus
2935 2157 3171 2212 Domini
3202 2159 3327 2226 fuit,
3360 2175 3455 2213 nec
3496 2176 3523 2213 a
3559 2157 3705 2213 Judais
3728 2169 3768 2208 es:

2290 2243 2636 2301 intellectus.
2669 2245 2990 2301 Annuntiat
3012 2247 3170 2301 enim
3200 2247 3317 2302 haec
3343 2264 3444 2302 vox
3460 2245 3769 2318 judiciumlutu-

2292 2350 2444 2400 rum,
2477 2333 2563 2388 vel
2590 2334 2661 2389 de
2691 2333 2997 2390 beatorum
3031 2334 3368 2407 meritis,vel
3396 2337 3459 2391 de
3485 2333 3768 2408 suppliciisin-

2293 2422 2543 2494 piorum.

2363 2534 2391 2561 ‹‹
2435 2511 2642 2567 Omnia
2689 2511 2916 2568 excelsa
2961 2517 3085 2569 tua:
3133 2518 3188 2569 et
3234 2515 3434 2569 ﬂuctus
3473 2515 3543 2570 tui
3578 2529 3697 2584 super
3723 2524 3769 2562 ne

2291 2601 2702 2654 transierunt.»
2729 2601 2978 2656 Excelsa:
3011 2608 3152 2658 sunt
3181 2607 3350 2674 atque
3377 2609 3602 2675 potentes
3629 2601 3685 2654 ha:
3716 2599 3770 2650 ml-

2291 2705 2395 2755 nzc,
2448 2705 2548 2758 per
2595 2706 2744 2760 quas
2796 2690 3002 2746 mortis
3047 2691 3337 2762 judicium
3384 2686 3773 2756 minabariszquii

2291 2793 2405 2830 non
2436 2778 2635 2831 statim
2659 2778 2934 2833 decidunt
2963 2787 3207 2852 propter
3227 2781 3540 2836 immensam
3561 2775 3772 2850 patientiam
3842 2819 3843 2850 ἶ

2288 2869 2471 2919 tuam.
2505 2865 2742 2921 Fluctus
2790 2872 2983 2932 autem
3040 2875 3181 2925 sunt
3232 2889 3243 2926 :
3293 2871 3422 2925 dum
3467 2886 3522 2924 ea
3561 2863 3770 2921 adveniunt.
3842 2873 3843 2910 l

2290 2970 2413 3024 qua)
2462 2954 2692 3009 fuerunt
2741 2956 3125 3012 comminata.
3176 2959 3303 3015 Ideo
3334 2959 3434 3014 iste
3461 2957 3576 3012 dicit
3609 2964 3773 3019 easuper
3842 2954 3843 3018 ξ

2288 3057 2349 3096 se
2381 3042 2645 3112 ingressa
2677 3060 2688 3096 :
2724 3061 2857 3098 cum
2892 3046 2949 3099 in
2983 3046 3295 3102 desideriis
3325 3044 3616 3101 mortalibus
3634 3041 3770 3109 degens.

2284 3132 2622 3186 verberatus
2653 3131 2862 3204 plagis,
2896 3135 3167 3190 eruditus
3214 3140 3318 3203 est,
3369 3140 3429 3190 ut
3474 3133 3686 3188 desideret
3715 3125 3771 3178 De

535 3222 827 3277 diceretur
863 3203 962 3278 ei:
1003 3221 1142 3286 Quis
1186 3226 1242 3276 te
1290 3221 1403 3275 huc
1452 3221 1692 3276 adduxit
1725 3239 1736 3276 :
1769 3221 1879 3288 vel,
1930 3221 2180 3292 qualiter
2211 3203 2252 3269 C
2292 3219 2490 3273 minus
2519 3219 2736 3274 vivum.

537 3311 651 3366 huc
680 3311 891 3367 venisti
923 3328 934 3365 :
971 3310 1209 3382 ve1,quo
1241 3310 1560 3366 delectatus
1587 3327 1669 3379 es,
1707 3316 1768 3365 ut
1799 3311 1912 3365 huc
1942 3310 2174 3365 accede-

537 3401 667 3456 res?
697 3401 1018 3472 Respondit
1051 3417 1064 3453 :

609 3513 635 3538 ‹‹
690 3491 751 3543 In
800 3505 937 3544 voce
995 3488 1396 3543 exsultationis
1449 3493 1504 3543 et
1561 3487 1964 3553 confessionis,
1997 3504 2177 3543 sonus

537 3576 849 3647 epulantis.
884 3598 910 3625 »
944 3575 1282 3645 Exsultatio,
1317 3577 1601 3632 confessio
1633 3583 1689 3631 et
1731 3577 1984 3648 epulatio
2035 3577 2174 3644 haec,

538 3681 653 3719 non
685 3664 926 3719 musicis
953 3664 1176 3720 artibus
1207 3665 1621 3736 adimplentur,
1664 3683 1851 3737 neque
1902 3666 2179 3720 inchoan-

537 3758 653 3816 tur,
687 3757 741 3808 ct
782 3757 1158 3823 praetereunt;
1207 3756 1307 3808 sed
1351 3754 1571 3824 jugiter
1613 3754 1889 3824 angelicis
1942 3755 2179 3809 vocibus

537 3846 593 3897 et
622 3845 956 3896 sanctorum
987 3843 1362 3896 concentibus
1396 3841 1782 3898 celebrantur.
1834 3843 1993 3905 Quod
2040 3845 2180 3896 dum

539 3931 649 3984 iste
694 3928 884 3983 adhuc
916 3929 974 3982 in
1008 3927 1218 3982 saeculo
1251 3927 1496 3998 positus,
1548 3934 1740 3983 mente
1793 3929 2112 3999 suspiceret
2165 3945 2177 3980 :

538 4017 927 4090 ingemiscens
949 4017 1136 4072 curab
1149 4034 1215 4071 eo
1237 4016 1358 4070 haec
1373 4015 1636 4070 differtur
1656 4016 1940 4070 habitatio
1965 4021 2182 4070 mmsta:

540 4110 746 4164 anima:
778 4109 860 4164 ait
895 4126 907 4164 :

613 4221 639 4246 «
673 4199 858 4261 Quare
881 4197 1064 4252 tristis
1093 4213 1176 4266 es,
1212 4195 1408 4250 anima
1434 4211 1584 4263 mea,
1633 4200 1689 4249 et
1737 4211 1916 4266 quare
1947 4199 2184 4249 contur-

542 4287 648 4341 bas
680 4286 809 4341 me‘.’
841 4307 867 4334 »
899 4285 1063 4354 Quia,
1094 4284 1306 4356 inquit,
1340 4284 1683 4338 suavitatem
1735 4284 1883 4338 hanc
1933 4299 2186 4355 praesens

545 4375 806 4429 nondum
839 4375 1052 4446 accepi,
1084 4380 1140 4429 et
1172 4374 1481 4428 insidiator
1530 4389 1694 4428 meus
1746 4373 1936 4428 adhuc
1989 4379 2190 4428 contra

545 4480 638 4518 me
686 4463 904 4535 vigilat,
953 4463 1143 4517 adhuc
1195 4462 1336 4516 mihi
1387 4462 1626 4533 laqueos
1681 4463 1949 4517 intendit.
1986 4464 2054 4517 Et
2096 4461 2191 4517 ille

2366 3327 2386 3355 α
2448 3307 2508 3362 In
2577 3309 2670 3363 die
2739 3310 3036 3365 mandavit
3115 3312 3390 3368 Dominus
3458 3303 3770 3364 misericordiam

2287 3413 2476 3452 suam.
2519 3421 2538 3445 ι›
2577 3397 2722 3462 Quia
2751 3414 2853 3469 per
2886 3399 3078 3456 lucem
3113 3418 3239 3457 eam
3283 3401 3645 3472 Scripturarum
3675 3402 3769 3444 sanc-

2288 3491 2482 3540 tarum
2512 3487 2800 3557 promisit.
2835 3509 2863 3537 ‹‹
2896 3489 2966 3544 Et
2995 3494 3167 3546 nocte
3197 3491 3470 3546 canticum
3497 3482 3698 3557 ejus.»lu
3717 3472 3769 3528 tri-

2288 3574 2689 3631 bulationibus
2723 3577 2910 3647 posito
2939 3595 3072 3634 eam
3106 3579 3372 3636 ostendit.

2360 3687 2386 3713 «
2420 3666 2587 3734 Apud
2615 3683 2704 3720 me
2726 3667 2907 3722 oratio
2932 3683 3085 3724 mea.
3112 3689 3138 3721 η
3167 3670 3235 3724 Et
3265 3685 3372 3724 non
3393 3670 3532 3722 extra
3557 3677 3638 3716 me.
3663 3653 3771 3707 «D160

2290 3753 2415 3806 Vitae
2475 3770 2635 3809 mea}.
2683 3776 2710 3802 »
2762 3754 2832 3810 Ut
2882 3755 2930 3811 ci
2982 3774 3213 3814 merear
3258 3757 3397 3812 liber
3434 3755 3495 3809 ab
3541 3751 3621 3804 hoc
3655 3737 3771 3798 secula

2292 3843 2643 3915 quandoque
2673 3845 3218 3916 conjungi.«Dicam
3240 3847 3350 3901 Deo
3382 3863 3394 3900 :
3427 3840 3772 3909 Susceptormeus

2293 3949 2373 3986 es.
2411 3957 2430 3983 υ
2475 3931 2623 3987 Licet
2656 3932 2714 3986 in
2746 3933 3232 3991 tribulationibus
3263 3945 3541 3991 exercear:
3569 3923 3773 3992 sempefu‘

2296 4034 2427 4073 men
2456 4035 2489 4072 a
2519 4022 2574 4073 te
2610 4023 2738 4091 peto
2774 4021 2994 4092 protegi
3029 4039 3099 4077 ac
3126 4023 3371 4078 defendi.
3747 4086 3770 4094 ἢ,

2367 4127 2396 4158 ‹‹
2428 4110 2614 4173 Quare
2644 4107 2862 4164 oblitus
2893 4127 2954 4165 es
2988 4111 3181 4166 mei?»
3216 4113 3278 4166 Et
3307 4126 3469 4183 quare
3496 4121 3570 4161 me
3589 4095 3771 4183 repulistz'.’

2296 4199 2405 4250 Cur
2436 4201 2554 4249 tam
2589 4196 2685 4250 diu
2721 4197 2938 4264 differs,
2972 4204 3037 4254 ut
3071 4217 3186 4256 non
3225 4181 3452 4254 inducas
3495 4209 3569 4248 me
3609 4190 3648 4241 in
3683 4181 3771 4234 illum

2298 4283 2491 4338 locum
2525 4285 2884 4340 tabernaculi
2917 4288 3323 4344 admirabilis?
3357 4311 3374 4338 ι
3401 4279 3560 4351 Quare
3585 4271 3772 4332 contusu-

2299 4378 2392 4428 tus
2427 4374 2649 4444 incedo,
2693 4375 2832 4429 dum
2885 4376 3094 4448 afﬂigit
3141 4394 3232 4434 me
3281 4371 3554 4431 inimicus?
3593 4354 3770 4421 Diatelut

2301 4463 2397 4533 qui
2434 4463 2649 4518 multas
2680 4463 2824 4518 mihi
2857 4465 3105 4521 tetendit
3136 4461 3486 4530 insidias,vel
3512 4450 3771 4530 persecutores

541 4552 736 4624 inquit
767 4568 779 4608 :
813 4575 841 4602 ‹‹
875 4553 1056 4624 Spera
1083 4551 1142 4605 in
1174 4551 1440 4606 Domino.
1478 4573 1506 4598 ››
1539 4541 1644 4606 Per
1676 4552 2015 4622 patientiam
2059 4568 2188 4606 sus-
2221 4573 2267 4636 Β
2301 4551 2588 4607 Ecclesiae.

544 4643 684 4698 tine.
719 4640 845 4708 Vel,
887 4642 1124 4712 «Spera
1172 4640 1231 4694 in
1285 4641 1421 4694 Deo.
1481 4661 1507 4687 »
1558 4640 1770 4694 Anima
1815 4640 2190 4712 semetipsam

544 4731 811 4786 hortatur
843 4747 856 4785 :
890 4728 976 4784 vel
1009 4728 1248 4783 interior
1286 4728 1460 4781 homo
1514 4727 1780 4782 hortatur
1828 4729 2188 4783 exteriorem.

546 4843 574 4870 ‹‹
604 4820 890 4884 Quoniam
937 4817 1129 4874 adhuc
1180 4817 1497 4872 conﬁtebor
1547 4815 1652 4880 illi,
1687 4816 1941 4871 salutare
1996 4815 2190 4872 vultus

547 4908 681 4974 mei,
717 4913 773 4963 et
803 4909 956 4963 Deus
988 4923 1173 4961 meus.
1211 4929 1237 4954 ››
1270 4905 1584 4960 Confessus
1617 4922 1748 4960 sum
1773 4907 1896 4975 jam
1935 4905 2143 4960 delicta
2175 4925 2190 4972 ;

547 4998 868 5052 confitebor
893 4996 1100 5052 deinde
1133 4994 1380 5050 laudens
1411 4995 1562 5063 ejus,
1596 5010 1696 5064 per
1725 5010 1901 5064 quam
1935 5010 2026 5048 me
2079 4993 2192 5049 sal-

549 5085 698 5140 vavit
728 5103 761 5140 a
792 5091 978 5141 morte
1008 5085 1350 5157 perituram,
1380 5081 1468 5137 vel
1499 5081 1664 5136 illicit
1695 5083 1764 5136 ad
1797 5088 2028 5138 aeterna.

620 5174 767 5228 «Ad
819 5189 910 5228 me
956 5174 1149 5244 ipsum
1198 5171 1394 5227 anima
1442 5187 1572 5225 mea
1622 5173 1965 5226 conturbata
2011 5176 2118 5226 est.
2163 5194 2192 5221 ››

552 5262 635 5317 Ob
667 5261 1124 5317 recordationem
1159 5261 1502 5315 delictorum
1537 5259 1862 5330 priorum.«
1888 5261 2194 5332 Propterea

553 5365 778 5404 memor
806 5365 903 5404 ero
933 5351 1016 5404 tui
1057 5351 1125 5404 de
1164 5354 1318 5404 terra
1364 5348 1656 5415 Jordanis,
1708 5355 1763 5403 et
1808 5349 2190 5418 Hermoniim,

554 5456 587 5493 a
618 5441 814 5492 monte
846 5438 1092 5493 modico.
1129 5460 1155 5485 ››
1185 5435 1456 5491 Jordanis
1507 5453 1608 5507 pro
1659 5437 1946 5507 baptismo
1980 5437 2191 5508 accipi-

552 5533 648 5585 tur
684 5545 696 5583 :
735 5529 1005 5596 Hermon,
1036 5527 1333 5582 anathema
1371 5525 1805 5596 interpretatur.
1861 5527 2042 5597 Igitur
2084 5527 2194 5581 iste

554 5618 654 5692 qui
706 5619 828 5675 erat
873 5620 1160 5688 peccator,
1221 5615 1318 5683 qui
1367 5614 1521 5667 sicut
1568 5630 1769 5670 cervus
1827 5615 2196 5672 desiderabat

2373 4664 2399 4689 ‹‹
2435 4647 2579 4695 Dum
2612 4642 3064 4714 confringuntur
3092 4661 3225 4700 ossa
3253 4659 3390 4698 mea.
3422 4661 3448 4689 »
3475 4642 3592 4691 Dum
3630 4627 3769 4718 tot???"

2301 4728 2566 4783 Ecclesiae
2598 4730 2886 4786 scandatis
2913 4749 2978 4786 ac
3008 4732 3248 4788 diversis
3271 4727 3465 4802 jurgiis
3492 4721 3646 4778 cedere
3665 4707 3766 4762 vide).

2305 4816 2399 4872 Vel
2450 4835 2604 4884 ossa,
2655 4819 2894 4874 virtutes
2938 4821 3218 4888 Ecclesiae,
3270 4801 3422 4891 quasi
3467 4801 3769 4891 confringuﬂ?r

2301 4922 2403 4976 per
2433 4905 2563 4961 illas
2593 4878 3019 4976 tribulationes,
3055 4878 3492 4981 quassu-stincnt
3516 4878 3768 4981 sanctitati"

2302 4995 2722 5066 probraverunt
2751 5013 2842 5051 me
2869 4998 3088 5054 inimici
3120 4998 3249 5054 mei.
3275 5020 3301 5046 ››
3333 4993 3416 5051 Vel
3446 4991 3495 5044 in
3523 4971 3766 5048 martyribus.

2299 5082 2386 5138 vel
2417 5083 2476 5137 in
2509 5083 2638 5139 aliis
2670 5087 3118 5142 conl'essoribus.
3731 5145 3767 5166 ω,

2374 5195 2399 5221 ‹‹
2434 5173 2580 5227 Dum
2615 5174 2828 5228 dicitur
2859 5176 3003 5232 mihi
3033 5192 3134 5248 per
3165 5172 3408 5247 singulos
3436 5168 3537 5223 dies
3576 5178 3586 5214 :
3630 5152 3767 5248 [ξδίξῗί

2302 5260 2454 5316 Deus
2479 5266 2615 5316 tuus
2632 5262 2658 5316 ‘?
2691 5285 2718 5311 ››
2746 5262 2888 5318 Cum
2921 5230 3110 5336 ego‘te
3139 5230 3238 5336 per
3256 5230 3602 5335 paenitentiam
3626 5245 3663 5295 ct

2303 5349 2550 5404 ctionem
2585 5353 2843 5422 corporis
2877 5333 3199 5425 animmque
3228 5333 3434 5424 placare
3465 5333 3764 5425 desiderari?-

2303 5438 2520 5494 inimici
2577 5441 2709 5507 mei,
2752 5441 2915 5512 quasi
2966 5442 3258 5498 incassum
3307 5439 3411 5494 haec
3447 5410 3766 5514 facereﬂtil'd'fe"

2303 5528 2442 5582 bant
2475 5545 2486 5583 ε
2526 5551 2553 5578 ‹‹
2586 5499 2812 5585 Ubi'es‘t
2847 5533 2992 5585 Deus
3045 5531 3224 5588 tuus?
3265 5549 3290 5581 ο
3341 5521 3602 5581 nescientes
3632 5499 3696 5558 illa
3715 5505 3766 5544 0t“

2304 5616 2458 5673 ουῙῐυι
2488 5635 2613 5688 quae
2643 5621 2986 5690 praeparavit
3015 5622 3168 5677 Deus
3199 5611 3529 5689 diligentibus
3553 5590 3765 5656 sextium
