3964 6190
130 399 291 460 1009

1316 404 1813 469 BREVIARIUM
1856 408 1937 469 IN
1982 408 2121 469 PSA
2133 409 2364 471 LMOS.

3389 408 3546 473 1010

124 530 318 587 tristis
346 548 430 601 es,
461 532 662 589 anima
698 535 955 601 mea,"et
1001 549 1182 606 quare
1212 538 1528 593 conturbas
1573 554 1665 593 me
1688 539 1716 594 ‘2
1750 561 1779 589 »
1809 544 1864 609 Α
1892 544 2000 596 etc.
2035 545 2235 613 Ipsum
2265 540 2611 597 conﬁtetur:
2646 541 2719 595 ab
2748 540 2875 612 ipso
2906 545 3139 612 peccata
3176 559 3285 598 sua
3323 542 3543 599 dimitti

123 620 275 684 Quia
297 637 497 676 meum
527 622 885 678 desiderium
910 621 1305 694 prolongatur.

199 734 229 759 ‹‹
271 711 454 782 Spera
483 711 541 766 in
574 710 710 778 Deo,
754 711 1034 782 quoniam
1064 713 1383 768 conﬁtebor
1412 713 1493 769 illi
1528 714 1781 772 salutare

119 798 322 854 vultus
352 799 464 854 mei
503 802 560 853 et
591 804 740 854 Deus
770 815 958 855 meus.
994 823 1022 849 »
1058 802 1121 856 In
1152 800 1280 873 ipso
1311 807 1510 858 nostra
1541 804 1619 859 sit
1646 820 1779 875 spes

121 902 360 958 semper
387 890 639 943 attenta:
681 887 809 958 ipse
851 887 1044 944 omnis
1082 888 1297 946 ﬂuctus
1336 890 1602 963 mitiget:
1651 894 1777 963 ipse

119 992 233 1032 nos
261 974 322 1030 in
352 975 778 1032 tentationibus
805 981 1136 1033 conservet:
1170 978 1295 1049 ipse
1323 978 1484 1035 sitim
1511 986 1775 1037 nostram

118 1081 234 1120 sua
258 1064 745 1136 contemplatione
766 1065 954 1134 satiet,
990 1082 1213 1138 nosque
1243 1068 1440 1123 vultus
1472 1069 1563 1124 sui
1616 1070 1775 1125 salu-

116 1153 232 1208 tari
274 1153 540 1211 vivilicet.

694 1271 820 1325 PSA
830 1270 1019 1326 LMUS
1048 1270 1211 1326 XLII.

115 1369 377 1443 Psalmus
422 1368 615 1443 David.
670 1370 779 1443 Iste
829 1368 1093 1443 psalmus
1122 1411 1154 1443 ,Α
1188 1368 1323 1425 licet
1365 1370 1429 1443 in
1479 1370 1773 1443 aliquibus

192 1438 509 1513 versiculis
546 1438 889 1513 passionem,
928 1439 1291 1513 Dominicam
1332 1441 1540 1513 signet,
1574 1438 1769 1498 tamen

189 1528 392 1584 vocem
423 1511 598 1584 habet
626 1511 832 1584 anima:
865 1511 1078 1584 ﬁdelis,
1099 1511 1298 1584 lucem
1328 1511 1508 1584 hujus
1540 1514 1767 1583 mundi,
1818 1517 1827 1526 '

192 1583 253 1638 id
285 1588 374 1638 est
401 1582 719 1650 Christum,
760 1582 1164 1639 desiderantis.

200 1711 230 1742 α
264 1690 473 1747 Judica
502 1706 616 1756 me,
640 1691 813 1755 Deus,
839 1695 898 1745 et
917 1689 1181 1747 discerne
1211 1707 1450 1746 causam
1473 1707 1665 1747 meam
1697 1694 1768 1749 de

117 1783 297 1852 gente
336 1796 448 1835 non
497 1784 720 1835 sancta.
754 1801 783 1829 »
824 1781 1041 1851 Expeto
1071 1780 1364 1850 judicium
1396 1784 1585 1847 tuum,
1628 1782 1763 1853 quia

114 1868 453 1925 misericors
483 1884 564 1925 es.
594 1870 682 1924 Tu
704 1872 899 1924 autem
931 1868 1193 1924 discerne
1224 1886 1317 1925 me
1339 1886 1373 1925 a
1400 1869 1584 1941 paleis
1613 1870 1770 1927 inter

112 1974 269 2029 quas
297 1958 357 2013 in
388 1958 497 2014 hoc
519 1957 727 2014 szeculo
758 1957 1482 2030 ingemisco,supervestiri
1502 1959 1765 2032 cupiens:

108 2051 185 2102 ut
212 2047 596 2103 absorbeatur
624 2047 779 2118 quod
807 2046 1052 2103 mortale
1081 2050 1172 2102 est
1201 2064 1235 2103 a
1261 2047 1396 2103 vita.
1429 2049 1540 2105 Sed
1571 2052 1630 2104 et
1657 2054 1767 2106 Do-

108 2134 261 2190 mini
309 2153 418 2191 vox
463 2141 573 2205 est,
604 2137 820 2207 quibus
866 2136 1030 2209 prius
1060 2136 1323 2192 dixerat:
1368 2139 1557 2193 Sancti
1583 2142 1764 2209 estote,

107 2227 381 2295 quoniam
426 2242 523 2295 ego
563 2234 782 2281 sanctus
826 2242 951 2281 sum
991 2226 1186 2296 (Leuit.
1234 2243 1332 2294 xx,
1379 2228 1495 2295 26),
1543 2230 1601 2282 et
1648 2244 1763 2283 non

106 2312 537 2384 impleverunt:
581 2336 611 2365 «
641 2315 732 2369 Ab
762 2314 997 2370 homine
1042 2314 1245 2385 iniquo
1291 2319 1348 2370 et
1379 2314 1580 2371 doloso
1627 2331 1766 2372 erue

105 2417 233 2455 me.
270 2424 299 2451 ››
330 2402 511 2457 Nemo
542 2402 730 2474 magis
760 2402 999 2474 iniquus
1049 2407 1222 2474 atque
1273 2403 1534 2470 dolosus,
1584 2420 1761 2476 quam

106 2488 215 2545 ille
260 2489 361 2560 qui
417 2491 743 2563 iniquitatis
793 2491 1057 2547 inventor
1094 2497 1268 2563 atque
1315 2492 1618 2548 aemulator
1674 2499 1764 2549 est

105 2578 482 2635 sanctitatis:
530 2580 589 2636 id
638 2584 727 2636 est
772 2580 1062 2648 diabolus,
1109 2580 1209 2652 qui
1252 2581 1510 2637 introivit
1555 2582 1614 2638 in
1665 2600 1764 2639 cor

103 2667 282 2723 Judaa
310 2671 373 2722 ut
408 2668 662 2725 traderet
684 2668 1003 2724 Christum.
1035 2670 1142 2747 Sed
1174 2674 1229 2725 et
1249 2669 1424 2727 homo
1447 2670 1542 2727 ille
1574 2673 1761 2728 ﬁdelis

106 2771 291 2826 quem
322 2756 485 2827 prius
515 2756 793 2823 diximus,
819 2758 937 2813 hac
966 2758 1082 2814 ait:

190 2867 219 2894 «
259 2845 403 2910 Quia
455 2849 519 2900 tu
568 2861 651 2916 es,
702 2846 877 2916 Deus,
928 2848 1208 2904 fortitudo
1253 2865 1464 2905 mea.»
1513 2850 1641 2906 Scio
1672 2866 1763 2906 me

107 2935 417 2989 inﬁrmum
447 2940 504 2991 et
530 2935 798 3008 fragilem
823 2954 837 2992 :
884 2953 990 2993 nec
1028 2937 1215 2993 sentio
1246 2955 1339 2993 me
1368 2937 1625 3010 aliquam
1658 2940 1760 2995 ha-

102 3024 253 3080 bere
282 3024 681 3081 fortitudinem
712 3025 772 3080 in
803 3042 920 3096 qua
960 3043 1150 3094 eruar,
1186 3028 1299 3083 nisi
1328 3032 1391 3083 tu
1426 3028 1758 3084 salvaveris.

185 3135 215 3163 ‹‹
257 3113 442 3176 Quare
470 3131 564 3170 me
592 3114 859 3185 repulisti
886 3119 910 3171 Ρ
937 3137 966 3166 ››
1002 3115 1301 3171 Fortitudo
1348 3121 1549 3173 nostra
1597 3117 1760 3173 Chri-

104 3206 244 3257 stus
291 3207 415 3257 est:
470 3202 571 3275 qui
619 3206 761 3258 tunc
814 3220 920 3258 nos
967 3203 1214 3275 repellit,
1264 3222 1398 3261 cum
1438 3205 1759 3277 peccaveri-

107 3307 270 3345 mus.
319 3312 347 3340 ‹‹
376 3294 566 3355 Quare
611 3292 799 3347 tristis
842 3293 1071 3361 incedo,
1102 3293 1242 3348 dum
1274 3294 1481 3364 afﬂigit
1511 3310 1604 3349 me
1648 3294 1759 3349 ini-
1791 3280 1834 3346 Ο

107 3379 348 3434 micus?
381 3400 410 3430 »
435 3379 623 3435 tristis
672 3397 803 3435 sum
834 3386 1072 3453 propter
1101 3386 1336 3454 peccata
1365 3399 1513 3450 mea,
1546 3387 1604 3439 et
1632 3383 1763 3439 ideo

109 3468 345 3540 afﬁigor
365 3470 422 3524 in
453 3469 876 3525 tentationibus
907 3471 1083 3526 variis
1115 3471 1187 3526 ab
1220 3471 1347 3543 ipso
1377 3471 1634 3537 inimico,
1660 3472 1761 3543 qui

1894 630 2169 701 postulat.
2224 631 2424 702 Ipsum
2474 628 2732 685 salutare
2780 629 2975 684 vultus
3014 631 3106 684 sui
3136 630 3312 686 dicit:
3347 632 3541 704 ipsum

1890 718 2119 774 invocat
2148 722 2205 775 et
2252 719 2475 774 adorat.
2524 718 2708 782 Quem
2757 723 2813 773 et
2860 735 2967 774 nos
2996 719 3338 775 conﬁtentes
3371 736 3540 792 expo-

1890 807 2150 876 scimus;
2198 812 2264 863 ut
2311 824 2643 863 mereamur
2697 808 2826 878 ejus
2884 806 3014 863 luce
3067 806 3406 863 illuminari.
3448 809 3541 864 via

1887 894 2083 967 dirigi,
2116 896 2353 951 veritate
2395 893 2625 966 corrigi,
2658 895 2775 951 vita
2804 894 3182 967 locupletari:
3216 895 3339 961 Vel,
3377 918 3404 946 ‹‹
3436 896 3538 951 Sa-

1887 983 2075 1039 lutare
2122 982 2319 1040 vultus
2369 983 2482 1039 mei
2532 988 2685 1039 Deus
2735 999 2921 1039 meus.
2971 1006 2999 1033 »
3031 982 3283 1039 Salvatio
3328 984 3537 1039 animae.

1887 1088 2027 1127 meae
2059 1078 2211 1128 Deus
2243 1090 2409 1128 meus
2440 1078 2547 1139 est,
2580 1078 2636 1128 et
2688 1074 2906 1143 vultus,
2967 1073 3075 1129 hoc
3106 1079 3216 1143 est,
3267 1077 3539 1145 aspectus

1886 1162 2091 1217 animae
2124 1178 2263 1217 mea:
2295 1162 2447 1217 Deus
2479 1178 2647 1219 meus
2678 1167 2788 1218 est.

2416 1251 2744 1307 PSALMUS
2784 1250 2972 1307 XLIII.

1881 1340 1945 1394 In
1968 1340 2155 1408 ﬁnem,
2180 1355 2278 1412 pro
2306 1339 2446 1407 ﬁliis
2475 1338 2626 1407 Core,
2652 1340 2981 1412 intellectus.
3013 1342 3171 1409 Core,
3196 1340 3538 1412 interpreta-

1952 1416 2049 1465 tur
2096 1412 2161 1465 de
2214 1410 2485 1477 Calvario,
2534 1415 2591 1465 et
2623 1410 2901 1466 Dominus
2941 1412 3001 1465 in
3033 1415 3232 1467 monte
3262 1410 3532 1468 Cal'varia:

1951 1481 2063 1536 fuit
2106 1482 2439 1537 cruciﬁxus.
2500 1481 2626 1535 Filii
2688 1483 2849 1547 Core,
2906 1482 3009 1536 ﬁlii
3058 1482 3309 1537 Christi:
3345 1485 3529 1537 sancti

1951 1552 2219 1624 apostoli,
2279 1553 2367 1607 vel
2425 1557 2714 1624 martyres
2761 1557 2918 1608 sunt.
2953 1553 3117 1608 Unde
3146 1553 3366 1608 dictum
3400 1559 3528 1611 est:

2003 1641 2073 1696 on
2127 1627 2345 1696 posunt
2401 1624 2505 1678 ﬁlii
2563 1625 2765 1696 sponsi
2794 1624 3013 1695 lugere,
3065 1626 3347 1695 quamdiu
3398 1642 3533 1682 cum

1949 1694 2068 1752 illis
2116 1694 2204 1750 est
2232 1712 2509 1767 sponsus
2540 1694 2744 1767 (Matth.
2799 1694 2883 1760 Ix,
2901 1697 3014 1767 15).
3046 1694 3399 1767 Intellectus:
3423 1696 3531 1752 hoc

1947 1772 2056 1833 est,
2106 1772 2172 1822 ut
2226 1766 2627 1838 intelligamus
2655 1766 2847 1832 illum,
2880 1766 2981 1838 qui
3009 1766 3244 1821 initium
3276 1768 3533 1838 sumpsit

1949 1838 2274 1895 secundum
2325 1837 2560 1910 carnem
2592 1854 2665 1910 ex
2697 1837 2981 1910 tempore,
3032 1842 3090 1892 et
3138 1837 3534 1910 anteusaac’ula

1949 1914 2039 1983 est
2068 1911 2335 1983 genitus._
2353 1908 2478 1976 Vel,
2509 1908 2839 1983 intellectus
2870 1913 2993 1964 est:
3039 1912 3106 1963 ut
3131 1908 3533 1983 intelligamus

1949 1982 2041 2053 de,
2074 1980 2461 2053 prosperitate
2491 1981 2762 2053 praesenti
2808 1984 3210 2053 peccatorum,
3237 1984 3293 2035 et
3320 1980 3390 2035 de
3420 1982 3525 2035 tri-

1947 2050 2245 2109 bulatione
2312 2050 2580 2124 praesenti
2648 2050 3357 2124 sanctorumsPsal‘muAs
3413 2068 3529 2124 non

1948 2124 2243 2181 anteriora
2292 2121 2445 2179 tacta
2494 2125 2680 2189 docet,
2712 2123 2814 2178 sed
2846 2122 3161 2178 Ecclesiam
3211 2121 3270 2187 in
3301 2121 3528 2179 Christo

1947 2196 2172 2251 renasci
2208 2194 2569 2277 pronuntiat,
2619 2210 2685 2248 ac
2718 2193 2919 2275 ﬁdeles
2960 2194 3019 2248 in
3051 2210 3119 2248 ea
3147 2198 3424 2276 provocat
3454 2195 3526 2277 ad

1949 2284 2217 2339 agonem,
2278 2268 2594 2321 ostendens
2636 2268 2942 2320 'neminem
3006 2281 3195 2336 posse,
3253 2268 3368 2319 nisi
3425 2268 3525 2389 qui

1944 2338 2201 2409 legitime
2248 2337 2570 2403 certaverit,
2603 2336 2903 2409 coronari:
2937 2335 2995 2389 in
3041 2352 3156 2406 quo
3200 2335 3375 2391 etiam
3409 2353 3443 2407 p
3472 2353 3525 2392 e-

1944 2408 2192 2481 ru’mque
2223 2425 2389 2464 voces
2420 2412 2745 2479 martyrum
2777 2408 3173 2479 proferuntur.

1944 2521 1972 2549 «
2016 2504 2186 2564 Deus,
2219 2498 2462 2553 auribus
2493 2496 2710 2552 nostris
2753 2496 3105 2551 audivimus.
3138 2517 3167 2545 »
3214 2495 3322 2550 Per
3349 2494 3523 2565 spiri-

1869 2588 2087 2642 tualem
2133 2603 2372 2643 sensum
2422 2585 2821 2658 cognovimus,
2862 2585 3034 2655 juxta
3069 2583 3215 2639 illud
3246 2584 3518 2639 Domini:

1872 2679 1978 2745 Qui
2004 2676 2163 2731 habet
2203 2692 2364 2730 aures
2394 2675 2684 2739 audiendi,
2723 2673 2915 2729 audiat
2947 2674 3096 2744 (Luc.
3123 2690 3246 2744 vni,
3279 2675 3354 2743 8).
3394 2697 3415 2722 ι
3452 2673 3518 2728 Et

1871 2771 2065 2837 patres
2124 2765 2328 2820 nostri.
2369 2784 2395 2815 ιι
2463 2762 2726 2835 Apostoli
2782 2768 2838 2817 et
2892 2762 3206 2833 prophetes,
3265 2778 3519 2832 quorum

1870 2854 2279 2926 praedicatione
2328 2854 2514 2908 renati
2546 2868 2757 2907 sumus
2787 2851 2856 2904 ad
2888 2850 3086 2905 vitam.
3122 2871 3150 2898 ‹‹
3189 2850 3517 2904 Annuntia-

1871 2945 2077 2997 verunt
2130 2941 2297 2997 nobis
2353 2949 2501 3013 opus
2560 2940 2716 3011 quod
2774 2943 3049 3011 operatus
3099 2954 3163 2993 es
3210 2938 3271 2992 in
3309 2937 3521 2993 diebus

1870 3046 2094 3095 eorum,
2150 3033 2207 3084 et
2263 3029 2320 3083 in
2365 3028 2573 3083 diebus
2618 3026 2894 3096 antiquis.
2956 3048 2983 3076 »
3013 3025 3522 3081 Annuntiaverunt

1870 3119 2163 3191 prOpheta
2194 3134 2322 3189 quas
2352 3122 2491 3173 sunt
2519 3122 2683 3189 gesta
2712 3115 2946 3171 illorum
2976 3119 3257 3186 tempore.
3286 3116 3521 3171 Annuno

1870 3209 2164 3263 tiaverunt
2189 3206 2455 3277 apostoli,
2492 3223 2620 3277 qua:
2649 3210 2704 3260 te
2730 3204 3000 3260 viderunt
3030 3214 3388 3275 operantem.

1945 3320 1972 3347 «
2014 3297 2221 3351 Manus
2277 3299 2379 3349 tua
2430 3299 2634 3365 gentes
2690 3293 3068 3364 disperdidit,
3130 3297 3185 3348 et
3241 3292 3519 3364 plantasti

1873 3401 1992 3440 eos.
2028 3406 2057 3434 ››
2079 3382 2483 3455 Disperdidisti
2518 3382 2590 3437 ab
2622 3381 2875 3437 Ecclesia
2924 3399 3100 3437 onera
3136 3381 3433 3447 vitiorum,
3463 3387 3521 3437 et

1872 3472 2150 3545 plantasti
2205 3475 2551 3527 ornamenta
2603 3471 2927 3525 virtutum:
2986 3471 3046 3526 id
3106 3475 3194 3526 est
3249 3469 3518 3525 homines

108 3557 384 3629 superius
415 3557 590 3614 homo
618 3559 858 3631 iniquus
890 3560 1082 3616 dictus
1110 3565 1216 3616 est.
1272 3560 1432 3616 Unde
1485 3561 1624 3632 quia
1668 3577 1762 3617 me
1863 3564 2081 3633 justos,
2115 3560 2214 3633 qui
2249 3560 2503 3615 fructum
2533 3560 2844 3615 exhibeant
2885 3558 3233 3615 sanctitatis.
3262 3581 3291 3609 «
3323 3559 3521 3614 Aftlix-

108 3648 463 3703 conturbant
491 3648 745 3705 tenebrae
764 3652 1153 3721 peccatorum,
1206 3649 1277 3704 ad
1308 3653 1384 3715 te,
1416 3649 1517 3720 qui
1547 3650 1647 3705 lux
1675 3666 1756 3705 es.

107 3737 340 3807 mundi,
373 3736 644 3809 confugio
676 3737 942 3810 supplex.

183 3847 212 3875 ‹‹
256 3824 466 3881 Emitte
504 3824 693 3882 lucem
743 3830 907 3881 tuam
955 3829 1013 3881 et
1046 3826 1347 3882 veritatem
1394 3830 1579 3882 tuam.
1616 3850 1645 3877 »
1674 3828 1760 3882 Tu

106 3931 173 3969 es
226 3913 345 3981 lux,
393 3915 492 3986 qui
540 3914 776 3970 dixisti:
826 3916 935 3985 Ego
991 3932 1114 3970 sum
1168 3919 1269 3970 tua:
1321 3916 1518 3971 mundi
1575 3917 1757 3987 (Joan.

104 4020 236 4068 vni,
270 4003 378 4073 12).
427 4004 512 4059 Tu
545 4021 607 4060 es
635 4004 852 4059 veritas
897 4005 997 4077 qui
1046 4004 1279 4061 dixisti:
1334 4008 1442 4075 Ego
1487 4022 1611 4060 sum
1648 4007 1758 4075 via,

106 4094 314 4147 ueritas
367 4101 418 4148 et
468 4095 579 4148 vita
627 4094 804 4165 (Joan.
836 4111 951 4161 XIV,
1002 4095 1079 4165 6),
1133 4094 1232 4165 qui
1291 4111 1398 4149 nos
1428 4093 1761 4157 illuminare

106 4180 369 4253 digneris
399 4199 411 4237 :
472 4187 535 4237 ut
563 4181 953 4254 relinquentes
986 4183 1357 4239 mendacium
1398 4184 1633 4250 diaboli,
1669 4199 1760 4239 se-

105 4286 366 4342 quamur
394 4270 695 4327 veritatem
731 4276 915 4328 tuam.
951 4295 980 4323 ‹‹
1024 4277 1158 4346 Ipsa
1188 4287 1281 4327 me
1311 4274 1693 4329 deduxerunt.
1729 4295 1757 4324 »

102 4360 193 4415 Ab
242 4375 434 4416 errore
486 4361 735 4431 peccati:
770 4383 825 4437 να
859 4362 930 4416 Et
986 4362 1357 4418 adduxerunt
1402 4362 1462 4417 in
1501 4368 1757 4418 montem

101 4451 379 4502 sanctum
410 4452 599 4503 tuum.
632 4470 660 4498 ››
721 4449 782 4504 In
832 4448 1149 4505 Ecclesiam
1179 4454 1363 4505 tuam.
1400 4472 1427 4500 ‹‹
1460 4452 1522 4505 In
1566 4451 1757 4506 taber-

103 4534 387 4592 naculum
418 4541 607 4593 tuum.
641 4561 669 4588 »
706 4539 767 4592 In
794 4535 957 4592 illam
986 4538 1277 4594 ccelestem
1306 4538 1658 4603 Jerusalem,
1687 4540 1759 4596 de

1871 3651 1969 3707 isti
2002 3648 2271 3722 populos,
2298 3653 2355 3704 et
2375 3647 2646 3720 expulisti
2678 3665 2795 3704 eos.
2822 3670 2849 3698 ››
2874 3647 3031 3714 Illos,
3057 3648 3178 3719 qui,
3204 3651 3261 3703 te
3292 3647 3516 3715 relicto,

1871 3740 1943 3794 ad
1974 3739 2345 3794 iddolatriam
2377 3737 2769 3793 declinabant.

1942 3852 1971 3878 ‹‹
2012 3828 2137 3883 Non
2168 3826 2323 3883 enim
2356 3826 2415 3881 in
2448 3826 2640 3899 gladio
2670 3844 2777 3882 suo
2800 3827 3188 3899 possederunt
3217 3830 3451 3882 terram.
3490 3849 3512 3876 ιι

1869 3918 1980 3974 Sed
2011 3916 2071 3971 in
2102 3915 2555 3971 mansuetudine
2586 3915 2836 3971 mentis:
2862 3917 3001 3987 quia
3026 3917 3177 3972 beati
3204 3916 3517 3971 mansueti.

1869 4006 1981 4078 ipsi
2012 4004 2442 4061 hmreditabunt
2490 4004 2812 4060 viventium
2854 4010 3070 4060 terram
3117 4004 3319 4075 (Matth.
3352 4021 3408 4067 v,
3441 4004 3516 4073 4).

1870 4118 1899 4145 ‹‹
1940 4096 2009 4150 Et
2036 4093 2386 4149 branchium
2418 4110 2621 4149 eorum
2654 4110 2769 4149 non
2808 4093 3057 4149 salvabit
3081 4110 3217 4148 eos:
3250 4093 3351 4147 sed
3383 4093 3519 4147 dex-

1868 4189 1994 4240 tera
2021 4188 2143 4251 tua,
2186 4188 2245 4238 et
2291 4181 2595 4237 brachium
2647 4188 2836 4249 tuum,
2872 4187 2928 4237 et
2974 4181 3326 4236 illuminstio
3357 4180 3522 4237 faciei

1868 4280 2003 4329 tuae.
2038 4294 2066 4321 ››
2103 4275 2341 4327 Dextera
2374 4271 2576 4338 Patris,
2616 4270 2887 4325 Christus
2916 4275 3039 4325 est:
3073 4274 3138 4324 ut
3166 4269 3309 4325 illud
3336 4287 3349 4325 :
3382 4272 3523 4326 Dex-

1869 4373 1989 4418 tera
2017 4364 2168 4416 enim
2212 4376 2316 4414 sua
2347 4360 2615 4413 exultavit
2663 4375 2759 4414 nos
2790 4359 2961 4429 (Psal.
2995 4376 3164 4429 cxvu,
3199 4360 3290 4431 1):
3342 4359 3398 4415 id
3429 4365 3520 4417 est

1869 4450 2215 4507 brachium:
2277 4446 2430 4502 sicut
2486 4446 2663 4503 alibi:
2698 4449 2762 4503 Et
2818 4449 3102 4503 brachium
3153 4450 3371 4505 Domini
3426 4452 3522 4505 cui

1866 4540 2170 4595 revelatum
2213 4539 2292 4591 est
2324 4535 2452 4606 (lsa.
2483 4552 2601 4602 LIII,
2636 4536 2719 4606 1)?
2740 4537 2866 4608 Ipse
2914 4542 2969 4591 et
3008 4536 3400 4592 illuminatio:
3455 4542 3520 4591 ut

102 4641 227 4695 qua
272 4624 424 4681 alius
472 4624 737 4697 psalmus
782 4625 864 4681 ait
906 4627 1055 4697 (Psal
1078 4668 1090 4680 .
1144 4644 1375 4695 LXXXIII,
1424 4629 1478 4699 2)
1511 4645 1525 4683 ε
1581 4630 1756 4697 Quam
1784 4646 1832 4712 Ι)
1866 4628 1986 4684 ibi:
2018 4630 2082 4683 In
2112 4626 2319 4681 lumine
2340 4627 2432 4679 tuo
2461 4625 2767 4680 videbimus
2798 4627 2985 4680 lumen
3007 4625 3180 4697 (Psat.
3204 4642 3371 4681 xxxv.
3405 4625 3515 4695 10).

100 4713 304 4768 dilecta
330 4718 462 4768 sunt
492 4714 847 4769 tabernacula
878 4719 992 4783 tua,
1028 4716 1296 4770 Domine!

180 4824 211 4852 ιι
251 4802 508 4858 Introibo
556 4803 627 4859 ad
686 4802 866 4858 altare
922 4803 1035 4859 Dei.
1071 4825 1100 4852 »
1150 4804 1279 4874 Mei,
1330 4805 1426 4859 ubi
1478 4821 1591 4860 non
1627 4805 1753 4875 jam

98 4889 324 4946 vitulos
360 4895 418 4946 et
446 4892 674 4959 arietes,
704 4893 805 4947 sed
840 4892 1131 4964 meipsum
1164 4892 1467 4948 exhibeam
1501 4893 1755 4949 hostiam

98 4978 295 5034 vivam
319 4978 641 5051 placentem
667 4980 772 5035 illi.
800 5002 828 5030 «
851 4982 935 5036 Ad
959 4981 1141 5036 Deum
1166 4981 1265 5053 qui
1290 4981 1759 5053 laetiﬁcatjuven-

98 5073 293 5123 tutem
324 5084 535 5123 meam.
568 5091 596 5119 ››
627 5068 772 5125 Cum
804 5074 1122 5142 expurgato
1158 5070 1441 5126 fermento
1474 5071 1652 5125 veteri
1698 5072 1757 5126 in

98 5172 255 5212 novo
289 5173 381 5212 me
411 5157 647 5213 homine
678 5162 959 5229 tanquam
984 5158 1369 5228 juvenculum
1402 5159 1755 5215 consolatur.

174 5268 207 5293 ‹‹
249 5245 579 5301 Contitebor
609 5246 714 5300 tibi
744 5246 801 5299 in
832 5246 1078 5312 cithara,
1121 5246 1274 5302 Deus
1312 5247 1466 5302 Deus
1496 5262 1682 5303 meus.
1728 5271 1756 5297 ››

98 5336 218 5390 Per
272 5335 779 5390 mortiﬁcationem
847 5335 1076 5390 carnis:
1136 5337 1267 5407 quia
1325 5336 1624 5403 cruciﬁxus
1681 5346 1761 5392 est

96 5424 250 5478 mihi
274 5425 533 5492 mundus,
565 5429 617 5480 et
645 5440 743 5494 ego
770 5425 972 5480 mundo
1004 5424 1203 5495 (Galat.
1242 5442 1319 5490 v1,
1354 5426 1463 5495 14).
1508 5447 1536 5475 ‹‹
1571 5427 1758 5490 Quare

98 5513 295 5567 tristis
340 5529 425 5577 es,
473 5514 669 5568 anima
718 5529 866 5579 mea,
917 5518 973 5567 et
1003 5529 1180 5584 quare
1206 5516 1522 5569 conturbas
1553 5530 1644 5569 me
1666 5514 1693 5569 ?
1728 5537 1756 5565 ››

97 5602 259 5667 Quia
287 5602 552 5659 desidero
582 5602 775 5658 videre
801 5602 860 5656 in
893 5618 1008 5674 quo
1039 5618 1202 5674 spem
1236 5603 1425 5673 posui.

178 5714 210 5740 ‹‹
251 5691 429 5763 Spera
459 5693 515 5747 in
544 5697 679 5760 Deo,
711 5690 989 5764 quoniam
1020 5690 1212 5748 adhuc
1240 5692 1559 5751 conﬁtebor
1588 5691 1694 5763 illi,
1728 5715 1756 5744 »

1863 4716 1967 4773 Hic
1996 4722 2085 4774 est
2113 4715 2295 4787 igitur
2324 4712 2543 4769 missus
2573 4730 2605 4768 a
2637 4714 2823 4782 Patre,
2846 4719 2913 4769 ut
2954 4714 3226 4769 liberaret
3256 4729 3415 4768 suos.
3449 4713 3520 4768 Et

1866 4822 1971 4861 cur
1999 4823 2097 4862 eos
2127 4806 2479 4874 liberaverit,
2512 4804 2761 4876 adjecit:
2797 4803 3080 4868 Quoniam
3113 4801 3518 4873 complacuisti

1865 4894 1926 4949 in
1956 4896 2060 4952 eis.
2100 4918 2126 4944 η
2156 4896 2296 4951 Vult
2323 4897 2478 4952 enim
2502 4894 2685 4949 Deus:
2734 4896 2797 4947 ut
2825 4892 2978 4947 sicut
3006 4892 3055 4947 ei
3086 4890 3515 4962 beneplacitum

1867 4987 1956 5039 est
1983 4983 2042 5039 in
2065 4984 2227 5055 Filio,
2253 4985 2334 5040 ita
2364 4989 2421 5039 et
2450 5000 2557 5039 nos
2586 4981 3032 5053 beneplacentes
3065 4980 3255 5036 simus
3276 4979 3333 5034 in
3367 4980 3516 5051 ipso,

1867 5073 1916 5128 si
1945 5072 2218 5130 volumus
2249 5072 2504 5129 liberari.

1941 5184 1965 5209 «ι
2008 5163 2097 5217 Tu
2146 5179 2209 5217 es
2253 5162 2378 5233 ipse
2409 5178 2508 5217 rex
2566 5175 2752 5215 meus.
2786 5181 2814 5210 ››
2849 5159 2958 5223 Qui
2987 5157 3047 5212 in
3080 5173 3172 5213 me
3202 5174 3430 5230 regnas,
3464 5163 3521 5214 et

1867 5267 1983 5305 non
2018 5256 2344 5321 peccatum.
2378 5273 2406 5301 «
2459 5251 2525 5305 Et
2558 5254 2709 5304 Deus
2740 5264 2926 5304 meus.
2961 5268 2990 5297 »
3033 5250 3071 5302 Α
3103 5263 3218 5318 quo
3266 5264 3397 5303 sum
3431 5264 3521 5303 θοι

1867 5338 2143 5410 quisitus.
2201 5362 2221 5388 ι
2258 5340 2364 5404 Qui
2416 5339 2661 5394 mandas
2711 5336 2933 5393 salutes
2981 5336 3180 5392 Jacob.
3215 5358 3244 5386 »
3284 5336 3401 5393 Hoc
3431 5342 3521 5393 est

1866 5427 2081 5499 populo
2110 5427 2475 5484 Christiano:
2512 5427 2615 5498 qui
2666 5424 3040 5498 supplantato
3067 5426 3313 5498 seniore,
3348 5444 3517 5482 man-

1866 5517 2069 5570 datum
2104 5515 2312 5585 salutis
2361 5532 2464 5588 per
2511 5515 2835 5570 doctrinam
2883 5514 3284 5586 propheticum
3339 5520 3516 5586 atque

1865 5604 2244 5677 apostolicam
2277 5603 2553 5676 suscepit.

1938 5717 1967 5744 «
2028 5698 2094 5749 In
2150 5698 2206 5749 te
2260 5694 2413 5749 enim
2475 5693 2743 5749 inimicos
2812 5697 3045 5749 nostros
3101 5692 3514 5749 ventilabimus
