3964 6190
507 389 664 450 1011

2015 383 2406 444 APPENDIX
2421 430 2434 444 .

3659 396 3758 454 1012

513 537 714 588 cornu,
743 524 802 576 et
822 521 879 574 in
924 518 1158 574 nomine
1201 521 1299 572 tuo
1331 534 1674 590 spernemus
1702 517 2074 589 insurgentes
2103 516 2164 570 in
2196 518 2248 581 Α
2280 516 2522 570 mutatio
2553 516 2722 571 facta.
2755 517 2901 571 Nam
2931 515 3213 571 Dominus
3242 516 3489 588 populum
3512 536 3643 591 quem
3661 519 3762 580 emit'

512 610 702 678 nobis,
740 633 760 661 ι
812 615 855 661 Α
908 607 1183 661 cornibus
1233 605 1451 676 aliquid
1496 606 1826 671 ventilatur,
1873 611 1938 660 ut
1984 606 2161 660 Sede-

507 699 692 768 chias,
725 697 825 767 qui
856 695 1023 750 factis
1075 694 1304 749 duobus
1352 694 1554 749 ferreis
1587 695 1860 749 cornibus
1891 695 2155 749 dicebat:

510 788 600 842 Sic
648 785 944 841 ventilabis
1002 792 1166 838 totam
1217 783 1438 854 Syriam
1495 784 1590 854 (III
1644 784 1769 854 Reg.
1830 801 1976 848 xxn,
2039 784 2155 853 11).

509 877 700 932 Cornu
729 890 863 928 vero
893 877 1180 940 nostrum,
1213 872 1478 927 Christus
1519 876 1626 928 est.
1673 873 1828 926 Idem
1862 875 1918 926 et
1949 889 2158 927 nomen

511 962 721 1027 Patris,
774 962 832 1015 in
878 978 991 1033 quo
1040 961 1354 1016 adversarii
1406 961 1609 1028 nostri,
1661 959 1748 1014 vel
1778 961 2155 1024 ventilentur,

509 1052 596 1107 vel
630 1054 1007 1123 spernuntur.

594 1162 615 1188 α
658 1141 780 1196 Non
830 1140 983 1194 enim
1031 1140 1089 1194 in
1136 1155 1272 1194 arcu
1333 1155 1458 1193 meo
1507 1140 1773 1210 sperabo,
1824 1142 1880 1193 et
1928 1138 2156 1210 gladius

511 1244 679 1284 meus
711 1245 825 1283 non
856 1227 1104 1284 salvabit
1136 1245 1247 1283 me.
1281 1250 1308 1278 »
1343 1228 1452 1282 Sed
1493 1227 1677 1281 virtus
1718 1233 1835 1282 tua.

581 1341 610 1367 ‹‹
652 1317 902 1373 Salvasti
944 1317 1097 1372 enim
1132 1333 1237 1372 nos
1268 1335 1301 1371 a
1339 1315 1758 1370 tribulantibus
1790 1333 1916 1370 nos.
1954 1337 1981 1364 »
2013 1316 2158 1378 Quia

509 1406 569 1461 in
601 1407 780 1461 armis
811 1406 958 1461 meis
989 1423 1221 1477 sperare
1243 1423 1355 1459 non
1389 1405 1629 1459 debeam
1657 1421 1668 1457 :
1705 1405 1824 1459 haec
1856 1421 2034 1459 causa
2071 1411 2156 1460 est

510 1496 665 1567 quod
697 1495 934 1551 salvasti
969 1512 1072 1549 nos
1096 1509 1326 1564 semper
1347 1511 1380 1547 a
1405 1493 1911 1564 persequentibus,
1945 1497 2000 1547 et
2031 1495 2157 1548 abs-

511 1600 623 1655 que
680 1588 882 1639 nostra
942 1583 1156 1636 virtute
1204 1586 1519 1652 nostroque
1576 1581 1769 1652 gladio
1828 1581 2152 1636 custodisti.

583 1694 612 1723 «
652 1671 897 1726 Salvasti
950 1670 1108 1724 enim
1164 1686 1269 1724 nos
1337 1670 1407 1724 de
1465 1669 1858 1741 afﬂigentibus
1917 1685 2043 1736 nos,
2103 1673 2159 1723 et

507 1760 768 1814 odientes
801 1775 906 1814 nos
939 1759 1250 1813 confudisti
1277 1777 1289 1826 ;
1321 1779 1348 1810 υ
1387 1775 1598 1813 aversae
1649 1762 1788 1813 sunt
1818 1762 2155 1829 potestates,

508 1848 724 1918 quibus
755 1846 1032 1914 confusis,
1067 1864 1100 1902 a
1127 1847 1352 1903 Christo
1386 1848 1630 1903 Domino
1661 1847 1890 1902 liberati
1925 1864 2152 1902 sumus.
2184 1887 2234 1953 B

578 1959 607 1986 «
652 1937 713 1989 In
747 1936 861 1990 Deo
909 1935 1284 1990 laudabimur
1311 1941 1434 1992 tota
1481 1937 1653 1991 die.»
1708 1936 1850 2002 Quia
1896 1935 2019 2007 ipse
2068 1940 2157 1990 est

503 2024 637 2079 laus
667 2028 724 2080 et
753 2024 938 2096 gloria
983 2028 1201 2080 nostra.
1237 2048 1265 2075 «
1307 2026 1376 2080 Et
1406 2026 1464 2080 in
1500 2027 1736 2081 nomine
1783 2031 1884 2081 tuo
1916 2025 2153 2081 conﬁte-

507 2114 706 2168 bimur
759 2114 861 2168 tibi
920 2113 978 2167 in
1035 2114 1335 2169 saeculum.
1396 2135 1422 2165 ι»
1487 2117 1650 2179 Quod
1708 2134 1741 2171 a
1797 2121 1853 2172 te
1901 2118 2150 2184 Christo,

507 2201 822 2258 Christiani
852 2219 1146 2257 vocamur.

577 2315 607 2341 ‹‹
650 2292 816 2348 Nunc
848 2296 1038 2346 autem
1076 2290 1340 2361 repulisti
1371 2296 1428 2346 et
1457 2293 1769 2348 confudisti
1803 2311 1928 2349 nos.
1953 2317 1972 2342 η
2010 2299 2152 2349 Cum

506 2379 607 2444 ait,
638 2396 806 2444 nunc,
859 2395 1114 2449 praesens
1157 2384 1390 2449 tempus
1439 2382 1874 2451 ostendit.Ergo
1909 2382 1964 2436 in
2016 2401 2155 2454 prm-

506 2466 655 2520 senti
685 2471 944 2536 tempore
975 2467 1042 2520 ad
1078 2467 1546 2522 exercitationem
1588 2469 1948 2540 repellimur,
1981 2477 2045 2525 ut
2092 2473 2150 2526 in

503 2558 783 2607 aeternum
831 2552 1241 2622 glorificemur.
1296 2556 1457 2626 Saepe
1500 2557 1656 2610 enim
1689 2563 1745 2610 et
1776 2563 2059 2630 martyres
2093 2561 2150 2614 in

502 2647 764 2714 tempore
795 2643 997 2697 dicunt
1025 2660 1037 2696 :
1075 2663 1102 2692 «
1126 2643 1193 2696 Et
1223 2660 1335 2698 non
1368 2645 1704 2716 egredieris,
1737 2647 1911 2714 Deus,
1945 2647 2004 2701 in
2036 2650 2147 2703 vir-

500 2731 730 2786 tutibus
768 2731 1007 2786 nostris.
1065 2755 1083 2779 η
1133 2732 1206 2786 Ut
1264 2750 1370 2788 nos
1426 2733 1485 2788 in
1537 2739 1835 2806 posterum
1872 2742 2150 2808 perpetua

501 2820 713 2876 virtute
744 2821 1171 2876 corroborares.
1221 2836 1238 2856 ⁸

575 2931 603 2958 ‹‹
630 2909 900 2964 Avertisti
932 2927 1038 2965 nos
1064 2915 1383 2965 retrorsum
1413 2916 1547 2982 post
1567 2913 1836 2970 inimicos
1859 2921 2144 2971 nostros.»

501 2997 592 3052 Sic
623 3003 679 3052 et
707 3001 945 3052 Petrum
982 2999 1260 3054 Dominus
1307 3005 1629 3056 retrorsum
1660 3005 1962 3075 convertit,
1999 3011 2061 3059 ut
2089 3005 2147 3060 in

503 3086 717 3142 melius
749 3092 1063 3158 repararet.
1097 3089 1244 3159 Ergo
1275 3093 1329 3143 et
1378 3107 1482 3145 nos
1514 3091 1795 3147 debemus
1827 3099 2147 3149 retrorsum

505 3175 782 3242 converti,
816 3193 887 3230 ne
925 3176 983 3230 in
1031 3177 1139 3231 viis
1187 3179 1378 3248 pravis
1410 3180 1684 3250 perduret
1721 3181 1828 3236 iter
1855 3189 2145 3238 nostrum.

2272 620 2386 658 non
2419 621 2558 659 auro
2609 621 2794 676 neque
2827 609 3089 675 argento,
3130 604 3229 659 sed
3281 607 3499 675 pretioso
3541 625 3590 662 ac
3613 616 3761 684 proprio

2269 708 2403 746 eum
2436 693 2720 764 sanguine
2745 693 3137 764 comparavit:
3197 692 3340 748 sicut
3383 694 3454 749 ait
3484 697 3637 753 Petrus
3658 718 3761 771 apos-

2269 779 2421 835 tolus
2453 781 2499 850 (I
2527 786 2674 836 Petr.
2705 800 2744 850 1,
2779 784 2887 849 18).

2345 890 2366 916 α
2411 868 2663 925 Posuisti
2696 888 2802 926 nos
2831 872 3209 942 opprobrium
3237 871 3425 927 vicinis
3471 874 3660 930 nostris:
3686 879 3764 933 sui»

2268 957 2674 1013 sannationem
2723 965 2780 1014 et
2810 961 3066 1015 derisum
3093 961 3185 1015 his
3217 957 3313 1032 qui
3341 961 3396 1014 in
3423 960 3618 1016 circuitu
3642 973 3762 1020 nostm

2268 1050 2425 1100 sunt.
2457 1065 2483 1096 ιο
2518 1048 2704 1101 Vicini
2739 1048 2877 1102 dicti
2911 1052 3323 1120 persecutores,
3353 1055 3554 1122 propter
3571 1050 3762 1106 cohabita-

2264 1134 2482 1188 tionem
2518 1137 3008 1207 mundanam,qui
3039 1154 3191 1208 saepe
3220 1138 3537 1209 exprobrant
3556 1139 3761 1196 irridendo.

2267 1223 2563 1278 dicentes:
2606 1226 2791 1280 Veniat
2828 1227 2968 1280 Deus
3019 1234 3215 1293 vester,
3246 1231 3296 1281 et
3325 1231 3464 1281 eruat
3503 1226 3764 1282 vosdemani-

2269 1311 2365 1365 bus
2394 1315 2597 1368 nostris
2627 1319 2788 1382 (Par.
2814 1333 2990 1382 xxxn,
3026 1317 3113 1382 14,
3150 1316 3256 1385 15).

2338 1422 2366 1449 ‹‹
2409 1401 2661 1456 Posuisti
2717 1420 2822 1458 nos
2869 1404 2926 1458 in
2975 1402 3410 1458 similitudinem
3444 1402 3760 1474 gentibus.»ln

2243 1492 2427 1544 ‘tuam
2479 1491 2678 1563 utique
2728 1491 3218 1548 similitudinem:
3263 1497 3326 1547 ut
3370 1493 3503 1547 sicut
3542 1498 3587 1546 te
3611 1495 3761 1546 mundus

2267 1577 2397 1632 odio
2457 1579 2665 1634 habuit
2714 1581 2898 1652 prius,
2959 1582 3040 1636 ita
3099 1586 3157 1636 et
3214 1598 3316 1636 nos
3372 1581 3601 1651 deinceps
3643 1580 3759 1634 odire.

2268 1687 2296 1715 «
2324 1666 2786 1724 Commotionem
2819 1670 3028 1740 capitis
3060 1671 3118 1724 in
3143 1670 3385 1742 populis.
3414 1692 3438 1719 »
3463 1670 3595 1725 Sicut
3615 1670 3759 1723 enimn

2267 1756 2539 1824 passione
2570 1763 2670 1812 tua
2698 1763 3073 1815 transeuntes
3107 1760 3405 1814 movebant
3430 1758 3586 1830 capita
3608 1773 3691 1811 sua.
3720 1760 3761 1809 ita

2267 1848 2324 1898 et
2352 1844 2410 1898 in
2444 1847 2798 1918 martyribus
2830 1848 2946 1903 tuis
2968 1849 3211 1904 faciunt.
3241 1849 3344 1904 Sed
3374 1852 3425 1903 et
3452 1848 3494 1902 si
3520 1847 3599 1918 qui
3615 1862 3711 1900 nunc
3731 1845 3760 1897 in

2263 1937 2318 1987 te
2345 1935 2438 2004 pie
2463 1935 2707 1991 voluerit
2735 1937 2956 1994 vivere:
2992 1938 3258 2010 protinus
3289 1937 3462 2008 iniqui
3488 1935 3760 2006 blasphemaat

2263 2037 2396 2076 cum
2426 2023 2696 2080 irrisione
2725 2025 2814 2082 vel
2846 2026 3055 2099 capitis
3094 2026 3481 2082 commotione.

2335 2133 2362 2160 «
2406 2113 2551 2168 Tota
2598 2114 2690 2170 die
2735 2116 3086 2170 verecundia
3143 2133 3270 2170 mea
3316 2118 3496 2170 contra
3536 2128 3607 2166 me
3639 2115 3758 2175 estet

2263 2201 2526 2256 confusio
2558 2203 2723 2258 faciei
2757 2221 2893 2259 meae
2932 2205 3233 2276 cooperuit
3262 2221 3367 2259 me.
3401 2226 3424 2252 »
3464 2201 3674 2257 Dominus
3692 2198 3756 2251 hac

2264 2288 2322 2342 in
2355 2296 2657 2362 assumpta
2687 2294 2950 2364 loquitur
2979 2310 3176 2360 carne,
3208 2293 3304 2364 qui
3325 2308 3419 2364 pro
3441 2290 3580 2345 nobis
3595 2301 3759 2341 verecun-

2264 2378 2418 2432 diam
2452 2381 2691 2451 patitur,
2725 2381 3118 2449 maledicitur,
3169 2388 3341 2453 atque
3369 2378 3683 2441 confunditur,
3705 2390 3757 2426 us-

2261 2483 2374 2536 que
2405 2469 2473 2522 ad
2509 2469 2704 2540 ipsum
2736 2470 2912 2524 etiam
2947 2470 3279 2541 patibulum
3309 2468 3504 2523 Crucis.

2335 2577 2362 2604 «
2401 2559 2447 2610 A
2475 2573 2612 2612 voce
2641 2559 3050 2629 exprobrantis
3084 2564 3140 2614 et
3183 2557 3539 2629 obloquentis.
3574 2576 3588 2602 ι
3615 2554 3707 2607 Cum
3733 2551 3760 2600 ei
3844 2559 3845 2629 γ

2261 2644 2546 2699 diceretur
2570 2662 2581 2700 :
2616 2646 2674 2700 Si
2701 2649 2875 2702 Fili-us
2900 2648 2997 2702 Dei
3023 2663 3098 2716 es,
3123 2647 3375 2702 descende
3400 2646 3456 2700 de
3481 2658 3606 2698 cruce
3626 2636 3758 2709 (liciti.

2259 2750 2432 2802 xxvn,
2469 2735 2576 2806 40).
2610 2756 2637 2785 ››
2689 2737 2736 2789 Α
2785 2736 2930 2790 facie
2976 2735 3224 2804 inimici,
3261 2761 3285 2784 γ»
3323 2736 3491 2791 Judm.
3535 2731 3757 2799 «Etperst

2259 2823 2513 2892 quentis,
2549 2846 2576 2872 ››
2608 2823 2806 2895 populi
2829 2824 3082 2881 Judaici.

2335 2934 2354 2960 «
2393 2911 2522 2967 Haec
2561 2913 2758 2968 omnia
2787 2919 3074 2968 venerunt
3105 2930 3281 2986 super
3317 2930 3433 2979 nos,
3464 2927 3549 2967 nec
3574 2904 3686 2964 obliti
3705 2919 3759 2956 su-

2258 3016 2389 3054 mus
2419 3004 2494 3056 te.
2523 3023 2550 3050 »
2581 3002 2861 3073 Martyres
2889 3002 3004 3056 ista
3027 3003 3265 3058 dicunt:
3299 3003 3427 3073 quia
3452 2999 3610 3055 omnia
3629 2999 3758 3065 qumlI
3844 2999 3845 3036 3

2259 3090 2500 3145 Domine
2528 3090 2688 3158 Jesu,
2722 3090 3040 3162 pertulisti,
3074 3096 3130 3148 et
3167 3109 3270 3147 nos
3301 3091 3480 3146 eadem
3510 3082 3758 3172 pertulimus

2258 3179 2357 3233 sed
2389 3184 2446 3234 te
2475 3196 2705 3251 semper
2733 3179 2984 3235 confessi
3019 3198 3252 3236 sumus.
3277 3205 3301 3230 α
3326 3182 3389 3234 Et
3416 3178 3578 3248 inique
3602 3182 3760 3234 nonet"

505 3265 796 3319 Debemus
828 3269 885 3319 et
944 3264 1210 3322 inimicos
1241 3273 1474 3322 nostros
1506 3273 1636 3324 ante
1666 3287 1772 3324 nos
1800 3271 2031 3338 habere,
2091 3276 2156 3326 ut
2185 3266 2226 3332 C
2269 3285 2400 3323 mus
2427 3269 2488 3322 in
2527 3272 2876 3323 testamento
2916 3275 3039 3324 tuo.
3078 3292 3106 3320 ››
3156 3271 3264 3326 Sed
3297 3267 3542 3324 veraciter
3574 3267 3615 3316 te
3637 3254 3759 3330 Padi”

503 3353 760 3408 sciamus
818 3353 959 3425 quid
1007 3371 1206 3410 cavere
1257 3356 1594 3412 debeamus.
1646 3359 1806 3422 Quod
1858 3365 1914 3415 et
1943 3361 1989 3415 si
2025 3366 2158 3432 post

503 3441 807 3497 Christum
853 3445 1246 3498 convertimur
1293 3450 1358 3498 ut
1403 3449 1630 3511 Petrus,
1689 3447 1970 3503 habentes
2022 3467 2156 3505 eum

505 3535 638 3584 ante
668 3546 795 3595 nos,
830 3529 973 3583 nihil
1009 3531 1160 3585 ultra
1209 3537 1554 3589 metuemus.
1613 3556 1640 3585 «
1670 3540 1736 3590 Et
1766 3537 1864 3606 qui
1910 3538 2159 3593 oderunt

507 3634 634 3687 nos,
672 3617 1023 3686 diripiebant
1057 3619 1186 3673 sibi.
1224 3641 1251 3668 »
1285 3621 1524 3692 Propter
1553 3640 1764 3679 nomen
1803 3624 1958 3680 enim
1986 3632 2154 3682 tuum

503 3705 561 3758 di
593 3705 855 3775 ipiebant
906 3723 1049 3761 nos:
1103 3724 1238 3763 cum
1270 3709 1329 3762 in
1367 3711 1721 3780 carceribus,
1754 3713 1813 3767 in
1854 3715 2063 3787 plagis,
2095 3716 2154 3770 in

506 3791 749 3862 reliquis
782 3811 888 3848 nos
932 3802 1207 3860 vexarent
1251 3800 1575 3854 tormentis.
1625 3802 1736 3856 Sed
1785 3819 1899 3858 non
1928 3821 2036 3860 nos
2068 3823 2155 3860 se-

505 3881 732 3954 paravit
756 3899 788 3938 a
817 3882 1098 3939 charitate
1126 3888 1226 3940 tua
1256 3885 1358 3941 illa
1384 3887 1702 3944 tribulatio.

581 3995 608 4021 «
647 3972 874 4027 Dedisti
927 3990 1034 4028 nos
1080 3979 1361 4046 tanquam
1410 3993 1543 4032 oves
1592 3995 1942 4034 escarum.»
2001 3983 2160 4037 Sicut

509 4060 664 4116 enim
698 4061 983 4117 Dominus
1007 4067 1289 4134 tanquam
1320 4065 1443 4120 ovis
1475 4066 1545 4120 ad
1573 4067 1921 4123 occisionem
1945 4071 2156 4127 ductus

508 4150 683 4205 datus
711 4153 800 4204 est
830 4165 963 4206 esca
993 4152 1244 4223 populis,
1296 4169 1429 4208 cum
1479 4154 1656 4210 dicit:
1689 4157 1809 4211 Nisi
1853 4159 2156 4214 manduca-

507 4241 699 4293 veritis
728 4255 948 4294 carnem
978 4241 1120 4296 Filii
1147 4241 1409 4314 hominis,
1438 4259 1548 4298 non
1587 4244 1856 4300 habebitis
1886 4248 2055 4302 vitam
2096 4251 2156 4303 in

507 4328 664 4382 nobis
713 4331 884 4393 (Joan.
932 4346 1011 4398 vr,
1063 4330 1176 4400 54):
1230 4331 1312 4386 ita
1359 4337 1416 4387 et
1464 4333 1671 4400 sancti,
1706 4334 1857 4390 sicut
1887 4337 2154 4408 superius

508 4415 784 4486 diximus,
818 4417 876 4470 in
909 4417 1113 4473 multis
1145 4419 1627 4477 tribulationibus
1659 4425 1796 4488 dati,
1852 4425 1987 4480 facti
2019 4432 2157 4482 sunt

508 4504 792 4577 pabulum
823 4505 1134 4577 gentibus:
1169 4507 1251 4562 vel
1287 4525 1421 4564 cum
1461 4510 1740 4567 alimenta
1768 4518 1994 4569 aeternae
2027 4516 2154 4570 vita:

443 4605 447 4612 ‘
509 4594 882 4650 ministrant:
934 4595 1021 4650 vel
1074 4597 1212 4651 dum
1245 4599 1622 4669 rapacitatem
1672 4618 1872 4657 eorum
1923 4604 1994 4658 de
2031 4606 2153 4662 suis

509 4683 786 4738 arumnis
834 4685 1139 4740 exsatiant.
1198 4705 1224 4738 α
1255 4687 1324 4740 Et
1368 4687 1426 4742 in
1458 4688 1795 4745 nationibus
1826 4692 2154 4763 dispersisti

509 4789 636 4828 nos.
670 4794 699 4821 »
731 4771 806 4827 Ut
849 4773 919 4827 ad
949 4778 1182 4846 tempus
1215 4775 1656 4832 dominarentur
1683 4780 1886 4834 nostri.

583 4884 612 4910 ‹‹
652 4860 915 4917 Vendisti
948 4863 1229 4935 populum
1277 4869 1446 4919 tuum
1503 4867 1628 4922 sine
1658 4870 1860 4939 pretio.
1898 4893 1925 4919 ››
1959 4871 2155 4944 Usque

510 4967 670 5005 nunc
698 4950 767 5005 de
797 4967 858 5006 se
888 4950 1066 5008 locuti
1097 4958 1237 5008 sunt
1263 4959 1565 5026 martyres‘
1594 4973 1607 5010 :
1642 4974 1797 5012 nunc
1828 4960 1896 5014 de
1927 4961 2154 5017 Judan-

511 5055 642 5092 rum
675 5039 888 5110 populo
918 5040 1156 5107 dicitur,
1188 5042 1403 5113 quibus
1435 5045 1656 5100 dictum
1681 5051 1798 5102 est:
1833 5050 1897 5103 In
1921 5054 2156 5120 peccatis

509 5129 701 5182 vestris
729 5128 939 5184 uenditi
985 5133 1108 5185 estis
1138 5130 1275 5202 (Isa.
1309 5151 1358 5204 L,
1395 5134 1465 5205 1).
1512 5137 1578 5188 Et
1607 5135 1735 5190 ideo
1766 5135 1891 5192 sine
1931 5140 2151 5210 pretio:

507 5215 646 5286 quia
674 5233 791 5272 non
816 5222 903 5273 est
925 5219 1145 5274 effusus
1169 5222 1319 5292 Agni
1343 5224 1584 5294 sanguis
1615 5241 1717 5296 pro
1747 5226 1850 5280 eis.
1886 5250 1913 5276 ‹‹
1940 5229 2010 5283 Et
2040 5246 2152 5284 non

506 5303 618 5358 fuit
641 5304 957 5362 multitudo
978 5307 1036 5362 in
1062 5311 1618 5368 commutationibus
1642 5316 1877 5371 nostris.
1911 5338 1939 5366 »
1972 5317 2156 5373 Vilior

501 5397 626 5448 erat
655 5410 876 5450 merces
907 5413 1032 5467 quae
1083 5398 1193 5451 fuit
1223 5400 1490 5456 vendita:
1540 5401 1670 5457 ideo
1723 5420 1837 5458 non
1869 5411 1959 5460 est
1987 5423 2149 5461 com-

575 5519 600 5596 ξ-
636 5519 849 5573 Locum
883 5519 1038 5596 hunc
1069 5521 1343 5596 Servatus
1391 5525 1590 5596 Lupus
1631 5527 1690 5580 in
1723 5527 2054 5585 Collectmzeo
2083 5533 2148 5585 de

502 5590 678 5662 tribus
707 5593 1115 5662 quwstionibus.
1148 5595 1258 5648 sub
1293 5590 1499 5661 finem;
1519 5599 1724 5652 recitat
1754 5600 1995 5654 totidem
2023 5619 2146 5656 ver-

506 5661 596 5716 bis
627 5661 909 5734 tanquam
939 5679 1009 5719 ex
1033 5664 1363 5737 Hieronymi
1391 5670 1838 5737 Commentario,
1871 5675 2147 5742 quemad-

2264 3357 2545 3412 cavimus.
2605 3380 2624 3406 ‹ι
2679 3359 2746 3412 Et
2777 3375 2891 3412 non
2927 3359 3170 3415 recessit
3216 3364 3360 3413 retro
3406 3373 3491 3411 cor
3528 3356 3759 3406 nostrunw

2264 3444 2339 3499 Ut
2373 3461 2594 3500 errores
2626 3446 2906 3501 fanaticos
2958 3449 3116 3502 unde
3147 3447 3382 3520 digressi
3430 3444 3624 3506 fuimus,
3643 3446 3761 3500 δορπε-

2264 3550 2481 3588 remur.
2519 3556 2546 3583 ‹‹
2587 3535 2656 3588 Et
2687 3535 2991 3590 declinasti
3023 3537 3265 3591 semitas
3294 3539 3500 3590 nostras
3525 3527 3758 3584 aviatua.

2264 3625 2429 3678 Actio
2459 3628 2659 3679 nostra
2688 3641 2803 3679 non
2835 3630 2923 3680 est
2952 3642 2986 3680 a
3035 3627 3155 3681 tuis
3187 3618 3641 3696 justiﬁcationibus
3661 3621 3759 3678 δίψα·

2266 3716 2412 3765 rata.
3619 3791 3627 3794 _
3685 3787 3692 3794 _

2341 3821 2368 3848 α
2400 3800 2682 3864 Quoniam
2718 3801 3046 3858 humiliasti
3079 3820 3184 3858 nos
3232 3803 3289 3856 in
3335 3801 3447 3856 loco
3477 3791 3724 3852 afflictionis.
3745 3802 3757 3823 θ

2265 3893 2331 3944 In
2365 3905 2601 3960 corpore
2631 3889 2762 3958 isto,
2797 3891 2855 3944 in
2883 3907 2995 3961 quo
3017 3909 3318 3948 versamur
3343 3896 3394 3944 et
3422 3883 3670 3955 afﬂigimur
3685 3886 3757 3943 PN‘
3844 3909 3845 3952 ξ

2267 3982 2395 4048 pter
2450 3983 2522 4031 te.
2555 3999 2583 4027 ‹‹
2627 3979 2694 4032 Et
2742 3979 2969 4050 operuit
3018 3997 3126 4036 nos
3177 3981 3377 4034 umbra
3417 3971 3644 4030 mortis.»
3673 3963 3758 4057 liene

2265 4067 2477 4121 umbra
2501 4067 2710 4144 'mortis
2743 4067 2800 4120 in
2827 4067 2934 4122 hoc
2966 4070 3180 4124 saeculo
3221 4064 3493 4140 opprimit,
3521 4065 3567 4115 et
3591 4070 3668 4144 θρα

2267 4171 2424 4208 mors
2453 4171 2464 4208 :
2500 4134 2637 4225 quia
2667 4161 2970 4228 martyres,
3002 4157 3092 4212 vel
3121 4157 3320 4227 reliqui
3365 4149 3541 4217 sancti,
3566 4142 3645 4200 etsi
3676 4134 3758 4191 aﬁlr

2264 4247 2515 4314 guntur,
2578 4245 2686 4298 etsi
2753 4245 2921 4298 morti
2981 4244 3379 4313 destinantur,
3432 4239 3596 4295 vivunt
3643 4232 3759 4328 “111.195

2264 4340 2402 4407 D30,
2434 4340 2493 4394 in
2543 4341 2664 4396 hinc
2714 4359 2871 4396 mors
2905 4342 3117 4398 umbra
3161 4344 3244 4398 eis
3288 4345 3388 4406 est,
3433 4342 3483 4392 et
3522 4347 3611 4390 non
3633 4325 3759 4378 νοτιίεέ

2266 4429 2491 4484 mortis.
3648 4498 3686 4514 Η

2343 4540 2368 4569 α
2407 4517 2465 4572 Si
2506 4516 2669 4572 obliti
2720 4536 2928 4574 sumus
2974 4537 3186 4575 nomen
3238 4519 3329 4573 Dei
3376 4511 3550 4569 nostri.
3591 4527 3613 4552 ››
3647 4498 3760 4552 Ιάεεῖ

2185 4631 2230 4694 D
2262 4606 2580 4662 Christum.
2637 4627 2663 4659 α
2693 4609 2762 4663 Et
2804 4608 2853 4664 si
2898 4610 3281 4681 expandimus
3327 4617 3513 4661 manus
3539 4577 3758 4651 nostraiad

2265 4696 2439 4750 deum
2472 4695 2749 4751 alienum.
2781 4719 2809 4746 »
2843 4699 2927 4752 Ad
2955 4699 3198 4753 idolum.
3636 4769 3643 4776 ι

2339 4807 2366 4834 ‹‹
2407 4785 2608 4840 Nonne
2639 4785 2792 4840 Deus
2814 4789 3071 4857 requiret
3091 4787 3237 4842 ista?
3257 4786 3371 4856 ipse
3389 4779 3522 4836 enim
3545 4760 3757 4865 Πονιξ¹

2266 4873 2500 4927 condita
2545 4874 2754 4930 cordis.
2789 4898 2817 4924 υ
2854 4854 3015 4940 Quod
3065 4854 3364 4946 cognoscat
3406 4875 3533 4922 Deus
3565 4854 3757 4946 cogitfmof

2267 4979 2367 5017 nes
2396 4963 2723 5034 hominum,
2770 4963 2891 5035 ipse
2939 4964 2998 5018 in
3047 4939 3342 5035 Evangelio
3371 4955 3536 5030 prodit
3559 4947 3612 5002 ad

2266 5069 2410 5106 smos
2467 5052 2704 5107 dicens:
2767 5053 2905 5119 Quid
2951 5055 3198 5122 cogitatis
3253 5062 3464 5119 nequam
3511 5043 3557 5094 in
3601 5023 3756 5116 σθνδώτίῖ

2264 5141 2460 5196 vestris
2501 5142 2650 5202 (Luc.
2699 5159 2754 5209 v,
2803 5143 2924 5208 22)?
2970 5121 3061 5197 Sic
3109 5146 3166 5196 et
3214 5143 3472 5207 martyres
3514 5123 3690 5181 dicunt:
3727 5121 3757 5157 δι

2267 5229 2479 5284 alicubi
2510 5232 2867 5286 excessimus
2898 5249 2931 5286 a
2964 5231 3071 5286 viis
3100 5231 3220 5298 Dei,
3253 5229 3368 5300 ipse
3394 5220 3478 5294 qui
3505 5223 3665 5271 arcana
3684 5213 3754 5253 cor-

2265 5318 2354 5373 dis
2386 5319 2564 5386 novit,
2597 5319 2876 5390 inquirat.
3571 5386 3598 5397 α

2333 5408 2617 5471 Quoniam
2649 5389 2884 5482 propter
2925 5414 2978 5465 te
3008 5407 3409 5464 mortiﬁcamur
3437 5397 3534 5450 tota
3557 5389 3640 5447 die,

3209 5531 3402 5585 rimum
3431 5519 3575 5576 alium
3594 5504 3752 5585 hui???

3212 5577 3518 5667 Hiero—cyma
3548 5577 3748 5645 acceptum

3664 5401 3682 5425 ν
3719 5371 3751 5423 in

2260 5533 2506 5606 modum
2540 5539 2596 5606 et
2626 5552 2805 5606 supra
2835 5536 2890 5589 in
2927 5535 3133 5606 psalm,
3169 5551 3202 5605 p

2257 5604 2533 5729 Brfeviarii
2566 5604 2754 5660 locum
2809 5604 3162 5675 describens,

2257 5692 2315 5730 re
2342 5680 2446 5730 ert.

2256 5692 2446 5730 ΓΘῙΘΓι.
