3964 6190
164 384 328 444 1013

1329 386 1826 448 BREVIARIUM
1869 386 1950 445 IN
1994 387 2140 447 PSA
2151 387 2379 448 LMOS.

3411 384 3570 445 1014

162 514 416 571 diversis
470 514 947 571 tribulationibus
1002 515 1391 588 opprimimur
1444 521 1683 589 propter
1730 521 1812 585 te,
1845 522 1893 586 Α
1927 522 2157 573 surator
2187 523 2242 575 et
2273 518 2522 590 scriptor
2568 522 2675 574 est.
2710 518 2871 574 Unde
2930 516 3076 572 dixit
3128 517 3187 570 in
3235 514 3568 588 propheta:

166 606 273 661 sed
308 607 515 677 sponte
544 605 874 675 prebemus
896 604 1044 660 colla
1064 605 1440 681 cedentibus.
1480 628 1500 654 ιι
1525 605 1820 661 ΛΕειίιιιθιιὶ

166 710 403 760 sumus,
436 696 502 748 ut
548 708 682 749 oves
730 693 1060 750 occisionis.
1092 716 1122 743 »
1175 694 1414 750 Dixeras
1454 694 1632 763 enim,
1667 695 1822 766 quod

170 782 469 838 missurus
501 797 608 836 nos
647 788 808 837 esses
853 786 1135 854 tanquam
1177 799 1309 838 oves
1338 783 1398 837 in
1430 782 1620 838 medio
1651 782 1822 854 lupo-

169 888 306 926 rum
338 870 548 939 (Matth.
581 887 638 937 x,
672 870 760 941 16)
794 888 807 926 :
857 871 1023 927 Nunc
1053 875 1250 926 autem
1282 872 1421 943 quia
1453 872 1523 927 ab
1554 871 1647 926 his
1690 876 1821 926 ten-

165 959 495 1015 tationibus
525 958 830 1032 elongatus
851 976 934 1031 es,
957 964 1015 1015 et
1040 964 1319 1032 tanquam
1353 962 1399 1016 si
1434 961 1493 1016 in
1528 960 1657 1015 navi
1688 960 1819 1015 dor-

168 1050 388 1114 miens,
421 1064 536 1103 non
569 1064 677 1103 nos
719 1065 754 1103 a
801 1052 1148 1120 tempestate
1182 1049 1469 1118 defendis,
1500 1049 1821 1106 excitamus

166 1143 248 1205 te,
284 1138 542 1205 Domine,
575 1137 939 1194 confessione
970 1138 1219 1211 supplici
1253 1140 1653 1211 deprecantes.

242 1251 271 1277 ιι
306 1228 583 1299 Exsurge,
608 1243 788 1297 quare
818 1227 1142 1295 obdormis,
1172 1227 1413 1283 Domine
1432 1230 1460 1281 ‘t
1488 1244 1733 1300 exsurge
1764 1232 1822 1283 et

165 1332 243 1372 ne
275 1314 522 1387 repellas
552 1314 612 1370 in
643 1315 840 1371 ﬁnem.
875 1338 903 1365 »
944 1320 1020 1371 Ut
1049 1317 1151 1388 qui
1182 1321 1453 1372 mortuus
1485 1316 1683 1388 eslpro
1717 1333 1820 1371 no-

164 1405 284 1475 bis,
316 1408 373 1460 et
426 1404 792 1460 resurrexisti
827 1421 840 1459 :
892 1406 1163 1461 exciteris
1212 1406 1270 1460 in
1312 1405 1587 1461 cordibus
1618 1421 1819 1460 eorum

166 1494 273 1565 qui
319 1498 376 1548 te
425 1496 722 1548 mortuum
776 1493 1239 1560 conﬁtenturyet
1282 1493 1672 1549 resurrexisse
1705 1510 1820 1547 non

168 1582 438 1650 credunt,
472 1585 538 1636 ut
585 1581 825 1637 tandem
873 1582 1208 1638 desinentes
1238 1598 1345 1637 nos
1376 1582 1669 1654 persequi,
1702 1597 1818 1636 non

167 1687 361 1743 usque
388 1669 448 1725 in
480 1670 656 1726 ﬁnem
687 1674 912 1725 aeterna:
942 1671 1149 1726 mortis
1188 1671 1495 1727 intereant.

244 1782 273 1810 «
304 1759 490 1824 Quare
548 1759 756 1814 faciem
813 1764 975 1814 tuam
1036 1759 1292 1815 avertis?
1323 1781 1352 1809 ››
1400 1758 1624 1815 Avertit
1660 1758 1817 1814 enim

169 1850 326 1931 Deus
365 1847 573 1903 faciem
626 1848 698 1903 ad
743 1851 998 1920 tempus,
1033 1852 1098 1902 ut
1144 1848 1350 1919 probet
1395 1847 1608 1905 electos
1654 1864 1816 1903 suos.
1848 1886 1895 1951 Β

167 1924 205 1989 ‹‹”
232 1937 606 1993 Oblivisceris
650 1937 860 2009 inopiae
916 1941 1129 1993 nostris
1176 1942 1235 1993 et
1281 1937 1681 1993 tribulationis
1713 1954 1816 1992 no-

167 2029 321 2081 strae.
348 2048 378 2075 ››
406 2025 967 2097 Patimurinopiam,
996 2042 1098 2098 pro
1120 2025 1305 2080 nihilo
1335 2026 1616 2081 habentes
1636 2025 1818 2096 hujus

169 2115 375 2170 mundi
399 2114 654 2184 divitias,
668 2131 915 2187 regnum
934 2114 1165 2170 caeleste
1182 2115 1605 2171 desideramus.
1620 2115 1821 2170 Tribu-

166 2204 364 2258 lamur
392 2203 573 2270 enim,
607 2219 741 2258 cum
786 2202 1093 2276 elongatur
1136 2202 1492 2259 desiderium
1524 2207 1815 2259 nostrum.

239 2314 270 2342 «
303 2291 590 2360 Quoniam
639 2290 953 2346 humiliata
980 2295 1071 2347 est
1114 2292 1176 2347 in
1206 2291 1442 2364 pulvere
1472 2292 1669 2348 anima
1712 2308 1815 2347 n0-

163 2384 314 2436 stra.
349 2400 378 2428 ››
429 2378 501 2434 Ut
548 2379 621 2433 ab
673 2378 790 2433 illis
838 2379 1280 2445 inclinaremur,
1311 2396 1460 2451 quos
1502 2385 1714 2435 ventus
1752 2384 1819 2436 ut

158 2467 467 2541 pulverem
500 2484 534 2522 a
565 2467 709 2522 facie
729 2472 897 2523 terra;
922 2468 1175 2539 projicit.
1210 2489 1238 2518 ‹‹
1261 2468 1709 2541 Conglutinatus
1729 2473 1818 2524 est

163 2557 229 2612 in
261 2561 417 2611 terra
444 2560 646 2611 venter
674 2560 891 2612 noster.
927 2579 955 2605 »
1000 2559 1079 2612 Ac
1110 2556 1159 2613 si
1193 2557 1446 2613 diceret:
1480 2560 1623 2613 Caro
1652 2557 1815 2612 inﬁr-

165 2648 383 2711 matur,
418 2644 519 2699 sed
551 2660 763 2700 sensus
790 2644 850 2700 in
882 2644 1217 2701 caelestibus
1248 2651 1338 2701 est
1368 2650 1645 2701 attentus.

240 2756 269 2783 «
299 2733 579 2803 Exsurge,
614 2733 876 2801 Domine,
912 2734 1125 2805 adjuva
1175 2751 1302 2800 nos,
1336 2738 1392 2789 et
1439 2734 1658 2789 redime
1705 2751 1813 2789 nos

163 2825 406 2894 prepter
433 2837 646 2877 nomen
675 2825 866 2877 tuum.
902 2844 930 2870 »
972 2822 1102 2877 Jam
1135 2827 1305 2877 tuum
1335 2822 1394 2877 in
1427 2822 1814 2878 tribulationi-

163 2913 280 2967 bus
309 2908 591 2965 auxilium
616 2926 968 2980 mereamur,
994 2916 1060 2966 ut
1088 2911 1408 2967 liberemur
1432 2912 1504 2967 ab
1534 2912 1628 2966 bis
1646 2928 1815 2983 .pres-

160 2999 323 3057 suris
356 3016 371 3056 :
404 3015 520 3054 non
552 3003 788 3071 propter
817 3000 1092 3054 meritum
1123 3005 1414 3067 nostrum,
1448 3000 1548 3055 sed
1580 3004 1816 3071 propter

155 3104 381 3144 nomen
415 3092 605 3143 tuum.

699 3193 1030 3250 PSALMUS
1088 3194 1277 3250 XLIV.

1930 607 2119 678 Surge,
2153 616 2204 662 et
2248 610 2434 679 accipe
2479 608 2774 676 calamum,
2806 610 2861 662 et
2890 608 3084 661 metire
3112 604 3385 677 templum
3414 613 3464 659 et
3492 608 3575 659 ci-

1929 698 2155 751 vitatem
2186 696 2405 767 (Ezech.
2436 713 2524 762 XL,
2557 697 2634 763 3).
2677 720 2705 746 «
2738 696 3010 752 Calamus
3040 694 3264 749 scribae.
3302 713 3330 745 ιι
3375 694 3577 749 Scriba

1930 785 2056 856 ipse
2084 789 2174 841 est
2202 784 2489 840 Christus.
2523 786 2689 839 Unde
2718 785 2863 840 dixit
2891 784 2950 839 in
2983 782 3290 854 Evangelio
3324 799 3337 836 :
3387 782 3576 837 Omnis

1929 875 2109 929 scriba
2150 874 2335 929 doctus
2364 876 2425 928 in
2452 890 2627 947 regno
2656 873 2938 944 caelorum,
2970 873 3170 927 similis
3207 879 3286 927 est
3326 873 3574 943 patrifa-

1929 964 2125 1018 milias
2172 962 2390 1033 (Matth.
2444 980 2567 1030 xm,
2620 964 2733 1034 52).
2786 985 2814 1011 ‹‹
2844 960 3129 1016 Velociler
3176 959 3509 1015 scribentis.
3546 982 3568 1008 ι

1929 1052 2076 1115 Quia
2104 1050 2305 1106 nullus
2334 1056 2455 1105 tam
2487 1049 2601 1105 cito
2628 1050 2853 1115 scribit,
2876 1049 3029 1119 sicut
3058 1049 3181 1121 ipse
3202 1048 3485 1104 Dominus
3511 1047 3572 1102 in

1930 1140 2205 1196 cordibus
2270 1143 2605 1195 sanctorum
2676 1139 2897 1195 scribit.
2959 1138 3108 1203 Quid
3176 1136 3397 1205 scribit,
3458 1137 3572 1192 nisi

1930 1229 2124 1292 ﬁdem,
2156 1245 2320 1300 spem
2351 1233 2406 1284 et
2437 1227 2778 1283 charitatem
2812 1244 3005 1291 suam,
3028 1227 3270 1282 verbum
3300 1226 3575 1297 praedica-

1928 1317 2105 1373 tionis
2148 1318 2355 1371 tribuit
2372 1317 2400 1372 ?

2001 1429 2030 1455 «
2062 1404 2370 1478 Speciosus
2402 1407 2589 1461 forma
2617 1422 2732 1476 prae
2761 1404 2899 1460 ﬁliis
2929 1404 3259 1460 hominum.
3287 1426 3315 1455 »
3353 1404 3426 1459 Ut
3454 1421 3571 1459 non

1930 1512 1999 1551 ex
2025 1510 2211 1566 aequo,
2245 1497 2309 1548 ut
2356 1494 2508 1549 alius
2555 1493 2752 1560 homo,
2784 1494 2884 1548 sed
2917 1509 3050 1549 cum
3082 1493 3319 1548 homine
3352 1493 3449 1547 Dei
3480 1494 3570 1547 Fi-

1927 1584 2045 1639 lius
2072 1582 2453 1655 intelligatur,
2486 1586 2544 1637 et
2571 1582 2701 1637 ideo
2733 1581 3031 1652 pulchrior
3055 1582 3267 1637 dicitur
3296 1598 3412 1653 praa
3441 1580 3572 1636 aliis

1928 1671 2067 1728 ﬁliis
2095 1672 2425 1727 hominum.
2448 1672 2658 1727 Forma
2687 1674 2885 1726 autem
2908 1670 2979 1724 de
3005 1686 3121 1731 qua
3152 1668 3430 1742 loquitur,
3454 1685 3570 1725 non

1928 1759 2319 1834 magnitudini
2375 1760 2711 1833 deputanda
2759 1763 2866 1830 est,
2900 1759 3000 1814 sed
3050 1758 3264 1813 decori.
3294 1757 3399 1813 Vel
3431 1774 3570 1829 quo-

1928 1850 2101 1906 modo
2133 1849 2453 1921 speciosus,
2494 1865 2629 1904 cum
2690 1847 2867 1903 Isaias
2916 1847 3100 1902 dicit:
3156 1845 3400 1903 Vidimus
3444 1861 3571 1900 eum

1926 1956 2035 1995 non
2079 1939 2368 1994 habentem
2422 1939 2674 2011 speciem,
2706 1954 2881 2010 neque
2926 1936 3165 1992 decorem
3199 1953 3216 1988 :
3264 1934 3359 1990 sed
3414 1935 3573 2005 quasi

1926 2030 2251 2101 despectum,
2284 2032 2339 2083 et
2385 2006 2758 2095 humilitttum,
2783 2006 2842 2081 et
2864 2041 3205 2097 percussum,
3237 2028 3289 2079 et
3315 2024 3569 2093 ﬂagellu-

1926 2124 2046 2174 tum
2088 2135 2123 2172 a
2168 2119 2277 2173 Deo
2324 2119 2450 2189 (Isa.
2486 2134 2602 2187 Lm,
2634 2117 2738 2189 3)?
2782 2114 3072 2186 Propheta
3099 2112 3279 2169 Isaias
3327 2128 3396 2167 ex
3441 2128 3569 2183 per-

1927 2224 2071 2263 sona
2097 2207 2437 2262 Judaaorum
2488 2205 2630 2260 dicit
2676 2204 2804 2273 hoc,
2839 2204 2979 2275 quia
3021 2201 3109 2257 illi
3140 2200 3568 2257 humanitatem

1926 2295 2137 2361 carnis,
2160 2294 2325 2366 quasi
2348 2311 2559 2366 purum
2588 2293 2886 2349 hominem
2909 2308 3037 2347 esse
3057 2287 3570 2345 crediderunt.Sed

1926 2384 2020 2438 hic
2053 2382 2339 2454 Propheta
2368 2382 2690 2436 secundum
2723 2378 3088 2434 divinitatem
3119 2376 3396 2447 loquitur.
3423 2375 3570 2429 Item

1925 2473 2105 2527 Isaias
2139 2470 2418 2544 propheta
2449 2468 2788 2541 praesciebat
2834 2484 2935 2539 per
2965 2465 3248 2538 Spiritum
3298 2467 3568 2520 sanctum

1924 2560 2083 2616 illam
2118 2559 2545 2615 humanitatem
2579 2576 2612 2613 a
2655 2557 2795 2613 foris
2827 2572 3005 2628 quam
3035 2555 3306 2610 viderunt
3332 2551 3515 2607 Judazi
3550 2568 3564 2605 :

1924 2651 2024 2706 sed
2059 2649 2413 2704 intrinsecus
2461 2646 2823 2702 divinitatem
2863 2662 2979 2699 non
3012 2646 3328 2715 potuerunt
3355 2640 3567 2697 intelli—

1922 2755 2085 2811 gere:
2111 2761 2139 2788 «
2163 2737 2386 2793 Diti‘usa
2404 2741 2491 2791 est
2520 2735 2709 2807 gratia
2737 2735 2799 2789 in
2826 2733 2998 2789 labiis
3026 2732 3165 2787 tuis.
3193 2753 3221 2780 »
3251 2731 3395 2786 Cum
3419 2746 3570 2785 mor-

1922 2828 2029 2883 bos
2077 2827 2252 2881 verbo
2299 2841 2491 2891 curas,
2523 2839 2657 2887 cum
2703 2839 2863 2877 mare
2910 2821 3206 2893 quiescere
3236 2819 3397 2889 facis,
3430 2834 3564 2873 cum

1923 2915 2220 2972 silentium
2254 2913 2442 2969 ventis
2470 2912 2704 2975 indicis,
2732 2927 2865 2965 cum
2896 2910 3114 2965 febrem
3146 2893 3444 2963 discedere
3465 2908 3564 2976 ju-

1922 3006 2045 3069 bes,
2082 3020 2213 3057 cum
2243 3001 2522 3057 Lazarum
2555 3017 2746 3067 vocas,
2780 3003 2836 3053 et
2873 2998 3028 3052 venit
3062 3015 3075 3052 :
3131 2996 3357 3051 Patrem
3386 2995 3566 3050 inter-

1923 3092 2127 3165 pellas,
2160 3097 2216 3146 et
2261 3091 2445 3155 audit,
2486 3095 2544 3144 et
2590 3106 2704 3143 non
2759 3086 2951 3143 solum
2999 3086 3183 3151 audit,
3232 3086 3333 3141 sed
3390 3084 3568 3140 etiam

1931 3180 2275 3253 respondet:
2310 3184 2367 3235 et
2387 3178 2586 3234 omnia
2606 3195 2733 3250 quas
2757 3176 3036 3248 loqueris,
3061 3174 3253 3247 gratia
3278 3173 3571 3229 labiorum

155 3286 232 3340 In
258 3281 446 3350 ﬁnem,
476 3297 575 3353 pro
606 3284 693 3337 his
719 3284 817 3353 qui
844 3283 1342 3352 committebantur,
1375 3282 1514 3352 ﬁliis
1559 3282 1712 3352 Core,
1744 3283 1820 3338 ad
1848 3249 1891 3314 Ο
1928 3249 2165 3325 tuorum
2214 3267 2617 3340 perﬁciuntur.
2651 3264 2893 3321 Dil‘fusio
2937 3261 3575 3353 gratimyinAscripturi-s

239 3353 597 3419 intellectum,
633 3354 918 3409 Canticum
945 3370 1043 3424 pro
1081 3354 1294 3410 dilecto.
1328 3354 1437 3408 Pro
1469 3371 1585 3424 quo
1615 3355 1674 3407 in
1706 3358 1815 3409 He-

240 3425 394 3479 braeo
444 3423 527 3481 ita
583 3424 777 3493 habet,
827 3423 1177 3492 Lamanasse,
1227 3426 1283 3480 al
1332 3423 1615 3480 sosan’nim
1668 3424 1817 3481 tibne

240 3495 377 3567 Core
418 3494 611 3549 meskil
654 3498 735 3550 sir
779 3496 1067 3567 iedidoth:
1115 3497 1272 3567 quod
1314 3514 1418 3551 nos
1450 3497 1511 3551 in
1545 3496 1814 3551 Latinum

239 3566 522 3622 vertimus
555 3582 569 3620 :
624 3567 823 3623 Victori
859 3583 963 3638 pro
1000 3566 1414 3637 ﬁliis’liliorum
1445 3568 1595 3637 Core,
1623 3568 1814 3623 erudi-

242 3638 407 3694 tionis
450 3639 732 3692 canticum
782 3640 1244 3694 amantissimum.
1278 3639 1439 3704 Quod
1484 3644 1679 3693 autem
1713 3641 1813 3704 ait,

235 3725 339 3780 pro
366 3708 583 3775 dilecto,
614 3713 775 3780 totus
807 3709 1071 3780 psalmus
1101 3710 1348 3765 refertur
1376 3710 1448 3765 ad
1475 3709 1773 3765 Christum
1799 3726 1814 3766 :

240 3779 314 3835 de
344 3796 460 3851 quo
490 3784 663 3853 Pater
698 3779 957 3850 loquitur
1001 3781 1062 3836 in
1110 3780 1421 3853 Evangelio
1452 3797 1465 3835 :
1517 3783 1616 3836 Hic
1645 3782 1817 3835 Filius

236 3854 314 3906 est
359 3866 513 3906 meus
558 3851 785 3923 dilectus
822 3854 891 3923 in
941 3868 1047 3922 quo
1088 3852 1231 3906 mihi
1270 3851 1573 3923 complacui
1602 3854 1813 3921 (Matth.

232 3939 372 3991 xvu,
419 3923 498 3993 5).
550 3922 656 3977 Vel
709 3922 976 3993 psalmus
1026 3922 1427 3993 spiritualium
1476 3924 1815 3993 nuptiarum

232 3994 491 4048 continet
554 3998 1013 4063 sacramentum,
1072 3994 1131 4048 id
1198 4000 1287 4049 est
1343 3994 1815 4062 conjunctionem

230 4064 442 4119 Christi
502 4080 639 4120 cum
704 4064 983 4120 Ecclesia.
1047 4065 1317 4120 lnitiatur
1379 4081 1514 4137 ergo
1583 4082 1615 4119 a
1679 4081 1817 4120 voce

232 4140 498 4208 paterna.

234 4264 261 4291 «
294 4240 594 4297 Eructavit
621 4257 721 4297 cor
749 4258 947 4298 meum
977 4243 1219 4299 verbum
1250 4243 1491 4298 bonum.
1528 4263 1555 4291 »
1586 4242 1713 4297 Non
1746 4242 1816 4296 de

159 4330 579 4402 conjunctione
601 4347 898 4402 corporea,
922 4333 1022 4387 sed
1046 4333 1117 4387 de
1138 4332 1307 4387 corde
1333 4331 1573 4403 protulit
1593 4330 1816 4402 aequale

160 4418 281 4475 sibi
310 4419 569 4474 Verbum
618 4435 721 4490 per
767 4420 923 4491 quod
972 4419 1126 4474 facta
1167 4424 1308 4474 sunt
1336 4419 1551 4475 omnia.
1588 4419 1815 4474 Bonum

165 4513 260 4563 est
288 4508 446 4563 enim
478 4507 588 4563 hoc
617 4507 876 4563 Verbum
902 4523 914 4560 :
948 4506 1088 4578 quia
1108 4508 1263 4578 quod
1290 4507 1509 4562 factum
1530 4512 1621 4562 est
1644 4508 1704 4562 in
1726 4524 1813 4576 eo,

1927 3359 2147 3415 sanctis
2176 3358 2363 3430 gratia
2408 3355 2664 3428 Spiritus
2713 3354 2902 3409 sancti
2929 3358 3036 3420 est,
3070 3351 3155 3407 vel
3187 3350 3421 3406 Christi.
3458 3350 3575 3404 Dif-

1924 3449 2055 3504 fusa
2083 3452 2173 3503 est
2202 3446 2387 3519 gratia
2409 3445 2662 3515 Spiritus
2684 3442 2868 3499 sancti
2898 3443 2951 3496 in
2978 3441 3272 3513 baptismo
3293 3439 3353 3495 in
3382 3438 3575 3511 specie

1926 3536 2206 3592 columba:
2241 3553 2253 3589 :
2306 3551 2439 3589 cum
2487 3534 2789 3589 descendit
2830 3533 2888 3585 in
2923 3530 3131 3603 capite,
3162 3529 3322 3585 venit
3351 3529 3411 3583 in
3442 3529 3577 3583 bar-

1925 3626 2061 3680 bam
2095 3641 2106 3678 :
2150 3624 2361 3679 deinde
2389 3624 2450 3677 in
2484 3640 2646 3677 oram
2677 3620 3006 3677 vestimenti
3041 3619 3188 3689 ejus.
3223 3617 3409 3689 Caput
3441 3634 3576 3672 nos-

1925 3720 2103 3782 trum,
2148 3712 2415 3769 Christus
2464 3717 2588 3778 est;
2641 3711 2843 3777 barba,
2894 3709 3078 3763 sancti
3130 3705 3418 3779 apostoli;
3474 3723 3575 3761 ora

1925 3800 2255 3857 vestimenti
2288 3802 2436 3871 ejus,
2461 3800 2647 3854 sancti
2683 3799 3123 3871 praedicatores;
3160 3796 3313 3851 sicut
3342 3796 3424 3849 ait
3444 3799 3575 3849 Pro-

1927 3891 2103 3963 pheta
2131 3907 2143 3944 :
2179 3890 2329 3945 Sicut
2358 3893 2703 3958 unguentum
2734 3890 2795 3943 in
2823 3888 3020 3959 capite,
3051 3884 3189 3957 quod
3216 3884 3487 3940 descendit
3515 3886 3576 3937 in

1929 3979 2160 4034 barbam
2172 3980 2209 4033 A
2218 3995 2351 4033 aron
2360 3987 2430 4049 ,et
2447 3978 2586 4049 quod
2601 3977 2874 4033 descendit
2892 3978 2949 4030 in
2969 3992 3122 4030 oram
3136 3973 3448 4028 vestimenti
3461 3973 3578 4041 ejus

1926 4069 2096 4139 (Psal.
2131 4085 2343 4132 cxxxn,
2373 4069 2452 4138 2).
2492 4067 2678 4122 Gratia
2708 4069 2768 4120 in
2796 4065 2961 4120 labiis
2989 4065 3100 4118 tuis
3128 4080 3147 4116 :
3177 4063 3312 4133 quia
3339 4062 3453 4114 Lex
3476 4076 3577 4130 per

1924 4159 2138 4229 Moysen
2169 4157 2295 4212 data
2323 4165 2420 4226 est,
2444 4158 2630 4225 gratia
2659 4164 2711 4210 et
2737 4154 2937 4209 veritas
2962 4168 3062 4223 per
3087 4151 3273 4206 Iesum
3296 4148 3573 4206 Christum

1923 4248 2073 4317 facta
2100 4249 2176 4302 est
2201 4246 2378 4316 (Joan.
2409 4262 2446 4311 ι,
2480 4245 2587 4314 17).
2621 4266 2649 4292 ‹‹
2676 4247 2988 4313 Propterea
3016 4236 3313 4293 benedixit
3337 4240 3395 4291 te
3415 4235 3573 4291 Deus

1925 4337 1985 4390 in
2017 4340 2317 4390 aeternum.
2350 4357 2369 4381 ιι
2406 4333 2491 4388 Ob
2520 4333 2671 4386 hanc
2701 4330 2969 4403 gratiam.
2998 4328 3144 4385 Nam
3177 4344 3312 4383 cum
3343 4341 3575 4398 semper

1925 4422 2191 4478 Christus
2241 4420 2522 4477 Dominus
2574 4421 2631 4474 in
2678 4420 2848 4474 Patre
2897 4418 3071 4473 fuerit
3120 4416 3482 4485 benedictus,
3518 4416 3577 4470 in

1926 4513 2231 4580 assumpta
2288 4506 2653 4563 benedicitur
2715 4522 2929 4572 carne;
2992 4522 3127 4560 cum
3190 4503 3578 4559 descendente

162 4597 288 4651 vita
316 4601 406 4652 est
434 4596 619 4667 (Joan.
654 4614 695 4663 1,
728 4597 806 4667 4).
856 4617 884 4645 ‹‹
918 4596 1055 4651 Dico
1087 4611 1192 4668 ego
1223 4612 1400 4668 opera
1429 4612 1561 4651 mea
1589 4596 1751 4669 Regi.
1787 4620 1814 4647 »
1853 4615 1899 4679 Ι)
1928 4598 2148 4671 Spiritu
2181 4602 2380 4652 sancto
2412 4613 2589 4667 super
2616 4613 2752 4650 eum
2786 4595 2844 4649 in
2877 4593 3191 4666 baptismo.
3214 4591 3355 4647 dicit
3375 4591 3573 4645 Pater:

167 4687 400 4757 Loquor
454 4685 570 4758 ipsi
626 4686 839 4753 Verbo,
900 4685 1021 4756 regi
1078 4684 1219 4752 ﬁlio,
1271 4689 1327 4739 et
1384 4689 1595 4740 cuncta
1651 4687 1821 4757 perﬁ-

163 4774 427 4830 ciuntur.

243 4886 272 4914 ‹‹
304 4864 529 4937 Lingua
568 4881 700 4921 mea
729 4864 992 4921 calamus
1024 4864 1226 4920 scribae
1255 4864 1525 4921 velociter
1554 4864 1816 4921 scriben-

163 4952 264 5009 tis.
300 4975 329 5001 »
385 4953 551 5008 Sicut
603 4954 759 5009 enim
812 4970 939 5025 quae
986 4952 1324 5008 scribuntur
1356 4970 1473 5009 non
1505 4959 1645 5009 sunt
1674 4952 1822 5008 levia

164 5059 362 5115 neque
392 5040 605 5110 facilia,
638 5042 740 5098 sed
770 5042 943 5097 utilia
975 5050 1149 5114 atque
1178 5041 1440 5099 salubria
1472 5061 1485 5097 :
1518 5043 1602 5098 sic
1632 5047 1689 5097 et
1719 5041 1820 5096 Dei

165 5130 474 5202 eloquium
504 5136 787 5203 tanquam
820 5131 1133 5201 scribatur,
1154 5130 1238 5187 ita
1265 5132 1584 5203 perﬁcitur.
1622 5136 1698 5187 De
1726 5148 1820 5185 ve-

172 5219 413 5275 locitate
440 5236 597 5287 vero,
630 5220 740 5274 hoc
770 5225 877 5292 est,
912 5220 1067 5294 quod
1099 5237 1213 5275 non
1244 5221 1554 5277 tardantur
1585 5238 1709 5292 qua
1736 5219 1823 5275 di-

172 5309 345 5375 xerit,
397 5310 496 5364 sed
556 5308 832 5364 velociter
894 5309 1310 5382 adimplentur,
1368 5309 1500 5366 ideo
1566 5309 1827 5365 calamus

176 5397 342 5453 dicit.
377 5398 443 5452 Et
472 5397 543 5453 ad
575 5397 717 5469 quid
749 5398 999 5468 pertinet
1027 5399 1293 5456 calamus
1323 5402 1345 5454 P
1391 5404 1508 5453 Aut
1537 5399 1827 5470 quomodo

180 5492 560 5559 comparatur
606 5485 869 5542 calamus
897 5487 1126 5544 Christo
1147 5489 1175 5543 ?
1226 5489 1369 5553 Quia
1401 5488 1554 5543 sicut
1580 5488 1833 5559 pertinet

182 5579 351 5647 petra
381 5576 451 5631 ad
483 5575 806 5645 Christum,
840 5573 949 5643 leo,
983 5576 1201 5644 dextra,
1238 5594 1428 5643 mons,
1462 5575 1551 5631 vel
1583 5574 1697 5630 alia
1738 5574 1832 5630 his

185 5664 409 5721 similia
433 5683 447 5721 :
477 5666 562 5722 sic
591 5665 841 5736 pertinet
860 5668 916 5719 et
937 5662 1199 5721 calamus
1224 5683 1236 5722 :
1270 5666 1494 5722 scilicet
1513 5664 1650 5737 quia
1670 5680 1833 5720 men-

1934 4690 2033 4744 Hic
2058 4692 2135 4742 est
2167 4688 2340 4742 Filius
2371 4702 2522 4741 meus
2551 4686 2799 4751 dilectus,
2837 4686 2897 4739 in
2938 4700 3041 4755 quo
3083 4682 3227 4737 mihi
3274 4680 3580 4752 complacui

1927 4777 2132 4848 (Matth.
2170 4793 2256 4841 ιιι,
2292 4777 2400 4845 17).
2450 4773 2555 4829 Vel
2597 4774 2893 4829 benedixit
2938 4772 3106 4828 Pater
3158 4776 3308 4826 Deus
3362 4767 3575 4824 Filium

1928 4882 2127 4935 suum,
2161 4871 2219 4919 et
2248 4864 2519 4919 Christus
2551 4879 2719 4918 suam
2750 4861 3089 4917 Ecclesiam.
3172 4892 3191 4899 -

2001 4978 2030 5004 ‹‹
2064 4954 2377 5025 Accingere
2398 4952 2591 5024 gladio
2615 4956 2713 5006 tuo
2739 4966 2917 5022 super
2945 4951 3134 5005 femur
3162 4953 3351 5017 tuum,
3386 4950 3581 5019 poten-

1928 5043 2223 5099 tissime.»
2248 5065 2275 5092 ‹‹
2296 5041 2567 5097 Gladium
2591 5041 2746 5095 circa
2765 5040 2973 5094 femur.
2992 5061 3020 5087 »
3042 5039 3150 5093 Per
3162 5036 3583 5110 gladium,ver~

1933 5134 2070 5187 bum
2093 5149 2106 5186 :
2127 5147 2228 5203 per
2251 5133 2458 5195 femur,
2475 5128 2820 5184 incarnatio.
2838 5125 3103 5198 Accingit
3125 5126 3299 5181 homo
3320 5124 3581 5196 gladium

1935 5221 2006 5276 ad
2040 5220 2445 5293 pugnandum.
2481 5219 2615 5287 Sed,
2667 5240 2694 5266 ‹‹
2726 5216 3039 5287 Accingere
3070 5214 3353 5287 gladium,
3386 5218 3585 5286 poten-

1935 5307 2184 5363 tissime.
2219 5329 2246 5355 ››
2280 5312 2359 5361 Ac
2388 5307 2438 5361 si
2467 5306 2623 5360 dicat
2654 5304 2940 5376 Propheta
2967 5320 2980 5357 :
3014 5304 3101 5358 Tu
3132 5303 3379 5368 Christe,
3408 5301 3586 5357 indue

1938 5412 2172 5451 carnem
2206 5412 2220 5450 :
2276 5411 2477 5467 pugna
2518 5398 2718 5449 contra
2747 5392 3071 5461 diabolum,
3102 5396 3159 5448 et
3187 5391 3369 5448 libera
3398 5406 3584 5463 genus

1940 5486 2265 5540 humanum
2297 5485 2366 5538 de
2396 5484 2641 5537 inferno.
2687 5503 2714 5531 ‹‹
2745 5481 3058 5554 Accingere
3088 5481 3303 5553 gladio,
3337 5503 3365 5531 »
3410 5479 3585 5534 verbo

1942 5572 2394 5646 praedicationis,
2426 5571 2527 5642 qui
2556 5570 2753 5625 divisit
2784 5570 2972 5625 ﬁlium
3004 5588 3038 5625 a
3069 5575 3235 5643 patre
3264 5588 3277 5638 ;
3332 5568 3511 5623 ﬁliam
3557 5584 3591 5621 a

1944 5667 2151 5731 matre,
2187 5677 2402 5717 nurum
2445 5677 2480 5715 a
2514 5675 2683 5716 socru
2717 5677 2729 5715 :
2785 5660 2952 5715 Circa
2980 5662 3164 5731 femur
3191 5673 3382 5724 tuum,
3414 5672 3592 5728 super
