3964 6190
449 331 607 394 1015
656 290 660 294 i

1943 325 2336 388 APPENDIX
2349 366 2367 385 .

3634 333 3736 393 1M6

453 478 687 522 carnem
718 463 1105 534 assumptam.
1126 462 1527 528 Potentissinw,
1554 477 1668 517 non
1699 459 1975 533 segniter,
1998 474 2094 514 ne-
2120 459 2175 525 Α
2204 457 2313 513 hoc
2331 461 2419 513 est
2438 456 3739 535 resurrectionis,ascensionis,dominationisque

455 568 567 626 que
596 552 819 619 leviter,
854 551 953 606 sed
981 550 1247 605 viriliter.

527 664 557 693 (ς
591 640 794 713 Specie
822 643 925 694 tua
961 643 1020 694 et
1060 638 1499 711 pulchritudine
1546 644 1665 695 tua.
1702 661 1730 689 »
1779 637 2099 693 Sanctitate

458 728 908 802 atquejustitia:
933 727 1019 783 vel
1042 728 1112 783 ad
1136 727 1498 783 divinitatem
1519 728 1789 800 pertinet.
1817 726 2101 782 «Intende

402 830 405 831 '
458 833 755 890 prospere,
783 817 1029 888 procede
1059 822 1115 872 et
1146 832 1342 889 regna.
1377 837 1398 867 ι
1436 816 1496 872 Si
1518 815 1623 871 tibi
1653 815 1930 881 intendis,
1954 829 2101 870 sem-

459 923 562 978 per
607 905 715 979 tibi
767 921 1048 977 prospera
1092 908 1284 960 erunt.
1331 905 1592 974 Procede,
1627 904 1683 958 id
1718 907 1826 971 est,
1860 904 1928 958 de
1959 901 2100 958 ccelo

456 994 587 1049 veni
624 1015 652 1044 (ί
686 995 754 1048 Et
783 1009 980 1065 regna,
1015 1015 1042 1042 »
1075 993 1212 1064 quia
1242 1009 1487 1066 regnum
1519 992 1730 1049 diaboli
1759 996 1929 1047 antea
1956 995 2098 1047 erat.

460 1082 623 1138 Unde
647 1081 899 1137 dicimus
922 1082 980 1136 in
1007 1082 1278 1138 Oratione
1302 1082 1606 1137 Dominica
1629 1100 1640 1136 :
1670 1082 1853 1136 Veniat
1874 1096 2102 1151 regnum

458 1174 617 1227 tuum
672 1173 734 1225 in
784 1171 941 1227 nobis
996 1173 1149 1239 (Luc.
1200 1189 1279 1237 x1,
1318 1170 1395 1242 2),
1442 1175 1499 1225 et
1545 1156 1807 1226 discedat
1858 1184 2103 1239 regnum

462 1261 695 1317 diaboli.
750 1283 779 1310 «
812 1260 1053 1315 Intende
1084 1276 1380 1331 prospere,
1418 1281 1445 1308 »
1493 1259 1623 1313 vide
1672 1258 1933 1314 feliciter.
1967 1260 2100 1312 Pro-

459 1350 607 1421 cede,
632 1350 703 1405 de
730 1348 991 1405 thalamo
1022 1348 1171 1403 uteri
1201 1346 1539 1420 virginalis;
1573 1369 1601 1398 «
1634 1352 1690 1402 et
1720 1363 1919 1419 regna,
1949 1368 1977 1396 »
2009 1363 2105 1419 op-

460 1455 662 1511 presso
693 1437 901 1494 mortis
931 1437 1200 1509 imperio.

538 1549 559 1577 α
594 1526 834 1600 Propter
863 1526 1188 1593 veritatem,
1212 1529 1269 1581 et
1298 1525 1834 1593 mansuetudinem,
1856 1526 1913 1579 et
1932 1522 2107 1594 justi-

461 1616 627 1672 tiam.
656 1615 959 1681 »'Veritas,
983 1615 1108 1686 ipse
1130 1614 1393 1670 Christus
1419 1631 1430 1670 :
1461 1614 1600 1686 quia
1616 1614 1743 1686 ipse
1760 1618 1850 1669 est
1875 1612 2104 1668 veritas.

464 1706 630 1761 Unde
659 1706 730 1758 de
760 1703 858 1758 illa
884 1702 1127 1758 muliere
1159 1702 1304 1757 dixit
1327 1704 1398 1758 ad
1419 1703 1653 1759 Judaeos
1678 1721 1690 1757 :
1720 1704 1826 1771 Qui
1853 1704 1971 1757 sine
1990 1717 2110 1773 peo-

2207 548 2296 600 est
2342 545 2681 601 delibutus:
2736 547 2877 618 quia
2917 546 3195 602 Christus
3244 550 3443 602 natura
3466 555 3649 619 unctus,
3672 569 3740 609 nos

2206 651 2310 706 per
2328 634 2579 707 gratiam
2604 651 2618 692 :
2646 636 2786 706 quia
2802 635 2863 690 in
2883 634 2982 691 illo
3004 634 3261 707 pleniter
3280 634 3385 691 fuit
3403 635 3640 707 divinitas,
3651 656 3741 695 nam

2207 722 2266 777 in
2300 725 2519 780 sanctis
2548 741 2651 795 per
2679 729 2876 796 partes
2914 725 3110 780 datur.

2287 832 2313 864 «ι
2344 812 2577 884 Myrrha
2605 818 2660 869 et
2691 818 2858 886 gutta
2888 818 2945 869 et
2971 813 3136 869 casia
3165 830 3200 868 a
3243 813 3573 869 vestimentis
3606 815 3706 870 tuis.
3728 842 3744 867 κ

2209 902 2429 971 Myrrha
2476 919 2579 973 pro
2629 901 2932 974 sepultura
2975 902 3269 974 ponitur:
3313 906 3475 973 gutta,
3502 908 3657 959 contra
3684 921 3745 959 re-

2210 1006 2361 1045 nena
2417 991 2718 1061 accipitur.
2759 990 2820 1046 In
2872 990 3029 1047 casia
3077 991 3277 1055 homo,
3327 990 3423 1062 qui
3472 1007 3594 1061 sepe
3634 993 3747 1047 arbor

2211 1078 2443 1146 dicitur,
2477 1079 2935 1135 demonstratur.
2969 1080 3121 1151 Ergo
3156 1080 3506 1135 deﬂuxerunt
3531 1079 3744 1136 hiscat-e-

2212 1167 2506 1222 stimentis
2558 1169 2731 1239 ejus:
2783 1169 2840 1223 id
2893 1173 2999 1237 est,
3049 1169 3125 1224 ab
3173 1173 3467 1240 assumpta
3507 1184 3658 1239 carne,
3678 1186 3748 1240 qua

2211 1255 2366 1311 velut
2395 1256 2812 1312 vestimentum
2859 1252 2945 1312 sei
2975 1257 3262 1312 divinitas
3292 1256 3642 1312 circumdedit.
3664 1256 3747 1311 Stil-

2212 1345 2352 1400 Iavit
2397 1346 2539 1400 odor
2589 1345 2856 1418 myrrhae,
2892 1362 3029 1401 cum
3080 1350 3173 1402 est
3220 1345 3465 1400 traditus
3509 1343 3745 1416 sepultum.

2213 1434 2405 1488 Fluxit
2423 1438 2610 1506 gutta,
2634 1451 2791 1505 cum,
2816 1450 3155 1507 compresso
3177 1434 3457 1506 serpentis
3478 1449 3667 1500 veneno,
3682 1438 3747 1487 tar-

2214 1527 2376 1579 tarea
2406 1523 2672 1579 restinxit
2701 1521 2993 1579 incendia.
3026 1523 3294 1579 Prodivit
3322 1527 3378 1578 et
3404 1522 3543 1578 casia
3566 1538 3579 1575 :
3603 1537 3697 1575 cum
3715 1522 3747 1574 in

2216 1628 2281 1667 eo
2312 1611 2549 1667 homine
2578 1628 2681 1685 per
2710 1630 2884 1685 quem
2913 1612 3087 1668 evicit
3120 1611 3358 1680 inferos,
3381 1610 3605 1667 ascendit
3626 1609 3667 1663 in
3688 1625 3747 1663 ce-

2216 1701 2326 1756 los.
2361 1724 2389 1751 «
2412 1703 2457 1757 A
2483 1702 2755 1757 domibus
2786 1701 3086 1769 eburneis,
3108 1717 3179 1757 ex
3209 1701 3418 1773 quibus
3437 1698 3749 1754 delectaverunt

465 1800 581 1848 cato
636 1795 718 1846 est
770 1799 1024 1857 vestrum,
1078 1792 1237 1864 prior
1290 1794 1351 1847 in
1412 1792 1573 1847 illam
1633 1792 1871 1861 lapidem
1925 1792 2112 1845 mittat
2141 1837 2187 1864 η
2218 1792 2274 1845 te
2305 1790 2437 1845 filim
2468 1806 2670 1863 regum
2700 1791 2759 1845 in
2792 1790 3009 1846 honore
3047 1794 3177 1845 tuo.
3212 1811 3242 1841 »
3291 1789 3496 1845 Domus
3539 1788 3745 1850 eburneas,

2141 1837 2189 1902 B

466 1882 653 1953 (Joan.
710 1896 839 1947 vm,
895 1880 951 1952 7)
1009 1881 1415 1947 Mansuetudo,
1474 1883 1708 1952 quando
1763 1881 1953 1937 dixit:
2002 1881 2111 1936 Nec
2141 1877 2189 1902 ”
2220 1884 2454 1952 propter
2483 1879 2949 1953 magnitudinem
2995 1879 3458 1952 elephantorum,
3486 1877 3653 1931 domus
3671 1890 3748 1928 am-

466 1986 560 2042 ego
611 1975 662 2025 te
710 1969 1097 2026 condemnabo.
1145 1970 1406 2038 Justitia,
1440 1971 1671 2043 quando
1703 1970 1890 2026 dixit:
1949 1970 2108 2037 Vade,

467 2059 693 2127 mulier,
726 2068 778 2115 et
825 2060 1067 2131 amplius
1112 2060 1233 2116 noli
1272 2076 1516 2135 peccare.
1571 2083 1600 2110 «
1632 2060 1874 2132 Propter
1900 2060 2109 2115 verita-

358 2178 359 2181 η
467 2155 608 2216 tem,
644 2172 673 2199 »
726 2166 842 2222 qua
888 2149 989 2205 illa
1038 2166 1162 2221 quae
1212 2165 1315 2222 per
1360 2149 1675 2221 prophetas
1732 2150 2107 2221 promiseras,

471 2238 825 2311 adimplesti.
861 2260 890 2290 «
920 2239 990 2293 Et
1018 2238 1555 2309 mansuetudinem,
1584 2262 1605 2287 ι
1644 2238 1781 2310 quia
1810 2238 1961 2293 sicut
1989 2238 2112 2295 ovis

468 2343 572 2398 pro
598 2328 716 2382 vita
735 2326 934 2399 populi
958 2324 1303 2381 immolaris.
1328 2348 1356 2375 «
1383 2326 1449 2380 Et
1461 2325 1755 2396 justitiam
1778 2346 1803 2375 ι)
1838 2344 1971 2381 cum
1996 2343 2111 2381 non

469 2418 777 2486 potestate,
811 2415 911 2469 sed
942 2412 1273 2468 humilitate
1307 2412 1574 2484 eripuisti
1604 2413 1925 2469 hominem.
1982 2437 2009 2464 ‹‹
2045 2414 2114 2468 Et

470 2503 717 2557 deducet
744 2505 802 2555 te
833 2500 1176 2555 mirabiliter
1206 2501 1441 2556 dextera
1469 2506 1592 2556 tua.
1623 2524 1652 2552 ››
1686 2502 1971 2570 Potentia,
1997 2503 2115 2558 sive

469 2590 674 2645 virtus.
688 2588 791 2645 Vel
811 2593 1070 2660 potestas
1091 2589 1339 2644 deducet
1358 2593 1433 2657 te,
1457 2588 1680 2645 scilicet
1700 2594 1777 2660 te,
1798 2591 1858 2646 in
1880 2590 2111 2646 coelum.

550 2700 570 2727 σι
606 2677 844 2750 Sagittae
873 2682 984 2732 tuae
1016 2684 1221 2733 acutae.
1245 2698 1272 2727 ››
1310 2676 1773 2750 Praedicationes,
1807 2680 1983 2734 corda
2012 2679 2113 2735 ho-

473 2767 703 2823 minum
724 2766 1372 2838 transﬁgentes.Acutw,
1389 2764 1527 2837 quia
1542 2782 1729 2838 usque
1749 2767 1821 2822 ad
1843 2767 2118 2825 interiora

475 2855 668 2912 cordis
699 2858 1026 2927 penetrant.
1084 2877 1111 2904 «
1143 2853 1348 2925 Populi
1379 2855 1486 2909 sub
1519 2860 1575 2910 te
1615 2855 1824 2910 cadent
1851 2855 1912 2911 in
1944 2857 2117 2912 corda

474 2943 851 3000 inimicorum
882 2942 1056 3016 regis.
1086 2966 1105 2992 η
1141 2944 1186 2997 Α
1218 2943 1665 3014 eompunctione
1690 2943 2118 3014 praedicationis

473 3033 532 3088 in
554 3033 730 3089 corda
749 3036 1033 3088 corruunt
1063 3036 1129 3086 ut
1157 3049 1273 3087 non
1306 3032 1673 3104 superbiant,
1695 3033 1794 3087 sed
1820 3033 2120 3090 humiliter

473 3123 731 3177 credant.
775 3121 883 3186 Qui
934 3121 1166 3176 fuerant
1194 3137 1311 3176 non
1344 3121 1631 3175 credendo
1676 3116 1899 3177 inimici
1944 3123 2116 3193 regis,

2218 1969 2347 2040 plas
2395 1968 2716 2040 accipimus
2749 1985 2763 2025 :
2814 1969 3011 2041 Ampla
3048 1977 3132 2024 est
3176 1969 3323 2023 enim
3350 1969 3439 2022 via
3463 1979 3569 2038 quae
3590 1960 3748 2017 ducunt

2213 2058 2579 2130 perditionem
2603 2058 2815 2127 (Matth.
2847 2076 2947 2125 v11,
2983 2058 3099 2129 13).
3146 2057 3257 2112 Sed
3289 2057 3445 2123 ebur,
3474 2052 3571 2108 nisi
3594 2051 3747 2107 radatur

2219 2145 2398 2215 limis,
2432 2146 2724 2202 dividatur
2771 2145 2970 2216 serris,
3005 2162 3072 2202 ac
3125 2143 3353 2201 subulis
3393 2138 3746 2214 perforetur,ob-

2222 2251 2458 2290 scurum
2490 2239 2547 2290 et
2576 2233 2854 2290 horribile
2898 2238 2986 2290 est
3021 2251 3035 2291 :
3087 2233 3171 2291 sic
3212 2237 3270 2289 et
3297 2229 3523 2304 apostoli
3548 2231 3668 2284 erant
3685 2241 3744 2279 an-

2221 2328 2456 2394 tequam
2474 2328 2818 2379 vocarentur
2837 2327 2894 2378 et
2913 2323 3406 2379 inhabitarentur.
3422 2319 3520 2375 Sed
3535 2320 3744 2389 postqum

2222 2413 2406 2468 vocati
2458 2417 2616 2483 sunt,
2673 2413 2849 2469 serris
2898 2412 3066 2482 secti,
3119 2409 3357 2483 ungulis
3405 2407 3527 2471 rasi,
3570 2400 3745 2474 scapellis

2222 2502 2449 2574 scalpti,
2482 2500 2737 2557 ﬂammis
2778 2501 2945 2573 igniti
2981 2518 2993 2557 :
3047 2517 3116 2557 ac
3166 2498 3406 2555 diversis
3433 2492 3667 2568 suppliciis
3687 2488 3746 2542 eli-

2224 2590 2386 2661 mati,
2420 2590 2555 2645 facti
2589 2594 2730 2646 sunt
2757 2590 2968 2645 domus
2997 2590 3102 2645 Dei
3136 2606 3150 2644 :
3204 2588 3265 2642 in
3307 2602 3418 2659 qua
3442 2586 3550 2656 ipse
3571 2578 3747 2635 Christus

2224 2680 2566 2752 dignaretur
2610 2679 2956 2734 inhabitare.
2989 2679 3213 2735 Horum
3255 2673 3501 2746 exempla
3535 2670 3746 2740 sequentes

2224 2772 2530 2839 martyres,
2577 2768 2764 2823 effecti
2816 2772 2956 2822 sunt
3012 2783 3260 2824 suorum
3317 2775 3584 2835 corporum
3626 2768 3744 2825 reges-

2227 2858 2481 2913 Istorum
2529 2872 2733 2929 regum
2784 2862 2925 2911 sunt
2972 2856 3130 2924 ﬁliae,
3177 2854 3380 2911 animae
3424 2852 3746 2911 sanctzez‘qm2

2228 2945 2522 3000 Christum
2555 2944 2851 3001 delectatae
2886 2950 3047 3015 sunt,
3082 2942 3411 3001 honorando
3439 2951 3613 2994 nomen
3633 2930 3745 2997 maje-

2227 3034 2395 3090 statis
2427 3036 2578 3105 ejus,
2600 3038 2657 3089 et
2687 3034 3072 3104 praeeonando
3107 3028 3539 3088 misericordiam
3562 3023 3670 3092 ejus.
3692 3016 3747 3068 «Α

2229 3123 2502 3179 domibus
2550 3122 2840 3192 eburneis,
2877 3145 2903 3172 ι)
2961 3124 3031 3178 de
3065 3123 3282 3195 quibus
3330 3110 3744 3195 laetificaverunttt.

472 3211 617 3265 ﬁant
672 3210 957 3288 credendo
1016 3210 1208 3265 amici.
1264 3208 1410 3274 Quia
1466 3210 1567 3281 qui
1623 3210 1835 3265 Christi
1892 3190 2114 3265 inimici
2147 3200 2189 3266 C
2226 3212 2389 3267 Multi
2414 3228 2783 3284 pererrorem
2808 3190 2909 3283 pro
2931 3190 3746 3288 domibus,‘graves,dicunttflul8

472 3303 657 3367 erant,
690 3301 895 3371 postea
939 3298 1113 3354 amici
1161 3298 1347 3354 effecti
1390 3302 1547 3353 sunt.

543 3411 574 3439 ‹‹
607 3388 786 3444 Sedes
802 3398 924 3457 tua,
947 3388 1122 3454 Deus,
1144 3388 1205 3442 in
1228 3386 1507 3443 smculum
1535 3388 1751 3443 saeculi.
1778 3410 1807 3437 »
1829 3388 1955 3443 Non
1976 3392 2120 3444 tem-

471 3475 707 3546 poralis,
749 3476 851 3531 sed
882 3480 1114 3531 mterua.
1147 3475 1247 3531 Vel
1279 3477 1447 3532 sedes
1478 3476 1600 3548 Dei,
1634 3481 1838 3532 sancta
1866 3476 2121 3532 Ecclesia

472 3568 583 3631 est,
618 3568 720 3618 aut
748 3562 979 3619 anima:
1016 3564 1155 3635 quia
1184 3565 1381 3620 anima
1401 3565 1550 3635 justi
1578 3571 1669 3621 est
1696 3567 1864 3621 sedes
1895 3566 2120 3638 sapien-

472 3652 585 3707 tiae.
619 3674 647 3700 ‹‹
678 3651 855 3723 Virga
883 3652 1242 3720 directionis,
1275 3654 1438 3726 virga
1469 3655 1632 3726 regni
1666 3656 1772 3710 tui.
1812 3676 1839 3703 »
1870 3659 1980 3710 Per
2007 3655 2117 3709 vir-

473 3756 632 3812 gam,
656 3739 943 3810 correptio
964 3740 1319 3812 disciplinae:
1350 3742 1488 3812 quia
1518 3759 1620 3813 per
1648 3744 1835 3815 ipsam
1859 3743 2119 3816 regulam

472 3827 733 3883 veritatis
785 3828 961 3883 corda
1012 3827 1249 3884 illorum
1300 3829 1634 3903 diriguntur
1679 3848 1807 3904 quae
1860 3838 2122 3889 tortuosa

475 3921 665 3973 erant.

550 4028 577 4058 «
609 4005 875 4061 Dilexisti
899 4006 1222 4077 justitiam,
1260 4010 1318 4062 et
1348 4007 1521 4062 odisti
1553 4008 1948 4080 iniquitatem.
1981 4031 2011 4059 n
2062 4011 2120 4064 Id

474 4099 582 4164 est,
615 4096 895 4153 mandata
941 4094 1042 4151 Dei
1092 4096 1279 4151 Patris
1329 4095 1666 4167 implevisti.
1700 4097 1767 4151 Et
1805 4097 1979 4152 odisti
2011 4098 2121 4152 ini-

475 4184 780 4256 quitatem,
812 4206 841 4236 »
884 4202 999 4240 non
1033 4185 1187 4257 quod
1219 4185 1416 4240 odium
1453 4186 1619 4241 cadat
1648 4186 1705 4240 in
1739 4186 1922 4241 Deum
1958 4205 1972 4245 :
2020 4188 2120 4242 sed

475 4273 635 4328 odire
657 4273 812 4329 Deus
841 4273 1074 4345 dicitur,
1099 4273 1157 4328 id
1191 4279 1298 4341 est,
1323 4274 1650 4345 repudiare.
1681 4276 1966 4347 Iniquitas
1997 4275 2122 4347 ipse

474 4359 744 4417 diabolus
772 4360 1141 4433 intelligitur.
1174 4361 1272 4417 Vel
1314 4362 1499 4434 virga,
1530 4362 1842 4435 disciplina
1870 4364 2122 4420 ecslestis

474 4449 804 4521 accipitur:
855 4464 958 4521 per
1011 4466 1190 4521 quam
1240 4450 1506 4521 iniquam
1551 4452 1982 4508 tortuositatem
2018 4471 2119 4508 no-

475 4542 655 4594 stram
713 4554 891 4609 quam
946 4538 1148 4604 odivit,
1200 4539 1270 4593 ad
1326 4556 1495 4594 suam
1545 4541 1756 4596 direxit
1800 4541 2118 4611 justitiam.
2151 4566 2198 4630 D
2230 4545 2440 4601 vestita
2461 4560 2635 4599 sensu
2661 4544 2973 4616 spirituali.
3010 4518 3633 4630 ((Circumamictavaflel

1617 4652 1644 4677 ››
1696 4600 1900 4695 Deuum,
1933 4631 2124 4702 inquit
2151 4600 2198 4630 υ
2232 4600 2311 4687 De
2344 4600 2715 4705 septuaginta
2746 4638 2804 4688 et
2834 4633 3066 4688 duabus
3095 4629 3338 4704 linguis:
3369 4621 3420 4677 id
3447 4617 3522 4672 est
3543 4600 3641 4665 ded

477 4649 508 4679 ς(
538 4628 846 4701 Propterea
892 4627 1059 4682 unxit
1109 4631 1166 4682 te
1218 4627 1372 4683 Deus
1420 4633 1579 4684 tuus.

472 4717 809 4789 Apostolus,
842 4722 900 4773 et
930 4715 1225 4772 Christum
1261 4734 1273 4770 :
1329 4721 1479 4772 Deus
1523 4717 1690 4773 illum
1725 4719 1856 4773 fecit
1890 4720 2024 4787 (Act.
2058 4738 2121 4788 ιι,

473 4807 583 4879 36).
614 4829 647 4857 ι(
671 4806 809 4862 Oleo
829 4806 1039 4861 laetitia:
1063 4822 1177 4877 prae
1200 4806 1573 4861 consortibus
1598 4807 1738 4862 tuis.
1769 4830 1789 4856 ι
1821 4808 1932 4861 Alii
1957 4825 2120 4880 reges

474 4896 574 4967 qui
619 4900 825 4968 typum
873 4895 1034 4950 illius
1087 4894 1487 4967 praetulerunt,
1523 4900 1579 4950 et
1631 4898 1927 4967 regnando
1982 4914 2117 4953 eon-

471 4989 657 5040 sortes
678 4985 817 5040 dicti
843 4988 1001 5055 sunt,
1028 4983 1151 5039 oleo
1179 4982 1543 5056 corruptibili
1569 4990 1706 5039 sunt
1728 4986 1953 5040 inuucti
1982 5005 1994 5042 :
2024 4986 2118 5041 hic

468 5088 601 5127 vero
655 5072 839 5129 Filius
888 5073 990 5128 Dei
1038 5091 1072 5128 a
1121 5074 1236 5128 Deo
1268 5078 1457 5143 Patre,
1488 5073 1611 5129 oleo
1662 5074 2114 5131 exsultationis:

542 5183 558 5215 ¹
594 5181 939 5251 Quanquam
988 5184 1171 5235 totam
1220 5180 1340 5236 veri
1400 5179 1731 5251 Hieronymi
1783 5181 1852 5236 ad
1900 5183 2115 5237 Princi-

463 5251 617 5325 piam
656 5251 997 5322 Epistolam,
1032 5252 1323 5325 ingnostra
1351 5253 1686 5307 recensione
1714 5256 1803 5319 ϐξ»,
1838 5270 1964 5325 qua:
1998 5260 2117 5310 tota

469 5324 529 5378 in
560 5322 668 5396 hoc
699 5329 787 5377 est
817 5323 1156 5396 exponendo
1190 5323 1415 5394 psalmo
1444 5341 1593 5390 κων,
1626 5340 1812 5395 operae
1856 5322 2112 5396 pretium

467 5394 643 5449 fuerit
672 5394 943 5466 cumbae
980 5395 1559 5466 pseudo-llierouymi
1582 5394 1951 5451 enarratione
1976 5415 2113 5452 con-

469 5465 682 5538 tulisse
710 5481 749 5538 :_
778 5463 871 5518 hic
900 5463 1095 5538 tamen
1129 5473 1365 5536 praestat
1397 5463 1525 5538 ipsa
1554 5468 1883 5522 describere
1916 5470 1973 5523 S.
2008 5473 2113 5523 Pa-

469 5538 578 5592 tris
608 5536 689 5611 _ad
736 5535 892 5591 hunc
933 5535 1142 5611 locum"
1168 5538 1363 5611 verba,
1396 5535 1518 5611 ubi,
1574 5555 1737 5611 «pro
1786 5556 1872 5605 eo,
1901 5540 2111 5611 inquit,

471 5609 628 5680 quod
679 5625 786 5665 nos
836 5606 1276 5675 transtulimus,
1306 5607 1555 5663 domibus
1578 5606 1850 5677 eburneis,
1887 5606 2025 5681 quia
2053 5606 2113 5666 in

2227 3302 2380 3372 apud
2411 3283 2637 3356 Graecos
2665 3300 2908 3355 verbum
2959 3298 3170 3374 βάρεων
3222 3302 3509 3365 utrumque
3530 3283 3740 3378 δίείξξίξῗῖί

2304 3410 2331 3440 α
2362 3388 2562 3444 Astitit
2592 3389 2791 3461 regina
2840 3405 2874 3443 a
2920 3368 3143 3445 dextris
3192 3388 3329 3443 tuis.
3362 3406 3388 3434 ››
3432 3379 3554 3447 011ia
3589 3368 3742 3462 “ibi”?

2229 3495 2406 3551 regno
2434 3482 2534 3532 tuo
2568 3457 2894 3532 sinistrum.
2940 3498 2969 3526 ‹‹
3001 3483 3069 3532 In
3098 3476 3307 3533 vestitu
3336 3472 3588 3528 deaurato.
3614 3482 3635 3509 ιο
3664 3457 3740 3524 δΡί”

2228 3566 2455 3622 ritualis
2502 3565 2865 3622 credulitatis
2907 3570 3268 3622 ornamento.
3318 3585 3339 3612 ε
3371 3552 3739 3615 Οἱτουωάθιαῖδ-

2230 3657 2453 3711 rietate.
2490 3678 2517 3705 ››
2568 3654 2841 3710 Gentium
2895 3672 2959 3711 ac
3012 3655 3375 3729 pepulorum.
3407 3645 3507 3720 Ipsi
3546 3651 3658 3729 nunc
3677 3631 3738 3729 Et:

2230 3744 2416 3801 elesiaa
2474 3743 2757 3816 propheta
2814 3720 3112 3816 loquitur:
3154 3743 3377 3815 Regina,
3433 3720 3740 3816 Ecclesiae}

2232 3835 2390 3891 Unde
2436 3809 2599 3888 dicit-
2629 3832 2689 3887 in
2739 3809 2975 3888 Cantico
3024 3809 3374 3889 canticorum
3407 3843 3420 3880 ε
3465 3824 3576 3891 Qua?
3601 3814 3655 3869 θεέ
3680 3809 3741 3859 im

2230 3940 2351 3995 quae
2414 3922 2652 3978 ascendit
2718 3922 2997 3989 dealbata,
3068 3925 3265 3978 innixa
3325 3928 3472 3987 super
3524 3896 3737 3997 fratruelis

2230 3992 2387 4067 suum
2422 4011 2601 4083 (Cant.
2638 4028 2762 4076 VIII,
2794 4011 2898 4083 5)?
2927 4014 3140 4081 Regina
3169 4008 3389 4075 dicitur,
3415 3998 3532 4074 quia
3556 3992 3740 4083 ι’ίῗὲίίξέδ

2233 4101 2369 4156 vitia
2400 4070 2456 4155 et
2486 4070 2758 4172 peccata;
2796 4070 2900 4155 «Ἀ
2930 4070 3153 4159 dextris
3184 4099 3316 4155 tuis.
3350 4070 3385 4143 ››’
3405 4070 3466 4147 Ut
3488 4081 3646 4175 illudi.

2232 4194 2342 4245 luet
2386 4166 2606 4260 quidem
2661 4204 2779 4244 oves
2827 4206 2861 4242 a
2909 4189 3121 4245 dextris
3170 4188 3298 4257 suis,
3329 4175 3532 4253 quando
3566 4166 3737 4260 distulitS

2232 4278 2339 4334 erit
2373 4255 2409 4332 ε’
2444 4279 2645 4343 Venite,
2679 4276 2943 4333 benedicti
2970 4280 3156 4334 Patris
3186 4255 3307 4341 mei,
3331 4255 3735 4356 Ρενειῗίίῗ

2232 4328 3160 4438 gina;inrigatistgiri
3187 4328 3388 4435 ὁῖίᾰίῑιε
3413 4328 3575 4411 mundi
3596 4328 3734 4438 (Matt,-

2229 4431 2358 4521 xxv,
2392 4431 2481 4527 33,
2514 4457 2604 4526 34)
2655 4480 2680 4505 α
2720 4456 2779 4510 In
2811 4457 3046 4523 vestitu,
3082 4478 3111 4507 »
3161 4455 3218 4510 id
3268 4454 3368 4519 est,
3398 4431 3733 4566 ηςηηιξξξέίξθξ

2230 4545 2432 4566 ----ιέι-
2463 4560 2633 4566 --μ-η
2662 4544 2948 4566 -..ε-ει---ιξ
3061 4534 3425 4566 n:_---.....m€n
3452 4537 3587 4566 nvan
3630 4554 3633 4555 ν
3696 4546 3705 4556 ο

3646 4599 3730 4651 iver-

2233 4722 2402 4775 sitate
2431 4721 2694 4793 gentium
2724 4721 2811 4776 vel
2845 4722 3167 4793 gratiarum
3199 4716 3422 4774 actione.
3483 4792 3492 4794 _
3554 4784 3563 4794 '
3625 4772 3665 4794 ﬂ:

2306 4774 2332 4860 (ξ
2364 4774 2538 4880 mihi,
2556 4774 2701 4877 ms;
2726 4774 3224 4867 attigisses
3253 4808 3312 4861 ut
3341 4784 3608 4881 mandetis;
3624 4774 3664 4829 F‘

2230 4900 2368 4972 quia
2394 4900 2465 4954 ab
2497 4916 2562 4955 eo
2594 4903 2817 4954 renata.
2847 4900 3095 4971 Sponsa,
3122 4897 3255 4971 quia
3282 4887 3383 4964 illSi
3402 4900 3454 4972 ei
3473 4870 3652 4972 {300132;

2236 4950 2368 4972 ςι--π
2397 4950 2458 4954 --η
2503 4950 2557 4955 ν-
2596 4950 2815 4954 qh---
2849 4950 3095 4971 κτηητ,
3129 4950 3215 4971 1—,
3302 4950 3319 4964 .
3641 4950 3648 4958 .

2228 4988 2493 5043 Christus
2544 4993 2709 5043 vocat
2756 4987 3074 5043 Ecclesium
3123 5000 3281 5044 suam
3318 4990 3407 5050 per
3428 4967 3565 5024 ﬁdem
3591 4950 3724 5060 623:]:

2230 5078 2431 5132 Filiam
2464 5077 2605 5132 dicit
2631 5094 2642 5133 :
2676 5083 2740 5131 ut
2777 5083 2935 5132 easta
2959 5078 3037 5133 sit
3060 5080 3245 5133 mente
3262 5073 3316 5125 et
3333 5067 3545 5131 οοῐῬοΓε·
3575 5066 3590 5091 ⁸
3614 5036 3707 5137 Em

2228 5184 2425 5239 Graeco
2457 5184 2740 5254 scriptum
2773 5187 2881 5249 est,
2915 5183 3020 5236 ἀπὸ
3069 5180 3265 5271 βάρεων
3312 5146 3721 5262 ἐλεφαντίνων,

2244 5256 2257 5271 1
2393 5255 2405 5271 1
2473 5255 2508 5271 .-
2791 5257 2801 5271 1
2958 5256 2969 5271 ι
2999 5255 3009 5267 ο
3184 5247 3444 5271 --ηειηιηηπ
3483 5246 3509 5271 n
3532 5227 3642 5271 oravi

2227 5256 2361 5348 dalrn
2392 5238 2724 5348 Latinorum
2752 5238 2823 5310 ob
2855 5238 3014 5310 vorbi
3036 5238 3718 5348 έῳᾘὶευίιθέξξιέςίέἱξν

2225 5326 2598 5410 interpretati
2643 5334 2780 5381 sunt
2838 5343 2971 5381 cum
3036 5304 3716 5410 βάρξςῡχθτξίζᾞηξηϐξῖῶῖῐ

2228 5417 2340 5471 ριον
2389 5378 2694 5483 [Palest‘inre
2732 5405 2852 5477 :.et
2899 5378 3296 5483 usquelhoqig
3341 5378 3714 5483 διίξηωῗξνξῗυέιωὲέ

2226 5448 2396 5543 parte
2436 5469 2723 5543 conclusas
2766 5469 2824 5522 in
2875 5448 3115 5543 modum
3162 5448 3713 5543 sedilieatfnligfnyuﬁgé

2225 5520 2963 5614 ἷιῖὼῆίυᾶῐ’ρᾇίιίίονόὶιυὶῆθ
2981 5520 3193 5614 ξδὲίέὲιέ
3229 5520 3543 5606 appellentur.
3573 5522 3588 5547 -

2223 5619 2279 5667 et
2311 5628 2436 5683 quae
2471 5610 2576 5666 nos
2607 5610 2684 5665 ibi
2721 5610 3120 5668 observamus.

3669 4769 3726 4827 lia,

3670 4849 3729 4905 Vel
