3964 6190
206 369 376 429 1017

203 499 374 555 clina
406 514 606 554 aurem
639 502 822 555 tuam.
856 523 885 550 »
935 500 1245 557 Humiliter
1293 517 1359 556 ac
1417 501 1710 573 sapienter
1767 518 1864 556 au-
1893 503 1942 564 Α

207 588 413 644 sculta
437 587 523 642 vel
557 589 842 644 desidera.
873 612 900 639 ‹‹
963 591 1031 644 Et
1083 590 1242 657 audi,
1276 612 1302 640 »
1365 606 1504 645 aure
1561 589 1776 656 cordis,
1807 594 1870 644 ut

207 677 365 732 illud
404 695 416 731 :
455 678 559 744 Qui
588 677 745 733 habet
774 696 933 734 aures
964 677 1242 746 audiendi,
1294 679 1484 735 audiat
1542 679 1692 750 (Luc.
1743 697 1865 748 xm,

205 767 294 836 8).
335 768 396 820 Et
430 767 550 822 vide
578 785 596 821 :
632 766 739 822 hoc
771 772 881 837 est,
913 767 1097 824 oculis
1145 768 1358 836 cordis,
1392 769 1548 824 unde
1609 771 1756 823 Deus
1786 768 1866 822 vi-

209 856 413 924 detur,
450 861 512 910 ut
563 855 643 911 ait
693 873 705 911 :
757 858 916 912 Beati
964 859 1165 914 mundo
1211 859 1388 925 corde,
1449 860 1709 930 quoniam
1763 857 1871 929 ipsi

211 946 393 999 Deum
426 944 688 1000 videbunt
716 945 925 1013 (Matth.
958 965 1011 1018 v,
1043 949 1118 1018 8).
1182 971 1210 997 «
1266 933 1334 1003 Et
1381 947 1718 1004 obliviscere
1774 964 1870 1019 po-

211 1032 427 1104 pulum
465 1038 658 1099 tuum,
696 1056 722 1081 »
757 1039 864 1090 etc.
924 1037 1221 1092 Consortia
1280 1037 1717 1101 daemoniorum,
1777 1038 1865 1093 vel

205 1122 376 1188 vitia,
410 1127 466 1178 et
498 1127 750 1193 peccata,
782 1127 838 1179 et
869 1125 1107 1180 domum
1141 1127 1325 1198 patris
1369 1127 1450 1180 tui
1494 1126 1731 1192 diaboli,
1765 1125 1865 1198 qui

207 1215 270 1266 te
301 1211 464 1282 prius
488 1216 770 1283 genuerat
803 1229 814 1267 :
849 1214 988 1284 quia
1041 1219 1181 1270 totus
1214 1216 1451 1270 mundus
1509 1217 1568 1271 in
1623 1219 1866 1287 maligno

207 1303 427 1372 positus
457 1310 575 1355 erat
600 1302 647 1372 (I
675 1306 838 1357 Joan.
870 1320 925 1372 ν,
957 1303 1046 1375 29)
1081 1321 1093 1359 :
1137 1305 1284 1375 ideo,
1319 1329 1346 1354 ‹‹
1397 1305 1617 1362 inclina
1664 1323 1862 1361 aurem

211 1395 405 1445 tuam.
440 1413 466 1438 υ

290 1503 315 1525 ‹‹
349 1477 632 1541 Quoniam
665 1480 994 1551 concupivit
1013 1498 1110 1537 rex
1139 1483 1406 1540 decorem
1438 1489 1662 1555 tuum,»
1709 1485 1867 1542 Chri-

216 1572 349 1623 stus
378 1572 549 1623 Jesus
582 1585 614 1623 a
646 1585 759 1641 quo
790 1571 1028 1642 regeris,
1062 1577 1202 1643 puta
1225 1574 1391 1646 nigra
1438 1592 1566 1630 eras
1601 1575 1656 1630 in
1691 1577 1864 1631 domo

207 1656 398 1728 patris
431 1675 443 1712 :
479 1674 632 1713 nunc
662 1661 856 1714 autem
888 1660 1199 1718 abscondis
1231 1667 1362 1733 post
1379 1663 1865 1736 baptismum,vel

223 1745 387 1802 vitiis
418 1745 638 1814 abluta,
671 1747 760 1802 vel
789 1749 976 1820 gratia
998 1749 1130 1805 ﬁdei
1161 1751 1427 1807 candida.
1462 1775 1490 1801 »
1551 1754 1696 1817 Quia
1745 1753 1869 1826 ipse

215 1841 307 1889 est
341 1836 641 1892 Dominus.
680 1859 706 1885 »
737 1843 785 1891 Α
817 1854 932 1910 quo
964 1841 1264 1914 redempta
1295 1857 1375 1896 es.
1413 1864 1439 1892 ‹‹
1468 1842 1623 1897 Deus
1659 1846 1864 1896 tuus.»

215 1925 398 1988 Quem
433 1942 609 1992 nunc,
644 1925 857 1982 relictis
893 1927 1246 1995 simulacris,
1279 1930 1492 1986 excolis
1523 1935 1578 1986 et
1630 1931 1858 1987 adoras.

212 2012 513 2075 Quomodo
546 2013 686 2070 dicit
717 2015 969 2087 speciem
1001 2021 1057 2071 et
1105 2017 1600 2089 pulchritudinem
1649 2023 1811 2075 tuam
1844 2038 1857 2076 :

221 2118 356 2156 cum
392 2119 502 2157 non
537 2102 799 2174 pulchra,
835 2120 940 2159 nec
969 2105 1434 2178 speciosa,quam
1466 2111 1635 2163 antea
1665 2109 1860 2179 fetida,

219 2190 499 2247 deformis
554 2197 677 2246 erat
721 2192 974 2249 Ecclesia
1012 2195 1039 2249 ?
1071 2194 1186 2250 Ded
1247 2201 1449 2266 postea
1505 2196 1750 2269 pulchra
1806 2203 1863 2253 et

218 2279 485 2350 speciosa
517 2297 618 2351 per
646 2279 941 2336 lavacrum
986 2284 1261 2356 baptismi
1296 2303 1314 2340 :
1343 2286 1481 2357 quia
1521 2287 1722 2357 justus
1762 2304 1863 2358 pro

219 2366 425 2438 impiis
467 2373 734 2423 mortuus
795 2375 899 2440 est,
953 2371 1009 2425 id
1059 2376 1168 2437 est,
1223 2373 1486 2428 Christus
1522 2391 1533 2430 :
1570 2376 1866 2431 mundans

220 2471 352 2509 eam
386 2473 485 2526 per
514 2456 808 2512 lavacrum
842 2460 1146 2532 sanguinis
1179 2461 1290 2526 sui,
1323 2468 1385 2515 ut
1415 2461 1496 2516 ait
1525 2463 1860 2534 Apostolus:

217 2543 340 2597 Non.
373 2544 656 2600 habentem
689 2549 959 2602 maculam
989 2553 1084 2602 aut
1131 2567 1330 2619 rugam
1387 2551 1600 2620 (Ephes.
1664 2569 1717 2618 ν,
1751 2553 1863 2623 27),

223 2653 253 2681 ‹‹
287 2633 352 2686 Et
395 2634 722 2689 adorabunt
770 2652 903 2690 eum
955 2636 1084 2691 ﬁlia)
1141 2637 1294 2709 Tyri.
1347 2663 1368 2690 η
1423 2640 1625 2711 Tyrus,
1688 2640 1864 2695 inter-

218 2725 500 2790 pretatur,
534 2726 817 2795 angustia.
852 2749 878 2773 ‹‹
916 2723 1069 2779 Filiae
1101 2726 1253 2797 Tyri,
1293 2748 1319 2776 ››
1369 2728 1498 2782 filias
1548 2730 1858 2802 angustia}.

217 2809 336 2879 Ipsi
371 2810 616 2865 adorant
645 2811 965 2883 Christum,
1005 2815 1102 2884 qui
1136 2820 1275 2870 sunt
1305 2816 1360 2870 in
1423 2819 1717 2889 angustia.
1759 2820 1861 2875 Vel

217 2897 425 2954 animas
455 2900 754 2956 credentes
788 2918 856 2956 ex
885 2903 1179 2975 gentibus.
1214 2927 1241 2954 «
1278 2905 1340 2961 In
1375 2907 1717 2964 muneribus
1744 2909 1865 2964 vul-

221 2991 344 3042 tum
377 2993 541 3043 tuum
570 2989 1041 3061 deprecabuntur
1071 2993 1278 3049 divites
1310 2994 1515 3066 plebis.
1552 3019 1579 3046 ››
1614 2998 1742 3052 Istae
1775 3016 1861 3054 re-

219 3077 532 3132 condentes
557 3078 864 3134 thesauros
897 3098 1054 3150 suos,
1089 3083 1160 3136 de
1204 3084 1374 3137 corde
1425 3088 1481 3138 te
1529 3086 1749 3140 mundo
1782 3104 1863 3142 re-

219 3165 480 3234 quirunt,
503 3166 640 3238 quia
673 3168 771 3222 ubi
805 3173 944 3223 sunt
974 3169 1234 3225 thesauri
1285 3188 1506 3240 corum,
1540 3173 1619 3227 ibi
1651 3174 1760 3230 erit
1806 3182 1863 3231 et

1390 369 1889 432 BREVIARIUM
1935 369 2015 430 IN
2061 368 2446 432 PSALMOS.

3468 371 3623 432 1018

2051 523 2077 550 ‹‹
2108 500 2214 556 Pro
2242 500 2506 572 patribus
2539 499 2658 556 tuis
2687 500 2806 556 nati
2839 504 2978 556 sunt
3006 500 3112 556 tibi
3143 500 3266 558 ﬁlii.
3301 523 3329 552 »
3365 501 3624 557 Fuerunt

1979 605 2009 644 ο
2035 588 2310 657 Ecclesia,
2344 588 2588 661 apostoli
2623 593 2814 662 patres
2848 589 2931 643 tui
2966 589 3144 660 :quia
3173 589 3278 660 ipsi
3313 595 3369 645 te
3398 605 3619 662 geuue-

1979 683 2136 733 runt.
2171 679 2335 735 Nunc
2363 684 2557 736 autem
2584 679 2723 751 quia
2752 677 2837 734 illi
2889 683 3258 734 recesserunt
3286 695 3320 732 a
3375 679 3614 748 mundo,
3700 683 3706 689 '

1977 767 2159 821 habes
2191 784 2291 839 pro
2323 767 2416 822 his
2446 767 2748 839 episcopos
2780 765 2932 822 ﬁlios
2967 766 3066 838 qui
3099 771 3208 821 ate
3237 767 3412 821 creati
3456 772 3615 839 sunt,

1977 857 2124 912 Sunt
2145 856 2300 911 enim
2331 860 2387 913 et
2419 856 2478 911 hi
2509 861 2703 928 patres
2735 857 2817 912 tui
2855 873 2868 913 :
2902 855 3042 928 quia
3080 855 3152 910 ab
3203 854 3344 925 ipsis
3377 855 3614 926 regeris.

1978 969 2004 992 ‹‹
2037 945 2365 1002 Constitues
2395 962 2494 1001 eos
2526 945 2816 1018 principes
2849 961 3025 1013 super
3055 960 3287 999 omnem
3315 947 3552 1009 terram,
3584 962 3612 995 ιι

1976 1035 2289 1089 Constituit
2319 1035 2583 1090 Christus
2615 1041 2847 1091 sanctos
2877 1051 3012 1090 suos
3043 1049 3220 1105 super
3249 1049 3452 1088 omnes
3512 1047 3616 1104 po-

1978 1120 2167 1192 pulos.
2203 1121 2264 1175 Iu
2298 1121 2532 1177 nomine
2562 1122 2716 1178 enim
2750 1122 2851 1177 Dei
2883 1121 3194 1176 dilatatum
3238 1125 3326 1176 est
3358 1120 3614 1195 Evange-

1973 1209 2117 1265 lium
2152 1210 2210 1265 in
2241 1210 2516 1266 omnibus
2549 1211 2764 1266 finibus
2790 1210 2994 1266 mundi
3029 1227 3041 1265 :
3079 1211 3134 1264 in
3170 1208 3620 1282 quibusprinci-

1976 1314 2076 1370 pes
2108 1298 2392 1364 Ecclesiae,
2425 1299 2483 1354 id
2517 1305 2624 1367 est,
2657 1300 2935 1372 episcopi,
2967 1299 3267 1354 constituti
3296 1302 3452 1354 sunt.

2049 1410 2076 1436 ιι
2109 1388 2394 1444 Memores
2424 1393 2596 1443 erunt
2617 1389 2870 1444 nominis
2903 1389 2986 1443 tui
3018 1388 3074 1443 in
3108 1388 3223 1444 omi
3245 1385 3618 1460 generatione

1975 1481 2032 1532 et
2068 1477 2458 1549 generatione.
2496 1499 2523 1525 ››
2550 1477 2682 1533 Ideo
2724 1492 3012 1534 memores
3050 1480 3256 1533 erunt:
3293 1475 3430 1547 quia
3460 1493 3617 1531 nun-

1975 1582 2152 1638 quam
2220 1565 2684 1632 obliviscuntur,
2752 1567 2852 1622 sed
2919 1582 3150 1638 semper
3213 1570 3269 1621 te
3334 1565 3612 1638 praedica-

1976 1656 2143 1726 bunt,
2177 1655 2294 1711 sive
2325 1655 2697 1711 mdiﬁcabunt
2746 1655 2802 1710 in
2857 1654 3331 1727 generationibus
3380 1659 3612 1711 sancto-

1976 1761 2126 1800 ΓυῐΠ.

2050 1833 2415 1905 «Propterea
2445 1833 2643 1905 populi
2677 1833 3110 1890 conﬁtebuntur
3167 1832 3274 1888 tibi
3333 1833 3394 1888 in
3452 1835 3613 1888 mter-

1972 1937 2114 1976 num
2147 1926 2202 1977 et
2232 1921 2290 1976 in
2321 1922 2603 1979 saeculum
2636 1923 2854 1979 saeculi.
2915 1943 2940 1974 υ
3006 1924 3090 1979 Ob
3144 1938 3348 1978 eorum
3408 1921 3612 1993 praedi-

1973 2009 2259 2066 cationem
2287 2028 2517 2084 semper
2547 2013 2653 2068 tibi
2687 2013 2899 2069 delicta
2956 2012 3154 2084 populi
3203 2012 3556 2068 conﬁtentur
3599 2029 3614 2079 ;

1973 2103 2136 2155 tuam
2168 2099 2414 2172 gloriam
2446 2103 2823 2170 enarrabunt,
2852 2106 3014 2158 tuam
3048 2101 3282 2157 laudem
3313 2099 3618 2156 annuntia-

1973 2188 2138 2244 bunt

2531 2317 2858 2372 PSALMUS
2891 2317 3051 2372 XLV.

1975 2405 2036 2459 In
2064 2405 2248 2475 ﬁnem,
2275 2422 2374 2477 pro
2405 2408 2539 2474 ﬁliis
2581 2407 2718 2462 Core
2761 2424 2858 2478 pro
2903 2409 3145 2475 arantis,
3195 2406 3458 2478 Psalmus.
3510 2406 3616 2460 Pro

2045 2476 2312 2532 arcanis:
2348 2478 2402 2532 id
2431 2483 2519 2532 est
2551 2495 2653 2549 pro
2697 2476 2939 2533 occultis
2985 2479 3054 2532 de
3110 2476 3410 2549 vocatione
3462 2492 3615 2549 gen-

2047 2549 2195 2604 tium
2246 2553 2302 2603 et
2349 2549 2419 2603 de
2468 2547 2868 2619 reprobatione
2934 2550 3294 2605 Judieorum.
3351 2547 3617 2603 Psalmus

2047 2620 2212 2675 docet
2255 2637 2361 2675 nos
2409 2637 2574 2692 spem
2626 2627 2887 2676 nostram
2943 2622 3000 2675 in
3049 2620 3216 2692 illum
3264 2619 3487 2692 debere,
3516 2635 3616 2692 po-

2048 2707 2203 2758 nere,
2258 2692 2357 2762 qui
2425 2690 2586 2747 solus
2649 2698 2838 2764 potest
2903 2693 2970 2746 de
3033 2690 3409 2746 tribulatione
3477 2690 3618 2746 libe-

2047 2779 2192 2818 rare.

2044 2927 2072 2955 ‹‹
2113 2904 2261 2959 Deus
2295 2909 2494 2960 noster
2530 2904 2822 2977 refugium
2879 2909 2934 2960 et
2986 2904 3213 2958 virtus:
3276 2902 3511 2973 adjutor
3557 2901 3615 2956 in

1971 2993 2453 3049 tribulationibus
2477 3011 2604 3064 quas
2638 2993 2981 3048 invenerunt
3033 3009 3137 3049 nos
3198 2990 3393 3047 nimis.
3431 3013 3458 3037 »
3493 2990 3616 3048 Ple-

1972 3098 2086 3138 nus
2115 3087 2204 3137 est
2236 3083 2391 3137 enim
2425 3083 2684 3137 mundus
2715 3081 2996 3136 utrumuis
3041 3084 3216 3152 atque
3274 3079 3566 3152 pressaris
3599 3097 3612 3136 :

1970 3171 2217 3241 ideoque
2282 3171 2422 3242 quia
2499 3176 2640 3226 sunt
2697 3169 2808 3225 alia
2855 3169 3148 3239 adjutoria
3212 3185 3438 3240 regum,
3505 3169 3616 3223 vir-

217 3269 316 3307 cor
345 3269 543 3309 eorum
571 3256 776 3325 (Matth.
809 3274 884 3327 vr,
916 3259 1028 3328 21).
1064 3259 1348 3314 Fecerunt
1401 3259 1511 3316 hoc
1551 3261 1730 3334 magi,
1762 3264 1860 3335 qui
1894 3255 1935 3319 C
1972 3265 2128 3315 tutes
2160 3260 2507 3331 potentium,
2566 3260 2790 3330 refugis
2845 3259 3143 3315 civitatum
3183 3276 3195 3313 :
3230 3263 3431 3314 nostra
3487 3274 3619 3312 mu-

217 3358 352 3397 cum
386 3343 637 3410 thure,et
669 3347 930 3417 myrrha,
963 3352 1018 3401 et
1052 3364 1193 3403 auro
1224 3354 1507 3404 venerunt
1539 3367 1552 3405 :
1580 3350 1718 3421 quia
1745 3369 1858 3407 non

215 3437 442 3486 tantum
476 3434 686 3501 verbis,
720 3435 818 3489 sed
851 3435 1026 3491 etiam
1078 3438 1422 3493 muneribus
1473 3439 1862 3496 adoraverunt

215 3519 549 3590 Christum.f

292 3633 311 3657 ε
347 3610 550 3666 Omnis
581 3610 764 3683 gloria
793 3613 920 3683 ejus
950 3612 1084 3668 ﬁliae
1119 3615 1294 3686 regis,
1331 3638 1357 3665 ‹‹
1392 3617 1600 3670 animae
1649 3617 1858 3685 ﬁdelis,

215 3720 246 3746 ‹‹
278 3698 347 3753 ab
381 3701 560 3764 intus,
595 3701 651 3755 in
685 3701 934 3757 ﬁmbriis
967 3704 1160 3759 aureis
1187 3705 1624 3761 circumamicta
1680 3707 1859 3761 varie-

213 3789 454 3844 tatibus.
516 3791 796 3862 Superius
856 3791 1131 3860 diximus,
1209 3793 1487 3848 varietate
1545 3795 1854 3866 gentium;

212 3878 306 3933 hic
339 3879 682 3949 gratiarum.
717 3904 744 3930 «
780 3881 983 3936 Omnis
1010 3881 1198 3953 gloria
1229 3884 1356 3953 ejus
1391 3883 1520 3936 ﬁiim
1579 3884 1731 3954 regis
1785 3885 1857 3939 ab

212 3969 392 4033 intus,
425 3994 452 4020 ››
482 3969 558 4039 id,
591 3976 697 4036 est,
745 3971 1003 4026 seniores
1041 3970 1328 4038 Ecclesiae,
1361 3971 1446 4026 vel
1479 3988 1643 4043 reges
1677 3977 1732 4027 et
1764 3991 1858 4045 po-

213 4060 528 4130 tentes:qui
564 4059 781 4114 habent
806 4062 976 4114 modo
1011 4061 1381 4132 spem,ﬁdem
1401 4065 1458 4116 et
1487 4061 1852 4118 charitatem:

213 4148 320 4219 ipsi
355 4147 694 4203 obtulerunt
724 4149 796 4203 ad
837 4149 994 4202 intus
1029 4166 1041 4203 :
1080 4148 1187 4205 hoc
1245 4153 1335 4204 est
1382 4149 1440 4204 in
1501 4151 1856 4206 conscientia

213 4237 502 4292 Ecclesias.
538 4261 563 4285 ‹‹
602 4238 662 4292 In
696 4237 944 4292 ﬁmbriis
976 4238 1168 4293 aureis
1217 4237 1658 4293 circumamicta
1679 4239 1856 4295 varie-

209 4331 344 4381 tate.
384 4351 404 4376 »
441 4325 562 4380 Non
595 4325 786 4381 solum
823 4325 1013 4382 littera
1065 4327 1164 4382 sed
1207 4328 1384 4382 etiam
1446 4345 1620 4382 sensu
1680 4329 1852 4400 spiri-

211 4414 374 4482 tuali,
410 4414 487 4469 illi
523 4416 618 4485 qui
657 4415 902 4481 intrant,
933 4415 1292 4485 obtulerunt,
1323 4416 1411 4471 vel
1444 4416 1718 4472 varietate
1749 4418 1857 4471 vir-

206 4508 398 4558 tutum
432 4502 634 4574 repleti
667 4509 822 4558 sunt.

282 4615 308 4639 ι(
339 4593 717 4647 Adducentur
748 4592 866 4662 regi
921 4592 1174 4663 virgines
1218 4597 1348 4663 post
1385 4610 1536 4659 eam,
1578 4593 1851 4665 proxima:
1886 4620 1930 4682 υ

207 4683 352 4751 ejus.
391 4685 498 4736 Per
522 4699 698 4736 unam
759 4680 1096 4747 Ecclesium,
1160 4681 1478 4752 apostolica
1532 4681 1850 4739 institutio-

209 4787 277 4824 ne
326 4771 650 4834 fundatam,
712 4769 880 4824 multi
933 4774 1352 4824 convertuntur
1409 4772 1477 4825 ad
1531 4772 1848 4828 Christum.

210 4883 235 4908 ιι
268 4860 597 4913 Afierentur
629 4859 728 4913 tibi
766 4859 824 4913 in
858 4858 1060 4914 laetitia
1082 4864 1137 4912 et
1168 4859 1604 4914 exsultationen
1644 4861 1765 4915 Non
1792 4862 1847 4916 in

201 4948 443 5003 tristitia
475 4948 713 5019 peccati,
750 4965 936 5019 neque
969 4948 1026 5001 in
1088 4947 1360 5019 lacrymis
1421 4948 1769 5019 pcenitentia:
1835 4966 1846 5003 :

202 5038 301 5092 sed
343 5037 400 5090 in
451 5037 646 5092 laetitia
684 5038 961 5093 virtutum
996 5041 1050 5092 et
1071 5037 1455 5093 exsultatione
1502 5038 1845 5109 gratiarum,

203 5150 229 5175 ‹‹
282 5126 661 5180 Adduccntur
710 5127 764 5180 in
815 5126 1101 5197 templum
1153 5126 1325 5196 regis.
1384 5146 1410 5176 υ
1476 5127 1633 5181 Vidit
1689 5128 1845 5182 enim

203 5216 454 5270 Joannes
485 5215 810 5270 Jerusalem
843 5216 1136 5270 civitatem
1173 5219 1436 5270 sanctam
1487 5217 1841 5271 descenden-

206 5309 317 5358 tem
351 5305 421 5358 de
450 5305 610 5370 ccnlo,
645 5305 951 5360 habentem
985 5304 1304 5359 claritatem
1367 5305 1464 5359 Dei
1500 5320 1512 5360 :
1548 5306 1646 5359 sed
1699 5310 1841 5360 tem-

204 5393 362 5466 plum
389 5394 444 5447 in
474 5411 539 5448 ea
573 5411 682 5447 non
718 5393 1062 5465 vidit(.-'lpoc.
1097 5412 1209 5464 xxi,
1243 5396 1332 5464 2;!)
1368 5410 1380 5447 :
1417 5395 1717 5460 Dominus,
1753 5397 1839 5449 in-

205 5484 348 5555 quit,
390 5488 479 5537 est
525 5482 806 5554 templum
859 5484 1006 5553 ejus.
1069 5484 1421 5538 lnilucentur
1473 5501 1576 5555 ego
1632 5483 1688 5538 in
1737 5485 1841 5539 hoc

203 5572 486 5644 templum
511 5571 762 5644 virgines
795 5571 936 5638 istm;
970 5572 1078 5627 hoc
1110 5577 1216 5640 est,
1240 5574 1447 5627 anima:
1479 5576 1839 5628 sanctorum:

207 5667 266 5716 ut
290 5662 614 5717 conformes
645 5659 972 5716 efﬁciantur
1001 5661 1223 5733 corpori
1257 5661 1452 5734 gloriae
1485 5662 1632 5732 ejus.

1973 3348 2116 3405 nitio
2145 3349 2410 3405 Christus
2441 3353 2548 3417 est,
2583 3349 2684 3420 qui
2716 3365 2824 3404 nos
2855 3349 2927 3403 ab
2962 3348 3054 3403 his
3086 3352 3352 3420 potenter
3396 3347 3618 3419 eripere

1972 3441 2183 3509 potest.

2044 3548 2071 3575 ‹‹
2106 3530 2413 3598 Propterea
2446 3543 2560 3582 non
2609 3526 2966 3583 timebimus.
2997 3527 3188 3591 nQuia
3227 3526 3285 3580 in
3319 3526 3444 3597 ipso
3496 3542 3618 3580 cre-

1971 3616 2278 3672 dulitatem
2333 3616 2509 3687 [Μανι.
2570 3618 2758 3671 vitiose
2809 3615 3234 3684 crudelitatem]
3309 3615 3614 3670 habemus.

1974 3727 2000 3754 ‹‹
2053 3710 2198 3760 Dum
2247 3705 2584 3761 turbabitur
2629 3710 2800 3762 terra.
2853 3730 2873 3758 ι
2929 3705 3232 3761 Generatio
3279 3704 3615 3760 Judaaorum

1970 3793 2069 3864 qui
2115 3797 2346 3849 terrena
2393 3795 2649 3866 sapiunt.
2705 3816 2732 3844 «
2779 3794 2848 3848 Et
2896 3795 3320 3849 transferentur
3389 3796 3617 3848 montes

1969 3882 2027 3937 in
2060 3900 2158 3937 cor
2189 3883 2389 3938 maris.
2428 3906 2454 3931 υ
2486 3883 2930 3938 Praedicationes
2961 3882 3292 3955 apostolica:
3349 3881 3404 3935 in
3440 3881 3616 3936 corda

1967 3971 2270 4044 gentilium
2304 3972 2481 4043 hujus
2514 3973 2740 4040 mundi,
2774 3972 2926 4027 sicut
2956 3972 3012 4026 in
3048 3969 3351 4042 Evangelia
3387 3969 3485 4023 :Si
3513 3970 3613 4024 ha-

1969 4060 2215 4127 bueritis,
2252 4061 2463 4132 inquit,
2495 4062 2659 4131 ﬁdem
2687 4064 2831 4117 sicut
2859 4077 3092 4130 granum
3150 4059 3380 4129 sinapis,
3422 4057 3615 4113 dicetis

1966 4150 2092 4204 huic
2123 4153 2298 4205 monti
2326 4171 2344 4204 :
2380 4152 2594 4220 Transi,
2626 4158 2680 4205 et
2723 4149 2892 4223 faciet
2939 4147 3152 4220 (Matth.
3213 4163 3346 4213 xvu,
3403 4146 3510 4216 19).
3549 4147 3609 4200 ln

1966 4239 2138 4293 corde
2171 4239 2349 4294 maris
2384 4264 2398 4305 ;
2432 4239 2486 4293 id
2520 4244 2627 4304 est,
2665 4239 2719 4291 in
2754 4237 3096 4308 gentilitate.

2039 4327 2431 4383 «Sonuerunt
2487 4332 2543 4382 et
2603 4327 2849 4381 turbatae
2907 4328 3045 4380 sunt
3103 4340 3264 4394 aquae
3321 4339 3545 4378 eorum.
3584 4345 3604 4372 ιι

1966 4416 2155 4485 Aquae,
2192 4416 2390 4487 populi
2424 4434 2436 4470 :
2474 4420 2667 4471 motus
2706 4415 3000 4469 daemones
3038 4411 3466 4484 intelliguntur.
3501 4413 3607 4475 Qui

1966 4521 2121 4559 nunc
2165 4505 2380 4559 turbati
2430 4521 2640 4560 sonum
2691 4504 3014 4559 dederunt:
3051 4518 3183 4557 cum
3242 4501 3608 4556 eversoribus

1966 4593 2440 4660 simulacrorum,
2472 4593 2558 4648 vel
2590 4593 2990 4660 restituerunt,
3005 4591 3092 4646 vel
3126 4594 3372 4646 mortem
3406 4605 3609 4660 parare

1964 4683 2290 4738 voluerunt.
2333 4706 2352 4732 ι
2387 4682 2726 4738 Conturbati
2761 4686 2900 4737 sunt
2929 4680 3233 4735 montesin
3269 4677 3608 4734 fortitudine

1961 4772 2109 4841 ejus.
2148 4794 2174 4819 ››
2208 4772 2560 4827 Excelsiores
2592 4769 2784 4826 szeculi
2819 4773 3151 4840 potestates.

2039 4881 2064 4912 α
2115 4861 2401 4916 Fluminis
2447 4861 2700 4932 impetus
2761 4859 3014 4914 laetificat
3068 4856 3359 4912 civitatem
3423 4853 3539 4908 Dei.
3577 4877 3604 4902 ››

1963 4950 2095 5004 Post
2127 4966 2355 5005 eversos
2389 4949 2582 5024 cultus
2615 4945 3291 5012 dzemoniorum,ablutio
3323 4943 3602 5015 baptismi

1959 5038 2043 5094 vel
2077 5038 2336 5110 irrigatio
2358 5039 2607 5111 Spiritus
2633 5037 2817 5093 sancti
2866 5035 3117 5090 laetiﬁcat
3175 5034 3430 5088 animam
3465 5031 3600 5086 civi-

1960 5133 2137 5183 tatem
2164 5129 2262 5183 Dei
2296 5127 2435 5199 sive,
2469 5127 2810 5191 Ecclesium,
2845 5143 2970 5196 qua:
2994 5130 3082 5180 est
3110 5123 3313 5178 civitas
3345 5122 3598 5192 Dei,qua3

1957 5235 2134 5289 super
2165 5222 2419 5272 montem
2454 5217 2661 5288 posita,
2699 5233 2810 5270 non
2861 5214 3245 5270 absconditur
3299 5211 3508 5281 (Matth.
3545 5227 3595 5275 ν,

1963 5309 2065 5374 lli).
2119 5332 2144 5358 u
2199 5307 2590 5363 Sanctiﬁcavit
2648 5303 3090 5360 tabernaculum
3139 5317 3312 5356 suum
3365 5299 3595 5355 Altissi-

1955 5413 2106 5452 mus.
2142 5419 2168 5445 n
2203 5397 2719 5468 Congregationem
2755 5394 3035 5462 ﬁdelium,
3059 5393 3114 5446 in
3146 5408 3260 5462 qua
3291 5406 3392 5461 per
3420 5390 3592 5445 fidem

1954 5486 2196 5540 habitat.

2023 5599 2048 5623 ‹‹
2087 5580 2236 5629 Deus
2269 5575 2325 5628 in
2360 5576 2550 5630 medio
2581 5575 2708 5646 ejus
2739 5592 2852 5630 non
2884 5572 3363 5630 commovebitur.
3417 5592 3443 5617 »
3478 5570 3585 5625 Sed

1951 5665 2238 5728 firmatur,
2273 5667 2333 5717 ut
2382 5663 2462 5719 ait
2493 5681 2504 5718 :
2539 5663 2620 5717 Ne
2667 5663 2894 5733 timeas,
2952 5662 3133 5717 Maria
3181 5663 3328 5732 (Luc.
3375 5677 3413 5724 1,
3445 5660 3533 5728 30)
3570 5676 3584 5726 ;
