3964 6190
444 354 598 416 1019

1931 363 2352 425 APPENDIX.

3608 381 3711 440 1020

439 485 529 542 vel
555 485 811 542 Ecclesia
838 487 895 542 in
930 488 1324 546 tribulatione.
1365 515 1385 539 ε
1422 493 1734 563 Adjuvabit
1765 510 1894 548 eam
1927 495 2082 550 Deus
2111 497 2166 562 Α
2268 496 2434 580 calvi.
2477 497 2607 580 vos
2659 499 2978 580 deridentis
3017 503 3142 580 _est.
3167 501 3288 580 _H_oc_
3335 503 3400 557 de
3424 503 3520 580 illis
3543 511 3716 580 quadra-

442 591 613 629 mane
646 574 924 631 diluculo.
957 598 986 625 »
1021 578 1381 648 lnspectione
1412 586 1632 646 sancta,
1654 598 1769 652 qua
1796 585 2084 638 mundum

441 664 868 734 promerebitur
901 682 1016 720 cor.
1047 667 1209 721 Beati
1259 671 1411 724 enim
1467 671 1672 725 mundo
1719 671 1875 726 corde
1906 691 1924 725 :
1956 689 2086 744 quo-

439 755 594 807 niam
623 753 734 823 ipsi
761 754 933 808 Deum
964 754 1221 811 videbunt
1252 758 1459 828 (Matth.
1483 776 1537 824 ν,
1571 760 1641 825 8).

518 863 544 894 α
574 843 940 897 Conturbataa
973 849 1111 898 sunt
1139 849 1363 916 gentes.
1400 869 1427 896 »
1460 847 1748 903 Vitiorum
1792 865 1856 903 ac
1887 849 2088 904 crimi-

441 946 606 1000 num,
645 953 666 978 α
700 931 1072 988 Etinclinata
1104 939 1243 989 sunt
1292 952 1488 1007 regna.
1527 957 1549 986 υ
1604 938 1929 993 Potestates
1971 939 2085 994 dae-

441 1019 794 1086 moniorum,
830 1021 938 1075 sub
971 1026 1255 1093 potestate
1303 1024 1538 1080 Christi.
1590 1049 1618 1075 «
1656 1028 1948 1082 Dederunt
1985 1046 2084 1084 vo-

439 1123 563 1162 cem
601 1125 790 1163 suam.
821 1131 850 1158 »
886 1110 946 1163 ln
980 1112 1548 1182 praedicationibus.«
1579 1118 1729 1170 Mota
1758 1123 1846 1172 est
1873 1121 2084 1172 terra.»

439 1195 884 1267 Obstupuerunt
913 1203 1115 1269 gentes
1147 1201 1205 1255 in
1237 1201 1648 1259 incredulitate
1662 1222 1770 1260 sua
1804 1224 1816 1260 :
1844 1206 1952 1261 hoc
1974 1212 2082 1274 est,

436 1285 733 1356 gentilitas
765 1287 835 1342 de
865 1287 1206 1345 infidelitate
1238 1291 1308 1345 ad
1339 1292 1513 1346 fidem
1537 1293 1770 1347 Christi.

508 1396 539 1424 «
586 1375 870 1431 Dominus
915 1377 1200 1433 virtutum
1258 1380 1584 1435 nobiscum.
1626 1405 1648 1432 ι
1701 1383 1806 1437 Per
1853 1400 2085 1439 assum-

435 1462 692 1533 ptionem
719 1464 929 1530 carnis,
964 1467 1252 1538 particeps
1283 1468 1472 1523 factus
1501 1473 1589 1524 est
1617 1487 1719 1541 pro
1753 1471 2083 1527 nobis.Ideo

434 1553 492 1604 et
521 1550 887 1622 Emmanuel,
921 1552 1029 1608 hoc
1059 1557 1166 1622 est,
1216 1556 1497 1610 nobiscum
1542 1558 1702 1626 Deus,
1737 1580 1766 1607 ‹‹
1798 1557 2083 1613 Dominus

431 1638 737 1708 virtutum,
770 1661 799 1690 »
835 1641 1178 1712 angelorum
1211 1648 1268 1697 et
1314 1643 1644 1700 hominum.
1697 1665 1725 1697 α
1769 1646 2082 1718 Susceptor

431 1731 634 1782 noster
665 1728 820 1782 Deus
849 1728 1051 1784 Jacob.
1087 1751 1117 1779 »
1141 1733 1267 1802 Ipse
1315 1731 1599 1788 virtutum
1643 1735 1946 1803 Dominus,
1979 1737 2078 1807 qui

429 1814 566 1869 vicit
597 1815 921 1871 diabolum.
957 1819 1087 1890 Ipse
1139 1825 1443 1892 susceptor
1494 1825 1711 1894 noster,
1764 1829 1829 1879 ut
1875 1842 1980 1880 nos
2019 1826 2078 1879 in

430 1906 723 1959 aeternum
759 1912 1080 1962 conservet.
1113 1910 1380 1980 Adjutor,
1418 1931 1445 1961 ‹‹
1476 1911 1630 1967 Deus
1678 1912 1879 1969 Jacob.
1915 1936 1944 1964 ››
1975 1914 2082 1970 Per

427 1989 628 2059 Jacob,
661 1993 1058 2065 supplantatio
1109 1997 1407 2054 vitiorum.

505 2103 527 2130 α
561 2081 768 2137 Venite
793 2088 850 2138 et
878 2084 1067 2141 videte
1097 2103 1273 2158 opera
1302 2089 1554 2156 Domini,
1602 2113 1630 2140 »
1678 2092 1942 2148 Christus
1988 2110 2081 2148 vo-

431 2173 524 2224 cat
555 2187 724 2226 suam
759 2173 1075 2230 Ecclesiam
1109 2177 1180 2231 ad
1215 2178 1390 2233 ﬁdem
1413 2179 1502 2234 vel
1531 2180 1603 2234 ad
1655 2181 2078 2238 credulitatem.

432 2259 638 2326 Videte,
671 2261 730 2315 id
762 2267 873 2332 est,
923 2263 1232 2335 intelligite
1264 2284 1278 2334 ;
1312 2289 1340 2316 ‹‹
1392 2283 1567 2338 opera
1609 2269 1858 2334 Domini,
1904 2292 1933 2322 »
1966 2271 2079 2326 vir-

430 2351 587 2403 tutes
618 2351 870 2404 Domini.
902 2351 1026 2418 Vel,
1068 2375 1095 2400 «
1131 2369 1306 2423 opera
1363 2355 1613 2422 Domini,
1651 2379 1680 2406 ››
1712 2358 1868 2426 quia,
1908 2360 2080 2429 juxta

429 2437 749 2504 Danielem,
783 2439 933 2510 lapis
963 2441 1192 2496 excisus
1236 2442 1305 2496 de
1356 2449 1552 2499 monte
1599 2444 1726 2500 sine
1783 2448 2074 2516 manibus,

431 2525 813 2581 comminutis
845 2529 1042 2599 regnis
1090 2530 1316 2594 mundi,
1353 2534 1662 2604 occupavit
1711 2533 2076 2592 latitudinem

433 2615 626 2670 omnis
649 2620 813 2670 terrea
845 2618 1009 2684 (Dan,
1043 2634 1106 2688 ιι,
1151 2618 1262 2690 35).
1312 2642 1342 2668 ‹‹
1389 2621 1524 2684 Quae
1572 2623 1768 2693 posuit
1815 2625 2080 2697 prodigia

434 2720 612 2776 super
638 2709 876 2760 terram.
912 2727 941 2756 «
975 2705 1160 2760 Multa
1189 2708 1345 2762 enim
1375 2709 1544 2781 signa
1581 2711 1670 2766 vel
1703 2717 1835 2767 ante
1865 2714 2076 2769 adven-

431 2796 558 2847 tum
591 2810 957 2864 corporeum,
989 2794 1079 2850 vel
1110 2800 1243 2866 post
1272 2796 1438 2852 illum
1470 2801 1725 2856 ostendit
1753 2802 1814 2855 in
1844 2802 2078 2874 populis

432 2903 462 2931 «
501 2883 779 2939 Auferens
817 2882 972 2938 bella
1002 2900 1190 2956 usque
1219 2877 1304 2940 ad.
1334 2886 1480 2942 fines
1535 2893 1721 2944 terrae.
1783 2914 1804 2941 υ
1870 2891 2079 2946 Omnia

431 2970 584 3025 bella
611 2970 672 3026 in
704 2971 954 3026 adventu
987 2972 1217 3027 Domini
1249 2975 1558 3045 quievisse,
1591 2977 1912 3034 multorum
1943 2997 2076 3036 nar-

430 3063 563 3114 rant
593 3058 872 3115 historiaa.
902 3060 1013 3116 Sed
1045 3065 1101 3116 et
1123 3079 1277 3117 nunc
1306 3063 1366 3117 in
1398 3065 1656 3120 Ecclesia
1677 3084 1786 3123 sua
1816 3069 2077 3139 quotidie

429 3146 582 3200 bella
613 3153 861 3216 coercet,
896 3154 960 3204 ut
990 3168 1104 3206 non
1137 3153 1397 3219 saeviant,
1427 3153 1516 3209 vel
1547 3155 1820 3224 haeretici,
1852 3157 1940 3212 vel
1969 3160 2075 3213 Ju-

429 3233 558 3287 daei.
592 3235 693 3290 Vel
728 3240 1002 3307 auferens,
1037 3238 1248 3296 tollens
1281 3258 1294 3307 ;
1327 3242 1486 3311 bella,
1521 3243 1629 3299 hoc
1649 3250 1756 3317 est,
1789 3262 2069 3318 pugnam,
2102 3229 2145 3296 (ἶ

429 3323 567 3394 quia
596 3341 827 3398 semper
856 3332 944 3383 est
982 3346 1182 3403 pugna
1237 3329 1509 3386 vitiorum
1567 3337 1624 3388 et
1679 3340 2067 3405 peccatorum.

430 3432 459 3462 «
490 3411 682 3486 Usque
712 3416 783 3471 ad
815 3415 960 3472 fines
990 3422 1178 3486 terrae,
1213 3441 1242 3468 »
1275 3437 1462 3491 usque
1493 3422 1563 3476 ad
1597 3422 1770 3478 tinem
1831 3423 2069 3480 saeculo-

426 3505 870 3561 rum.Dominus
897 3508 1088 3561 aufert
1120 3525 1154 3562 a
1185 3508 1354 3563 nobis
1384 3508 1558 3564 istam
1596 3527 1853 3584 pugnam
1887 3529 1899 3567 :
1933 3530 2070 3568 nam

427 3606 532 3661 per
559 3607 666 3646 nos
708 3610 820 3648 non
855 3611 1194 3665 possumus.

501 3701 530 3728 «
561 3685 778 3735 Arcum
810 3687 1086 3740 conteret.
1115 3708 1142 3734 »
1175 3685 1443 3742 Occultas
1478 3688 1764 3744 malorum
1805 3690 2069 3746 insidias.

433 3788 460 3816 ‹‹
497 3768 562 3822 Et
593 3769 921 3840 confringet
951 3789 1133 3828 arma.
1197 3795 1224 3823 »
1285 3775 1610 3832 Pamsentes
1663 3794 1910 3850 pugnas.
1946 3802 1973 3828 «
2007 3781 2076 3835 Et

429 3859 596 3912 scuta
627 3858 930 3913 comburet
958 3859 1100 3931 igni.
1151 3883 1178 3910 ››
1234 3863 1477 3918 Insanas
1534 3865 1828 3922 diabolicae
1889 3873 2076 3939 prote-

429 3944 639 4001 ctionis
669 3946 1036 4017 phantasias,
1067 3966 1192 4021 quae
1226 3953 1424 4006 omnia
1454 3952 1553 4008 illo
1611 3955 1730 4026 igni
1786 3957 2076 4028 spirituali

429 4035 725 4090 consumit
760 4053 772 4092 :
808 4037 878 4092 de
911 4055 1024 4109 quo
1052 4040 1133 4094 ait
1166 4059 1178 4095 :
1212 4041 1405 4113 Ignem
1451 4044 1577 4097 veni
1628 4047 1844 4100 mittere
1868 4050 1930 4100 in
1967 4055 2075 4102 ter-

429 4139 568 4194 ram,
603 4123 711 4179 hoc
741 4129 852 4196 est,
883 4126 942 4180 in
976 4125 1292 4183 Ecclesiam
1328 4129 1475 4199 (Lac.
1510 4149 1613 4199 x11,
1647 4133 1755 4203 49).

505 4233 528 4262 α
562 4211 774 4269 Vacate
799 4218 856 4268 et
883 4215 1071 4270 videte
1101 4218 1378 4287 quoniam
1409 4235 1515 4291 ego
1547 4237 1678 4276 sum
1711 4223 2012 4279 Dominus.
2051 4249 2072 4274 ι

427 4301 538 4367 Ego
565 4302 691 4370 /eci,
742 4310 793 4357 et
845 4321 955 4359 non
1007 4307 1183 4374 feram
1225 4326 1241 4360 :
1283 4323 1382 4378 ego
1439 4311 1625 4364 creavi
1671 4315 1724 4365 et
1768 4327 1862 4383 ego
1907 4317 2076 4370 susti-

427 4403 589 4442 neam
623 4405 634 4442 :
666 4389 933 4447 redimam
956 4409 1068 4462 vos,
1100 4399 1153 4449 et
1197 4396 1480 4451 dimittam
1502 4403 1724 4469 peccata
1768 4411 1967 4468 vestra,
2000 4405 2081 4458 ait

426 4477 690 4532 Dominus
718 4479 846 4549 (Isa.
874 4498 1022 4553 XLVI,
1059 4483 1166 4553 11).
1200 4487 1413 4540 Vacate
1441 4503 1578 4558 ergo
1646 4493 1710 4543 ut
1741 4507 2079 4563 mecogno-

426 4565 628 4632 scatis,
664 4571 721 4622 et
744 4585 857 4624 non
891 4571 951 4624 in
994 4570 1152 4626 aliud
1199 4575 1650 4631 conturbemini.
1712 4601 1738 4627 »
1774 4579 2082 4635 Exaltabor

424 4654 483 4707 in
518 4655 812 4726 gentibus.
853 4679 879 4705 »
934 4658 1068 4722 Quae
1111 4661 1327 4715 fuerint
1371 4663 1441 4717 ad
1495 4664 1899 4722 credulitatem
1941 4685 2078 4724 con-

421 4759 622 4798 versas.
678 4767 706 4794 «
755 4746 1071 4802 Exaltabor
1118 4748 1178 4802 in
1227 4752 1402 4805 terra.
1441 4774 1469 4801 »
1513 4751 1570 4806 Si
1627 4771 1694 4809 ex
1740 4755 2076 4812 Judzeorum

423 4836 597 4902 gente
630 4835 700 4888 ad
751 4852 843 4891 me
903 4838 1117 4892 reversi
1177 4838 1459 4894 fuerunt:
1495 4857 1641 4912 quos
1673 4859 1786 4898 non
1844 4850 2075 4901 terrena

427 4936 635 4992 sapere
668 4926 1045 4980 manifestum
1071 4931 1180 4982 est.

499 5032 526 5059 «
563 5013 842 5069 Dominus
863 5015 1147 5071 virtutum
1177 5017 1486 5074 nobiscum
1522 5026 1850 5092 :susceptor
1879 5027 2076 5080 noster

422 5097 602 5167 Deus,
635 5101 832 5157 Jacob.
871 5125 898 5152 »
930 5108 1170 5177 Semper
1199 5106 1356 5161 enim
1388 5123 1520 5161 cum
1581 5110 1952 5166 credentibus
1983 5113 2071 5168 di-

424 5193 670 5258 gnanter
715 5189 1008 5248 inhabitat
1065 5213 1077 5252 :
1113 5195 1264 5250 sicut
1315 5195 1595 5267 apostolis
1636 5204 1768 5270 post
1815 5217 2072 5257 resurre-

424 5275 641 5331 tionem
675 5279 928 5348 polliceri
953 5282 1229 5354 dignatus
1259 5289 1370 5350 est,
1421 5285 1621 5341 dicens
1656 5303 1668 5341 :
1704 5289 1833 5344 Ecce
1860 5306 1954 5361 ego
1981 5308 2072 5347 vo-

425 5365 631 5419 biscum
659 5383 781 5422 sum
809 5372 1058 5426 omnibus
1087 5372 1278 5428 diebus
1326 5390 1498 5444 usque
1526 5375 1596 5430 ad
1649 5382 2074 5436 consummatio-

421 5470 548 5508 nem
565 5455 768 5512 saeculi
793 5459 1004 5527 (Matth.
1031 5478 1226 5516 xxvm.
1258 5463 1370 5532 20).

1002 5568 1324 5623 PSALMUS
1378 5569 1562 5625 XLVI.

391 5654 491 5704 «In
514 5651 699 5723 ﬁnem,
727 5669 834 5725 pro
881 5656 1018 5727 ﬁliis
1067 5655 1228 5724 Core,
1265 5658 1539 5713 Psalmus.
1589 5660 1717 5715 Filii
1765 5663 1924 5735 Core,
1969 5662 2075 5718 ﬁlii

2268 568 2430 642 ginta
2461 568 2688 624 duobus
2705 570 2902 641 pueris
2917 571 3183 642 dicit,qui
3210 573 3456 629 Elisaeum
3472 568 3717 636 deriserunt

2268 643 2323 693 et
2379 639 2649 695 dixerunt
2700 639 2725 696 ἶ
2748 641 3005 708 Ascende,
3035 639 3188 698 calve
3231 661 3252 705 ;
3284 648 3504 711 ascende,
3531 651 3654 704 calve.
3684 659 3718 706 et

2265 711 2567 788 maledicit
2597 727 2685 767 eos
2741 711 2806 788 in
2841 715 3064 788 nomine
3090 715 3328 788 Domini
3340 718 3434 788 (Ν
3457 720 3561 788 Reg.
3585 737 3630 787 ιι,
3652 723 3719 777 ‘23-

2263 782 2353 836 24.
2414 781 2492 854 Et,
2542 783 2762 854 egressi
2836 785 2950 839 duo
2984 784 3126 852 ursi,
3159 781 3720 846 comederunt'eos.'Eli-

2267 868 2417 932 smus
2469 853 2715 924 ﬁguram
2755 855 2970 932 _C_hri_sti
3001 860 3178 926 tenet,
3250 857 3329 911 illi
3359 860 3500 929 pueri
3543 861 3718 932 ﬁguram

2263 917 2618 996 ludazorlim,
2671 917 2808 996 qui'
2839 927 3109 982 dixerunt
3149 917 3325 995 εἈνθ,
3355 917 3446 985 rex
3469 917 3718 988 Judéorutn

2266 994 2427 1072 Unde
2483 994 2706 1072 Paulus
2758 996 2900 1072 dicit
2931 1015 2944 1052 :
2977 999 3156 1072 Nolite
3196 994 3353 1072 pueri
3378 1003 3720 1072 efﬁcisensibus,

2262 1065 2354 1120 sed
2379 1067 2621 1141 _malitia
2667 1069 2888 1138 parvuli
2939 1073 3106 1124 estote
3128 1070 3175 1140 (ι
3196 1065 3327 1124 Ἐον.
3360 1065 3461 1137 xiv,
3488 1074 3581 1141 20).
3605 1074 3720 1129 Venit

2266 1138 2528 1213 medicus
2580 1155 2787 1213 sanare
2808 1145 3077 1213 aegrotos,
3102 1138 3202 1194 sed
3255 1143 3439 1213 aegroti
3476 1138 3724 1200 occiderunt

2265 1208 2577 1286 medicum.
2632 1210 2758 1266 Ursi
2811 1208 3350 1286 propriedaamonES
3389 1213 3723 1286 intelliguntur,

2265 1279 2402 1348 quia
2443 1279 2862 1336 devoraverunt
2920 1279 3100 1338 corda
3153 1279 3642 1340 illorum.Psalmus
3662 1279 3723 1342 vol

2264 1366 2387 1424 cem
2437 1352 2696 1424 continet
2762 1353 3166 1424 apostolicam,
3197 1356 3588 1421 admonentem,
3615 1363 3659 1410 ut
3689 1359 3723 1410 in

2261 1420 2388 1498 ipso
2437 1422 2560 1478 solo
2600 1420 2885 1494 laetemur,
2920 1426 3090 1496 cujus
3132 1442 3336 1481 sumus
3377 1427 3619 1498 sanguine
3635 1427 3725 1483 libeo

2264 1493 2396 1546 rati.

2266 1601 2295 1629 «
2325 1580 2540 1638 Omnes
2579 1587 2800 1655 gentes,
2861 1581 3123 1655 plaudite
3171 1585 3451 1641 manibus.
3475 1561 3515 1636 .n
3548 1587 3725 1658 Spiritus

2189 1674 2426 1726 sanctus
2459 1687 2561 1742 per
2591 1671 2932 1743 praphetam
2963 1678 3131 1729 vocat
3161 1674 3232 1729 ad
3253 1673 3419 1729 fidem
3447 1691 3614 1730 omnes
3633 1691 3725 1747 gen-

2187 1761 2272 1812 tes
2299 1759 2514 1815 venire.
2553 1782 2573 1808 α
2611 1760 2825 1816 Omnes
2852 1767 3076 1834 gentes,
3113 1784 3140 1813 »
3165 1763 3224 1818 id
3256 1768 3361 1831 est,
3383 1767 3523 1819 totus
3541 1764 3722 1818 mundus

2109 1865 2157 1930 Β
2189 1845 2387 1912 simul,
2420 1870 2448 1898 ‹‹
2494 1847 2754 1919 plaudite
2806 1851 3100 1907 manibus.
3151 1873 3180 1902 ››
3225 1851 3508 1921 Plaudere,
3545 1852 3724 1908 laudare.

2191 1935 2439 1990 Plausus
2488 1954 2740 2010 namque
2789 1938 2919 1995 laus
2969 1940 3205 1996 dicitur.
3251 1941 3488 1996 Gaudete
3533 1942 3581 1995 in
3618 1941 3726 1996 bonis

2190 2025 2482 2094 operibus.
2533 2047 2562 2075 «
2615 2026 2874 2082 Jubilate
2924 2027 3038 2084 Deo
3090 2029 3153 2083 in
3201 2046 3335 2086 voce
3375 2029 3725 2086 exultationis.»

2187 2113 2338 2169 Voce
2367 2115 2608 2170 sublimi
2642 2117 2951 2172 Dominum
2984 2118 3344 2174 confitemini
3384 2119 3439 2174 in
3468 2120 3574 2191 ipso
3599 2119 3725 2184 corde,

2189 2207 2246 2258 et
2276 2205 2435 2258 omni
2467 2207 2866 2261 membrorum
2899 2208 3091 2264 ofﬁcio
3124 2208 3726 2280 exsultate.Propterma-

2165 2292 2798 2364 ‘gnitudinemlaetitiae
2856 2294 3016 2350 dicit.
3078 2297 3206 2353 Vox
3263 2296 3598 2352 exultationis
3641 2300 3724 2349 est:

2188 2382 2341 2451 quod
2369 2398 2472 2436 nec
2501 2383 2715 2450 verbis,
2773 2400 2878 2438 nec
2923 2384 3161 2452 litteris,
3211 2403 3316 2441 nec
3371 2385 3580 2458 syllabis
3603 2388 3726 2456 potest

2187 2469 2362 2524 homo
2393 2471 2905 2544 comprehendere,
2939 2479 3234 2544 quantum
3265 2475 3441 2530 Deum
3468 2471 3726 2529 laudarede-

2187 2557 2342 2612 beat.

2261 2669 2288 2697 ‹‹
2318 2647 2601 2710 Quoniam
2647 2653 2798 2705 Deus
2845 2650 3112 2708 excelsus
3171 2652 3513 2709 terribilis.»
3547 2649 3623 2705 Ille
3664 2647 3727 2717 qui

2187 2736 2439 2806 quodam
2471 2737 2812 2794 irritabatur
2842 2756 2876 2794 a
2923 2739 3167 2809 Judaeis,
3219 2741 3462 2797 obtentis
3513 2737 3727 2810 gentibus,

2186 2824 2451 2880 excelsus
2477 2825 2652 2881 coelos
2680 2829 3024 2899 ascendens,
3058 2829 3340 2885 terribilis
3373 2830 3538 2884 factus
3571 2832 3652 2891 est,
3673 2841 3729 2878 re-

2185 2913 2382 2969 sidens
2412 2915 2484 2969 ad
2507 2916 2801 2971 dexteram
2837 2917 3048 2972 Patris.
3090 2937 3115 2967 ι
3147 2920 3219 2975 Et
3239 2936 3335 2975 rex
3373 2933 3589 2990 magnus
3612 2929 3729 2984 super

2186 3019 2418 3058 omnem
2452 3008 2690 3059 terram.
2724 3005 2849 3060 Non
2880 3005 3077 3062 solum
3109 3025 3287 3080 super
3321 3009 3614 3064 Judaaorum
3636 3019 3728 3073 gen-

2181 3095 2321 3160 tem,
2355 3108 2532 3164 super
2562 3109 2765 3149 omnes
2798 3095 3066 3151 nationes
3121 3101 3308 3152 terra.
3366 3095 3478 3162 Vel,
3531 3117 3554 3143 «
3601 3093 3729 3161 Super

2185 3197 2418 3237 omnem
2450 3187 2688 3250 terram,
2726 3207 2746 3234 ι
2773 3184 2832 3239 id
2863 3193 2970 3254 est,
3010 3203 3193 3260 super
3223 3203 3446 3243 omnem
3476 3181 3728 3245 Ecclesiam,

2184 3269 2322 3342 quia
2351 3271 2610 3328 Ecclesia
2638 3276 2792 3328 terra
2833 3273 3050 3330 dicitur
3083 3294 3098 3332 :
3130 3276 3389 3332 Christus
3441 3289 3588 3344 super
3629 3283 3728 3327 eam.

2181 3359 2319 3430 quia
2349 3361 2484 3415 data
2513 3365 2602 3417 est
2631 3362 2682 3417 ei
2713 3366 2971 3434 potestas
3002 3364 3064 3419 in
3099 3369 3257 3421 terra
3284 3369 3340 3420 et
3366 3366 3420 3419 in
3449 3357 3724 3419 ccelo.Velde

2182 3464 2295 3519 quo
2321 3465 2477 3504 nunc
2501 3450 2749 3520 apostoli
2782 3451 2984 3507 dicunt
3017 3470 3032 3508 :

2256 3557 2284 3586 ‹‹
2313 3537 2573 3607 Subjecit
2601 3538 2852 3610 pppulos
2901 3540 3072 3596 nobis
3125 3546 3182 3598 et
3208 3547 3403 3614 gentes
3430 3541 3524 3596 sub
3549 3534 3724 3609 pedibus

2184 3625 2422 3680 nostris.
2458 3626 2643 3698 Elegit
2671 3628 2840 3683 nobis
2869 3628 3272 3686 haereditatem
3303 3646 3478 3686 suam.
3536 3650 3552 3675 ι
3589 3622 3727 3689 Subje-

2184 3717 2306 3768 ctas
2337 3714 2448 3768 sibi
2481 3731 2515 3768 a
2543 3714 2771 3772 Christo
2801 3722 3003 3788 gentes
3034 3723 3094 3774 et
3126 3718 3369 3792 populos
3398 3719 3576 3773 dicunt
3603 3724 3728 3781 :quo-

2184 3819 2315 3857 rum
2354 3802 2578 3859 malitia
2625 3805 2985 3873 conculcata,
3056 3808 3270 3880 dignos
3319 3809 3378 3863 in
3429 3802 3729 3861 hereditatem

2184 3889 2397 3945 Christi
2430 3891 2707 3946 fecerunt.
2741 3893 2841 3948 Vel
2874 3894 3187 3951 hereditas
3217 3895 3439 3957 Christi,
3486 3894 3647 3948 sancta
3667 3885 3732 3938 EC-

2186 3977 2362 4034 clesia
2391 3985 2498 4034 est.
2528 3979 2690 4035 Unde
2731 3981 2878 4036 dixit
2922 3982 2981 4036 in
3015 3982 3131 4040 alio
3191 3984 3314 4040 loco
3349 4001 3361 4038 :
3394 3981 3615 4038 Dominus
3653 3983 3734 4044 parS

2187 4067 2530 4123 haereditatis
2557 4084 2699 4126 mea?
2737 4071 2907 4142 (Psal.
2961 4089 3052 4140 xv,
3086 4075 3164 4145 5).
3225 4075 3294 4128 Et
3323 4090 3423 4128 nos
3479 4086 3588 4132 sua,
3611 4068 3652 4119 et
3673 4056 3734 4113 ille

2189 4160 2386 4210 nostra
2439 4173 2451 4211 :
2495 4158 2820 4213 secundum
2878 4159 3022 4215 illud
3088 4187 3102 4218 ε
3161 4165 3348 4218 Portio
3398 4176 3509 4213 mea
3556 4152 3737 4209 Domini“

2189 4245 2365 4316 (Psal.
2395 4263 2585 4311 cxvm,
2633 4248 2746 4318 57).
2793 4247 3033 4319 Speciem
3077 4252 3246 4306 Jacob
3292 4266 3446 4322 quam
3487 4242 3658 4300 dilexit.
3687 4234 3735 4290 De

2188 4333 2624 4404 pulchritudine
2653 4336 2808 4392 enim
2831 4337 3009 4394 Jacob
3043 4339 3221 4412 elegit
3250 4336 3543 4410 apostolos,
3586 4326 3659 4401 qui
3681 4323 3725 4376 ab

2189 4424 2316 4493 ejus
2357 4423 2538 4496 stirpe
2569 4426 3011 4495 descendentes,
3043 4428 3167 4484 haec
3192 4430 3407 4483 dicunt.
3437 4422 3576 4490 Quod
3599 4421 3731 4473 autem

2190 4528 2324 4566 eum
2355 4511 2579 4585 diligat,
2610 4515 2745 4570 audi
2783 4516 3129 4587 prophetam
3166 4535 3178 4573 ε
3211 4518 3366 4573 Jacob
3419 4511 3605 4578 dilexit,
3639 4503 3732 4557 ἰδίη

2109 4603 2156 4668 D
2189 4603 2370 4654 autem
2404 4600 2525 4655 odio
2555 4601 2730 4658 habui
2759 4603 3031 4674 (Malach.
3066 4623 3102 4662 ι.
3140 4607 3218 4676 3.)

2259 4711 2288 4738 ‹‹
2321 4690 2603 4744 Ascendit
2625 4695 2774 4747 Deus
2803 4693 3092 4764 injubilo.
3127 4717 3157 4744 «
3193 4694 3405 4750 Claruit
3430 4690 3564 4746 enim
3591 4693 3728 4738 ascen-

2191 4777 2275 4834 sio
2307 4778 2455 4848 ejus,
2490 4778 2547 4833 in
2581 4797 2698 4851 qua
2729 4781 3019 4839 mulitudo
3053 4783 3395 4856 angelorum
3441 4792 3555 4834 cum
3581 4777 3731 4837 111δὲ⁸⁸

2177 4867 2525 4939 jubilatione
2558 4869 2787 4925 dicebat
2819 4887 2830 4926 :
2866 4872 3057 4928 Tollite
3085 4882 3289 4945 portas,
3318 4860 3730 4945 ρνίησίρθῌνεςένξξ

2183 4956 2356 5025 (Psal.
2390 4974 2550 5024 xxm,
2573 4961 2628 5024 '7,
2658 4959 2751 5029 9);
2775 4960 2903 5030 jam
2934 4939 3096 5016 redit-
3110 4961 3291 5016 victor
3318 4939 3383 5014 ex
3425 4950 3620 5029 praliis.
3646 4966 3666 4992 ει
3689 4939 3730 4994 Εἴ

2185 5047 2451 5100 Dominus
2482 5047 2542 5100 in
2573 5062 2696 5102 voce
2729 5048 2893 5105 tubae.
2931 5071 2958 5098 »
2988 5049 3048 5105 In
3100 5066 3218 5121 qua
3271 5049 3382 5102 duo
3437 5038 3594 5112 angeli
3646 5038 3731 5121 tau-

2183 5150 2361 5205 quam
2393 5135 2555 5199 tuba,
2587 5134 2686 5190 illo
2710 5138 3079 5205 ascendente,
3105 5119 3379 5210 apostolis
3401 5119 3728 5188 clamaverunti

2182 5221 2282 5275 Hic
2309 5222 2480 5287 Jesus,
2513 5223 2609 5292 qui
2638 5232 2880 5296 receptus
2925 5234 3057 5281 esta
3103 5227 3253 5281 vobis
3293 5226 3370 5280 sic
3411 5218 3564 5276 veniet

2183 5309 2474 5365 admodum
2502 5291 2720 5367 uidistis
2747 5291 2871 5368 eum
2897 5319 3114 5370 euntem
3145 5317 3206 5368 in
3251 5313 3439 5368 cerium
3469 5306 3576 5376 (Aci.
3599 5316 3630 5366 ι,
3656 5291 3727 5357 “l-

2181 5397 2286 5452 Vel
2320 5405 2452 5470 POSt
2483 5400 2806 5473 Victoriam,
2830 5420 2946 5475 qua
2975 5403 3112 5459 vicit
3140 5401 3448 5469 diabolum,
3488 5393 3556 5449 sic
3577 5397 3723 5443 asccn°

2184 5488 2289 5542 dit.
2360 5487 2522 5544 Unde
2589 5490 2728 5545 dicit
2785 5493 2840 5546 in
2911 5493 3023 5548 alio
3090 5486 3549 5565 psalmozTollite
3595 5478 3722 5565 Ρονωξ

2178 5578 2479 5648 principes,
2512 5587 2735 5646 vestras,
2767 5590 2818 5636 et
2844 5559 3161 5637 elevamini.
3192 5584 3360 5651 porta:
3404 5567 3652 5632 ἃῐιενηιιίεδ,
3675 5559 3723 5651 ,τί

2186 5643 2440 5722 introibit
2465 5643 2585 5722 ilex
2599 5643 2788 5739 gloria
2818 5669 2994 5742 (Psal.
3027 5643 3207 5737 xxm,
3229 5671 3287 5738 7,
3314 5667 3391 5736 9.)
3415 5660 3505 5717 Vel
3543 5643 3729 5711 sicut“?
