3964 6190
217 403 244 459 1
257 401 370 460 021

1387 395 1880 459 BREVIARIUM
1925 395 2006 454 IN
2051 396 2436 458 PSALMOS.

3469 403 3625 464 1022

213 532 410 603 gimus
441 533 499 586 in
532 533 772 587 Actibus
803 531 1219 602 apostolorum,
1245 530 1479 602 quando
1511 527 1771 583 ascendit
1792 527 1861 580 de
1891 529 1942 594 Α
2047 527 2193 606 rexit
2223 527 2321 582 lux
2351 527 2806 606 Christus._UAn_de
2837 529 2977 606 dicit
3011 531 3066 584 in
3100 533 3410 606 Evangelio
3435 553 3454 589 :
3485 535 3622 589 Erat

217 625 412 675 monte
440 620 646 676 Oliveti
681 639 694 678 :
735 623 852 676 Viri
882 620 1126 686 Galileei,
1165 619 1295 692 quid
1339 621 1497 674 statis
1545 618 1867 688 aspicientes

217 727 276 765 in
307 709 540 764 cadum?
569 713 666 764 Hic
691 713 846 766 Jesus
874 713 969 780 qui
997 713 1304 781 assumptus
1333 716 1410 763 est
1439 725 1473 762 a
1501 707 1648 761 vobis
1680 707 1740 760 in
1768 722 1868 758 caa—

217 799 354 866 lum,
386 801 465 853 sic
495 801 674 854 veniet
717 799 1169 869 quemadmodum
1217 797 1430 853 vidistis
1477 813 1602 851 cum
1649 799 1867 850 euntem

215 889 276 942 in
307 888 502 941 cazlum
535 888 668 958 (Act.
705 904 742 954 ι,
777 889 884 959 11).

289 999 317 1025 ‹‹
357 976 586 1031 Psallite
616 976 730 1031 Deo
765 981 983 1047 nostro,
1021 975 1268 1048 psallite,
1303 975 1534 1048 psallite
1564 974 1684 1045 regi
1725 989 1866 1027 nos-

212 1069 326 1129 tro,
377 1065 631 1136 psallite.
683 1087 711 1113 »
757 1065 885 1132 Qui,
936 1081 1216 1137 oppresso
1275 1064 1480 1119 mortis
1537 1061 1864 1129 dominatu,

211 1170 456 1209 carnem
481 1170 612 1209 cum
637 1171 754 1225 qua
779 1154 961 1223 jacuit
991 1155 1050 1208 in
1081 1152 1525 1221 tumulo,evexit
1544 1152 1616 1206 ad
1634 1150 1862 1206 coelum.

286 1241 637 1307 «Quoniam
691 1259 790 1298 rex
838 1243 1029 1298 omnis
1084 1246 1248 1297 terra:
1299 1247 1468 1296 Deus.
1516 1263 1536 1289 ι
1573 1240 1718 1305 Quia
1738 1241 1864 1310 jam

208 1348 325 1386 non
366 1329 559 1386 solum
607 1331 663 1384 in
711 1331 915 1388 Judaea
962 1337 1020 1386 et
1069 1331 1398 1386 Jerusalem
1443 1334 1638 1396 notus,
1673 1329 1774 1383 sed
1805 1327 1864 1381 in

207 1420 369 1475 omni
421 1423 577 1474 terra
621 1419 755 1473 fidei
807 1419 1029 1474 lumine
1062 1419 1411 1474 declaratus.
1441 1440 1470 1468 ‹‹
1503 1417 1738 1472 Psallite
1767 1433 1866 1470 sa-

209 1509 458 1580 pienter.
496 1531 522 1556 »
553 1508 619 1562 Ut
651 1525 779 1578 quae
811 1508 1018 1563 canitis
1070 1525 1172 1579 per
1219 1508 1493 1573 litteram,
1526 1504 1866 1577 intelligatis

213 1596 602 1670 spiritualiter
631 1596 805 1652 dicta.

289 1709 316 1735 ‹‹
351 1686 638 1758 Regnabit
669 1686 957 1741 Dominus
990 1702 1167 1758 super
1198 1702 1400 1740 omnes
1426 1688 1682 1758 gentes.»
1713 1683 1867 1746 Quas

218 1776 279 1829 in
329 1774 727 1831 hzereditatem
779 1775 1002 1846 accepit
1050 1793 1083 1830 a
1129 1779 1320 1832 Patre.
1356 1774 1516 1828 Unde
1562 1777 1618 1827 et
1666 1773 1723 1826 in
1756 1771 1867 1826 alio

218 1863 450 1936 psalmo
481 1863 621 1919 dicit
655 1883 667 1919 :
705 1865 852 1919 Dabo
882 1865 984 1919 tibi
1011 1868 1194 1933 gentes
1223 1863 1596 1918 haereditatem
1622 1870 1794 1925 tuam,
1814 1867 1867 1914 et

215 1955 610 2024 possessionem
639 1962 796 2008 tuam
834 1955 1092 2008 terminos
1123 1958 1288 2008 terrae
1335 1953 1503 2022 (Psal.
1539 1969 1596 2021 Ii,
1631 1952 1708 2019 8).
1741 1950 1864 2012 Vel,

225 2043 486 2097 Excelsus
515 2044 786 2098 Dominus
814 2060 981 2113 super
1010 2058 1194 2097 omnes
1221 2049 1403 2111 gentes
1431 2049 1485 2095 et
1511 2056 1674 2111 super
1697 2039 1869 2093 cwlos

223 2131 408 2199 gloria
450 2133 566 2202 ejus
610 2133 783 2202 (Psat.
817 2143 958 2197 cxn,‘
983 2131 1059 2200 4).
1092 2132 1229 2185 Deus
1271 2129 1417 2184 sedet
1467 2145 1628 2200 super
1681 2129 1872 2184 sedem

221 2226 475 2276 sanctam
503 2237 681 2274 suam.
716 2221 801 2274 Ad
836 2221 1128 2274 dexteram
1161 2219 1366 2273 Patris.
1401 2218 1502 2272 Vel
1533 2217 1723 2288 angeli
1768 2233 1871 2288 pro

219 2308 561 2363 innocentia
592 2325 793 2363 eorum
826 2309 1101 2362 dicuntur
1131 2308 1318 2372 sedes,
1353 2307 1488 2378 quia
1518 2323 1633 2360 non
1665 2321 1871 2376 pecca-

220 2401 454 2450 verunt.
516 2398 655 2451 lude
713 2396 856 2451 dixit
905 2415 917 2451 :
981 2397 1190 2451 Caelum
1230 2395 1372 2450 mihi
1415 2395 1569 2450 sedes
1615 2399 1694 2449 est
1743 2395 1869 2466 (Isa.

223 2501 382 2554 wa,
415 2485 522 2555 l).«
540 2485 692 2540 Deus
724 2486 884 2540 sedet
911 2501 1089 2555 super
1119 2486 1314 2540 sedem
1348 2471 1610 2539 sanctam
1632 2499 1871 2548 suam,»

219 2570 337 2625 hoc
367 2577 478 2635 est,
513 2571 570 2626 in
605 2571 876 2628 Ecclesia.
913 2573 1073 2628 Unde
1103 2573 1327 2628 dictum
1355 2578 1444 2628 est
1477 2591 1488 2628 :
1521 2573 1722 2627 Anima
1749 2573 1872 2642 jus—

218 2662 292 2728 ti,
328 2661 488 2714 sedes
519 2669 596 2715 est
623 2663 911 2732 sapientiae
942 2663 1090 2733 (Sap.
1122 2679 1219 2729 vn,
1257 2663 1361 2733 12).

301 2769 327 2796 ‹‹
359 2749 656 2820 Principes
689 2750 1060 2822 populorum.
1095 2774 1122 2800 »
1150 2750 1433 2822 Apostoli.
1466 2773 1493 2798 «
1528 2749 1872 2822 Congregati

221 2843 386 2891 sunt.
433 2862 454 2888 ι
507 2838 594 2891 Ad
636 2839 1047 2908 judicandum.
1093 2838 1216 2910 Vel,
1274 2863 1294 2888 αι
1345 2839 1639 2910 Principes
1681 2856 1872 2911 p0pu-

219 2928 438 2995 lorum,
472 2950 492 2974 ι
527 2928 584 2981 id
626 2933 733 2996 est,
774 2929 1032 2984 seniores
1076 2928 1567 2998 Christianorum,
1621 2945 1870 2999 quorum

221 3017 475 3089 ﬁguram
509 3018 742 3072 tenebat
767 3019 1056 3086 centurio;
1088 3017 1177 3072 vel
1222 3019 1394 3073 modo
1426 3017 1510 3072 illi
1542 3018 1642 3088 qui
1673 3022 1874 3072 tenent

218 3105 415 3177 ipsan
449 3106 646 3172 fidem,
670 3123 846 3177 quam
878 3107 1086 3161 habuit
1115 3107 1430 3161 Abraham.
1466 3106 1629 3161 Unde
1650 3105 1869 3161 dictum

219 3200 360 3250 est:
395 3195 552 3250 Multi
597 3198 818 3250 venient
863 3197 931 3250 ab
980 3197 1194 3250 Oriente
1240 3204 1291 3250 et
1339 3196 1646 3262 Occidente,
1687 3201 1739 3250 et
1787 3211 1869 3250 re-

1897 1897 1946 1961 B

2047 599 2235 654 lumen
2266 615 2471 666 verum,
2505 601 2642 669 quod
2674 600 2958 655 illuminat
2988 618 3206 658 onmem
3234 599 3507 662 Hominem
3533 623 3625 661 ve-

2042 672 2293 745 nientem
2332 673 2398 745 in
2434 671 2578 725 hunc
2626 671 3112 745 mundumAann.
3151 692 3188 743 ι,
3216 676 3290 745 9).
3350 678 3624 732 Secunda

2057 741 2318 811 Sabbati,
2371 742 2601 796 firmata
2650 748 2738 798 est
2795 741 3048 798 Ecclesia
3106 741 3181 799 in
3224 741 3354 813 fide,
3395 750 3629 813 quando

2047 813 2193 888 dixit
2231 813 2516 888 Dominus
2550 832 2562 868 :
2595 815 2661 888 Et
2688 831 2854 888 super
2901 815 3042 869 hanc
3085 820 3299 886 petram
3349 813 3624 888 aediﬁcabo

2045 885 2340 963 Ecclesiam
2371 901 2550 968 meam
2572 887 2780 968 (Matth.
2831 903 2945 968 3V},
3002 885 3112 968 18),
3166 885 3626 968 Psalmus'totus

2053 956 2208 1010 circa
2235 961 2498 1010 sanctam
2531 956 2780 1027 plebem,
2832 961 2990 1011 totus
3038 956 3191 1014 circa
3239 959 3631 1015 ecclesiastica

2047 1027 2322 1097 mysteria
2348 1034 2762 1082 commoratur.

2051 1173 2078 1201 ‹‹
2111 1152 2358 1223 Magnus
2406 1152 2691 1208 Dominus
2739 1157 2794 1208 et
2840 1152 3154 1209 laudabilis
3204 1155 3382 1209 nimis
3449 1179 3476 1204 »
3507 1156 3628 1211 Vox

1975 1239 2262 1295 Ecclesiae.
2295 1241 2801 1316 Magnusdicitur,
2851 1258 2966 1295 non
3018 1242 3472 1314 comparatione,
3524 1245 3625 1298 sed

1976 1346 2079 1400 pro
2110 1329 2514 1400 magnitudine
2544 1328 2740 1401 gloria:
2771 1347 2910 1384 sum.
2937 1330 3114 1395 Quasi
3144 1330 3624 1402 interrogaretur.

1978 1419 2075 1472 ubi
2107 1434 2379 1490 magnus,
2431 1418 2530 1471 ubi
2583 1417 2898 1473 laudabilis
2920 1419 2948 1473 ?
2980 1419 3312 1490 Respondet
3341 1437 3353 1474 :
3390 1444 3418 1469 ‹‹
3452 1422 3511 1474 In
3545 1421 3625 1476 ci-

1974 1507 2149 1561 vitate
2179 1506 2277 1561 Dei
2312 1507 2516 1561 nostri.
2555 1528 2582 1554 »
2611 1506 2817 1560 Anima
2843 1507 3167 1578 sancta,cuj
3179 1523 3247 1562 us
3279 1507 3431 1562 cives
3453 1512 3628 1579 atque

1978 1595 2302 1660 domestici,
2363 1594 2499 1650 boni
2548 1601 2712 1650 actus
2761 1593 3189 1666 intelliguntur.
3235 1619 3264 1646 «
3318 1598 3379 1650 In
3427 1601 3626 1651 monte

1977 1688 2179 1741 sancto
2211 1685 2359 1755 ejus.
2387 1706 2415 1734 »
2453 1686 2515 1738 In
2547 1688 2854 1756 assumpto
2883 1682 3168 1738 Dominici
3203 1683 3460 1740 hominis
3495 1701 3626 1740 cor-

1978 1791 2134 1847 pore.

2057 1888 2076 1912 α
2115 1863 2414 1918 Fundatur
2462 1861 2814 1918 exultatione
2871 1863 3154 1918 universa:
3206 1866 3392 1918 terrae.
3429 1884 3457 1911 »
3488 1863 3624 1918 Ter-

1981 1970 2106 2008 ram
2129 1970 2255 2024 quze
2279 1953 2442 2024 prius
2468 1951 2720 2024 peccatis
2750 1956 2807 2006 et
2838 1951 3346 2007 maledirtionibus
3368 1953 3628 2022 subjace-

1979 2043 2099 2113 bat,
2149 2040 2488 2097 ascensione
2518 2058 2625 2096 sua
2681 2041 3003 2114 occupavit,
3036 2045 3211 2112 atque
3241 2041 3298 2094 in
3329 2057 3396 2096 ea
3425 2041 3627 2095 credu-

1979 2131 2162 2186 litatis
2195 2147 2311 2185 suae
2342 2130 2787 2186 exsultationem
2828 2147 2893 2185 ac
2922 2129 3181 2184 laetitiam
3213 2129 3492 2184 dilatavit.
3529 2127 3626 2184 Vel

1982 2221 2226 2276 fundata
2257 2220 2386 2285 luit,
2421 2224 2478 2275 et
2503 2224 2592 2274 est
2622 2219 2962 2288 Ecclesia,in
2994 2223 3111 2274 toto
3147 2219 3364 2274 mundo
3395 2218 3455 2272 in
3491 2218 3624 2272 ﬁde.

1983 2311 2183 2364 «Mons
2215 2310 2376 2376 Sion,
2407 2310 2588 2364 latera
2618 2307 3138 2380 aquilonis,civitas
3166 2308 3336 2380 Regis
3360 2307 3625 2377 magni.»

1981 2400 2067 2452 Ad
2101 2399 2256 2452 hunc
2288 2403 2566 2468 montem,
2599 2398 2655 2452 id
2685 2403 2795 2464 est,
2826 2398 2897 2451 ad
2941 2397 3236 2452 Christum
3286 2396 3625 2461 Dominum,

1981 2492 2354 2542 accesserunt
2384 2487 2499 2541 duo
2531 2486 2728 2559 populi
2760 2503 2826 2541 ex
2865 2486 3002 2544 Sion
3033 2503 3044 2539 :
3070 2503 3223 2540 unus
3245 2486 3315 2540 de
3344 2485 3626 2539 lateribus

1981 2575 2296 2648 aquilonis,
2330 2576 2428 2647 qui
2453 2581 2542 2631 est
2571 2592 2640 2629 ex
2669 2575 2970 2647 praputio,
3023 2573 3166 2630 alter
3213 2591 3280 2629 ex
3327 2573 3628 2629 circumci-

1981 2667 2164 2722 sione.
2199 2665 2466 2720 Christus
2493 2681 2628 2736 ergo
2659 2665 2964 2729 Dominus,
2999 2665 3098 2735 qui
3130 2669 3218 2718 est
3251 2681 3360 2734 pax
3401 2668 3622 2729 nostra,

1981 2755 2225 2810 abstulit
2282 2755 2594 2810 maceriam
2644 2754 2958 2808 inimicitia
3007 2753 3078 2807 de
3125 2753 3337 2820 medio,
3388 2757 3445 2806 et
3493 2750 3627 2805 fecit

1982 2848 2222 2912 utraque
2254 2859 2438 2897 unum
2473 2861 2486 2897 :
2520 2847 2576 2896 et
2606 2841 2906 2896 collocavit
2959 2841 3018 2895 in
3048 2840 3305 2896 Ecclesia
3335 2856 3461 2905 sua,
3497 2855 3624 2909 qua:

1980 2938 2070 2987 est
2118 2932 2320 2986 civitas
2370 2931 2544 3003 Regis
2591 2931 2788 3002 magni
2836 2930 2944 2985 hos
2997 2928 3245 3000 populos
3276 2945 3379 2999 per
3425 2928 3621 2982 ﬁdem.

1979 3019 2078 3077 Vel
2106 3043 2132 3068 ‹‹
2168 3037 2336 3075 mons
2365 3019 2521 3090 Sion,
2554 3043 2582 3069 »
2615 3019 2724 3074 hoc
2754 3023 2861 3085 est,
2894 3025 3098 3073 sancta
3128 3016 3401 3072 Ecclesia.
3438 3017 3516 3070 De
3541 3016 3621 3070 la-

1981 3115 2100 3165 tere
2131 3109 2422 3180 aquilonis
2457 3125 2469 3163 :
2503 3109 2642 3180 quia
2667 3109 2736 3163 de
2764 3107 2934 3163 malis
2963 3111 3052 3163 est
3079 3104 3624 3178 congregata.Unde

1981 3199 2202 3253 dictum
2234 3202 2322 3254 est
2353 3216 2366 3252 :
2401 3200 2478 3252 Ab
2508 3199 2770 3268 aquilone
2797 3198 3128 3252 exorientur
3155 3196 3312 3250 mala
3341 3211 3462 3266 quae
3501 3198 3627 3248 sunt

215 3285 622 3339 cumbentcum
657 3285 948 3350 Abraham,
980 3289 1136 3340 Isaac
1165 3293 1218 3339 et
1246 3287 1413 3340 Jacob
1464 3286 1522 3338 in
1568 3301 1730 3355 regno
1775 3303 1871 3339 στε-
1901 3264 1943 3329 C
1979 3305 2148 3359 super
2193 3297 2394 3342 terram
2447 3264 2661 3357 (Jerem.
2700 3305 2740 3353 1,
2776 3287 2884 3357 14).
2937 3286 3041 3340 Hic
3091 3284 3285 3356 aquilo
3334 3264 3622 3348 diabolus,

221 3373 412 3429 torum
455 3374 678 3444 (Matth.
731 3389 808 3442 vi,
863 3374 970 3444 11).
1031 3374 1166 3428 Cum
1212 3375 1318 3428 Deo
1368 3374 1660 3429 Abraham.
1720 3374 1874 3430 Deus

217 3462 498 3530 Abrahae,
535 3465 684 3518 Deus
713 3479 884 3518 verus
914 3467 1021 3527 est,
1057 3463 1156 3533 qui
1200 3467 1289 3518 est
1340 3468 1486 3518 Deus
1531 3462 1870 3532 viventium,

218 3567 361 3606 cum
415 3567 532 3621 quo
573 3551 720 3622 justi
763 3551 1051 3620 judicium
1083 3552 1324 3606 faciunt.
1359 3551 1451 3606 Sic
1481 3551 1637 3606 enim
1669 3555 1725 3605 ct
1763 3551 1874 3605 Do-

219 3639 426 3693 minus
476 3639 534 3693 in
589 3638 900 3711 Evangelio
931 3639 1011 3694 ait.
1046 3658 1058 3694 :
1091 3641 1222 3695 Cum
1261 3641 1467 3695 sederit
1497 3641 1670 3694 Filius
1699 3641 1872 3694 homi-

217 3730 314 3782 nis
367 3731 422 3781 in
470 3728 593 3783 sede
637 3731 940 3800 majestatis
981 3746 1133 3794 suae;
1174 3730 1429 3784 sedebitis
1475 3739 1526 3784 et
1575 3746 1666 3784 vos
1713 3745 1876 3800 super

218 3817 384 3873 sedes
430 3817 730 3883 duodecim,
771 3819 1094 3886 judicantes
1139 3817 1424 3872 duodecim
1469 3819 1644 3872 tribus
1703 3818 1875 3872 Israel

220 3906 452 3977 (Matth.
486 3923 600 3971 χιχ,
635 3907 740 3977 18).
775 3930 800 3954 α
835 3905 1117 3969 Quoniam
1149 3905 1228 3959 dii
1262 3907 1437 3960 fortes
1469 3911 1653 3976 terrae,
1703 3905 1872 3960 vehe-

222 3999 459 4049 menter
490 3993 691 4050 elevati
733 4001 887 4050 sunt.
932 4015 960 4042 »
995 3996 1104 4060 Dii,
1154 3995 1340 4049 sancti
1389 3999 1546 4064 sunt,
1597 3996 1748 4049 sicut
1795 3994 1876 4048 ait

221 4083 557 4154 Propheta:
591 4085 698 4153 Ego
729 4085 856 4138 diri
885 4103 903 4138 :
934 4085 1027 4138 Dii
1044 4085 1174 4138 estis
1201 4091 1252 4138 et
1282 4084 1392 4151 ﬁlii
1427 4084 1640 4138 Επειδιεί
1692 4099 1875 4139 omnes

222 4173 404 4242 (Psal.
441 4189 622 4236 Lxxxi,
653 4173 730 4242 6).
770 4196 790 4221 ι
823 4171 1037 4227 Elevati
1070 4176 1208 4227 sunt
1235 4172 1624 4227 vehementer.
1647 4195 1711 4221 ››‹‹
1745 4173 1875 4227 Ele-

219 4261 346 4315 vati
377 4265 534 4330 sunt,
564 4283 591 4309 ››
626 4278 728 4331 per
758 4261 931 4316 ﬁdem
961 4266 1019 4316 et
1040 4261 1641 4333 praedicationemNel
1665 4260 1747 4315 illi
1774 4262 1873 4332 qui

223 4349 432 4404 elevati
465 4353 604 4404 sunt
631 4349 688 4402 in
725 4350 1017 4420 superbia,
1041 4355 1099 4404 et
1129 4349 1343 4405 relictis
1375 4349 1732 4416 ccelestibus,
1760 4355 1874 4404 ter-

225 4454 371 4492 rena
399 4438 823 4508 concupierunt
857 4455 869 4492 :
903 4438 1118 4509 quibus
1149 4437 1362 4492 dicitur
1393 4456 1405 4492 :
1440 4439 1590 4493 Sicut
1631 4439 1875 4494 homines

223 4528 544 4581 moriemini
573 4527 732 4596 (Ibid.
777 4527 853 4596 7),
899 4525 996 4580 isti
1046 4543 1079 4579 a
1126 4530 1238 4580 Deo
1287 4526 1552 4593 Abrahae,
1598 4527 1683 4581 vel
1733 4544 1877 4598 apo-

1983 3377 2078 3432 cui
2139 3376 2354 3431 dicitur
2406 3394 2417 3429 :
2477 3377 2622 3440 Veni,
2682 3373 2893 3446 aquilo,
2953 3376 3126 3445 per/Ia
3169 3373 3387 3428 hortum
3445 3389 3625 3426 meum

1982 3465 2162 3537 (Cant.
2223 3483 2297 3532 1v,
2348 3465 2404 3536 6)
2455 3481 2468 3519 :
2516 3465 2623 3519 hoc
2673 3468 2780 3534 est,
2831 3463 3147 3518 Ecclesiam
3181 3462 3622 3517 tentationibus.

1984 3555 2145 3610 Unde
2173 3553 2484 3626 Apostolus
2510 3553 2651 3608 dicit
2685 3569 2697 3606 :
2732 3551 2948 3624 Oportet
2977 3552 3204 3606 haereses
3249 3568 3386 3617 esse,
3430 3559 3488 3606 ut
3533 3567 3627 3622 qui

1981 3643 2198 3712 probati
2224 3652 2374 3708 sunt,
2405 3643 2693 3712 manifesti
2719 3643 2855 3712 ﬁant
2883 3643 2944 3696 in
2971 3641 3121 3696 vobis
3151 3643 3196 3709 (Ι
3244 3640 3368 3694 Cor.
3403 3657 3481 3709 x1,
3516 3641 3623 3710 19).

1983 3732 2102 3799 Vel,
2135 3756 2162 3781 «
2197 3732 2400 3786 civitas
2431 3731 2606 3801 Regis
2634 3731 2886 3802 magni,»
2921 3729 3030 3785 hoc
3061 3733 3168 3794 est,
3202 3733 3405 3783 sancta
3437 3729 3626 3783 Eccle-

1984 3838 2090 3876 818..

2055 3932 2082 3958 «
2119 3910 2272 3964 Deus
2303 3909 2360 3962 in
2391 3907 2665 3963 domibus
2694 3908 2822 3978 ejus
2852 3912 3236 3979 cognoscetur
3267 3923 3399 3961 cum
3441 3905 3627 3960 susci-

1983 3997 2104 4069 piet
2134 4014 2283 4052 eam.
2318 4021 2338 4044 ι
2375 3997 2644 4066 Suscepit
2674 4013 2801 4051 eam
2832 4011 2935 4066 per
2963 3993 3630 4067 gratiam.Cognoscitur

1984 4090 2178 4140 autem
2211 4086 2268 4140 in
2302 4086 2582 4158 gradibus
2614 4085 2761 4154 ejus,
2795 4084 2852 4137 id
2886 4089 2992 4149 est,
3026 4084 3084 4137 in
3117 4080 3507 4153 apostolis,vel
3542 4096 3629 4135 re-

1985 4174 2164 4245 liquis
2198 4175 2674 4246 praedicatoribus
2709 4190 2724 4226 :
2758 4188 2859 4243 per
2889 4189 3036 4243 quos
3070 4170 3332 4225 Ecclesiae
3365 4170 3508 4224 fides
3527 4186 3629 4224 an-

1985 4265 2258 4318 nuntiata
2288 4262 2616 4318 est.Gratia
2645 4260 2799 4317 enim
2831 4277 3039 4316 sumus
3069 4259 3273 4316 salvati
3299 4276 3401 4331 per
3429 4259 3626 4314 ﬁdem.

1986 4357 2042 4407 et
2074 4353 2182 4406 hoc
2215 4369 2328 4406 non
2361 4368 2429 4406 ex
2460 4349 2648 4405 nobis.
2685 4349 2780 4403 Dei
2811 4349 3028 4403 donum
3079 4353 3186 4414 est,
3238 4353 3299 4403 ut
3347 4365 3518 4403 nemo
3559 4349 3628 4402 de

1987 4458 2047 4496 se
2078 4439 2376 4512 glorietur.
2412 4439 2531 4506 Vel,
2563 4461 2590 4487 «
2629 4438 2684 4492 in
2718 4437 3011 4504 domibus,
3047 4461 3074 4485 ››
3105 4438 3163 4492 id
3194 4443 3304 4507 est,
3338 4438 3397 4491 in
3430 4441 3632 4491 sancta

1988 4528 2260 4584 Ecclesia.
2297 4551 2322 4577 ‹‹
2358 4529 2502 4583 Cum
2535 4527 2812 4599 suscipiet
2841 4544 2992 4594 eam,
3023 4546 3048 4576 ιο
3087 4527 3142 4581 in
3178 4527 3323 4592 ﬁde;
3358 4525 3498 4596 quia
3527 4543 3629 4580 an-

227 4614 398 4670 stolis
429 4616 721 4686 ejus,sunt
743 4615 1071 4685 judicandi.
1099 4614 1216 4668 Nos
1244 4630 1377 4669 vero
1408 4631 1644 4670 oremus
1674 4615 1870 4670 Domi-
1905 4632 1950 4695 Β
1982 4624 2074 4674 tea
2105 4618 2256 4672 inter
2285 4617 2468 4673 malos
2501 4621 2642 4672 erat.

229 4719 374 4759 num
407 4708 488 4774 ut,
523 4705 784 4776 deposito
836 4703 995 4758 omni
1040 4709 1270 4758 tumore
1317 4703 1623 4774 superbiae,
1666 4705 1747 4760 ita
1789 4705 1871 4760 illi

229 4794 661 4864 conjungamur
689 4794 746 4847 in
781 4791 887 4847 hoc
917 4792 1158 4858 saeculo;
1193 4797 1255 4846 ut
1288 4793 1346 4846 in
1371 4792 1594 4862 judicio
1624 4810 1657 4848 a
1697 4793 1877 4849 sinis-

228 4886 319 4936 tra
352 4888 511 4953 parte
541 4881 844 4952 disjuncti,
877 4899 990 4936 non
1020 4880 1352 4935 inveniatur
1397 4881 1456 4934 in
1505 4881 1673 4936 nobis
1722 4883 1874 4952 quod

230 4971 469 5025 damnet
499 4971 556 5024 in
586 4971 943 5042 pmnam,sed
975 4971 1127 5041 quod
1161 4970 1372 5041 pietate
1405 4969 1714 5042 multiplici
1748 4988 1875 5042 pro-

229 5059 399 5114 vehat
425 5059 494 5113 ad
529 5075 823 5114 coronam.

764 5165 1086 5221 PSALMUS
1128 5165 1348 5220 XLVII.

230 5253 480 5307 Psalmus
535 5255 734 5308 cantici
783 5255 916 5323 ﬁliis
975 5254 1127 5319 Core,
1177 5254 1418 5308 secunda
1473 5253 1714 5308 Sabbati.
1773 5254 1878 5310 Per

261 5325 264 5334 '
305 5324 619 5406 Psalmum,
670 5324 1296 5406 opusvelpradicat‘io
1338 5325 1710 5406 intelligitur:
1772 5327 1878 5381 Per
1941 5386 1946 5394 ,

301 5397 615 5467 canticum,
639 5395 882 5450 scientia
911 5395 1137 5451 etlaus.
1172 5396 1298 5451 Filii
1333 5395 1491 5461 Core,
1526 5397 1712 5451 sancti
1735 5414 1874 5467 apo-

303 5466 458 5531 stoli,
497 5467 584 5522 vel
617 5473 919 5537 martyres.
953 5468 1148 5522 Prima
1185 5468 1442 5531 Sabbati,
1470 5469 1605 5522 fecit
1642 5466 1828 5522 lucem
1852 5487 1872 5530 ;

304 5540 561 5593 secunda
589 5539 845 5602 Sabbati,
870 5540 1002 5593 fecit
1032 5541 1494 5604 firmamentum,
1531 5540 1871 5604 Lucem,an-

303 5609 491 5679 gelos;
529 5611 986 5673 ﬁrmamentum,
1038 5611 1324 5666 homines.
1373 5611 1556 5666 Habet
1605 5610 1738 5664 inde
1768 5611 1870 5665 ali-

305 5681 443 5751 quid
476 5682 534 5736 in
566 5681 720 5736 Novo
753 5681 1148 5739 Testamento.
1183 5682 1378 5738 Prima
1406 5681 1868 5749 Sabbati,resur-

2057 4730 2084 4755 «
2120 4706 2407 4770 Quoniam
2437 4723 2568 4761 ecce
2599 4722 2763 4777 reges
2810 4711 2974 4760 terrae
3019 4703 3349 4776 congregati
3399 4708 3555 4758 sunt.
3597 4722 3623 4752 ››

1986 4795 2284 4867 Principes
2315 4794 2532 4861 saeculi,
2561 4812 2813 4866 quorum
2847 4811 3094 4866 regnum
3143 4793 3203 4848 in
3253 4792 3410 4848 cultu
3456 4790 3636 4847 idolo-

1987 4902 2118 4940 rum
2150 4891 2326 4956 atque
2356 4884 2777 4939 daemoniorum
2809 4889 2950 4938 erat.
2987 4885 3064 4938 Ex
3094 4882 3377 4938 lateribus
3408 4882 3632 4952 aquilo-

1987 4973 2102 5040 nis,
2135 4973 2190 5026 id
2224 4979 2332 5038 est,
2379 4971 2592 5027 diaboli
2643 4973 3002 5028 accedentes.
3048 4971 3172 5036 Vel,
3223 4994 3252 5019 «
3298 4969 3632 5042 congregati

1986 5067 2145 5127 sunt,
2177 5068 2232 5117 et
2262 5067 2658 5117 convenerunt
2687 5061 2745 5116 in
2781 5078 2985 5130 unum,
3023 5084 3049 5109 »
3079 5061 3133 5114 id
3168 5065 3277 5130 est,
3325 5061 3383 5114 in
3437 5060 3633 5114 unita-

1986 5156 2101 5206 tem
2134 5151 2420 5207 Ecclesize.
2456 5172 2484 5199 «
2515 5150 2919 5206 Convenerunt
2948 5152 3008 5204 in
3042 5167 3246 5204 unum.
3281 5173 3310 5198 ‹‹
3362 5149 3632 5221 Lapidem

1986 5257 2286 5294 summum
2318 5238 2661 5311 angularem
2693 5238 2751 5292 in
2780 5239 3162 5293 fundamento
3193 5239 3524 5293 fundatum.

2056 5351 2082 5376 «
2119 5329 2231 5400 Ipsi
2265 5330 2529 5383 videntes
2582 5327 2664 5382 sic
2715 5327 2986 5382 admirati
3020 5332 3176 5382 sunt.
3209 5350 3235 5377 »
3269 5327 3522 5383 Gloriam
3568 5344 3633 5383 ac

1983 5418 2303 5489 potentiam
2337 5416 2761 5488 Redemptoris.
2793 5416 2895 5472 Vel
2940 5415 3184 5472 virtutes
3237 5417 3632 5488 apostolorum

1983 5507 2255 5562 admirati
2292 5511 2450 5575 sunt,
2485 5511 2541 5560 et
2571 5506 2844 5560 commoti
2897 5511 3039 5561 sunt
3085 5507 3155 5561 de
3187 5506 3529 5561 inﬁdelitate
3560 5507 3631 5560 ad

1983 5595 2177 5650 fidem.
2212 5620 2238 5644 ‹‹
2269 5594 2611 5650 Conturbati
2646 5599 2783 5648 sunt
2808 5599 2864 5649 et
2892 5595 3167 5650 commoti
3217 5599 3376 5664 sunt,
3419 5599 3634 5648 tremor

1981 5683 2366 5755 apprehendit
2395 5701 2513 5740 eos.
2552 5707 2577 5731 ››
2612 5689 2657 5737 A
2687 5684 3046 5739 conscientia
3074 5683 3418 5739 delictorum
3455 5700 3466 5735 :
3495 5682 3634 5752 quis
