3964 6190
391 350 545 411 1023

1883 347 2302 408 ΑΡΡΕΝΒΙΧ.
3578 349 3682 406 1028

388 483 610 539 dictum
641 485 728 537 est
761 498 774 537 :
810 485 863 536 Α
889 483 1086 537 timore
1114 485 1205 536 tuo
1235 483 1576 552 concepimus
1623 486 1678 536 et
1727 484 2034 552 peperimus
2063 480 2116 546 Α
2149 482 2378 534 nostros
2407 477 2616 534 direxit
2636 477 2696 532 in
2728 493 2809 545 se,
2843 476 2944 548 qui
2973 478 3062 531 est
3091 474 3187 530 via
3216 474 3386 546 pacis,
3416 481 3460 530 et
3486 491 3573 548 pax
3596 495 3688 533 nos.

385 573 643 643 spiritum
670 571 868 626 salutis
899 571 1026 640 (lsa.
1059 587 1209 638 xxvr,
1245 572 1354 640 IN).

460 680 490 710 «
519 659 603 714 Ibi
635 659 862 714 dolores
911 662 974 712 ut
1020 658 1401 730 parturientis
1448 677 1460 714 ε
1515 659 1575 713 in
1627 657 1834 729 spiritu
1865 657 2035 712 vehe-

387 749 590 804 menti.
628 769 656 797 »
683 751 825 802 Cum
857 763 1099 818 corpora
1146 762 1408 802 exercere
1461 763 1564 819 per
1619 745 2035 802 abstinentiam

387 836 666 908 cmperint
722 854 734 890 :
786 837 846 890 in
896 835 1105 906 spiritu
1161 835 1503 901 fortissimo,
1553 836 1609 892 id
1655 840 1764 906 est,
1810 840 2032 890 sancto.

391 949 412 974 ‹ι
449 925 766 980 Conterens
799 941 973 979 naves
1005 924 1300 979 Tharsis.»
1337 924 1665 979 Humilians
1697 925 2034 996 superbiam

384 1013 648 1084 gentium
679 1032 691 1068 :
727 1014 866 1084 quia
895 1013 1155 1079 Tharsis,
1192 1013 1251 1067 in
1282 1013 1567 1084 principio
1617 1030 1743 1080 suo,
1793 1031 1826 1068 a
1874 1013 2031 1067 navi-

386 1103 618 1173 gatione
650 1101 1080 1175 negotiatorum
1112 1103 1366 1173 superba
1397 1119 1462 1156 ac
1502 1101 1837 1172 praecellens
1887 1102 2035 1156 facta

389 1195 499 1247 est.
554 1191 686 1246 Ideo
736 1191 830 1246 hic
879 1195 1297 1262 comparantur
1345 1190 1480 1245 huic
1529 1190 1780 1263 navigio,
1824 1191 1924 1262 qui
1973 1191 2030 1245 in

386 1280 568 1350 huius
598 1279 796 1335 saeculi
828 1279 1104 1334 ﬂuctibus
1137 1279 1628 1335 circumferuntur
1675 1280 1832 1334 omni
1864 1285 2032 1335 vento

383 1369 629 1425 luxuriae
661 1374 833 1440 atque
864 1368 1159 1424 vanitatis.
1197 1370 1314 1440 Ipsi
1345 1386 1502 1424 nunc
1534 1368 1593 1423 in
1625 1385 1692 1424 ea
1730 1369 2033 1425 credentes

383 1458 588 1514 dicunt
618 1475 630 1513 :

460 1570 480 1597 α
517 1547 682 1603 Sicut
711 1547 1065 1604 audivimus.
1099 1568 1127 1597 »
1164 1547 1271 1602 Per
1301 1547 1635 1619 prophetas.
1677 1566 1699 1594 α
1751 1547 1844 1602 Sic
1886 1547 2028 1601 vidi-

383 1654 516 1693 mus
547 1637 607 1690 in
638 1636 869 1692 civitate
911 1634 1139 1690 Domini
1187 1635 1494 1705 virtutum,
1541 1634 1600 1689 in
1653 1635 1880 1690 civitate
1931 1635 2030 1690 Dei

381 1726 565 1782 nostri
605 1742 617 1779 :
652 1725 809 1779 Deus
841 1723 1105 1778 fundavit
1133 1740 1260 1778 eam
1292 1723 1350 1778 in
1385 1729 1730 1780 aeternum.»
1762 1725 2032 1781 Vidimus

382 1815 444 1869 in
474 1813 805 1884 Evangelio,
857 1830 981 1884 quae
1031 1816 1120 1868 est
1167 1812 1371 1869 civitas
1415 1813 1720 1868 virtutum.
1763 1815 2030 1871 Vidimus

382 1903 445 1957 in
477 1901 752 1970 Ecclesia,
804 1919 932 1973 qum
961 1906 1050 1958 est
1080 1902 1282 1958 civitas
1315 1902 1413 1958 Dei
1445 1904 1503 1958 in
1537 1903 1636 1958 illo
1681 1921 1858 1977 regno
1908 1921 2030 1960 ma-

384 2008 498 2064 gno
522 1991 782 2046 fundata.

455 2103 484 2130 «
520 2080 1111 2154 Suscepimus,Deus,
1135 2082 1593 2138 misericordiam
1624 2086 1787 2138 tuam
1819 2083 1877 2138 in
1908 2099 2029 2138 me-

385 2167 479 2224 dio
510 2169 714 2240 templi
746 2169 851 2224 tui.
889 2192 916 2219 »
951 2170 1013 2224 In
1045 2170 1303 2226 Ecclesia
1351 2176 1453 2226 tua
1501 2172 1872 2243 suscepimus
1903 2189 2032 2227 san-

386 2263 543 2312 ctum
573 2257 878 2329 Spiritum,
915 2259 1067 2313 sicut
1096 2264 1152 2313 et
1184 2258 1265 2313 illi
1299 2260 1462 2330 prius
1516 2278 1693 2332 super
1747 2278 1894 2332 quos
1972 2261 2029 2315 in

387 2347 630 2401 Actibus
661 2347 1055 2417 apostolorum
1090 2354 1175 2402 est
1209 2349 1450 2403 effusus.

459 2458 488 2485 ‹‹
520 2436 853 2491 Secundum
889 2453 1100 2490 nomen
1131 2440 1320 2501 tuum,
1355 2437 1529 2505 Deus,
1561 2437 1643 2492 sic
1691 2442 1747 2492 et
1770 2437 1899 2493 laus
1930 2443 2031 2494 tua

391 2525 450 2578 in
484 2525 630 2580 fines
683 2528 868 2578 terrae.
928 2546 956 2572 »
1014 2525 1180 2595 Cum,
1237 2529 1474 2595 accepto
1532 2525 1745 2597 Spiritu
1805 2531 2026 2594 sancto,

387 2618 729 2669 cunctarum
790 2613 1054 2684 gentium
1111 2613 1286 2669 locuti
1344 2623 1480 2668 sunt
1525 2614 1764 2686 linguis.
1817 2616 1925 2669 Sed
1977 2620 2032 2670 et

387 2704 444 2757 in
478 2702 864 2773 amplitudine
895 2701 1086 2758 ﬁdelis
1115 2701 1315 2774 populi
1348 2718 1580 2774 semper
1632 2713 1728 2759 tua
1773 2702 2029 2760 laudatio

386 2796 802 2848 commoratur.
835 2813 862 2840 ‹‹
891 2791 1131 2847 Justitia
1177 2791 1350 2863 plena
1407 2797 1495 2847 est
1541 2793 1775 2848 dextera
1825 2797 1945 2848 tua.
1998 2813 2025 2844 ιν

384 2882 447 2935 In
479 2881 571 2936 his
604 2880 703 2952 qui
734 2880 792 2935 in
817 2881 1042 2951 judicio
1088 2880 1147 2935 in
1193 2881 1429 2936 dextera
1471 2885 1632 2952 parte
1679 2887 1818 2937 sunt
1857 2882 2030 2938 collo-

388 2969 577 3024 candi.
1070 3033 1074 3036 η

462 3080 489 3107 ‹‹
525 3062 774 3112 Laetetur
807 3074 974 3114 mons
1003 3057 1163 3114 Sion.
1199 3081 1226 3108 »
1261 3058 1514 3115 Ecclesia
1543 3059 1603 3115 in
1636 3059 1881 3116 Christo.
1910 3083 1936 3110 «
1971 3061 2036 3116 Et

389 3146 679 3202 exsultent
709 3145 836 3201 filias
868 3147 1051 3202 Judm.
1087 3170 1117 3197 ››
1147 3148 1370 3203 Animae
1399 3149 1800 3204 confessorum
1832 3167 1844 3203 :
1897 3150 2034 3221 quia

385 3235 591 3300 Judas,
639 3237 903 3305 confessio
951 3235 1384 3306 interpretatur.
1446 3257 1467 3284 «
1520 3241 1761 3308 Propter
1810 3237 2034 3306 judicia

385 3327 508 3394 tua,
538 3323 800 3379 Domine.
837 3347 863 3373 »
898 3323 1043 3388 Quia
1093 3324 1496 3380 custodierunt
1523 3341 1589 3379 ea
1641 3329 1706 3378 ut
1744 3327 2027 3396 pmniten-

384 3413 528 3467 tiam
560 3416 814 3484 agerent.
849 3412 973 3478 Vel,
1007 3435 1035 3462 ‹‹
1060 3413 1288 3482 judicia
1313 3416 1436 3476 tua,
1469 3435 1497 3463 ››
1525 3413 1750 3483 judicia
1796 3414 1895 3468 Dei
1929 3431 2029 3470 oc-

386 3501 542 3555 culta
575 3519 586 3555 :
623 3502 760 3571 quia
786 3500 1074 3572 reprobati
1108 3505 1247 3555 sunt
1291 3499 1498 3567 Judaei,
1547 3506 1604 3557 et
1648 3500 1840 3557 electas
1889 3508 2030 3558 sunt

387 3593 588 3659 gentes
619 3589 678 3642 in
711 3589 842 3643 ﬁde.

459 3699 486 3724 «
521 3677 885 3732 Circumdate
913 3677 1070 3732 Sion.
1105 3699 1126 3726 »
1161 3679 1220 3733 Id
1253 3683 1359 3743 est,
1394 3679 1684 3736 defendite
1716 3679 2027 3736 Ecclesiam

385 3768 444 3821 in
472 3764 814 3820 credulitate
848 3771 1054 3820 vestra.
1107 3789 1134 3814 «
1187 3768 1256 3822 Et
1307 3767 1763 3838 complectimini
1811 3787 1961 3825 eam.
1997 3794 2025 3821 »

389 3858 451 3910 In
484 3853 784 3910 charitate.
826 3876 853 3904 ‹‹
884 3854 1128 3909 Narrate
1159 3855 1218 3909 in
1246 3855 1508 3910 turribus
1538 3857 1736 3926 ejus.»
1773 3859 2027 3914 Laudem

386 3948 441 3999 et
488 3942 735 4016 gloriam
785 3943 1017 3999 Christi.
1070 3949 1322 4010 Narrate,
1374 3944 1483 4000 hoc
1539 3950 1645 4011 est,
1699 3949 2025 4017 praedicate.

384 4034 618 4101 Turres,
651 4032 712 4087 hi
734 4039 874 4088 sunt
902 4033 1195 4104 principes
1226 4033 1490 4088 Ecclesiaa
1535 4038 1648 4089 tuas
1681 4053 1693 4090 :
1728 4037 1867 4106 quia
1906 4041 2025 4091 tur-

386 4124 467 4177 ris
499 4123 664 4178 fortis
697 4127 805 4190 est,
839 4128 896 4179 et
927 4123 1188 4193 undique
1221 4123 1577 4194 speculatur.
1611 4124 1704 4179 Sic
1743 4130 1801 4180 et
1845 4126 2030 4180 sancti

384 4214 440 4264 et
469 4211 664 4281 fortes,
697 4216 754 4266 et
782 4211 1175 4283 speculatores
1203 4211 1416 4267 debent
1444 4229 1573 4268 esse
1620 4213 1678 4267 in
1720 4219 1890 4285 gente
1921 4214 2027 4269 hu-

387 4315 580 4354 mana.

455 4410 482 4437 «
517 4387 718 4443 Ponite
744 4389 918 4444 corda
947 4393 1138 4444 vestra
1165 4389 1225 4444 in
1257 4389 1469 4446 virtute
1498 4391 1646 4461 ejus.
1683 4415 1705 4443 »
1743 4393 1824 4448 Ne
1870 4409 2032 4466 sepa-

383 4475 592 4532 remini
627 4493 660 4530 a
687 4476 968 4531 charitate
996 4468 1194 4548 'quam
1244 4478 1460 4534 docuit.
1516 4481 1723 4545 Ponite,
1774 4481 1881 4537 hoc
1921 4487 2028 4552 est,

2065 3222 2107 3287 C
2146 3237 2269 3303 Vel,
2303 3258 2332 3285 «
2384 3237 2460 3290 Os
2515 3252 2711 3290 meum
2741 3234 3014 3306 loquetur
3079 3234 3434 3306 sapientiam,
3471 3252 3495 3279 n

2145 572 2246 622 traa
2278 567 2506 623 salutis.

2669 725 2985 782 PSALMUS
3024 724 3264 780 XLVIII.

2145 880 2202 933 In
2236 881 2420 949 ﬁnem,
2458 895 2560 948 pro
2591 880 2725 949 ﬁliis
2758 879 2908 944 Core,
2939 877 3220 932 Psalmus.
3256 875 3376 930 Filii
3405 876 3539 949 Core,
3561 882 3691 949 sancti

2216 942 2472 1021 apostoli
2490 942 2903 1021 vel'martyres
2927 953 3082 1005 sunt.
3118 952 3303 1021 Istum
3334 947 3582 1018 psalmum
3606 942 3692 1020 Spi-

2214 1019 2360 1076 ritus
2393 1026 2634 1076 sanctus
2667 1019 3142 1144 per—prephetam
3184 1019 3244 1073 in
3288 1035 3510 1090 persona
3548 1021 3692 1089 pradi-

2215 1098 2476 1144 catorum
2504 1093 2775 1144 cantavit.
2838 1092 2910 1144 7el
2943 1092 3072 1144 ideo
3106 1091 3216 1144 iste
3248 1089 3563 1144 nsalmus.eo
3585 1095 3691 1144 auod

2215 1098 2476 1148 catorum
2504 1089 2775 1148 canta—vit.
2796 1089 2921 1147 Vel
2943 1092 3072 1147 ideo
3106 1091 3216 1145 iste
3248 1089 3563 1162 psalmus,eo
3585 1095 3691 1160 quod

2214 1165 2417 1220 doceat
2449 1165 2652 1219 mundi
2686 1163 2918 1218 divitias
2941 1181 3075 1218 cum
3101 1162 3266 1216 vanis
3297 1161 3696 1233 honoribussper-

2213 1237 2468 1303 nendas;
2518 1236 2800 1290 cavendas
2844 1235 3021 1289 etiam
3072 1233 3356 1304 serpentis
3405 1232 3626 1295 astutias,
3660 1239 3695 1288 et

2213 1323 2446 1362 omnem
2476 1308 2674 1362 orbem
2718 1308 2788 1362 ad
2840 1305 3200 1361 audiendum
3250 1305 3346 1359 Dei
3389 1305 3592 1358 verbum
3615 1304 3693 1358 ins-

2215 1383 2405 1434 tanter
2435 1380 2709 1434 admonet
2740 1379 2940 1433 dicens
2974 1395 2987 1431 :

2212 1571 2239 1597 ‹‹
2275 1549 2480 1603 Audite
2510 1549 2650 1616 haec,
2682 1563 2884 1602 omnes
2912 1553 3114 1617 gentes
3159 1563 3173 1602 :
3218 1545 3450 1601 auribus
3476 1545 3695 1616 percipite,

2142 1635 2243 1705 qui
2275 1634 2552 1690 habitatis
2580 1635 2800 1690 orbem.
2838 1656 2865 1682 ››
2898 1634 3204 1704 Sapienter
3229 1631 3511 1704 intelligite
3549 1631 3594 1684 in
3617 1631 3695 1702 spi-

2142 1723 2452 1779 ritualibus
2484 1724 2745 1791 auribus,
2780 1739 2926 1794 quas
2968 1722 3254 1777 Dominus
3313 1721 3379 1775 ad
3425 1720 3694 1775 audiendum

2141 1813 2334 1884 elegit.
2388 1815 2450 1866 In
2485 1811 2792 1884 Evangelia
2837 1817 3031 1867 autem
3083 1811 3278 1867 cordis
3326 1809 3554 1881 requirit,
3592 1809 3692 1862 unde

2141 1904 2294 1958 Deus
2325 1903 2584 1957 auditur.
2619 1925 2647 1950 κ
2682 1901 2789 1966 Qui
2823 1900 3106 1957 habitatis
3139 1901 3358 1967 orbem,
3393 1922 3418 1950 »
3447 1899 3496 1953 id
3523 1902 3606 1963 est,
3621 1913 3695 1951 cor-

2141 2008 2282 2062 pora
2301 1993 2512 2046 vestra.

2212 2103 2239 2129 ‹‹
2274 2081 2500 2151 Quique
2549 2079 2851 2152 terrigenas
2904 2084 2960 2135 et
3001 2078 3109 2133 ﬁlii
3140 2079 3472 2144 hominum;
3499 2076 3548 2130 in
3573 2089 3694 2128 unum

2139 2170 2298 2224 dives
2329 2175 2384 2224 et
2415 2186 2652 2240 pauper.
2695 2193 2715 2218 ν
2748 2168 3203 2240 Intelligendum
3257 2172 3342 2224 est
3383 2165 3518 2236 quod
3557 2178 3693 2218 omnes

2140 2259 2497 2314 habitatores
2529 2262 2692 2313 terra:
2725 2257 2796 2312 ad
2827 2257 3188 2313 audiendum
3215 2257 3304 2312 Dei
3327 2255 3542 2311 verbum
3566 2256 3691 2306 vocat:

2141 2346 2361 2401 scilicet
2402 2350 2466 2402 ut
2498 2346 2643 2400 nulli
2692 2346 3000 2401 hominum
3043 2346 3403 2401 occultentur
3445 2342 3614 2409 divina,
3637 2337 3690 2391 vel

2130 2435 2374 2505 judicia,
2406 2433 2494 2489 vel
2527 2435 2822 2489 mandata.
2857 2434 2958 2488 Vel
2991 2434 3194 2504 simul,
3224 2457 3250 2483 ‹‹
3284 2436 3345 2488 In
3394 2448 3549 2486 unum
3586 2427 3690 2480 dives

2139 2528 2197 2579 et
2227 2540 2468 2595 pauper,
2499 2543 2525 2573 υ
2563 2523 2674 2578 hoc
2700 2528 2812 2588 est,
2842 2540 3048 2578 servus
3079 2530 3139 2578 et
3169 2524 3334 2577 liber.
3385 2519 3491 2587 Vel,
3528 2532 3688 2590 pauper,

2139 2615 2293 2668 unde
2340 2612 2486 2667 dixit
2518 2631 2529 2667 :
2565 2614 2718 2667 Beati
2753 2629 3024 2684 pauperes
3076 2615 3282 2685 spiritu
3311 2630 3324 2668 :
3354 2613 3574 2683 quoniam
3594 2609 3690 2676 ipso-

2139 2720 2264 2758 rum
2292 2707 2368 2757 est
2398 2719 2631 2772 regnum
2655 2703 2916 2757 cwlorum
2946 2703 3166 2774 (Manli.
3199 2720 3253 2769 v,
3285 2703 3356 2773 3).

2215 2813 2243 2842 «
2273 2791 2348 2846 Os
2397 2807 2593 2845 meum
2625 2790 2897 2860 loquetur
2927 2792 3299 2862 sapientiam.
3335 2812 3360 2841 »
3391 2789 3629 2858 Loquetur
3644 2780 3692 2834 il-

2140 2880 2258 2935 lam
2290 2878 2636 2950 sapientiam
2685 2895 2813 2949 qua:
2858 2878 3091 2934 occulta
3139 2884 3229 2935 est
3269 2880 3337 2933 ab
3378 2877 3532 2946 hujus
3556 2868 3691 2927 saeculi

2143 2969 2528 3042 sapientibus,
2559 2972 2616 3022 et
2645 2967 2897 3023 revelata
2939 2973 3031 3023 est
3088 2968 3360 3040 parvulis,
3405 2967 3500 3020 hoc
3537 2966 3616 3025 est,
3652 2962 3693 3010 ut

2143 3061 2499 3130 cognoscant
2526 3056 2749 3128 parvuli
2780 3056 3219 3130 Ecclesiae,quia
3247 3057 3492 3113 Christus
3528 3053 3597 3104 est
3632 3061 3694 3100 sa-

2145 3147 2364 3219 pientia
2392 3146 2617 3212 Patris;
2649 3146 2720 3201 de
2748 3162 2862 3216 quo
2885 3162 3093 3202 omnes
3124 3145 3404 3217 propheta;
3432 3140 3689 3210 loquuntur.

3532 3227 3576 3280 id
3617 3225 3689 3286 est,

2143 3325 2438 3380 Christum
2497 3340 2670 3395 quem
2705 3324 2980 3394 prmdicat
3008 3323 3282 3379 Ecclesia.
3305 3346 3331 3370 «
3389 3324 3446 3374 Et
3469 3308 3689 3371 meditatio

2142 3413 2332 3469 cordis
2358 3413 2471 3468 mci
2503 3412 2896 3484 prudentiam.
2932 3435 2960 3461 »
2993 3413 3238 3485 Semper
3262 3412 3317 3466 in
3346 3409 3497 3464 corde
3523 3399 3692 3457 medita-

2143 3503 2265 3572 bar,
2313 3508 2381 3557 ut
2411 3501 2809 3572 relinquentes
2839 3501 3112 3557 homines
3156 3501 3416 3557 stolidam
3435 3493 3686 3549 vanitatem,

2139 3591 2351 3646 Christi
2376 3590 2747 3660 prudentiam
2780 3597 3185 3660 sequerentur.

2217 3702 2237 3729 α
2278 3679 2574 3734 Inclinabo
2606 3678 2664 3733 in
2698 3679 3036 3750 parabolam
3091 3695 3286 3735 aurem
3336 3689 3518 3731 meam.
3548 3692 3564 3718 ι
3593 3662 3690 3759 Quia

2141 3769 2252 3823 scit
2302 3767 2581 3839 propheta
2634 3767 2932 3822 Christum
2987 3768 3303 3823 Dominum
3363 3766 3618 3818 venturum
3651 3765 3689 3839 II}

2141 3857 2452 3923 mundum,
2485 3856 2586 3927 qui
2619 3856 2678 3909 in
2711 3856 3100 3913 similitudine
3131 3857 3430 3928 loquatur:
3461 3849 3563 3904 ideo
3581 3857 3625 3897 se
3643 3835 3687 3928 ad

2140 3924 2833 4017 audiendum—praeparat,
2867 3945 2926 3998 id
2957 3950 3064 4017 est,
3098 3924 3460 4019 spiritualiter
3484 3935 3540 3990 ad
3573 3924 3688 3985 intel-

2140 4035 2460 4107 ligendum.
2496 4057 2522 4083 ‹‹
2575 4023 2948 4105 Αρθικὶεὶῐηῖῑι
3000 4035 3272 4106 psalterio
3327 4022 3685 4103 propositionem

2142 4141 2356 4179 meam.
2392 4146 2419 4172 »
2451 4127 2568 4178 Hoc
2602 4139 2880 4194 propono,
2911 4127 2974 4178 ut
2996 4125 3154 4194 quod
3183 4122 3275 4177 ille
3305 4116 3571 4185 decalogus
3596 4119 3687 4200 Pii”;

2143 4211 2389 4276 dixit,‘si
2422 4188 2807 4281 custodiat-ur,
2830 4188 3089 4267 coelestia
3120 4227 3292 4283 regna
3322 4188 3684 4283 largiiintur.Vel

2143 4301 2296 4372 quod
2331 4300 2608 4372 proposui
2640 4301 2699 4354 in
2731 4301 2920 4368 corde,
2957 4281 3278 4372 praedicabo
3315 4297 3370 4351 in
3418 4299 3630 4348 sermone
3650 4281 3687 4330 et

2142 4389 2488 4461 intelligam.
3653 4454 3660 4462 _

2214 4501 2242 4528 «
2275 4479 2388 4533 Cur
2417 4478 2634 4533 timebo
2665 4478 2724 4532 in
2756 4479 2849 4534 die
2880 4477 3053 4533 mala.
3090 4501 3118 4528 ››
3153 4481 3214 4532 In
3240 4476 3323 4532 die
3345 4466 3539 4542 judicii.
3563 4482 3583 4512 ι
3605 4462 3684 4512 lm-

383 4564 710 4637 intelligite.
753 4586 778 4615 ‹‹
814 4566 872 4619 In
905 4566 1115 4619 virtute
1145 4567 1294 4635 eius,
1347 4588 1374 4615 ››
1405 4567 1464 4621 in
1498 4567 1783 4623 charitate
1831 4571 1960 4639 ejus
2015 4587 2028 4624 :
2067 4589 2110 4652 Ι)
2145 4568 2340 4638 quitas
2388 4567 2643 4622 calcanei
2689 4568 2802 4622 mei
2851 4567 3237 4624 circumdabit
3280 4579 3383 4618 me.
3429 4581 3453 4607 ››
3495 4550 3616 4644 Quia.
3646 4556 3683 4639 ξπ

381 4654 521 4725 quia
550 4671 664 4710 non
697 4653 888 4710 solum
921 4654 1144 4724 docere,
1165 4655 1262 4708 sed
1298 4655 1474 4709 etiam
1508 4657 1661 4727 quod
1693 4658 2032 4728 praedicant,

380 4760 551 4813 opere
582 4743 794 4799 debent
825 4743 1124 4813 implere.«
1155 4744 1223 4797 Et
1253 4743 1588 4799 distribuite
1609 4746 1815 4801 domos
1837 4747 2019 4816 ejus.»

381 4832 424 4886 Ο
471 4849 594 4899 vos,
639 4833 916 4887 Doctores
965 4831 1377 4902 Ecclesiarum,
1429 4833 1762 4889 distribuite
1807 4836 2026 4906 gradus

379 4921 835 4988 ordinationem,
897 4919 1174 4976 canonice
1225 4925 1281 4976 et
1330 4926 1562 4989 sancte;
1613 4940 1728 4977 non
1775 4924 2029 4994 praemiis

379 5010 671 5079 corru,.ti;
705 5027 819 5064 non
853 5026 1236 5082 personarum
1269 5011 1601 5081 acceptione
1623 5027 1726 5082 per
1750 5011 2030 5068 adulatio-

379 5114 510 5152 nem
547 5098 790 5169 decepti.
825 5122 852 5148 «
886 5099 959 5156 Ut
988 5099 1268 5155 enarratis
1314 5099 1372 5154 in
1424 5100 1697 5170 progenie
1746 5100 1948 5156 altera.
1999 5124 2026 5151 »

378 5185 502 5239 Non
535 5185 724 5240 solum
758 5187 850 5242 his
877 5188 975 5258 qui
1009 5189 1272 5251 credunt,
1307 5189 1408 5243 sed
1441 5192 1498 5243 et
1531 5188 1618 5243 his
1652 5190 1752 5261 qui
1784 5190 2032 5246 creditu-

379 5275 424 5328 ri
455 5279 611 5329 sunt.
645 5276 753 5330 Sed.
789 5276 950 5346 quid,
987 5277 1202 5347 inquis,
1235 5293 1598 5332 enarramus.

448 5387 475 5412 ‹‹
510 5364 795 5426 Quoniam
828 5365 922 5419 hic
953 5370 1042 5420 est
1077 5368 1224 5420 Deus
1258 5371 1456 5421 noster
1487 5367 1542 5421 in
1575 5373 1940 5436 zeternum,et
1971 5370 2028 5423 in

379 5452 655 5508 saeculum
690 5453 964 5520 seaculi,et
998 5455 1120 5526 ipse
1152 5460 1311 5525 reget
1342 5473 1446 5511 nos
1477 5456 1533 5509 in
1569 5456 1834 5512 smcula.»
1852 5458 2028 5524 Deus,

378 5543 516 5614 quia
566 5559 668 5614 per
719 5543 909 5615 ipsum
972 5543 1102 5598 facti
1155 5560 1384 5598 sumus.
1419 5545 1555 5612 Rex,
1592 5545 1731 5615 quia
1779 5547 1852 5600 ab
1905 5548 2030 5618 ipso

376 5632 654 5704 regimur.
689 5634 818 5706 Ipse
847 5632 1005 5689 enim
1038 5631 1295 5687 lubricos
1342 5636 1400 5686 et
1447 5637 1742 5690 tortuosos
1791 5651 2029 5706 gressus

2094 5349 2102 5358 .
2146 5278 2479 5333 divitiarum
2530 5296 2772 5334 suarum
2825 5259 3226 5351 gloriantur.»
3259 5273 3348 5328 Isti
3387 5259 3671 5358 labunttﬂ'i"

2145 4655 2416 4711 calcaneo
2449 4655 2719 4727 quisquis
2749 4657 3090 4728 peccaverit,
3142 4655 3365 4712 labitur.
3410 4644 3503 4702 Sed
3529 4644 3574 4694 et
3606 4633 3683 4687 ini-

2137 4744 2328 4815 quitas
2377 4745 2652 4813 calcanci,
2704 4745 2984 4817 originale
3032 4750 3325 4817 peccatum
3370 4729 3604 4803 accipitur
3637 4733 3682 4772 ei

2138 4834 2344 4900 Adam,
2379 4838 2445 4888 ut
2467 4834 2687 4888 dictum
2719 4839 2809 4890 est
2839 4835 2910 4888 ad
2945 4834 3243 4890 mulierem
3279 4848 3290 4884 :
3320 4818 3591 4883 Inimicitias
3610 4822 3678 4878 Ρθ·

2139 4941 2270 4977 nam
2302 4924 2446 4977 inter
2473 4929 2528 4978 te
2554 4928 2604 4977 et
2633 4927 2958 4994 serpentem,
2990 4929 3044 4978 et
3071 4938 3244 4979 semen
3273 4923 3431 4977 tuum,
3470 4914 3514 4962 et
3549 4908 3678 4957 semen

2138 5013 2294 5066 illius
2323 5011 2472 5082 (Gen.
2509 5029 2594 5077 111,
2632 5013 2736 5083 15).
2769 5013 2852 5066 Tu
2888 5011 3237 5075 observabis,
3266 5006 3318 5061 id
3348 5005 3441 5068 est,
3485 4994 3677 5049 conteres

2142 5104 2317 5171 caput
2346 5117 2542 5167 suum,
2574 5105 2629 5155 et
2658 5100 2781 5172 ipse
2813 5100 3147 5156 calcaneum
3181 5104 3354 5153 tuum.

2215 5211 2243 5238 κ
2275 5191 2381 5254 Qui
2415 5160 2715 5245 confidunt
2743 5189 2800 5244 in
2831 5190 3044 5245 virtute
3075 5206 3196 5260 sua,
3228 5191 3279 5241 et.
3311 5185 3358 5237 in
3389 5163 3674 5255 multitudine

2143 5366 2414 5422 calcaneo
2447 5383 2461 5424 :
2496 5369 2632 5439 quia
2657 5386 2759 5439 per
2783 5347 2950 5423 illum
2984 5386 3096 5423 non
3127 5363 3379 5421 incedunt
3399 5351 3477 5424 qui
3503 5347 3569 5400 est
3591 5349 3667 5392 na,

2141 5456 2353 5510 veritas
2384 5462 2440 5511 et
2469 5456 2602 5524 vita,
2633 5457 2740 5511 vel.
2783 5457 2934 5520 «Qui
2965 5451 3320 5512 confiduntin
3344 5440 3663 5532 νὶιεῑξιῒεξευξξ

2140 5545 2359 5616 quique
2377 5546 2434 5600 in
2454 5547 2811 5602 abundantia
2829 5547 3157 5602 divitiarum
3177 5550 3391 5598 suarum
3407 5519 3660 5616 glorianw:

2214 5657 2241 5684 «
2317 5635 2513 5691 Frater
2571 5652 2686 5691 non
2755 5636 3022 5703 redemit,
3082 5632 3310 5691 redimet
3356 5623 3514 5678 homo.
3563 5625 3584 5653 ι’
3623 5607 3658 5647 δι
