3964 6190
257 354 407 416 1025

1422 350 1917 414 BREVIARIUM
1959 341 2040 411 lN
2083 353 2465 444 PSALMOS.

3496 361 3649 422 1026

251 485 517 541 Christus
569 500 682 539 non
724 483 985 550 redemit,
1020 481 1119 553 qui
1153 497 1214 536 se
1250 481 1488 537 fratrem
1536 482 1677 537 dixit
1724 500 1888 554 apos-
1920 498 1971 561 Α
2002 483 2266 554 rapinam
2299 485 2615 553 arbitratus
2647 490 2736 541 est
2767 503 2894 542 esse
2926 505 2987 543 se
3017 491 3295 561 aequalem
3329 493 3443 548 Deo
3476 510 3488 548 :
3544 495 3645 549 sed

251 574 524 644 tolorum,
568 578 625 628 et
683 572 1034 644 resurgendo
1082 572 1275 626 factus
1335 577 1422 626 est
1470 571 1893 644 primogenitus

251 663 729 735 resurgentium:
780 679 894 716 non
947 662 1191 716 redimet
1237 661 1444 725 Adam,
1475 661 1615 732 quia
1660 661 1892 732 primus

250 753 422 808 homo
457 756 723 806 mortuus
755 768 868 806 non
910 749 1243 806 resurrexit.
1277 751 1422 804 Nam
1474 751 1649 804 frater
1697 755 1894 804 noster

247 841 516 898 Christus
565 845 653 895 est
703 841 852 895 Deus
899 844 955 894 et
993 840 1192 904 homo,
1223 839 1323 910 qui
1354 856 1460 894 nos
1493 838 1755 894 redemit.
1790 837 1891 893 Vel

249 930 403 1002 quod
439 946 551 984 non
585 929 833 983 redemit
863 929 1071 1000 Myses,
1105 927 1351 983 redemit
1379 927 1666 982 Christus.
1701 949 1728 977 «
1764 927 1889 982 Non

247 1018 409 1074 dabit
441 1019 556 1073 Deo
588 1017 972 1090 placationem
1005 1034 1194 1071 suam.
1223 1038 1250 1066 »
1287 1015 1393 1079 Qui
1425 1033 1542 1071 non
1565 1016 1684 1087 agit
1715 1014 1890 1087 pmni-

248 1109 623 1178 tentiam,per
653 1123 831 1177 quam
855 1105 1120 1177 placatur
1148 1106 1321 1161 Deus.

320 1222 346 1247 ‹‹
383 1203 449 1251 Et
496 1195 746 1267 pretium
792 1194 1208 1266 redemptionis
1251 1194 1458 1250 animae
1509 1211 1648 1249 suae.
1684 1217 1712 1243 »
1765 1195 1889 1249 Non

248 1287 383 1344 fecit
437 1286 860 1356 eleemosynam
916 1301 1018 1355 per
1074 1301 1247 1355 quam
1309 1287 1545 1355 peccata
1601 1283 1886 1338 delentur.

249 1403 276 1428 ‹‹
312 1376 616 1432 Laboravit
647 1375 703 1428 in
737 1379 1038 1429 mternum.
1073 1396 1099 1424 »
1156 1374 1218 1428 In
1253 1372 1562 1428 tormentis
1594 1374 1889 1445 perpetuis

248 1467 494 1540 positus.
549 1488 575 1513 ‹‹
610 1464 679 1517 Et
710 1462 859 1517 vivet
889 1462 947 1516 in
981 1463 1178 1517 finem.
1214 1484 1240 1511 ››
1291 1463 1436 1527 Quia
1466 1479 1579 1516 non
1611 1461 1889 1517 interfici-

244 1561 362 1624 tur,
395 1554 495 1609 sed
529 1569 758 1624 semper
789 1557 1092 1622 reparatur
1125 1552 1196 1606 ad
1243 1568 1496 1622 poenam.

325 1674 346 1702 ι
381 1657 503 1707 Non
534 1648 751 1705 videbit
782 1649 1107 1704 interitum.
1141 1671 1167 1698 »
1219 1648 1346 1703 Non
1386 1647 1662 1720 intelligit
1693 1647 1886 1701 immi-

245 1760 381 1800 nere
431 1741 542 1796 sibi
594 1743 860 1794 mortem.
909 1738 1115 1792 «Cum
1160 1737 1376 1791 videris
1421 1737 1717 1808 sapientes
1758 1751 1887 1790 mo-

227 1837 478 1888 .rientcs.
506 1853 534 1878 »
565 1828 624 1883 Si
651 1826 863 1882 viderit
892 1826 1193 1881 hominem
1226 1826 1550 1897 sapientem
1584 1827 1640 1879 in
1665 1825 1780 1880 Deo
1814 1825 1886 1879 ab
1920 1863 1966 1926 B

239 1922 351 1977 hoc
403 1917 621 1974 mundo
679 1916 951 1987 migrare,
1002 1915 1186 1969 dicit:
1237 1914 1385 1979 Quid
1444 1913 1581 1968 huic
1633 1913 1885 1983 jejunia,

238 2010 383 2082 quid
406 2007 661 2071 castitas,
686 2005 824 2077 quid
856 2003 1233 2075 eleemosyna:
1267 2001 1652 2074 profuerunt?
1682 2002 1887 2057 Nonne

238 2104 298 2155 et
329 2100 453 2171 ipse
484 2100 752 2151 mortuus
781 2093 916 2150 est?
965 2091 1104 2147 Tale
1151 2091 1390 2162 quidam
1430 2096 1486 2146 et
1516 2089 1887 2162 Redemptori

238 2193 440 2244 nostro
487 2185 672 2241 Judaei
723 2182 1092 2245 insultantes,
1144 2180 1460 2236 dicebant:
1514 2180 1787 2251 Numquid
1831 2189 1889 2235 tu

236 2281 420 2344 maior
475 2293 530 2330 es
582 2281 737 2345 patre
784 2278 972 2328 nostro
1022 2271 1296 2324 Abraham
1339 2271 1439 2340 qui
1487 2279 1743 2323 mortuus
1789 2277 1884 2335 est,

238 2376 294 2421 et
337 2364 605 2436 prophetae
651 2363 862 2416 mortui
907 2368 1034 2414 sunt
1085 2360 1260 2426 (Joan.
1293 2376 1415 2425 vm,
1447 2358 1585 2428 52)?
1635 2381 1662 2407 «
1697 2358 1885 2412 Simul

240 2453 529 2524 insipiens
559 2455 616 2506 et
645 2449 862 2506 stultus
893 2448 1186 2519 peribunt,
1220 2451 1276 2502 et
1306 2446 1636 2517 relinquent
1678 2445 1886 2501 alienis

238 2540 476 2596 divitias
537 2556 695 2594 suas.
731 2561 752 2589 ι
817 2536 1102 2607 [nsipiens
1161 2539 1270 2603 est,
1303 2534 1403 2606 qui
1459 2534 1560 2589 Dei
1619 2534 1885 2590 notitiam

235 2630 455 2685 habere
485 2626 805 2683 contemnit
837 2641 848 2678 :
900 2625 971 2679 de
1016 2641 1130 2695 quo
1162 2622 1475 2694 Apostolus
1522 2623 1602 2677 ait
1634 2639 1647 2677 :
1700 2623 1885 2678 Omnis

231 2722 498 2790 ignorans
549 2717 898 2786 ignorabitur
941 2716 987 2783 (ι
1019 2715 1139 2769 Cor.
1171 2731 1284 2782 xw,
1317 2714 1428 2783 38).
1485 2711 1711 2767 Stultus
1751 2729 1882 2767 vero

231 2811 326 2862 est
373 2807 472 2878 qui
520 2806 579 2859 in
629 2803 845 2859 divitiis
894 2808 952 2858 et
994 2819 1110 2858 non
1155 2803 1215 2857 in
1265 2806 1446 2856 Deum
1491 2806 1706 2872 sperat.
1749 2802 1882 2856 Per-

227 2897 385 2951 dunt
422 2911 557 2966 ergo
599 2895 770 2949 ambo
803 2892 1054 2957 divitias,
1087 2891 1226 2963 quia
1255 2892 1336 2946 ibi
1370 2894 1745 2963 congregant,
1781 2889 1880 2945 ubi

229 2985 395 3040 fures
427 2983 710 3038 effodiunt
738 2986 794 3036 et
824 2982 1098 3036 furantur
1128 2981 1344 3050 (Matth.
1373 2997 1452 3045 vx,
1487 2981 1594 3049 19).

313 3104 340 3131 ‹‹
371 3079 646 3151 Sepulcra
675 3095 878 3134 eorum
911 3079 1124 3132 domus
1175 3076 1411 3132 illorum
1465 3077 1525 3130 in
1575 3080 1874 3131 aeternum.

225 3168 636 3226 Tabernacula
659 3183 860 3222 eorum
893 3166 949 3219 in
979 3166 1252 3238 progenie
1283 3170 1340 3220 et
1369 3165 1660 3236 progenie.
1693 3187 1720 3213 »
1754 3165 1880 3219 Haec

2005 573 2386 644 semetipsum
2427 573 2762 641 exinanivit,
2797 577 3044 632 formam
3095 581 3425 652 suscipiens
3474 583 3644 638 servi.

2002 664 2281 732 Suscepta
2301 661 2473 717 etiam
2499 668 2706 728 morte,
2732 665 3113 720 resuscitatus
3138 673 3381 738 paterna
3409 671 3644 737 virtute,

2003 749 2299 805 hominem
2329 750 2428 821 qui
2461 757 2758 807 corruerat
2800 754 3110 823 reparavit.

2075 861 2102 886 «
2138 838 2217 893 Ne
2249 837 2516 893 timueris
2547 856 2681 894 cum
2711 840 2874 896 dives
2914 842 3101 898 factus
3144 843 3318 900 fuerit
3363 847 3557 917 homo,
3591 854 3647 903 et

2002 942 2136 980 cum
2171 925 2558 998 multiplicata
2589 928 2762 982 fuerit
2790 929 2977 1000 gloria
3007 931 3220 986 domus
3268 933 3414 1002 ejus,
3447 954 3473 984 η
3535 941 3642 990 etc.

2004 1015 2170 1070 Dives
2201 1015 2440 1070 effectus
2472 1022 2561 1070 est
2587 1017 2616 1072 J
2627 1017 2772 1073 udas
2819 1019 3080 1090 proditor
3129 1022 3430 1078 vendendo
3462 1022 3643 1095 Magi-

2001 1108 2188 1158 strum
2223 1121 2236 1156 :
2289 1105 2388 1159 sed
2423 1104 2568 1158 nihil
2601 1105 2770 1176 pretii
2801 1108 2956 1176 quod
2988 1115 3415 1180 assumpserat,
3443 1127 3643 1166 secum

2001 1210 2134 1248 cum
2182 1193 2432 1249 moritur
2474 1195 2814 1266 deportavit.
2849 1195 2942 1251 Sic
2973 1213 3109 1268 ergo
3139 1215 3292 1254 nunc
3326 1202 3641 1268 unusquis-

2001 1299 2132 1354 que,
2155 1299 2432 1354 oppresso
2464 1300 2738 1354 paupere,
2763 1285 2920 1340 dives
2944 1286 3197 1341 efficitur
3215 1293 3272 1342 et
3293 1288 3645 1362 multiplica-

1999 1377 2113 1426 tur.
2162 1370 2288 1426 Noli
2344 1371 2590 1438 timere;
2644 1373 2756 1428 cito
2810 1375 3088 1444 praeterit,
3139 1381 3196 1430 et
3243 1377 3388 1431 nihil
3442 1395 3640 1434 secum

2000 1461 2069 1515 de
2098 1459 2191 1514 his
2226 1477 2352 1532 qua:
2384 1466 2674 1531 rapuerat,
2709 1460 2860 1516 tollit
2891 1479 2904 1516 :
2952 1463 3194 1518 Domino
3225 1463 3281 1518 in
3314 1466 3643 1538 Evangeliis

1999 1550 2085 1604 sic
2115 1549 2343 1604 dicente
2375 1565 2387 1601 :
2441 1548 2634 1615 Stulte,
2667 1551 2770 1606 hac
2807 1554 2958 1605 nocte
2991 1554 3233 1607 ani-mam
3285 1558 3440 1609 tuam
3485 1572 3646 1627 repe—

1999 1647 2111 1693 (ent
2165 1656 2199 1692 a
2246 1642 2344 1692 te:
2391 1653 2518 1709 qum
2568 1648 2755 1694 autem
2799 1642 3012 1710 parasti
3067 1643 3222 1712 cujus
3277 1653 3441 1698 erunt
3489 1646 3640 1715 (Luc.

1998 1742 2101 1794 xu,
2132 1728 2223 1794 20)
2243 1727 2271 1780 ?

2071 1839 2098 1865 ‹‹
2133 1815 2280 1879 Quia
2308 1815 2506 1872 anima
2534 1817 2661 1887 ejus
2693 1817 2751 1872 in
2792 1817 2907 1872 vita
2947 1818 3133 1890 ipsius
3183 1819 3576 1877 benedicetur.
3613 1846 3634 1873 ι

1998 1905 2378 1960 Benedicetur
2397 1923 2430 1960 a
2460 1905 2655 1960 stultis
2678 1911 2913 1977 propter
2938 1907 3255 1978 potentiam
3283 1927 3296 1965 :
3329 1910 3430 1966 sed
3452 1911 3640 1970 victus

1997 1993 2297 2049 affluentia
2327 2011 2392 2049 ac
2422 1999 2617 2066 potus,
2641 1995 2943 2066 proferunt
2969 2012 3085 2052 non
3117 1997 3186 2051 de
3217 1997 3364 2054 bene
3391 2000 3637 2074 vivente,

1999 2083 2098 2139 sed
2149 2084 2218 2138 de
2264 2084 2408 2139 bene
2461 2089 2734 2156 pascente
2785 2085 3156 2140 sententiam.
3187 2086 3299 2142 Sed
3354 2105 3470 2145 non
3518 2090 3641 2146 haec

1998 2177 2275 2228 excusant
2319 2190 2352 2227 a
2390 2190 2579 2245 poena.
2632 2195 2660 2223 «
2695 2172 3077 2230 Conﬁtebitur
3105 2175 3207 2229 tibi
3241 2193 3376 2232 cum
3408 2178 3642 2236 benefe-

1998 2262 2144 2317 ceris
2175 2261 2246 2316 ei.
2279 2284 2306 2310 »
2359 2263 2524 2318 Tunc
2553 2262 2770 2335 gratias
2802 2263 2940 2335 agit,
2973 2265 3208 2335 quando
3239 2265 3460 2339 aliquid
3496 2269 3641 2326 lucri

1997 2351 2307 2423 conquirit.

2073 2465 2091 2488 α
2130 2443 2196 2495 Et
2241 2441 2506 2497 introibit
2539 2457 2722 2512 usque
2753 2443 2824 2498 ad
2858 2444 3165 2516 progenies
3207 2449 3442 2516 patrum
3495 2464 3637 2504 suo-

1996 2546 2125 2584 rum
2161 2547 2172 2584 :
2227 2529 2286 2584 in
2319 2534 2600 2585 aeternum
2632 2547 2746 2587 non
2776 2531 2993 2587 videbit
3021 2532 3240 2588 lumen.
3278 2557 3305 2584 »
3363 2535 3548 2608 Magis
3579 2537 3637 2593 in

1994 2619 2211 2673 divitiis
2239 2637 2415 2690 quam
2447 2620 2506 2673 in
2538 2620 2654 2674 Deo
2682 2621 2951 2692 speravit,
2978 2621 3128 2677 sicut
3159 2628 3426 2694 parentes
3455 2627 3586 2696 ejus
3621 2643 3637 2683 :

1993 2707 2238 2779 ideoque
2285 2709 2356 2763 de
2403 2725 2469 2763 eo
2528 2709 2786 2764 dicitur:
2839 2712 3036 2781 Ejicite
3093 2729 3217 2766 eum
3274 2715 3331 2766 in
3389 2716 3637 2771 tenebras

1991 2799 2290 2851 exteriores
2307 2814 2326 2856 .·
2376 2798 2456 2851 ibi
2499 2801 2604 2852 erit
2647 2800 2801 2867 ﬂetus
2843 2808 2891 2853 et
2919 2799 3119 2854 stridor
3148 2801 3395 2856 dentium
3425 2803 3634 2873 (Matth.

1991 2902 2130 2951 XXII,
2173 2887 2279 2951 13).

2062 2996 2090 3022 ‹‹
2124 2973 2306 3028 Homo
2365 2991 2500 3028 cum
2551 2975 2610 3028 in
2660 2974 2878 3030 honore
2931 2981 3104 3046 esset,
3140 2994 3252 3032 non
3305 2978 3630 3036 intellexit:

1991 3065 2364 3132 comparatus
2414 3067 2502 3116 est
2540 3063 2830 3132 jumentis
2862 3063 3295 3134 insipientibus,
3331 3072 3388 3122 et
3419 3068 3633 3124 similis

1991 3150 2178 3204 factus
2209 3155 2298 3204 est
2327 3149 2465 3205 illis.
2501 3172 2529 3199 »
2582 3151 2706 3207 Non
2737 3152 3004 3223 cognovit
3035 3154 3174 3225 quia
3205 3155 3323 3210 ὴωο
3353 3157 3549 3211 omnia
3581 3158 3632 3212 ei

226 3258 353 3313 illis
379 3258 487 3313 erit
517 3262 795 3329 perpetua
825 3233 1115 3309 habitatio
1144 3272 1156 3310 :
1208 3255 1347 3325 quia
1369 3233 1513 3308 mon
1555 3258 1879 3325 resurgent,
1913 3233 1954 3297 C
1993 3255 2026 3329 β
2055 3239 2169 3293 Πθο
2201 3240 2433 3329 (uellant
2475 3240 2759 3329 attributa
2791 3257 2804 3295 ε
2856 3240 3071 3296 ideirco
3123 3243 3460 3315 insipientia
3505 3247 3633 3318 ejus

229 3353 306 3402 ut
358 3348 612 3402 habeant
669 3349 942 3398 aeternam
1000 3344 1202 3414 vitam,
1253 3344 1353 3398 sed
1414 3347 1477 3397 ut
1531 3344 1882 3398 damnentur

227 3455 298 3492 1n
342 3453 532 3508 poena.

1982 3326 2269 3398 jumentis
2316 3327 2760 3383 insensibilibus
2799 3336 3189 3402 comparatur.
3223 3333 3338 3388 Nos
3368 3351 3501 3389 vero
3531 3336 3632 3391 de-

1989 3433 2296 3488 precemur
2323 3418 2657 3484 Dominum,
2691 3423 2755 3472 ut
2797 3419 2922 3490 ipse
2973 3420 3141 3474 nobis
3195 3421 3414 3477 tribuat
3461 3423 3631 3479 intel-

314 3505 734 3580 «_Vocaverunt
764 3521 1004 3578 nomina
1033 3538 1158 3586 sua,
1188 3521 1246 3575 in
1279 3521 1448 3576 terris
1480 3521 1624 3576 suis.
1660 3543 1680 3568 ι»
1718 3521 1879 3592 Saepe

2013 3509 2224 3572 ectum,
2259 3512 2315 3560 et
2361 3507 2502 3560 dum
2547 3524 2614 3562 ea
2651 3523 2778 3578 quae
2810 3508 3096 3574 videntur,
3132 3510 3500 3581 abjiciamus,
3534 3513 3633 3569 illa

219 3614 385 3670 enim
410 3612 619 3684 pagani
643 3627 820 3683 super
837 3611 1244 3666 defunctorum
1263 3609 1567 3681 epulantes
1586 3608 1875 3681 sepulcra,

216 3709 403 3774 atque
435 3703 491 3756 in
525 3701 762 3756 nomine
796 3716 996 3755 eorum
1031 3699 1130 3771 qui
1163 3699 1377 3754 mortui
1418 3703 1556 3754 sunt
1587 3698 1873 3768 bibentes,

215 3793 424 3848 inania
454 3807 588 3846 cum
621 3791 876 3861 quodam
910 3788 1308 3844 modulamine
1340 3792 1578 3844 cantant
1611 3805 1624 3844 :
1659 3788 1757 3843 sed
1794 3788 1875 3842 ni-

216 3881 310 3938 hil
341 3882 578 3953 prodest
610 3880 668 3933 in
702 3878 931 3933 inferno
963 3877 1277 3933 damnatis.

302 3992 329 4020 ‹‹
361 3970 544 4024 Homo
576 3985 710 4024 cum
753 3968 811 4022 in
856 3967 1075 4022 honore
1129 3970 1303 4033 esset,
1337 3982 1452 4020 non
1507 3964 1809 4022 intellexit.
1847 3989 1867 4016 υ

217 4061 367 4115 Esse
397 4075 458 4114 se
490 4058 562 4112 ad
595 4057 912 4128 imaginem
935 4055 1036 4110 Dei
1068 4055 1404 4110 formatum.
1439 4077 1467 4104 «
1492 4053 1873 4125 Comparatus

221 4153 319 4204 est
359 4147 649 4218 jumentis
703 4145 1138 4216 insipientibus,
1181 4149 1238 4199 et
1286 4142 1496 4199 similis
1551 4144 1739 4198 factus
1788 4147 1877 4198 est

219 4237 364 4292 illis.
401 4260 428 4286 »
483 4235 750 4308 Deposita
789 4236 974 4290 forma
1003 4233 1244 4299 cmlesti,
1279 4234 1465 4288 factus
1497 4237 1585 4288 est
1613 4232 1672 4287 in
1704 4232 1874 4288 simi-

224 4325 540 4380 litudinem
573 4322 978 4394 insipientium
1016 4323 1444 4392 jumentorum.

303 4436 330 4462 ‹‹
362 4418 493 4469 Haec
543 4415 636 4468 via
679 4411 914 4468 illorum
961 4411 1305 4466 scandalum
1345 4411 1511 4482 ipsis.
1547 4434 1574 4459 ››
1631 4411 1775 4474 Quia
1805 4411 1875 4464 de

217 4503 442 4573 judicio
475 4503 546 4557 ad
581 4518 811 4574 poenam
841 4517 940 4556 eos
969 4499 1206 4556 deducit
1239 4518 1251 4556 :
1298 4521 1326 4550 ‹‹
1357 4501 1422 4554 Et
1453 4503 1654 4571 postea
1683 4500 1741 4554 in
1775 4515 1872 4555 ore

1987 3610 2114 3665 qua
2146 3612 2260 3650 non
2290 3595 2576 3662 videntur,
2610 3596 2853 3667 adipisci
2886 3614 3236 3655 mereamur.

2533 3684 2855 3754 PSALMUS
2894 3686 3080 3742 XLIX.

1989 3773 2237 3850 Psglmus
2285 3775 2480 3850 Asaph.
2534 3774 2728 3850 Asaph
2784 3774 3218 3850 interpretatur,
3263 3783 3626 3850 congregatio.

2057 3845 2322 3920 Psalmus
2376 3845 2656 3900 discernit
2695 3846 2892 3914 justos
2935 3845 3007 3902 ab
3052 3848 3270 3920 impiis,
3304 3845 3568 3907 caelestes
3598 3869 3631 3905 a

2055 3917 2322 3982 terrenis,
2358 3921 2590 3988 sanctos
2641 3934 2674 3971 a
2719 3920 3124 3988 peccatoribus

2057 4004 2170 4058 quo
2206 4004 2319 4042 non
2353 3987 2638 4059 propheta
2667 3987 2734 4043 se
2760 3988 3042 4058 locutum,
3073 4007 3134 4046 se

2057 4076 2197 4113 num
2237 4059 2602 4130 pronuntiat,
2653 4059 2898 4114 dicens:

2058 4170 2086 4197 ‹‹
2120 4152 2270 4202 Deus
2300 4151 2545 4203 deorum
2578 4148 2859 4203 Dominus
2889 4147 3119 4203 locutus
3160 4153 3268 4204 est.
3306 4172 3334 4198 »
3384 4151 3537 4205 Deus
3569 4151 3626 4206 in

3199 3927 3529 3977 rotestatur.
3565 3925 3628 3976 In

3207 3992 3403 4062 ipsum
3434 3993 3628 4048 Domi-

1985 4235 2288 4306 Trinitate,
2340 4241 2527 4304 Pater,
2583 4241 2640 4290 et
2695 4235 2896 4302 Filius,
2952 4241 3008 4292 et
3063 4237 3314 4308 Spiritus
3366 4246 3627 4306 sanctus,

1985 4341 2139 4380 unus
2197 4325 2388 4392 Deus;
2449 4348 2477 4374 ‹‹
2525 4325 2765 4378 deorum
2823 4324 2996 4393 Deus,

3045 4348 3072 4374 ››
3131 4327 3273 4398 quia
3329 4329 3630 4384 credentes

1985 4413 2124 4468 deos
2171 4411 2353 4466 voluit
2401 4411 2746 4483 nuncupari.
2793 4413 2950 4467 Dedit
2996 4417 3146 4469 enim
3196 4417 3274 4470 eis
3321 4422 3630 4486 potestatem

1987 4500 2133 4569 ﬁlios
2164 4501 2260 4554 Dei
2283 4502 2406 4570 ﬁeri
2428 4519 2445 4554 :
2477 4500 2562 4554 his
2587 4502 2683 4572 qui
2705 4501 2940 4556 credunt
2961 4505 3022 4556 in
3047 4505 3268 4559 nomine
3298 4507 3411 4577 ejus
3442 4506 3628 4576 (Joan.

227 4609 337 4648 suo
387 4591 848 4663 complacebunt.
884 4614 905 4642 ι
960 4589 1071 4644 Sed
1121 4586 1267 4644 nihil
1319 4588 1546 4659 prolicit
1589 4587 1875 4644 confessio
1906 4600 1952 4665 Ι)
1989 4607 2025 4659 1,
2061 4590 2171 4658 12).
2208 4589 2486 4645 Dominus
2520 4594 2713 4644 autem
2746 4595 2834 4645 eat
2865 4607 2877 4644 :
2935 4608 3000 4647 eo
3044 4593 3200 4663 quod
3233 4593 3494 4648 omnium
3529 4595 3658 4650 do-'

231 4681 289 4736 in
323 4682 570 4736 inferno.

303 4793 331 4821 ‹‹
365 4771 524 4826 Sicut
566 4786 697 4824 oves
748 4769 803 4822 in
857 4767 1080 4823 inferno
1131 4766 1305 4838 positi
1353 4770 1525 4834 sunt;
1579 4783 1737 4822 mors
1776 4767 1876 4821 de-

235 4866 432 4932 pascet
483 4875 601 4914 eos.
637 4879 664 4906 ››
715 4857 918 4912 Merito
976 4874 1009 4909 a
1066 4859 1252 4910 morte
1309 4855 1726 4926 depascuntur,
1778 4855 1875 4927 qui

231 4949 528 5005 Christum
563 4947 877 5002 noluerunt
908 4945 1120 4999 habere
1150 4948 1465 5015 pastorem.

311 5062 330 5086 ι
368 5039 437 5092 Et
457 5036 920 5092 dominabuntur
940 5049 1139 5088 eorum
1160 5031 1309 5102 justi
1332 5031 1390 5086 in
1418 5032 1730 5087 matutino.
1759 5055 1785 5080 ››
1815 5033 1876 5086 In

235 5125 676 5183 resurrectione.
734 5148 760 5173 ‹‹
794 5124 863 5178 Et
901 5121 1182 5178 auxilium
1232 5137 1433 5176 corum
1466 5126 1786 5176 veterascet
1817 5120 1876 5174 in

237 5217 483 5271 inferno.
506 5239 526 5267 ι
557 5214 895 5269 Habuerunt
917 5210 1281 5281 divitias,sed
1305 5227 1438 5264 cum
1462 5210 1879 5266 descenderent

237 5305 294 5359 in
341 5305 658 5368 infernum,
709 5304 1084 5358 evanuerunt.
1138 5322 1164 5349 ‹‹
1199 5306 1245 5352 Α
1277 5297 1462 5371 gloria
1491 5315 1620 5354 sua.
1657 5321 1683 5347 ››
1733 5298 1878 5362 Quia

239 5411 350 5448 non
401 5391 757 5463 quaesierunt
807 5390 1051 5461 gloriam
1101 5387 1335 5458 Christi,
1368 5389 1470 5459 qui
1522 5404 1674 5442 nunc
1716 5388 1784 5442 de
1816 5404 1877 5442 se

239 5481 514 5554 loquitur.

309 5595 333 5619 ι(
370 5575 784 5626 Verumtamen
823 5569 970 5622 Deus
1002 5567 1249 5622 redimet
1293 5567 1549 5622 animam
1584 5582 1770 5620 meam
1805 5566 1876 5620 de

239 5676 416 5716 manu
445 5658 616 5714 inferi
645 5673 779 5713 cum
811 5655 1096 5726 acceperit
1134 5671 1246 5712 me.
1285 5677 1313 5706 ››
1365 5657 1548 5712 Homo
1578 5659 1728 5712 Deus
1759 5671 1874 5712 non

1987 4678 2340 4733 minantium
2395 4678 2749 4734 dominetur.
2785 4680 2853 4734 Et
2884 4681 3087 4752 utique
3118 4681 3243 4753 ipse
3273 4683 3372 4752 qui
3406 4683 3629 4738 dudum

1987 4767 2046 4820 in
2097 4767 2442 4839 patriarchis
2493 4768 2841 4839 loquebatur
2897 4773 3070 4840 atque
3128 4769 3450 4841 prophetis,
3505 4771 3630 4842 ipse

1990 4873 2143 4910 nunc
2204 4855 2480 4927 loquitur.
2533 4857 2601 4910 Et
2651 4855 2813 4928 quid,
2867 4856 3082 4928 inquis,
3134 4857 3443 4929 loquitur?
3501 4883 3529 4910 «
3565 4860 3632 4914 Et

1988 4945 2211 5000 vocavit
2243 4950 2478 5000 terram.
2514 4969 2541 4993 ››
2592 4945 2714 5001 Non
2747 4950 2970 5016 partem
3004 4946 3263 5019 aliquam
3291 4965 3304 5016 ;
3360 4949 3460 5003 sed
3493 4949 3630 5004 audi

1989 5033 2129 5104 quid
2163 5033 2375 5103 adjecit
2408 5051 2419 5086 :

2059 5145 2086 5171 «
2123 5124 2166 5176 A
2197 5121 2337 5177 solis
2370 5127 2499 5176 ortu
2535 5138 2719 5193 usque
2763 5122 2834 5176 ad
2885 5139 3176 5180 occasum.
3216 5148 3236 5173 ο
3293 5125 3446 5182 Nihil
3496 5126 3628 5182 reli-

1989 5209 2135 5280 quit,
2162 5211 2314 5282 quod
2346 5228 2460 5266 non
2490 5228 2598 5266 sua
2622 5210 2920 5266 vocatione
2952 5213 3164 5268 faceret
3191 5214 3455 5286 dignum.
3491 5239 3518 5265 «
3553 5216 3632 5270 Ex

1987 5298 2124 5353 Sion
2158 5299 2380 5370 species
2410 5299 2634 5354 decoris
2674 5300 2818 5369 ejus.
2855 5322 2882 5348 ››
2937 5301 3072 5364 Qua:
3124 5307 3213 5356 est
3262 5304 3407 5358 ﬁdes
3455 5309 3630 5376 atque

1987 5387 2305 5442 credulitas
2355 5405 2478 5459 qua:
2523 5405 2591 5441 ex
2633 5388 2768 5442 Sion
2804 5388 3026 5460 incipit.
3061 5389 3223 5445 Unde
3259 5393 3538 5448 Dominus
3568 5394 3627 5448 in

1986 5475 2358 5548 Evangeliis:
2412 5477 2696 5546 Oportebat
2745 5480 2891 5532 enim
2940 5479 3052 5534 ha’c
3083 5481 3359 5536 Christum
3404 5481 3532 5554 pali
3579 5487 3628 5537 et

1986 5581 2266 5636 resurgere
2295 5583 2327 5618 a
2356 5568 2590 5619 mortuis
2611 5567 2772 5620 tertia
2799 5565 2904 5636 die,
2930 5572 2982 5622 et
3003 5569 3304 5638 praedicari
3325 5572 3385 5625 in
3406 5572 3628 5625 nomine

1985 5655 2099 5724 ejus
2124 5655 2508 5724 paenitentiam
2536 5655 2585 5708 et
2616 5656 2997 5712 remissionem
3041 5662 3385 5727 peccaturum
3415 5660 3475 5712 in
3505 5673 3622 5713 om-
