3964 6190
475 301 626 358 1027

469 520 596 574 Sion
629 520 778 589 (Luc.
812 535 963 583 xxxv,
999 519 1086 581 46,
1121 517 1232 586 47).

541 609 754 662 «Deus
800 606 1105 661 manifeste
1148 605 1362 660 veniet.
1399 627 1426 653 ››
1477 605 1601 659 Non
1651 604 1931 658 occultus.
1984 603 2108 674 Ve],

473 721 494 749 α
531 698 684 752 Deus
716 696 1024 750 manifeste
1053 695 1264 759 veniet,
1303 716 1329 741 »
1380 692 1488 747 hoc
1519 698 1630 759 est,
1662 693 1719 747 in
1752 693 1846 748 die
1877 693 2107 763 judicii,

467 786 605 858 quia
635 784 828 839 omnis
860 783 1031 837 homo
1065 799 1198 836 cum
1242 781 1458 836 videbit
1490 797 1502 835 :
1559 786 1622 834 ut
1672 781 1729 834 in
1763 780 2109 851 Apocalypsi

467 875 592 929 ait:
643 876 706 927 Et
761 871 965 927 videbit
1025 889 1151 926 eum
1209 872 1390 925 omnis
1446 871 1633 924 oculus
1691 871 1878 938 (Apoc.
1933 888 1980 940 1,
2029 871 2105 940 ’7).

470 985 497 1013 ‹‹
526 963 679 1017 Deus
727 967 924 1016 noster
969 965 1024 1015 et
1072 977 1187 1015 non
1232 959 1445 1014 silebit.
1483 981 1509 1007 ››
1565 959 1710 1021 Quia
1740 961 1810 1013 ad
1839 959 2107 1029 judican-

466 1054 607 1106 dum
639 1052 829 1106 veniet
860 1067 872 1104 :
916 1051 1084 1119 juxta
1124 1047 1268 1102 illud
1305 1067 1317 1103 :
1372 1049 1551 1115 Tacui,
1586 1049 1856 1119 numquid
1899 1065 2110 1118 semper

464 1143 647 1198 tacebo
677 1143 802 1212 (Isa.
835 1157 970 1205 xm,
1006 1140 1112 1209 14).
1156 1139 1325 1192 Modo
1373 1142 1546 1202 tacet,
1577 1142 1771 1192 tamen
1819 1143 1874 1192 et
1922 1138 1970 1191 si
2020 1142 2104 1192 ta-

468 1237 556 1286 cet
578 1230 821 1301 judicio,
857 1245 970 1282 non
1001 1231 1152 1282 tacet
1181 1227 1480 1280 mandato.
1516 1231 1574 1278 In
1621 1226 1806 1296 primo
1856 1227 2107 1280 adventu

469 1321 667 1390 tacuit,
703 1319 839 1390 quia
868 1315 1112 1371 humilis
1143 1315 1435 1386 apparuit.

540 1407 757 1480 «Ignis
802 1408 858 1460 in
911 1409 1221 1476 conspectu
1271 1405 1399 1473 ejus
1448 1403 1692 1458 ardebit.
1729 1425 1756 1450 »
1805 1403 2106 1474 Duplieem

468 1499 560 1552 hic
608 1497 761 1570 ignis
813 1494 1159 1566 intelligitur
1208 1493 1420 1547 habere
1471 1493 1766 1546 virtutem.
1807 1491 2108 1547 llluminat

465 1587 643 1656 enim,
676 1591 732 1640 et
775 1584 981 1640 exurit.
1018 1583 1322 1637 Gaudeant
1365 1580 1534 1651 justi,
1578 1581 1717 1651 quia
1762 1579 2106 1638 illuminan-

464 1681 560 1730 tur
588 1692 656 1728 ex
685 1691 772 1728 eo.
803 1673 1073 1726 Timeant
1120 1675 1469 1740 peccatores,
1516 1669 1615 1740 qui
1661 1669 1937 1724 exurendi
1969 1675 2108 1724 sunt

463 1765 535 1819 ab
584 1780 670 1818 co.
722 1785 749 1811 «
785 1762 852 1815 Et
898 1761 958 1814 in
1004 1759 1244 1813 circuitu
1299 1759 1426 1828 ejus
1476 1762 1794 1829 tempestas
1831 1757 2040 1813 valida.
2077 1782 2103 1807 ››
2135 1797 2184 1860 Β

461 1854 595 1916 Quae
643 1849 897 1922 ﬂagellat
945 1853 1001 1904 et
1047 1847 1282 1919 corrigit
1327 1851 1679 1918 peccatores,
1720 1847 2102 1919 triticumque

461 1940 710 1997 secernit
759 1957 792 1994 a
840 1937 1043 2011 paleis.
1075 1937 1145 1991 Et
1177 1953 1324 2008 quos
1354 1935 1507 2009 ignis
1546 1937 1752 2003 exurit,
1787 1940 2104 2008 tempestas

460 2030 722 2085 involvit.
776 2031 844 2084 Et
889 2028 950 2082 in
1005 2026 1120 2082 alio
1169 2026 1294 2081 loco
1351 2026 1491 2080 dicit
1533 2043 1544 2080 :
1594 2027 1859 2096 Purgabit
1911 2043 2106 2081 aream

459 2137 638 2188 suam,
672 2127 722 2174 et
773 2117 1120 2188 con—gregabit
1168 2117 1417 2171 triticum
1463 2117 1523 2170 in
1570 2115 1871 2170 horreum:
1915 2117 2105 2186 paleas

457 2219 645 2264 autem
673 2208 947 2263 comburat
979 2208 1098 2274 igni
1130 2206 1576 2273 inexstinguibili
1618 2206 1768 2275 (Luc.
1802 2223 1888 2271 Ill,
1921 2207 2030 2276 17).

531 2321 558 2347 ‹‹
593 2298 660 2351 Et
704 2296 929 2351 vocavit
972 2294 1177 2349 cmlum
1212 2295 1543 2349 desursum.
1581 2317 1607 2342 ››
1656 2293 1968 2364 Apostolos
2014 2293 2102 2349 vel

459 2386 714 2456 reliquos
763 2389 1015 2453 sanctos,
1051 2383 1151 2452 qui
1195 2383 1482 2452 despectis
1512 2383 1781 2450 terrenis,
1815 2399 1941 2453 quas
1973 2400 2101 2437 sur-

459 2489 592 2528 sum
620 2478 757 2527 sunt
778 2471 1034 2542 sapiunt.
1069 2494 1095 2518 «
1122 2471 1190 2525 Et
1220 2475 1433 2525 terram
1462 2469 1788 2524 discernere
1820 2469 2101 2541 populum

460 2578 658 2617 suum.
693 2583 720 2609 ››
769 2559 1056 2614 Discernit
1104 2564 1298 2614 autem
1330 2564 1386 2613 et
1411 2564 1694 2622 terrenos,
1729 2565 1792 2613 ut
1821 2577 1955 2613 cum
1988 2577 2100 2614 coe-

456 2651 632 2704 lestes
655 2653 955 2721 ponuntur
975 2647 1045 2702 ad
1069 2648 1386 2716 dexteram,
1403 2647 1464 2702 hi
1495 2647 1565 2701 ad
1599 2647 1896 2702 sinistram
1924 2647 2099 2702 collo-

457 2745 680 2795 centur.
721 2737 826 2792 Vel
876 2737 1165 2792 discernet
1213 2735 1493 2808 populum
1543 2753 1739 2801 suum,
1795 2736 1850 2788 in
1905 2736 2098 2790 futuro

446 2827 669 2900 judicio
728 2827 961 2897 quando
1021 2825 1286 2880 dicturus
1333 2825 1442 2879 erit
1483 2842 1496 2878 :
1549 2827 1641 2894 Ite,
1691 2824 1986 2890 maledicti,
2037 2827 2100 2880 in

453 2919 635 2988 ignem
676 2924 950 2972 aeternum
1004 2914 1216 2984 (Matth.
1249 2930 1379 2978 xxv,
1412 2913 1519 2984 41).
1577 2913 1646 2967 Et
1693 2914 1765 2967 ad
1815 2918 2092 2968 sanctos:

454 3007 537 3060 Ite
566 3004 626 3060 in
656 3005 839 3061 vitam
871 3008 1144 3058 aeternam
1178 3003 1336 3074 (Ibid.
1379 3003 1491 3073 34).

528 3115 556 3144 ‹‹
588 3094 944 3165 Congregate
975 3090 1057 3146 illi
1089 3097 1320 3146 sanctos
1351 3091 1498 3160 ejus.
1535 3113 1562 3140 κ)
1613 3091 1656 3146 Ο
1688 3107 1865 3162 quam
1915 3093 2094 3146 mira-

452 3182 646 3238 biliter
675 3181 797 3236 haec
829 3179 1136 3252 Evangelia
1169 3186 1368 3234 sancto
1398 3179 1775 3234 conveniunt!
1811 3180 2094 3235 Dominus
2125 3170 2166 3236 C

453 3273 608 3327 enim
643 3276 772 3342 post
801 3270 1298 3342 dispensationem
1329 3269 1487 3339 finis,
1521 3269 1684 3324 audit
1713 3269 1852 3341 quid
1902 3269 2043 3324 dicit
2076 3287 2088 3324 :

449 3363 615 3418 Mittet
644 3363 815 3416 Filius
857 3361 1093 3415 hominis
1140 3360 1359 3429 angelos
1406 3374 1530 3414 suos
1569 3375 1693 3413 cum
1724 3360 1860 3413 tuba.
1899 3363 1949 3413 et
1975 3361 2090 3413 vir-

450 3457 565 3506 tute
611 3468 832 3520 magna,
865 3453 917 3502 et
945 3449 1344 3518 congregabunt
1374 3449 1573 3503 electos
1613 3450 1731 3509 eius
1778 3465 1812 3502 a
1861 3451 2094 3520 quatuor

449 3541 642 3606 ventis,
675 3556 709 3592 a
753 3554 963 3592 summo
1011 3538 1272 3592 calorum
1317 3537 1524 3607 (Matth.
1558 3555 1708 3605 XXIX,
1743 3538 1852 3609 31).
1900 3541 1968 3592 Et
1996 3536 2091 3592 hic

449 3627 622 3681 dicit:
648 3649 674 3675 «
697 3627 1052 3698 Congregate
1075 3625 1160 3678 illi
1183 3642 1385 3680 omnes
1406 3631 1640 3681 sanctos
1661 3627 1808 3696 ejus.
1833 3649 1859 3674 »
1880 3619 2091 3681 Intelli-

447 3716 564 3788 gite
611 3732 747 3787 ergo
799 3730 900 3784 per
945 3714 1084 3782 haec,
1127 3731 1309 3769 unum
1341 3714 1564 3770 Veteris
1594 3715 1852 3786 Novique
1884 3717 2088 3771 Testa-

449 3804 626 3860 menti
660 3820 788 3859 esse
815 3802 1248 3874 dispositorem.
1287 3826 1308 3851 ι
1334 3804 1440 3866 Qui
1472 3803 1745 3858 ordinant
1775 3808 2088 3859 testamen-

445 3898 571 3949 tum
601 3895 729 3964 ejus
761 3908 940 3964 super
968 3891 1275 3947 sacrificia.
1313 3914 1340 3940 ››
1383 3889 1446 3946 In
1479 3908 1727 3961 quorum
1758 3892 2087 3947 miseratio-

447 3984 619 4038 nibus
650 3982 804 4037 Deus
852 3997 1028 4052 super
1074 3981 1348 4035 omnibus
1396 3980 1698 4034 sacrificiis
1745 3979 2082 4035 delectatur.

441 4072 542 4128 Vel
575 4071 885 4139 ordimant,
920 4069 1238 4142 praedicant
1280 4074 1336 4124 et
1367 4068 1614 4140 implent
1643 4069 2085 4125 Testamentum

440 4166 665 4216 Novum
697 4176 873 4231 super
903 4158 1103 4223 Vetus,
1135 4159 1266 4228 quia
1298 4161 1584 4212 transeunt
1614 4165 1787 4212 vetera
1821 4175 1839 4210 .·
1883 4161 1932 4212 et
1969 4175 2087 4214 ecce

437 4253 586 4318 facta
614 4252 742 4302 sunt
773 4249 960 4302 omnia
987 4263 1129 4302 nova
1165 4248 1235 4317 (II
1269 4246 1388 4301 Cor.
1422 4264 1476 4313 v,
1511 4246 1619 4317 17).

511 4358 540 4386 ‹‹
573 4337 642 4390 Et
673 4335 1106 4390 annuntiabunt
1136 4335 1262 4390 cceli
1303 4335 1594 4405 justitiam
1636 4337 1782 4406 ejus.
1821 4359 1848 4384 »
1904 4337 2082 4392 Evan-

439 4426 678 4498 gelistae,
705 4423 791 4479 vel
825 4423 912 4479 lex
941 4425 1144 4496 Moysi.
1178 4447 1204 4472 ‹‹
1233 4424 1516 4489 Quoniam
1545 4425 1698 4480 Deus
1718 4426 1899 4496 judex
1920 4431 2028 4492 est,
2054 4451 2081 4478 ››

437 4514 542 4581 Qui
571 4529 842 4585 separare
863 4513 1001 4568 facit
1027 4513 1210 4568 bonos
1241 4530 1274 4567 a
1305 4513 1496 4568 malis.
1529 4513 1631 4568 Vel
1665 4514 1813 4581 coeli,
1847 4517 2029 4571 sancti
2065 4533 2077 4572 :
2116 4540 2157 4604 ι)

435 4603 878 4669 Annuntiabnnt,
931 4601 1371 4674 praedicabunt:
1424 4607 1488 4656 ut
1534 4602 1700 4669 illud,
1734 4604 1865 4658 Caeli
1917 4621 2076 4660 enar-

434 4697 561 4748 rant
588 4694 834 4763 gloriam
865 4693 967 4746 Dei
995 4690 1159 4761 (Psal.
1196 4707 1353 4757 xvm,
1376 4692 1453 4762 2).
1489 4713 1517 4740 «
1546 4692 1845 4747 Justitiam
1877 4695 2021 4763 ejus,
2044 4715 2070 4744 π

429 4783 714 4842 mandata
761 4782 909 4852 ejus.
962 4807 987 4829 «ι
1023 4779 1306 4841 Quoniam
1367 4779 1520 4834 Deus
1565 4781 1748 4851 judex
1801 4787 1908 4851 est,
1943 4784 2079 4854 quia

433 4873 556 4943 ipse
577 4876 665 4926 est
682 4871 865 4940 judex
891 4869 1152 4923 vivorum
1181 4872 1237 4923 et
1263 4874 1649 4924 mortuorum.
1671 4875 1734 4924 Et
1765 4871 2079 4927 advocatus

434 4965 630 5016 noster
659 4964 768 5023 est,
801 4964 859 5015 et
880 4959 1064 5029 judex
1095 4964 1202 5023 est,
1237 4963 1293 5012 et
1327 4966 1473 5013 Deus
1505 4964 1701 5014 noster
1729 4964 1834 5015 est.

507 5070 534 5098 ‹‹
563 5048 734 5116 Audi,
768 5047 1022 5119 populus
1054 5063 1223 5102 meus
1259 5063 1271 5102 :
1322 5051 1377 5101 et
1425 5045 1632 5118 loquar
1661 5047 1788 5116 tibi,
1819 5049 2014 5105 Israel.
2048 5073 2076 5101 »

432 5135 552 5191 Vox
600 5137 696 5192 Dei
745 5136 956 5206 Patris,
992 5137 1064 5192 ad
1094 5135 1376 5207 populum
1423 5135 1737 5191 Judaicum
1796 5136 2076 5209 loquitur.

433 5249 460 5274 «
493 5225 666 5290 Audi,
700 5225 955 5296 populus
989 5241 1173 5279 meus.
1211 5247 1240 5274 »
1293 5231 1504 5281 Aurem
1543 5226 1737 5281 cordis
1786 5228 2031 5299 requirit
2062 5245 2075 5285 :

433 5314 586 5369 unde
618 5313 699 5367 ait
746 5313 1074 5384 Propheta:
1128 5313 1365 5368 Audiam
1405 5314 1538 5386 quid
1587 5314 1842 5386 loquatur
1889 5319 1948 5371 in
1995 5334 2080 5374 me

433 5404 688 5458 Dominus
737 5403 873 5456 Deus
928 5404 1096 5473 (Psal.
1153 5420 1370 5470 Lxxxrv,
1420 5404 1496 5473 9).
1549 5404 1616 5457 Et
1668 5403 1804 5460 alibi
1849 5423 1861 5460 :
1913 5407 2074 5473 Audi,

428 5493 596 5551 Israel
626 5509 644 5545 :
694 5491 956 5546 Dominus
1005 5492 1143 5546 Deus
1190 5496 1333 5562 tuus,
1389 5493 1527 5546 Deus
1580 5509 1724 5547 unus
1768 5500 1848 5548 est
1897 5495 2072 5564 (Deut.

429 5609 505 5659 νι,
539 5582 616 5653 li).
668 5580 770 5636 Vel
829 5579 1021 5650 accipe
1079 5596 1249 5635 aures
1307 5581 1600 5647 audiendi,
1651 5586 1714 5635 ut
1762 5582 2072 5655 intelligas,

1968 297 2388 356 APPENDIX.

470 447 566 486 nes
615 438 798 501 gentes
831 447 848 482 :
900 427 1304 498 incipiemtibus
1352 428 1421 482 ab
1469 427 1796 492 Jerusalem,
1853 442 1978 498 quae
2034 431 2111 481 est
2138 429 2194 495 Α
2225 427 2423 484 Israel.
2471 452 2499 477 ‹‹
2531 430 2599 483 Et
2629 429 2985 486 testificabor
3013 430 3140 485 tibi.
3177 454 3205 480 »

3640 316 3742 375 1028

3259 434 3315 488 Si
3347 443 3513 492 mente
3539 443 3750 510 spirituali

2222 518 2604 589 perspexeris.
2657 519 2756 574 Vel
2811 543 2831 567 «
2868 521 3224 575 testificabor
3270 523 3447 594 tibi,»
3490 527 3536 582 id
3577 537 3660 596 est,
3685 551 3751 603 per

2223 607 2582 676 patriarchas
2613 612 2664 663 et
2698 608 3031 680 prophetas,
3065 609 3215 664 sicut
3244 611 3381 667 dixit
3412 632 3423 667 :
3463 617 3549 685 Ego
3573 636 3664 672 sum
3689 627 3752 691 qui

2219 711 2336 748 sum
2387 696 2578 766 (Exod.
2633 715 2716 762 111,
2766 698 2874 764 14).
2929 699 3270 763 «Quoniam
3319 701 3477 770 Deus,
3508 710 3625 761 Deus
3657 715 3752 766 tuus

2219 800 2323 856 ego
2356 802 2509 840 sum.
2549 809 2568 834 αι
2605 785 2758 840 Deus
2789 802 2946 853 sum,
2980 809 3008 835 »
3060 789 3467 859 omnipotentia
3493 811 3505 859 ;
3532 801 3639 850 tuus
3662 816 3751 853 sum

2221 877 2414 928 autem
2446 874 2622 942 Deus,
2656 891 2756 946 per
2785 876 3032 946 gratiam
3067 894 3079 930 :
3115 895 3231 932 non
3263 879 3552 936 simulacra
3576 891 3696 939 muta
3716 895 3750 942 et

2219 962 2418 1027 surda,
2450 979 2575 1032 quae
2627 962 2910 1019 hactenus
2958 971 3268 1022 veneratus
3316 984 3392 1022 es.
3425 968 3514 1023 Vel
3541 986 3623 1041 ego
3647 990 3748 1036 sum,

2219 1051 2318 1120 qui
2369 1067 2601 1123 semper
2651 1070 2781 1107 sum
2836 1054 2979 1124 ipse.
3038 1078 3057 1102 α
3096 1055 3222 1109 Non
3283 1056 3339 1109 in
3390 1057 3642 1114 sacriﬁciis
3676 1064 3750 1116 tuis

2218 1155 2460 1210 arguam
2491 1145 2562 1195 te.
2600 1163 2627 1190 »
2661 1141 2805 1206 Quia
2836 1143 3006 1197 corde
3038 1143 3285 1198 contrito
3317 1144 3559 1200 delector.
3588 1171 3610 1194 «
3634 1150 3752 1202 Holo-

2218 1233 2423 1283 causta
2453 1233 2648 1285 autem
2678 1235 2780 1285 tua
2800 1231 2858 1285 in
2892 1237 3208 1304 conspectu
3235 1249 3360 1288 meo
3391 1239 3514 1288 sunt
3533 1251 3718 1308 semper.
3737 1263 3750 1284 η

2218 1316 2277 1370 Si
2329 1318 2565 1372 odorem
2614 1324 2780 1373 rectae
2838 1319 3140 1382 orationis,
3194 1325 3484 1393 tamquam
3535 1326 3750 1379 suavitatis

2217 1407 2542 1477 incensum,
2566 1408 2637 1462 ad
2670 1425 2762 1464 me
2794 1425 2980 1480 usque
3009 1409 3308 1464 direxeris.
3357 1432 3382 1458 ‹‹
3413 1411 3522 1465 Non
3551 1413 3749 1484 accipiam

2217 1496 2287 1550 de
2347 1496 2518 1552 domo
2566 1501 2668 1551 tua
2713 1497 2976 1552 vitulos:
3034 1515 3224 1568 neque
3284 1500 3352 1554 de
3406 1501 3638 1572 gregibus
3678 1504 3747 1556 tuis

2218 1583 2430 1640 hircos.
2457 1608 2484 1635 »
2518 1586 2633 1640 Ista
2663 1586 2818 1640 enim
2851 1586 3037 1658 sprevi
3071 1604 3083 1641 :
3119 1587 3259 1657 quia
3292 1589 3515 1659 sanguis
3541 1589 3633 1642 veri
3657 1591 3748 1661 Agui

2215 1673 2436 1728 effusus
2481 1679 2569 1730 est
2620 1692 2722 1746 pro
2769 1676 3021 1746 peccatis
3069 1676 3269 1746 populi
3316 1676 3442 1730 mei.
3484 1676 3588 1746 Vel,
3630 1678 3747 1731 «non

2216 1761 2497 1833 accipiam
2537 1763 2608 1818 de
2647 1765 2819 1818 domo
2864 1770 2966 1819 tua
3011 1764 3250 1829 vitulos,
3288 1786 3308 1812 ι
3361 1765 3414 1818 id
3459 1769 3555 1830 est,
3583 1765 3749 1820 inconti-

2219 1855 2424 1906 nentes
2481 1855 2538 1906 et
2595 1853 2898 1923 superbos.
2963 1876 2991 1902 ‹‹
3024 1853 3226 1924 Neque
3281 1853 3352 1909 de
3405 1853 3636 1926 gregibus
3675 1854 3746 1908 tuis

2214 1937 2429 2007 hircos,
2468 1961 2488 1986 ι
2535 1939 2748 2009 hircos,
2784 1940 2884 2011 qui
2917 1941 3101 1996 faetidi
3135 1945 3274 1995 sunt
3304 1941 3360 1996 in
3389 1947 3608 2012 peccato.

2292 2065 2314 2092 α
2349 2046 2634 2110 Quoniam
2668 2063 2806 2102 mea:
2837 2052 2978 2102 sunt
3007 2065 3215 2103 omnes
3250 2048 3378 2104 ferae
3423 2049 3668 2112 silvarum,
3685 2050 3747 2118 ju-

2218 2139 2416 2188 menta
2469 2135 2527 2188 in
2578 2137 2877 2191 montibus
2930 2141 2986 2191 et
3033 2138 3292 2192 boves.»
3346 2138 3747 2193 Irrationahileset

2215 2223 2457 2278 diversis
2489 2225 2790 2280 montibus
2820 2230 3094 2281 vacantes
3127 2226 3395 2282 homines
3421 2246 3432 2281 :
3465 2244 3587 2298 quos
3604 2232 3746 2297 oportet

2212 2311 2511 2367 vocatione
2543 2312 2669 2367 Filii
2700 2312 2800 2368 Dei
2832 2313 3022 2369 salvos
3057 2315 3203 2369 ﬁeri.

2284 2440 2312 2468 «
2347 2420 2594 2489 Cognovi
2625 2421 2823 2475 omnia
2851 2420 3111 2476 volatilia
3143 2421 3287 2476 coeli.
3325 2445 3344 2470 ιι
3379 2423 3494 2477 Sive
3521 2420 3743 2478 haereticos.

2211 2507 2330 2562 sive
2361 2508 2572 2564 divites
2601 2509 2780 2579 hujus
2811 2510 3034 2576 mundi,
3072 2511 3172 2582 qui
3208 2528 3311 2581 per
3340 2513 3644 2565 mundanam
3684 2525 3742 2560 su-

2207 2595 2468 2666 perbiam
2520 2606 2580 2654 et
2623 2597 3086 2654 irrationabilem
3134 2600 3431 2654 scientiam
3469 2597 3741 2654 extolluntur.

2214 2707 2240 2737 α
2268 2685 2339 2740 Et
2367 2687 2589 2756 species
2621 2687 2744 2758 agri
2778 2703 3006 2742 mecum
3038 2692 3150 2742 est.
3189 2710 3215 2735 ››
3268 2687 3408 2753 Quia
3447 2687 3533 2741 ubi
3564 2684 3738 2744 voluero,

2209 2791 2400 2829 rerum
2433 2775 2699 2829 omnium
2727 2776 2911 2848 copia,
2941 2775 3026 2831 vel
3056 2777 3420 2842 diffunditur,
3449 2775 3522 2830 vel
3555 2779 3736 2844 negatur.

2205 2861 2307 2918 Vel
2332 2886 2360 2912 ‹‹
2381 2865 2602 2934 species
2623 2865 2746 2934 agri
2772 2881 3001 2920 mecum
3024 2870 3147 2932 est;
3175 2888 3202 2914 ››
3227 2865 3402 2920 virtus
3423 2869 3600 2919 sancta
3618 2861 3740 2915 Eccle-

2206 2952 2322 3007 siae.
2359 2950 2629 3007 Volatiiia
2677 2951 2803 3008 caeli
2859 2970 2986 3024 quae
3040 2953 3189 3008 mihi
3238 2954 3423 3018 oﬂ'ers,
3470 2957 3672 3006 turtures
3705 2951 3740 3000 et

2206 3039 2530 3111 columbas,
2562 3057 2666 3113 ego
2699 3040 2804 3095 tibi
2835 3041 2992 3108 dedi,
3024 3047 3082 3097 et
3113 3042 3312 3097 omnia
3339 3047 3609 3112 antequam
3632 3038 3738 3100 ﬁant,

2205 3130 2359 3200 apud
2393 3134 2572 3185 Deum
2617 3130 2817 3184 vivunt
2849 3147 2862 3183 :
2912 3134 2969 3185 et
3008 3130 3171 3201 quali
3205 3131 3326 3186 loco
3356 3135 3545 3195 essent,
3573 3133 3615 3181 et
3637 3122 3736 3196 quali

2204 3223 2466 3289 tempore
2511 3219 2794 3284 venerint,
2827 3223 2882 3273 et
2936 3219 2994 3274 in
3047 3221 3322 3291 pondere,
3355 3225 3407 3274 et
3453 3220 3504 3272 in
3547 3227 3736 3270 mensura

2202 3307 2401 3362 omnia
2441 3308 2597 3378 apud
2638 3307 2823 3362 Deum
2855 3312 3012 3376 sunt,
3047 3313 3114 3363 ut
3146 3309 3226 3363 ait
3254 3310 3309 3362 in
3343 3304 3624 3378 Evangelia.
3648 3305 3734 3356 Nam

2201 3405 2251 3451 et
2281 3397 2472 3468 capilli
2518 3397 2714 3467 capiti:
2762 3399 2924 3452 vestri
2970 3413 3157 3453 omnes
3205 3398 3464 3452 numerati
3501 3401 3605 3448 sunt
3635 3391 3732 3460 (Lat.

2199 3503 2296 3553 xu,
2347 3487 2400 3548 6,
2451 3487 2526 3556 7).
2561 3485 2682 3555 Vel,
2741 3509 2770 3536 «
2801 3485 3058 3541 volatilia
3108 3487 3260 3548 cceli,
3294 3509 3320 3534 »
3379 3482 3542 3540 sancti
3589 3475 3730 3548 angeli.

2271 3616 2299 3642 «
2335 3593 2395 3647 Si
2427 3593 2704 3660 esuriero,
2736 3609 2849 3648 non
2882 3593 3074 3648 dicam
3108 3594 3237 3648 tibi.
3271 3615 3297 3643 »
3339 3591 3545 3647 Esurire
3569 3585 3642 3641 Dei
3663 3587 3730 3645 est:

2201 3698 2314 3736 non
2369 3681 2428 3736 in
2476 3682 2626 3737 escis
2676 3681 3178 3753 corruptibilibus,
3222 3683 3317 3737 sed
3372 3685 3430 3735 ut
3473 3677 3612 3732 faciat
3647 3669 3730 3742 quis

2195 3770 2550 3826 voluntatem
2581 3771 2743 3841 ejus;
2779 3771 2932 3826 sicut
2958 3770 3082 3842 ipse
3114 3774 3192 3826 ait
3224 3771 3280 3824 in
3312 3765 3583 3839 Evangelio
3606 3781 3616 3816 :
3639 3761 3730 3814 Metu

2196 3861 2350 3915 cibus
2399 3868 2498 3928 est,
2530 3863 2590 3914 ut
2638 3861 2842 3930 faciam
2887 3860 3220 3915 voluntatem
3271 3859 3442 3914 Patris
3482 3855 3576 3909 mei
3611 3850 3725 3920 (10”

2197 3967 2272 4016 1v,
2305 3950 2414 4021 34).
2447 3950 2595 4021 Ergo
2649 3953 2800 4004 tacet
2847 3947 3113 4004 Christus
3165 3965 3327 4005 suam
3375 3945 3606 4002 esuriem,
3639 3933 3726 4006 quia

2195 4043 2485 4110 exspectat
2517 4043 2847 4109 peccatores
2896 4038 2967 4093 ad
3021 4037 3432 4109 pmnitentiam.
3479 4056 3501 4081 «
3532 4035 3651 4083 Meus
3671 4025 3725 4076 est

2193 4127 2349 4182 enim
2381 4127 2538 4182 orbis
2567 4132 2750 4194 terrae,
2784 4131 2841 4182 et
2868 4125 3171 4197 plenitudo
3203 4128 3345 4196 ejus.
3378 4148 3403 4173 »
3441 4123 3589 4176 Totus
3615 4126 3723 4202 munt

2193 4217 2324 4270 dus.
2357 4215 2478 4283 Vel,
2532 4239 2559 4265 ‹‹
2594 4216 2753 4271 orbis
2800 4220 2986 4283 terra),
3023 4237 3050 4266 »
3105 4221 3303 4271 sancta
3351 4207 3586 4267 Ecclesia.
3611 4207 3668 4257 Ac
3695 4212 3724 4248 ει

2193 4305 2427 4372 diceret,
2460 4320 2566 4359 suo
2596 4321 2724 4359 eam
2757 4320 2885 4359 esse
2915 4304 3202 4376 sanguine
3240 4303 3577 4371 redemptam.

2269 4429 2291 4458 α
2323 4409 2621 4480 Numquid
2672 4409 3039 4467 manducabo
3095 4425 3298 4464 carnes
3352 4411 3622 4462 taurorum,
3660 4393 3723 4487 διξῒ

2191 4499 2539 4572 sanguinem
2570 4498 2868 4554 hircorum
2900 4499 3110 4571 putabo
3131 4499 3158 4552 ?
3191 4521 3216 4547 ››
3265 4496 3452 4551 Vetera
3494 4489 3570 4544 hic
3604 4495 3730 4580 sacri"

2191 4587 2321 4643 ﬁcia
2352 4589 2686 4643 evacuanda
2713 4603 2842 4643 esse
2871 4587 3129 4643 declarat
3156 4604 3168 4641 :
3203 4587 3434 4655 ideoque
3462 4581 3509 4634 in
3539 4569 3721 4629 moribus

2189 4677 2360 4732 bonis
2393 4677 2745 4732 sacriﬁcium
2777 4676 3040 4748 requirit,
3075 4677 3292 4732 dicens.

2262 4805 2290 4834 ‹‹
2322 4783 2570 4839 Immola
2616 4791 2728 4839 Deo
2778 4782 3128 4838 sacrificium
3179 4781 3382 4846 laudis,
3411 4780 3461 4831 et
3499 4768 3635 4827 redde
3655 4759 3716 4814 ΑΙ·

2190 4872 2418 4928 tissimo
2448 4877 2581 4928 vota
2605 4878 2724 4927 tua.
2748 4894 2775 4922 »
2813 4873 2927 4928 Iloe
2947 4877 3036 4928 est
3059 4870 3397 4927 sacrificium
3421 4850 3718 4930 acceptabilei

2189 4961 2297 5016 hoc
2326 4967 2416 5018 est
2447 4960 2852 5017 holocaustum
2886 4961 3101 5033 pingue
3135 4979 3147 5015 :
3179 4965 3240 5014 ut
3271 4956 3514 5012 laudetur
3538 4947 3653 5002 Deus
3671 4934 3716 4988 ab

2191 5051 2426 5107 homine
2451 5067 2624 5122 quem
2657 5050 2887 5116 ereavit,
2920 5066 3095 5121 quem
3141 5046 3412 5104 redemit:
3461 5035 3544 5109 qui
3581 5036 3624 5086 et
3658 5038 3713 5122 re:

2189 5157 2370 5212 gnum
2394 5115 2623 5195 caeleste
2648 5115 2956 5210 promittit:
2984 5138 3082 5194 Vel
3111 5155 3214 5192 vox
3236 5132 3498 5207 prophetaB
3520 5115 3714 5212 “(flow

2189 5232 2442 5296 sanctos,
2476 5228 2780 5284 immolare
2832 5227 3234 5299 spiritualiter,
3276 5231 3330 5278 et
3372 5224 3487 5274 vota
3525 5205 3712 5299 Γθάίξξπθν

2190 5322 2252 5371 ut
2283 5317 2364 5372 ait
2400 5289 2524 5372 :IIn
2569 5334 2655 5372 me
2699 5289 3054 5382 sunt-Deus,
3101 5289 3225 5370 votat
3250 5322 3342 5367 tua
3370 5327 3386 5360 :
3428 5317 3529 5376 ᾳιιέε
3551 5289 3710 5351 reddam

2188 5406 2533 5462 laudationes
2562 5407 2668 5462 tibi
2700 5407 2866 5478 (Psal.
2902 5423 2988 5475 Lv,
3025 5408 3132 5473 12).

2257 5518 2285 5545 ‹‹
2321 5496 2527 5551 Invoca
2585 5511 2676 5550 me
2734 5496 2792 5550 in
2852 5495 2943 5550 die
3000 5489 3376 5550 tribulationis
3429 5469 3704 5574 “133,.”

2187 5586 2527 5657 Tentamur,
2568 5589 2633 5639 ut
2677 5586 2995 5655 probemur
3031 5603 3043 5639 :
3095 5587 3492 5655 perseveremus
3532 5566 3574 5617 in
3613 5553 3699 5612 nde,

3837 5065 3839 5121 4
