3964 6190
205 359 360 419 1029

1375 346 1869 411 BREVIARIUM
1917 346 1992 404 ΙΝ
2041 342 2424 404 PSALMOS.

3454 341 3478 397 1
3491 339 3612 399 030

200 491 539 544 invocemus
561 487 619 541 in
649 484 1051 540 tribulatione:
1083 482 1533 554 magnificemus
1555 497 1685 536 eum
1721 495 1854 534 cum
1887 478 1941 543 Α
2047 474 2352 546 Intelligite
2403 489 2556 527 nunc
2606 471 2726 526 haec
2777 471 2876 542 qui
2910 469 3316 525 obliviscimini
3352 475 3548 527 Deum.
3588 494 3615 520 ››

203 585 491 641 fuerimus
515 602 548 638 a
578 583 856 656 periculis
887 581 1142 636 liberati.

287 697 307 721 ιι
352 672 646 728 Peccatori
675 677 867 727 eutem
898 670 1043 725 dixit
1070 671 1226 725 Deus
1252 686 1263 724 :
1318 684 1498 740 quare
1529 672 1594 722 tu
1627 683 1866 726 enarras

192 762 466 835 justitias
510 778 690 827 meas,
725 765 780 814 et
807 760 1063 815 assumis
1085 762 1504 814 testamentum
1538 772 1733 810 meum
1767 771 1869 826 per

203 869 268 907 os
314 849 588 904 tuum?»
649 849 906 903 Audiant
960 847 1081 902 hac
1142 847 1410 903 doctores
1466 844 1554 900 vel
1613 844 1869 916 episcOpi

202 938 623 996 Ecclesiarum:
650 937 750 1008 qui
781 940 1019 1008 peccata
1050 935 1407 1008 populorum
1442 936 1704 988 resecant
1728 949 1868 1002 prai-

205 1027 473 1082 dicando.
502 1025 662 1080 Unde
683 1029 923 1080 sanctus
953 1023 1171 1079 Paulus
1203 1023 1386 1078 dicit:
1411 1020 1704 1077 Manifesti
1731 1031 1872 1079 sunt

206 1115 307 1188 qui
358 1118 708 1186 praeceptum
741 1112 953 1168 Christi
991 1129 1105 1168 non
1161 1111 1588 1167 sustinuerunt.
1647 1111 1692 1179 (Ι
1736 1109 1869 1184 Tim.

205 1222 262 1270 v,
293 1203 407 1274 25),
442 1203 498 1256 id
549 1206 655 1271 est,
707 1217 822 1256 non
856 1200 1104 1272 implent
1143 1199 1202 1254 in
1251 1216 1424 1271 opere
1456 1198 1612 1269 quod
1665 1195 1874 1267 praedi-

208 1297 364 1347 cant.
399 1291 562 1345 Unde
594 1291 876 1344 Dominus
907 1289 1054 1343 dixit
1085 1287 1366 1359 apostolis
1395 1304 1407 1342 :
1445 1289 1578 1355 Quae
1606 1287 1877 1340 dixerunt

207 1381 358 1437 vobis
413 1381 616 1451 facile:
671 1379 970 1433 secundum
1027 1394 1191 1450 Opera
1247 1393 1370 1432 vero
1429 1377 1654 1432 illorum
1705 1374 1877 1429 nolite

207 1471 398 1541 facere
425 1468 632 1541 (Matth.
667 1485 829 1534 χχιιι,
863 1467 941 1538 2).

287 1580 316 1608 ‹‹
354 1562 438 1612 Tu
487 1573 623 1612 vero
673 1555 849 1611 odisti
900 1554 1296 1626 disciplinam,
1331 1557 1389 1609 et
1420 1551 1720 1624 projecisti
1753 1567 1876 1606 ser-

210 1663 417 1702 mones
475 1661 636 1700 meos
692 1648 1044 1698 retrorsum.
1109 1665 1136 1691 »
1195 1645 1329 1706 Quae
1389 1639 1753 1712 praedicabas
1814 1638 1872 1690 in

207 1734 491 1802 Ecclesia,
520 1749 635 1788 non
667 1732 1044 1787 custodiebas
1073 1732 1134 1785 in
1173 1731 1312 1785 vita.

288 1847 314 1873 «
360 1823 420 1878 Si
449 1822 687 1878 videbas
739 1821 951 1888 furem,
1003 1821 1280 1875 currebas
1329 1835 1464 1873 cum
1513 1834 1601 1887 eo,
1654 1821 1711 1871 et
1740 1832 1873 1870 cum
1905 1853 1953 1917 B

212 1911 501 1969 adulteris
550 1909 876 1982 portionem
926 1914 1089 1964 tuam
1145 1908 1422 1980 ponebas.
1469 1929 1489 1955 ι
1549 1904 1875 1988 Cucurristi

213 2019 351 2058 cum
386 2002 530 2070 fure,
561 1999 944 2071 participatus
975 2015 1038 2053 es
1082 1997 1367 2065 adultero,
1402 1995 1637 2066 quando
1669 1993 1753 2048 eis
1785 2007 1874 2061 vel

212 2092 275 2146 in
308 2089 650 2146 adulatoriis
704 2088 1003 2152 laudibus,
1037 2087 1125 2141 vel
1177 2086 1235 2140 in
1268 2084 1680 2140 consontaneis
1710 2082 1873 2137 volu-

214 2178 479 2251 ptatibus
506 2194 568 2232 es
595 2176 926 2246 adjunctus.
964 2175 1125 2238 Quod
1158 2174 1300 2228 dixit
1333 2173 1623 2244 superius,
1656 2171 1875 2242 portio-

215 2285 354 2324 nem
387 2273 549 2320 tuam
581 2265 858 2336 ponebas,
911 2265 968 2318 id
1019 2268 1127 2329 est,
1162 2263 1488 2334 portionem
1530 2278 1708 2334 quam
1739 2277 1872 2315 cum

215 2357 337 2412 Deo
367 2360 425 2410 et
466 2352 688 2425 angelis
737 2353 950 2407 habere
1003 2352 1321 2416 debueras,
1373 2367 1554 2422 ponas
1603 2348 1764 2404 illam
1813 2349 1870 2402 in

220 2444 476 2498 inferno.

297 2554 324 2580 «
366 2534 441 2585 Os
470 2535 638 2585 tuum
670 2529 986 2585 abundavit
1018 2527 1262 2597 malitia,
1295 2533 1348 2583 et
1377 2527 1581 2599 lingua
1607 2531 1710 2582 tua
1733 2542 1869 2582 con-

216 2619 505 2676 cinnabas
537 2617 722 2673 dolos.
756 2640 783 2667 >~
819 2617 921 2674 Illo
953 2617 1102 2672 male
1131 2621 1375 2689 agente;
1418 2621 1480 2671 tu
1513 2615 1780 2686 nequiter
1809 2630 1873 2668 ac

217 2709 425 2762 dolose
472 2708 618 2762 bene
656 2722 826 2779 agere
855 2705 1247 2762 collaudabas.
1293 2705 1416 2774 Vel,
1464 2704 1726 2775 «lingua
1773 2708 1875 2757 tua

217 2794 610 2851 concinnabat
639 2794 895 2864 dolum,»
922 2795 979 2849 id
1002 2800 1109 2860 est,
1130 2794 1313 2849 Judas
1333 2798 1536 2848 contra
1555 2792 1870 2848 Christum.

217 2883 304 2938 Os
349 2899 521 2938 suum
573 2883 892 2937 abundavit
941 2882 1225 2953 nequitia,
1277 2882 1512 2953 quando
1563 2880 1871 2936 consilium

224 2972 368 3028 fecit
395 2988 528 3026 cum
557 2970 797 3039 Judzeis,
830 2975 895 3025 ut
923 2986 1057 3026 eum
1089 2970 1515 3042 crucifigerent.

309 3079 336 3110 α
373 3059 591 3114 Sedens
622 3058 933 3113 adversum
965 3058 1201 3113 fratrem
1235 3061 1404 3111 tuum
1433 3055 1788 3127 loquebaris,
1820 3059 1877 3109 et
1954 3059 1955 3062 “

221 3148 510 3202 adversus
543 3147 730 3201 tilium
761 3146 966 3202 matris
998 3151 1108 3200 tuae
1148 3145 1405 3217 ponebas
1444 3143 1808 3200 scandalum.
1847 3165 1873 3191 ››

1973 569 2097 618 Vox
2118 563 2407 634 prophetas
2425 561 2698 616 admonet
2714 563 3284 629 unumquemque.ut
3304 576 3417 614 non
3440 564 3619 631 ponat

1976 651 2288 707 Dominum
2350 650 2410 704 in
2477 649 2789 714 oblivione,
2849 663 2953 701 nec
3011 664 3118 702 sua
3176 649 3481 703 mandata.
3539 649 3622 703 Ne

1977 740 2212 811 quando
2269 738 2474 809 rapiat,
2538 743 2595 791 et
2656 753 2770 790 non
2831 735 2909 790 sit
2965 734 3064 804 qui
3123 735 3349 806 eripiat.
3399 759 3425 784 η
3480 761 3507 786 ‹‹
3542 738 3624 792 Ne

1979 828 2212 900 quando
2245 826 2454 898 rapiat,
2490 848 2517 875 »
2560 826 2632 880 ad
2667 829 2912 879 mortem
2944 821 3032 878 vel
3065 824 3135 877 ad
3186 823 3338 878 diem
3365 824 3573 892 judicii
3607 842 3621 879 :

1980 917 2171 972 unde:
2229 917 2292 969 Et
2342 931 2451 970 non
2507 917 2586 968 est
2641 915 2740 984 qui
2785 912 2848 967 de
2874 927 3044 966 manu
3090 915 3184 966 tua
3226 913 3396 982 possit
3436 929 3628 969 eruere

1982 1005 2116 1072 (Job.
2175 1022 2229 1072 x,
2288 1005 2365 1070 7).
2424 1002 2582 1058 Velle
2639 1000 2944 1072 rapitille;
2979 1001 3088 1055 hoc
3119 1005 3226 1070 est,
3287 999 3344 1054 in
3379 1005 3626 1056 mortem

1982 1093 2304 1165 praecipitat
2386 1091 2790 1148 obliviscentes
2877 1107 2958 1160 se,
3017 1095 3075 1145 et
3159 1107 3330 1146 nemo
3407 1091 3628 1164 eripere

1984 1187 2194 1252 potest.

2060 1292 2081 1320 ι
2117 1269 2478 1326 Sacriﬁcium
2508 1269 2702 1324 laudis
2731 1267 3139 1323 honorificabit
3169 1283 3280 1324 me.
3314 1290 3341 1319 »
3384 1270 3530 1333 Quia
3558 1271 3630 1326 de

1985 1357 2144 1414 omni
2176 1358 2328 1412 bono
2377 1357 2530 1428 quod
2564 1356 2749 1411 sancti
2802 1356 3044 1420 faciunt,
3077 1356 3230 1411 Deus
3285 1357 3625 1414 honoratur.

1985 1448 2146 1502 Unde
2193 1446 2338 1501 dixit
2386 1444 2635 1500 Paulus:
2701 1445 2896 1499 Omnia
2953 1460 3289 1516 quaecunque
3338 1450 3524 1516 [avitis
3569 1449 3628 1502 in

1983 1537 2146 1590 verbo
2201 1542 2296 1589 aut
2349 1536 2406 1588 in
2464 1549 2655 1604 opere:
2687 1533 2876 1588 omnia
2914 1535 2972 1587 in
3025 1534 3259 1603 gloriam
3317 1537 3420 1590 Dei
3464 1537 3630 1606 facite

1985 1626 2049 1698 (1.
2098 1625 2218 1680 Cor.
2272 1642 2324 1689 x,
2390 1624 2503 1692 31),
2562 1627 2628 1676 ut
2681 1627 2737 1678 et
2792 1623 2850 1676 in
2912 1623 3258 1694 Evangelio;
3296 1625 3358 1680 Ut
3411 1625 3634 1682 videant

1984 1723 2163 1770 vestra
2217 1728 2383 1784 opera
2434 1713 2590 1777 bona,
2624 1721 2677 1765 et
2733 1711 3042 1783 gloriﬁcent
3095 1712 3314 1766 Patrem
3369 1721 3628 1782 vestrum,

1985 1805 2082 1875 qui
2110 1805 2187 1857 est
2217 1804 2273 1856 in
2328 1801 2475 1856 caztis
2504 1801 2707 1871 (Matth.
2755 1802 2808 1869 5,
2845 1799 2953 1870 16).
2987 1799 3075 1853 Ab
3131 1799 3238 1854 hoc
3298 1817 3389 1856 me
3445 1802 3628 1857 hono-

1985 1897 2074 1947 rat
2106 1890 2202 1946 ille
2230 1907 2424 1946 coram
2455 1887 2708 1961 angelis:
2741 1887 2880 1959 quia
2921 1905 3025 1960 ego
3071 1905 3206 1944 eum
3253 1888 3629 1946 honorificavi

1985 1996 2182 2036 coram
2238 1977 2578 2034 hominibus
2633 1977 2692 2031 in
2763 1975 3063 2032 sacriﬁciis
3132 1975 3354 2045 laudis;
3421 1978 3628 2050 imple-

1985 2069 2180 2140 vitque
2230 2067 2383 2138 quod
2434 2066 2493 2120 in
2558 2064 2884 2136 Evangeliis
2915 2068 3005 2120 est
3063 2064 3295 2120 locutus
3347 2067 3503 2135 τρυε
3535 2085 3624 2123 me

1983 2159 2257 2226 confessus
2285 2157 2454 2227 fuerit
2483 2170 2666 2209 coram
2694 2153 3025 2223 hominibus,
3056 2169 3149 2223 ego
3177 2170 3301 2208 eum
3337 2156 3634 2225 conﬁtebor

1982 2262 2166 2301 coram
2196 2249 2361 2300 Patre
2390 2259 2506 2299 meo
2531 2251 2586 2297 et
2607 2243 2826 2315 angelis
2856 2244 2972 2312 ejus
3003 2244 3225 2310 (Matth.
3260 2261 3314 2314 x,
3355 2245 3467 2316 32).
3501 2267 3528 2294 ‹‹
3562 2246 3632 2300 Et

1985 2334 2100 2388 illic
2131 2333 2240 2388 iter
2277 2338 2384 2388 est.
2422 2355 2449 2381 »
2489 2331 2705 2386 Christi
2750 2331 2862 2385 iter
2919 2348 3018 2400 per
3061 2347 3236 2402 opera
3291 2336 3629 2389 sanctorum

1983 2427 2088 2477 est.
2118 2443 2146 2470 »
2182 2426 2241 2475 ln
2273 2438 2388 2492 quo
2419 2421 2720 2476 ostendam
2751 2419 2835 2472 illi
2853 2419 3106 2474 salutare
3138 2419 3258 2475 Dei.
3286 2442 3314 2468 »
3345 2421 3630 2478 Salutaris

1983 2510 2084 2566 Dei
2113 2510 2315 2580 Patris,
2339 2508 2520 2564 Filius
2541 2513 2648 2564 est.
2674 2510 2735 2562 In
2759 2507 2868 2562 hoc
2893 2507 3176 2562 sacrificio
3222 2508 3438 2564 indicat
3453 2510 3628 2565 viam.

1983 2616 2110 2670 quae
2144 2599 2303 2654 ducit
2333 2599 2402 2653 ad
2434 2597 2634 2664 vitam,
2666 2597 2744 2664 id,
2780 2601 2886 2662 est,
2921 2597 2991 2650 ad
3024 2596 3343 2652 Christum.
3376 2598 3484 2661 Qui
3526 2617 3628 2656 no-

1983 2688 2074 2742 bis
2106 2692 2378 2760 prastare
2407 2687 2700 2758 dignetur,
2731 2690 2797 2739 ut
2839 2685 3073 2739 discreti
3109 2702 3142 2739 a
3170 2685 3372 2756 paleis,
3404 2686 3631 2760 impleti

1982 2777 2174 2831 fructu
2231 2774 2714 2830 sanctificationis
2788 2773 3103 2828 offeramus
3162 2774 3212 2828 ei
3277 2775 3629 2832 sacriﬁcium

1982 2865 2196 2931 laudis,
2251 2869 2316 2919 ut
2360 2863 2487 2934 ipso
2519 2861 2908 2928 illuminante,
2945 2860 3268 2934 intelligere
3303 2880 3630 2920 mereamur

1982 2953 2132 3008 viam
2171 2957 2378 3008 nostrae
2410 2951 2642 3007 salutis.
2675 2953 2880 3006 Amen.

2576 3137 2900 3194 PSALMUS
2933 3137 2996 3192 L.

225 3235 416 3326 Filius
446 3235 658 3326 dicitur
687 3232 1241 3326 Christusz‘qui‘a‘de
1257 3231 1875 3326 synagoga-processit.
1909 3219 1952 3284 C
1988 3260 2056 3311 In
2085 3257 2269 3326 ﬁnem,
2305 3252 2564 3308 psalmus
2596 3251 2797 3319 David,
2827 3268 2951 3307 cum
2983 3251 3129 3306 venit
3155 3251 3226 3307 ad
3254 3268 3379 3307 eum
3409 3252 3631 3307 Nutha"

223 3323 336 3378 Vel
367 3324 551 3378 Judas
581 3323 757 3377 frater
787 3321 1013 3378 Domini
1064 3321 1296 3391 dicitur,
1331 3326 1396 3375 ut
1444 3321 1524 3375 ait
1553 3320 1870 3392 Propheta:

219 3413 480 3468 Narrabo
509 3427 706 3466 nomen
736 3415 892 3465 tuum
920 3411 1197 3480 fratribus
1228 3411 1363 3464 meis
1408 3409 1576 3481 (Psal.
1609 3426 1724 3474 XXI,
1755 3409 1872 3478 23).

215 3501 327 3556 Vel
377 3500 576 3555 aliter:
635 3501 879 3564 Fratres,
930 3500 1196 3554 fortiores
1229 3499 1453 3554 sancti:
1489 3498 1613 3568 filii,
1647 3496 1873 3568 simpli-

215 3591 430 3646 ciores.
483 3588 644 3643 Unde
703 3582 944 3643 sanctus
995 3587 1212 3642 Paulus
1269 3587 1450 3642 dixit:
1509 3587 1614 3642 Nos
1643 3588 1738 3656 qui
1782 3587 1874 3656 ﬁr-

216 3679 428 3734 miores
463 3693 673 3742 sumus,
705 3678 960 3732 debemus
1010 3679 1338 3747 inﬁrmiores
1364 3679 1563 3746 fratres
1606 3677 1874 3730 sustinere

210 3770 392 3839 (Rom.
425 3783 514 3835 xv,
549 3767 620 3836 1).
646 3767 864 3822 Sedens
896 3767 1174 3821 adversus
1205 3766 1439 3820 fratrem
1471 3770 1640 3819 tuum
1671 3764 1868 3836 loque-

211 3856 400 3922 baris,
437 3877 464 3903 »
515 3855 616 3926 qui
676 3855 780 3909 tibi
839 3855 899 3909 in
960 3855 1254 3926 baptismo
1310 3859 1399 3908 est
1451 3859 1709 3909 renatus.
1751 3873 1772 3900 ι
1805 3855 1873 3907 Et

220 3945 506 4001 adversus
538 3943 724 3998 ﬁlium
758 3943 964 3998 matris
1006 3947 1119 3998 tua:
1156 3943 1412 4015 ponebas
1445 3942 1807 4012 scandalum,
1842 3964 1869 3992 »

223 4050 408 4106 quem
439 4032 694 4088 Ecclesia
713 4033 812 4087 Dei
845 4032 998 4088 sicut
1017 4032 1269 4104 teipsum
1289 4049 1390 4104 per
1415 4032 1589 4087 ﬁdem
1612 4031 1874 4087 exhibuit

215 4122 470 4178 Christo.
509 4145 529 4169 α
566 4126 694 4176 Haec
727 4120 934 4187 fecisti,
969 4125 1025 4176 et
1081 4121 1258 4176 tacui.
1293 4143 1321 4170 »
1355 4120 1500 4184 Quia
1541 4121 1873 4176 examinan-

220 4212 303 4265 da
333 4226 401 4264 ea
433 4209 491 4263 in
515 4208 951 4279 futurojudicio
983 4208 1290 4264 reservavi.
1314 4231 1340 4257 ‹‹
1376 4208 1444 4263 Et
1464 4207 1616 4263 tacui
1641 4225 1654 4275 ;
1680 4229 1707 4258 »
1734 4207 1873 4278 quia

221 4316 348 4355 non
379 4297 575 4353 statim
606 4297 917 4366 vindicavi,
951 4299 1050 4354 sed
1075 4297 1353 4353 sustinui.

307 4410 326 4434 ι
372 4387 754 4452 Existimasti,
805 4386 1025 4456 inique,
1085 4386 1236 4455 quod
1290 4403 1386 4440 ero
1441 4386 1528 4440 tui
1573 4383 1869 4441 similis.»

222 4475 377 4530 Dum
435 4491 549 4530 non
607 4474 836 4529 vindico
897 4475 956 4528 in
1012 4474 1668 4546 prasentizarbitratus
1714 4491 1776 4529 es
1805 4491 1872 4529 ea

2053 3322 2350 3398 prapheta:
2383 3324 2605 3398 quando
2633 3325 2867 3378 intravit
2895 3322 2971 3376 ad
3001 3325 3271 3398 Betsabee.
3307 3324 3629 3398 Istequin-

2057 3394 2436 3470 quagesimus
2485 3395 2749 3470 psalmus
2779 3410 2977 3470 vocem
3011 3394 3274 3470 continet
3298 3395 3633 3470 pmnitentis

2055 3465 2340 3542 personae,
2369 3465 2700 3542 ostendens,
2737 3470 2800 3519 ut
2829 3466 2927 3542 qui
2949 3465 3320 3542 cecideritin
3365 3465 3630 3533 crimine,

2055 3535 2384 3596 confitendo
2419 3537 2573 3592 mala
2603 3554 2731 3604 sua,
2767 3535 2965 3591 redeat
2993 3537 3062 3592 ad
3099 3535 3369 3592 salutem.

2055 3707 2082 3733 «
2117 3684 2386 3737 Miserere
2417 3680 2550 3747 mei,
2588 3681 2762 3749 Deus,
2781 3679 3118 3756 secundum
3151 3696 3427 3751 magnam
3458 3679 3636 3736 mise-

1982 3771 2290 3827 ricordiam
2321 3776 2504 3825 tuam.
2526 3788 2552 3818 ιο
2583 3769 2912 3824 Confitebor
2942 3768 3296 3823 immensam
3329 3767 3630 3823 miseriam

1981 3860 2110 3915 ideo
2163 3864 2294 3931 peto
2354 3874 2629 3930 magnam
2690 3857 3174 3912 misericordiam.
3208 3855 3354 3919 Quia
3413 3855 3513 3926 qui
3572 3871 3634 3910 se

1982 3949 2262 4004 miserum
2287 3952 2452 4019 putat
2478 3963 2604 4002 esse
2634 3947 2704 4001 de
2735 3946 2858 4002 suis
2891 3946 3164 4018 peccatis,
3199 3961 3332 3999 cum
3364 3942 3464 3997 illo
3496 3943 3635 3998 facit

1983 4043 2132 4092 Deus
2164 4035 2630 4092 misericordiam
2662 4050 2957 4105 magnam.
2992 4034 3138 4097 Quia
3167 4032 3359 4087 minor
3406 4031 3634 4086 miseri-

1981 4126 2179 4181 cordia
2210 4130 2301 4180 est
2328 4125 2422 4179 hic
2453 4123 2512 4177 in
2547 4122 2840 4194 praesenti,
2865 4122 2972 4177 hoc
3005 4126 3114 4187 est,
3146 4120 3284 4191 quia
3305 4119 3479 4174 homo
3501 4136 3635 4174 cum

1981 4232 2096 4270 non
2127 4217 2299 4282 esset,
2331 4229 2398 4267 ex
2431 4211 2613 4265 nihilo
2641 4211 2858 4266 creavit
2889 4209 3057 4264 illum
3088 4209 3240 4263 Deus
3273 4211 3337 4262 ut
3368 4211 3542 4274 esset,
3579 4210 3636 4263 et

1981 4304 2148 4375 regit,
2212 4306 2268 4356 et
2324 4302 2634 4372 gubernat.
2696 4299 2883 4368 Major
2913 4296 3315 4353 misericordia
3373 4297 3633 4352 dicitur:

1981 4392 2216 4464 quando
2249 4391 2441 4460 ipsum
2492 4386 2789 4442 hominem
2838 4402 3011 4458 quem
3071 4386 3302 4450 creavit,
3337 4385 3398 4441 in
3431 4385 3630 4441 futuro

1981 4482 2334 4535 remunerat.
2376 4497 2398 4525 «
2426 4477 2490 4530 Et
2521 4476 2848 4530 secundum
2906 4474 3346 4531 multitudinem
3388 4474 3635 4528 misera-

224 4564 373 4620 mihi
407 4564 654 4636 placere,
688 4563 840 4618 sicut
861 4563 965 4618 tibi
997 4563 1226 4633 placent
1244 4567 1347 4617 tua
1368 4561 1523 4618 mala
1542 4567 1600 4617 et
1621 4561 1866 4618 aliorum
1902 4585 1946 4648 Ι)
1979 4570 2207 4623 tionum
2265 4572 2524 4629 tuarum,
2576 4570 2683 4619 etc.
2741 4564 3023 4636 Confugio
3083 4565 3154 4618 ad
3228 4561 3632 4619 miserationes

229 4676 249 4700 ι
286 4655 544 4723 Arguam
574 4657 647 4708 te.
685 4674 712 4699 »
743 4651 886 4706 Cum
929 4650 986 4705 in
1021 4650 1259 4706 sinistra
1290 4656 1453 4722 parte
1501 4651 1658 4706 sedis
1690 4652 1868 4707 fueris

233 4741 571 4807 collocatus,
632 4741 692 4794 in
753 4741 948 4795 futuro
1000 4740 1244 4811 judicio.
1311 4763 1332 4788 ι
1368 4741 1437 4794 Et
1483 4745 1738 4795 statuam
1778 4740 1878 4794 illa

229 4835 429 4886 contra
475 4829 680 4885 faciem
731 4834 913 4884 tuam.
954 4853 973 4877 ι
1029 4829 1100 4884 Ut
1131 4830 1223 4883 his
1271 4829 1550 4884 confusus
1580 4829 1878 4884 damneris

232 4919 288 4975 in
321 4924 506 4974 morte
534 4923 833 4990 perpetua.
869 4919 976 4974 hoc
1008 4924 1117 4985 est,
1153 4935 1253 4990 per
1286 4917 1386 4973 illa
1432 4918 1708 4974 mandata
1751 4935 1876 4988 qua:

233 5025 349 5064 non
393 5007 736 5063 custodisti:
787 5007 873 5063 vel
919 5013 1022 5063 tua
1072 5012 1332 5080 peccata,
1362 5011 1420 5062 et
1447 5007 1718 5073 aliorum,
1751 5023 1876 5077 qua:

237 5103 366 5170 post
393 5101 450 5153 te
480 5096 786 5168 reliquisti,
829 5102 893 5153 ut
937 5097 1114 5152 illud:
1150 5099 1303 5170 Quia
1337 5098 1388 5152 si
1424 5112 1531 5151 non
1581 5097 1879 5151 annuntia-

236 5189 375 5242 veris
419 5185 608 5257 iniquo
657 5188 1000 5257 iniquitatem
1047 5202 1236 5254 suam,
1278 5187 1607 5255 sanguinem
1642 5186 1756 5256 ejus
1812 5184 1878 5240 de

237 5291 399 5329 mana
429 5284 524 5329 tua
565 5276 844 5345 requiram
873 5276 1084 5345 (Ezech.
1129 5293 1212 5342 III,
1243 5274 1349 5346 18).
1384 5273 1617 5329 Utinam
1663 5290 1769 5328 nos
1819 5274 1875 5328 in

237 5363 343 5418 hoc
402 5363 611 5418 saculo
663 5380 1013 5435 poneremus
1061 5369 1193 5419 ante
1235 5381 1340 5418 nos
1371 5367 1608 5435 peccata
1638 5368 1873 5420 nostra:

238 5456 293 5506 et
343 5469 456 5507 non
490 5452 645 5507 Deus
676 5469 744 5508 ea
794 5453 852 5507 in
905 5453 1131 5523 judicio
1174 5456 1456 5508 statueret
1508 5456 1640 5508 ante
1671 5453 1875 5508 faciem

241 5546 531 5608 nostram;
578 5542 674 5596 ubi
725 5543 850 5612 jam
908 5560 1022 5598 non
1075 5542 1400 5615 castigatio,
1458 5541 1560 5597 sed
1583 5542 1873 5612 judicium

243 5631 442 5686 mortis
473 5631 714 5686 accedit.

1978 4662 2131 4723 tuas,
2164 4660 2228 4710 ut
2251 4654 2528 4727 gravibus
2554 4652 2892 4707 vulneribus
2949 4651 3274 4708 theriacum
3341 4650 3635 4706 remissio-

1988 4747 2080 4800 nis
2107 4745 2404 4799 infundas.
2437 4743 2869 4807 Miserationum,
2899 4741 3044 4796 dicit
3072 4759 3084 4796 :
3119 4741 3257 4812 quia
3282 4738 3471 4794 multa
3500 4742 3637 4793 sunt

1987 4837 2219 4906 peccata
2277 4848 2427 4901 mea,
2461 4835 2517 4885 et
2569 4829 2974 4885 miserationes
3023 4834 3135 4884 tua:
3193 4828 3412 4883 multae.
3473 4826 3636 4882 Unde

1986 4923 2124 4978 dicit
2149 4922 2437 4992 Propheta
2465 4919 2525 4974 in
2556 4917 2668 4973 alio
2698 4918 2822 4974 loco
2855 4935 2868 4973 :
2905 4919 3278 4974 Miserationes
3306 4922 3418 4974 tuae
3446 4916 3636 4972 multae

1985 5021 2133 5081 sunt,
2166 5011 2391 5065 Domine
2415 5009 2587 5079 (Psal.
2621 5025 2812 5073 cxvm,
2847 5008 2992 5079 156).

2059 5124 2086 5151 «
2132 5098 2398 5171 Amplius
2455 5096 2584 5151 lava
2641 5112 2732 5150 me
2779 5096 2852 5151 ab
2911 5096 3216 5168 iniquitate
3278 5112 3427 5162 mea,
3489 5101 3545 5150 et
3602 5113 3636 5151 a

1989 5193 2220 5262 peccato
2251 5202 2380 5242 meo
2410 5185 2634 5239 munda
2665 5200 2775 5239 me.
2812 5207 2839 5233 »
2873 5186 3086 5257 Expeto
3119 5189 3184 5240 ut
3241 5183 3445 5239 abluas
3479 5184 3638 5240 fonte

1989 5275 2398 5332 misericordia:
2433 5292 2446 5328 :
2479 5272 2620 5343 quia
2652 5289 2765 5327 non
2824 5273 2909 5328 vis
2960 5274 3018 5329 in
3076 5279 3356 5329 aeternum
3416 5273 3639 5344 peccati

1986 5366 2226 5420 vulnera
2260 5377 2574 5419 reservare.
2605 5367 2687 5416 Ac
2719 5361 2766 5416 si
2799 5363 2954 5418 dicat
2987 5381 3000 5420 :
3031 5363 3118 5417 Tu
3151 5367 3314 5435 potes
3337 5361 3470 5432 plus
3491 5359 3636 5415 mihi

1988 5454 2272 5519 emittere,
2304 5467 2481 5524 quam
2512 5466 2618 5520 ego
2649 5449 2973 5522 intelligam
2997 5468 3219 5524 rogare.

2059 5567 2087 5593 ‹‹
2133 5541 2419 5608 Quoniam
2476 5538 2830 5609 inquitatem
2889 5557 3018 5596 mea
3073 5557 3180 5613 ego
3239 5554 3545 5611 cognosco.
3604 5559 3632 5586 »

1988 5637 2135 5689 Ante
2164 5631 2371 5686 faciem
2402 5627 2560 5684 enim
2591 5643 2781 5684 meam
2811 5645 2938 5686 eam
2973 5647 3145 5702 pono.
3178 5630 3237 5686 Si
3267 5633 3331 5683 tu
3378 5642 3635 5698 pronun-
