3964 6190
495 347 645 408 1031

1992 343 2412 407 ΑΡΡΕΝΒΙΧ.

3653 365 3758 420 1032

486 479 595 534 tias
626 478 683 532 in
714 477 1078 533 confessione
1108 481 1209 530 tua
1240 480 1494 548 peccata,
1529 476 1686 532 Deus
1715 475 1976 548 ignoscet
2006 477 2132 534 tibi.
2169 486 2218 547 Α
2249 494 2372 532 sum
2396 485 2476 532 est
2498 486 2778 548 peccatum
2810 485 2968 532 tuum
2997 477 3079 546 (II
3107 479 3232 546 Reg.
3263 495 3358 543 χιι,
3397 481 3489 549 13),
3515 483 3633 539 sicut
3655 488 3762 544 Nini-

487 587 513 618 (ι
532 568 602 621 Et
633 571 935 640 peccatum
963 582 1159 620 meum
1184 570 1388 620 contra
1407 567 1608 619 contra
1629 582 1720 620 me
1743 571 1832 620 est
1851 583 2136 638 semper.»

482 656 628 722 Quia
648 671 780 711 mea
810 658 1046 726 peccata
1067 671 1101 709 a
1124 658 1236 708 tuae
1269 653 1575 708 bonitatiis
1604 653 1820 709 divitiis
1844 660 2133 726 separant.

481 745 627 808 Quia
657 761 774 799 non
804 743 969 797 trado
1001 743 1145 797 illud
1194 741 1254 796 in
1285 742 1655 808 oblivionem,
1691 759 1952 815 propono
1986 743 2130 798 illud

478 849 712 904 semper
757 837 891 887 ante
941 831 1141 887 oculos
1173 847 1356 887 meos.
1392 831 1541 896 Quia
1592 832 1640 884 si
1673 836 1734 886 tu
1787 833 1956 904 ponis
1987 832 2130 887 illud

477 927 612 977 ante
647 921 721 986 te,
750 922 907 976 Deus
938 921 1083 975 illud
1117 937 1231 976 non
1264 921 1432 992 ponit
1455 925 1588 975 ante
1619 937 1700 976 se.

547 1033 574 1060 ‹‹
617 1010 743 1064 Tibi
793 1010 901 1065 soli
935 1009 1186 1082 peccavi,
1236 1014 1292 1064 et
1324 1009 1546 1064 malum
1597 1026 1790 1064 coram
1825 1014 1881 1063 te
1913 1010 2064 1064 fecit.
2097 1033 2125 1060 »

473 1099 600 1154 Tibi
632 1099 787 1154 enim
809 1098 1100 1169 delinquit
1133 1099 1384 1170 quisque
1425 1115 1559 1152 cum
1599 1098 1958 1169 peccaverit:
1993 1098 2129 1169 quia

473 1192 533 1242 tu
585 1187 746 1244 solus
795 1188 922 1242 sine
978 1192 1212 1260 peccato
1245 1204 1342 1242 es:
1398 1187 1626 1242 dicente
1679 1186 1992 1258 Apostolo:
2036 1189 2126 1242 Est

472 1279 610 1332 Deus
640 1293 826 1347 verax,
857 1278 1036 1331 omnis
1065 1279 1253 1330 autem
1285 1275 1445 1330 homo
1466 1275 1706 1329 mendax
1735 1277 1910 1345 (Rom.
1945 1293 2027 1345 111,
2051 1278 2121 1346 4).

475 1365 574 1421 Vel
624 1366 766 1420 dicit
812 1365 1027 1420 David:
1081 1366 1198 1435 Ego
1257 1364 1510 1435 peccavi,
1554 1368 1610 1418 et
1660 1369 1721 1418 tu
1781 1363 1939 1419 solus
1999 1365 2124 1420 sine

471 1459 706 1525 peccato
763 1471 846 1522 es,
880 1453 1033 1509 sicut
1087 1452 1230 1507 dicit
1285 1452 1501 1507 Isaias:
1560 1453 1664 1518 Qui
1688 1461 1971 1523 peccatum
2008 1469 2120 1508 non

465 1544 628 1612 fecit;
659 1560 760 1597 nec
799 1545 1050 1598 inventus
1080 1546 1161 1595 est
1195 1543 1252 1595 in
1279 1557 1372 1595 ore
1402 1545 1524 1610 ejus
1553 1540 1710 1595 dolus
1743 1542 1867 1611 (Isa.
1903 1559 2020 1612 Lm,
2042 1543 2118 1610 9).

463 1631 566 1686 Vel
597 1631 741 1686 illud
771 1647 783 1684 :
821 1631 952 1698 Quis
981 1633 1183 1698 arguet
1203 1645 1290 1684 me
1319 1629 1384 1683 de
1411 1632 1628 1699 peccato
1651 1630 1825 1698 (Joan.
1853 1646 1975 1697 vm,
2002 1631 2121 1701 l16)?

464 1721 534 1775 Et
563 1719 702 1774 item
733 1719 911 1774 dicit:
952 1720 1104 1774 Venit
1138 1721 1395 1790 princeps
1419 1717 1618 1772 mundi
1647 1718 1832 1788 hujus,
1864 1723 1914 1774 et
1945 1721 2005 1774 in
2033 1736 2121 1774 me

2247 567 2374 620 vitae
2406 565 2664 621 conversi
2700 571 2838 620 sunt
2869 566 2937 620 de
2992 565 3146 621 malo
3183 566 3242 620 in
3287 567 3502 640 bonum,
3529 589 3608 642 per
3631 580 3763 646 prcdi.

2247 654 2533 710 cationem
2559 659 2736 710 Jonas.

2316 765 2344 793 «
2377 745 2662 815 Asperges
2693 759 2806 808 me,
2841 743 3101 809 Domine,
3125 743 3395 817 hyssopo,
3424 751 3474 800 et
3499 751 3759 808 mundaborr.

2242 832 2405 887 Sicut
2427 831 2582 886 enim
2607 832 2896 904 hyssopus
2920 836 3186 888 terrenus
3209 834 3467 890 curandis
3485 835 3761 905 pulmonibus

2241 925 2412 992 aptus
2444 925 2552 991 est,
2586 925 2651 975 ut
2680 926 2902 976 avertat
2931 921 3310 988 inﬂationem,
3359 921 3434 977 ita
3482 923 3652 980 cmlesti
3675 929 3758 997 quis

2239 1025 2542 1080 respersus
2601 1009 2876 1081 hyssopo,
2935 1010 2994 1064 id
3051 1015 3162 1075 est,
3203 1009 3509 1066 humilitate
3537 1015 3694 1082 cordis,
3715 1021 3756 1070 ab

2237 1099 2393 1152 omni
2422 1098 2707 1170 superbia:
2731 1097 3094 1169 malignitate
3118 1103 3412 1170 purgatur.
3427 1122 3451 1148 υ
3475 1100 3664 1156 Lavabis
3685 1119 3754 1162 me.

2235 1192 2291 1240 et
2320 1203 2496 1258 super
2526 1187 2715 1243 nivem
2745 1187 3075 1242 dealbabor.
3129 1209 3156 1236 ››
3216 1187 3289 1242 Ut
3320 1189 3450 1258 quia
3480 1195 3662 1259 peccata
3679 1207 3757 1246 mea

2235 1279 2373 1329 sunt
2405 1275 2702 1347 phoeniceo
2735 1275 2972 1343 similia,
3005 1277 3172 1348 quasi
3224 1276 3320 1331 uix
3369 1275 3667 1332 dealbentur.
3691 1280 3756 1334 Tu.

2234 1363 2494 1434 inquam,
2529 1365 2790 1435 Domine,
2845 1369 3049 1435 potens
3099 1382 3162 1420 es
3193 1371 3480 1436 peccatum
3531 1366 3700 1436 piceum
3720 1369 3754 1420 in

2232 1450 2482 1507 lacteum
2567 1454 2879 1508 candorem
2962 1455 3299 1520 transferre,
3377 1453 3755 1526 tuliginosumque

2233 1539 2522 1596 hebenum
2579 1541 2640 1596 in
2699 1541 2953 1610 crystalli
3011 1541 3297 1614 fulgorem
3355 1549 3648 1598 convertere.
3682 1543 3753 1604 Vel,

2231 1650 2258 1676 ‹‹
2295 1629 2538 1685 Lavabis
2569 1646 2681 1698 me,
2710 1653 2736 1678 ››
2768 1631 2876 1685 hoc
2908 1635 3126 1702 est,per
3158 1631 3532 1702 paenitentiam
3553 1635 3596 1685 et
3619 1630 3753 1700 baptis-

2229 1735 2389 1772 num.
2429 1741 2456 1766 κ
2492 1719 2557 1773 Et
2608 1736 2783 1790 super
2838 1721 3026 1775 nivem
3088 1720 3417 1787 dealbabor,
3451 1743 3475 1768 »
3525 1721 3641 1774 sicut
3661 1719 3748 1772 dixit

462 1823 573 1863 non
625 1809 835 1863 invenit
871 1807 1165 1880 quidquam
1197 1808 1378 1878 (Joan.
1427 1823 1544 1874 XIV,
1577 1807 1686 1875 30).
1722 1830 1749 1857 ‹‹
1793 1807 1865 1862 Ut
1895 1808 2116 1878 justiﬁ-
2147 1844 2194 1908 B
2229 1806 2407 1862 Isaias
2437 1825 2449 1860 :
2486 1808 2547 1862 Si
2571 1809 2784 1878 fuerint
2834 1814 3054 1880 peccata
3108 1811 3282 1865 vestra
3312 1811 3447 1864 sicut
3489 1808 3747 1880 pham'ceum,

467 1896 615 1952 ceris
646 1895 705 1951 in
729 1896 1100 1952 sermonibus
1121 1895 1260 1961 tuis,
1282 1900 1337 1950 et
1366 1895 1566 1951 vincas
1616 1913 1748 1950 cum
1766 1895 2114 1967 judicaris.»

464 1985 610 2049 Quia
656 1990 720 2040 tu
777 1989 1000 2041 rectum
1051 1984 1345 2057 judicium
1397 1984 1652 2055 judicas.
1713 1984 1951 2056 Propter
2007 2002 2114 2042 nos

415 2131 418 2134 .
463 2083 924 2149 transgressores
955 2079 1011 2131 et
1039 2080 1374 2147 peccatores
1403 2073 1502 2130 ille
1551 2074 1660 2129 fuit
1679 2074 2005 2146 judicatus,
2056 2080 2114 2131 et

462 2165 797 2222 damnatus.
832 2164 996 2221 Unde
1055 2165 1279 2220 dictum
1341 2169 1466 2220 est:
1524 2163 1733 2219 Justus
1789 2164 1860 2218 ab
1891 2163 2111 2235 iniquis

452 2255 756 2326 judicatus
789 2261 894 2310 est.
947 2255 1058 2310 Sed
1092 2253 1175 2307 illi
1234 2254 1291 2307 in
1344 2254 1537 2308 futuro
1563 2252 1787 2323 judicio
1827 2253 1932 2308 erit
1965 2253 2110 2309 alios

453 2345 827 2413 judicaturus
877 2351 930 2398 et
988 2344 1526 2398 condemnaturus.
1585 2341 1956 2397 Justificatus
2002 2358 2102 2406 es,

460 2431 705 2486 Domine
730 2432 889 2502 Jesu,
932 2431 991 2485 in
1024 2430 1395 2486 sermonibus
1421 2430 1568 2485 tuis:
1595 2446 1728 2483 cum
1762 2430 1973 2484 ductus
2003 2447 2106 2501 pro

457 2520 658 2592 populi
690 2521 942 2592 peccatis
973 2520 1043 2575 ad
1076 2523 1343 2584 mortem,
1370 2535 1480 2572 non
1515 2523 1604 2572 est
1635 2517 1905 2573 inventus
1937 2518 2105 2573 dolus

457 2607 517 2662 in
569 2625 666 2664 ore
724 2613 844 2664 tuo.
907 2607 1107 2662 Vicisti
1159 2607 1499 2678 judicatus:
1550 2622 1684 2660 cum
1730 2606 1786 2660 in
1849 2611 1905 2660 te
1957 2606 2101 2661 nihil

457 2695 700 2769 dignum
776 2701 959 2752 morte
1038 2696 1309 2768 princeps
1382 2694 1751 2750 tenebrarum
1833 2694 2097 2749 invenit.

457 2786 827 2842 Consuetudo
858 2785 1154 2858 Prophetas
1189 2789 1298 2856 est,
1342 2788 1407 2839 ut
1439 2788 1568 2840 acta
1605 2800 1708 2854 pro
1734 2783 1976 2855 agendis
2013 2772 2104 2839 10-.

457 2879 690 2947 quatur.

529 2988 556 3015 «
590 2965 732 3020 Ecce
759 2964 915 3021 enim
952 2964 1011 3019 in
1044 2963 1452 3036 iniquitatibus
1483 2966 1797 3033 conceptus
1853 2979 2010 3029 sum,
2041 2966 2097 3016 et

454 3051 511 3106 in
536 3053 788 3124 peccatis
811 3053 1074 3125 concepit
1101 3068 1194 3107 me
1217 3058 1402 3107 mater
1421 3068 1601 3106 mea.»
1629 3050 1731 3106 Hic
1770 3050 2094 3106 versiculus

454 3142 632 3197 totius
654 3142 885 3214 generis
915 3141 1157 3196 humani
1192 3158 1392 3196 casum
1420 3140 1672 3212 exponit,
1699 3140 1851 3195 sicut
1873 3140 1928 3193 in
1959 3139 2088 3194 Job:

2223 1897 2370 1951 velut
2392 1898 2495 1952 nix
2523 1897 2800 1953 dealbabo.
2836 1899 2956 1969 (Isa.
2995 1917 3031 1965 ι,
3072 1900 3182 1970 18).

2295 2008 2324 2034 ‹‹
2354 1986 2596 2041 Auditui
2622 2003 2750 2042 meo
2777 1987 2943 2043 dabis
2973 1987 3259 2061 gaudium
3290 1993 3345 2043 et
3373 1987 3639 2042 laetitiam.»
3659 1990 3743 2040 Cum

2215 2073 2420 2144 jacens
2480 2075 2538 2130 in
2597 2076 2938 2132 inﬁrmitate
2995 2077 3239 2148 peccati,
3292 2078 3480 2132 audire
3529 2091 3740 2130 meruero:

2223 2162 2427 2232 Homo,
2457 2163 2703 2220 dimissa
2728 2169 2867 2220 sunt
2923 2165 3028 2220 tibi
3059 2169 3299 2237 peccata
3336 2170 3448 2220 tua.
3496 2164 3578 2218 Vel
3601 2162 3744 2216 audiui

2221 2250 2362 2305 dicit
2390 2267 2402 2305 :
2429 2254 2660 2322 quando
2720 2253 2865 2308 dixit
2916 2254 3148 2310 Nathan
3185 2272 3198 2309 :
3230 2255 3502 2310 dimissum
3535 2257 3598 2308 est
3621 2265 3741 2321 petra-

2219 2348 2336 2394 tum
2366 2346 2518 2394 tuum
2545 2343 2619 2413 (II
2650 2343 2772 2410 Reg.
2808 2361 2910 2413 x11,
2977 2344 3086 2414 13).
3151 2367 3176 2393 α
3211 2345 3278 2398 Et
3327 2342 3644 2399 exsultahuul
3663 2354 3742 2392 ossa

2217 2427 2542 2505 humiliata.
2581 2453 2608 2479 »
2639 2431 2699 2485 Id
2731 2436 2838 2499 est,
2861 2432 3107 2488 virtutes
3142 2451 3268 2505 quae
3291 2434 3444 2505 prius
3473 2433 3650 2486 fuerant
3669 2443 3742 2498 pec-

2214 2503 2358 2571 catis
2391 2517 2731 2575 humiliatus.
2763 2520 2864 2575 Vel
2895 2503 3193 2577 mternitas
3225 2503 3344 2594 spei
3376 2538 3518 2587 meai,
3549 2530 3740 2589 quamet-

2213 2610 2379 2661 cante
2409 2608 2837 2675 me,humiliata
2858 2610 3043 2664 fuerat
3067 2627 3082 2664 :
3104 2615 3160 2666 te
3188 2603 3736 2682 indulgente,persultat.

2283 2717 2310 2743 ‹‹
2343 2700 2547 2751 Avorte
2581 2697 2783 2752 faciem
2816 2701 2977 2752 tuam
3011 2716 3043 2753 a
3076 2699 3327 2770 peccatis
3381 2698 3526 2753 meis.
3555 2718 3576 2744 ››
3601 2695 3680 2748 Nec
3699 2707 3738 2742 ea

2208 2783 2292 2838 sic
2323 2785 2572 2856 aspicias
2603 2792 2669 2839 ut
2700 2792 3064 2842 revertantur
3121 2789 3180 2844 in
3239 2785 3734 2844 commemorationem

2207 2877 2390 2928 tuam.
2425 2896 2454 2923 ‹‹
2485 2878 2690 2930 Averte
2750 2875 2956 2931 faciem
3015 2882 3202 2932 tuam.
3240 2901 3267 2926 ‹‹
3307 2881 3381 2932 Ac
3432 2875 3474 2931 si
3525 2873 3734 2927 dicatzne

2204 2962 2420 3030 videas,
2455 2979 2559 3019 nec
2616 2965 2937 3020 recorderis
2992 2964 3116 3021 illa.
3159 2988 3186 3018 α
3235 2967 3300 3021 Et
3329 2980 3512 3021 omnes
3539 2959 3730 3030 iniquita-

2204 3055 2290 3106 tes
2320 3068 2477 3108 meas
2499 3053 2679 3108 dele.»
2706 3054 3372 3126 Prmteritas,praasentes
3395 3059 3546 3124 atque
3562 3051 3730 3105 futuras.

2274 3163 2302 3188 «
2335 3144 2444 3195 Cor
2473 3142 2760 3196 mundum
2779 3158 2911 3198 crea
2930 3142 2989 3196 in
3017 3149 3348 3210 me,Deus.»
3369 3142 3477 3205 Quo
3495 3143 3541 3193 te
3558 3135 3726 3191 ﬁdem.

451 3231 557 3286 Nec
577 3232 628 3287 si
654 3211 823 3286 unius
867 3233 983 3287 diei
1021 3232 1093 3286 sit
1120 3247 1284 3302 super
1311 3211 1544 3300 terrain,
1572 3233 1744 3300 potest
1786 3245 1898 3284 esse
1930 3245 2091 3283 mun-
2123 3211 2166 3278 Ο
2206 3229 2368 3286 Sicut
2401 3231 2639 3302 rogabat
2667 3230 2845 3286 David
2883 3249 2894 3286 :
2930 3231 3013 3286 ita
3040 3236 3100 3287 et
3131 3232 3512 3302 unusquisque
3537 3225 3662 3280 debet
3684 3220 3731 3271 la-

452 3319 553 3375 dus
596 3338 628 3375 a
672 3323 828 3377 sonte
851 3322 1063 3394 peccati
1119 3319 1238 3392 (Job
1267 3336 1381 3388 xxv,
1415 3319 1467 3390 4)
1525 3317 1860 3389 Concipitur
1897 3322 2090 3372 autem

450 3415 507 3466 et
537 3410 882 3467 uasciturin
929 3408 1193 3482 originali
1255 3412 1509 3480 peccato,
1570 3407 1722 3478 quod
1783 3421 1851 3460 ex
1908 3407 2090 3460 Adam

447 3499 720 3565 trahitur,
754 3501 855 3555 sed
885 3499 1180 3570 baptismo
1211 3513 1314 3568 per
1341 3496 1590 3569 gratiam
1629 3495 1843 3550 Christi
1895 3494 2092 3566 puriﬁ-

450 3590 634 3642 catur.
664 3585 787 3642 Vel.
813 3609 841 3636 «
876 3587 949 3642 Ut
973 3585 1314 3656 justificeris
1353 3585 1413 3640 in
1445 3584 1814 3640 sermonibus
1862 3583 2001 3652 tuis,
2036 3587 2090 3638 et

448 3675 648 3730 vincas
681 3692 815 3730 cum
839 3675 1147 3746 judicaris.
1179 3697 1208 3726 »
1243 3675 1410 3730 Hunc
1440 3673 1633 3729 locum
1662 3671 2002 3743 diligentius
2030 3671 2088 3726 in

445 3763 703 3834 Epistola
722 3764 792 3818 ad
827 3764 1120 3833 Romanos
1150 3762 1366 3818 Paulus
1395 3761 1667 3817 edisserit
1698 3762 1868 3832 (Rom.
1893 3775 1986 3826 in,
2024 3762 2088 3815 13

444 3853 580 3924 seq.)
659 3852 814 3924 quod
886 3852 1039 3908 Deus
1109 3868 1241 3906 cum
1306 3851 1488 3922 possit
1541 3851 1610 3905 de
1660 3850 1828 3904 nobis
1867 3850 2088 3922 judicis

447 3941 788 3998 auctoritate
812 3941 1161 4007 discernere,
1187 3957 1302 3995 non
1323 3939 1428 3994 hoc
1460 3939 1615 4009 facit,
1649 3939 1750 3993 sed
1782 3940 2086 3994 nobiscum

443 4031 568 4086 vult
586 4031 860 4104 judicari,
893 4035 958 4085 ut
988 4030 1175 4103 magis
1197 4027 1434 4101 justitia
1466 4031 1744 4099 appareat
1767 4027 2088 4096 judicantis

444 4143 472 4171 ‹‹
519 4120 581 4176 In
617 4120 868 4192 peccatis
901 4119 1164 4192 concepit
1193 4135 1286 4174 me
1315 4121 1506 4172 mater
1537 4132 1685 4171 mea.
1726 4137 1754 4168 α
1790 4115 2086 4172 Obscurus

440 4208 603 4266 locus
634 4214 689 4265 et
718 4210 892 4265 altius
924 4209 1345 4265 retractandus.

517 4319 544 4348 «
574 4297 714 4353 Ecce
745 4299 901 4352 enim
931 4299 1237 4354 veritatem
1271 4295 1542 4352 dilexisti.
1569 4317 1595 4345 n
1631 4294 1776 4349 Cum
1830 4311 1932 4366 per
1962 4311 2087 4366 pro-

443 4384 678 4456 phetam
731 4391 1064 4457 peccantem
1089 4385 1374 4442 famulum
1419 4383 1752 4456 increpasti,
1784 4383 2082 4439 veritatem

443 4472 712 4529 dilexisti.
767 4473 989 4530 Veritas
1037 4474 1301 4531 Christus
1335 4478 1454 4529 est:
1489 4473 1634 4539 Quia
1692 4473 1859 4528 Pater
1897 4472 2088 4544 diligit

2201 3335 2349 3375 cere.
2384 3313 2549 3374 u'Cor
2567 3320 2856 3375 mundum
2889 3336 3019 3375 crea
3050 3321 3112 3376 in
3164 3338 3276 3390 me,
3303 3325 3492 3375 Deus.»
3512 3317 3731 3383 Ρτορίεηδ

2202 3409 2461 3479 rogabat,
2487 3413 2551 3462 ut
2580 3408 2837 3464 mundus
2869 3409 3031 3464 ﬁeret
3061 3427 3097 3465 a
3127 3415 3376 3482 peccato.
3409 3432 3424 3455 α
3460 3406 3516 3460 Et
3540 3398 3730 3473 spiritum

2200 3501 2424 3552 rectum
2455 3496 2667 3552 innova
2696 3497 2755 3552 in
2786 3497 3110 3554 visceribus
3171 3498 3334 3554 meis.
3367 3519 3392 3545 ››
3419 3497 3525 3560 Quo
3551 3497 3593 3545 te
3635 3489 3731 3540 recte

2195 3585 2492 3640 conﬁtear.
2524 3585 2645 3653 Vel,
2680 3607 2708 3635 ‹‹
2745 3586 3026 3658 Spiritum
3088 3593 3330 3653 rectum,
3382 3585 3446 3639 ad
3496 3573 3725 3633 videndum

2199 3677 2256 3728 et
2286 3673 2739 3729 discernendum
2774 3691 2787 3728 :
2820 3675 2975 3730 sicut
3005 3680 3177 3732 antea
3209 3678 3392 3730 rectus
3420 3667 3583 3725 fuitin
3609 3676 3712 3740 me-_

2276 3783 2296 3811 ι
2329 3763 2410 3818 Ne
2439 3764 2723 3835 projicias'
2763 3781 2855 3820 me
2907 3782 2940 3819 a
2985 3765 3134 3821 facie
3166 3773 3281 3820 tua.
3339 3783 3360 3811 ι
3388 3762 3527 3816 Sicut
3551 3753 3670 3812 Cain,
3691 3751 3727 3798 ut

2197 3852 2361 3908 exsul
2411 3860 2528 3908 ate
2583 3853 2818 3909 efﬁciar.
2881 3877 2908 3904 «
2971 3859 3018 3908 Α
3048 3855 3197 3910 facie
3254 3858 3365 3919 tua,
3400 3874 3424 3899 ››
3453 3849 3502 3903 id
3528 3848 3613 3908 est,
3635 3851 3726 3910 ΡΨ

2197 3942 2385 3998 sentia
2413 3946 2534 3997 tua.
2566 3964 2593 3991 »
2626 3942 2692 3996 Et
2721 3942 2994 4014 spiritum
3016 3949 3286 3999 sanctum
3309 3947 3462 3997 tuum
3491 3950 3550 3990 ne
3570 3929 3723 3984 auferas

2195 4050 2228 4087 a
2259 4049 2371 4099 me,
2405 4053 2432 4081 »
2464 4031 2564 4087 sed
2596 4031 2666 4086 ab
2707 4047 2772 4087 eo
2803 4033 3171 4105 consumptis
3203 4029 3433 4092 delictis,
3462 4029 3547 4079 tuo
3571 4019 3723 4105 statuas

2196 4109 2554 4192 conspectui.
2589 4142 2617 4169 «
2649 4119 2931 4191 Spiritum
2988 4104 3261 4176 sanctum
3302 4124 3455 4173 tuum
3484 4128 3541 4166 ne
3566 4104 3721 4163 autem

2195 4227 2227 4265 a
2257 4225 2372 4276 me,
2402 4228 2428 4260 ν
2471 4208 2526 4262 id
2558 4213 2664 4276 est,
2699 4209 2974 4279 spiritum
3007 4209 3338 4282 prophetiae.
3645 4279 3651 4282 _
3713 4272 3718 4279 .

2268 4320 2296 4348 ‹‹
2327 4297 2524 4352 Redde
2546 4297 2690 4352 mihi
2723 4296 2983 4353 laetitiam
3008 4279 3289 4354 salutaris
3320 4293 3419 4350 tui.
3445 4313 3470 4341 »
3489 4279 3718 4344 Cbristitul

2195 4386 2355 4442 illam
2387 4385 2833 4442 exsultationem
2865 4404 3041 4458 quam
3072 4387 3133 4442 in
3166 4404 3232 4442 eo
3262 4382 3426 4440 habui
3448 4377 3582 4452 prius
3605 4376 3720 4458 qua?“

2196 4476 2579 4547 peccaverim.
2613 4453 2901 4531 Salutaris
2929 4475 3025 4531 Dei
3075 4476 3278 4542 Patris,
3309 4470 3544 4529 Christus
3573 4462 3652 4547 est.
3673 4453 3720 4504 Αε

441 4561 652 4617 Filium
703 4579 899 4629 suum,
950 4562 1036 4618 vel
1069 4561 1258 4634 diligit
1290 4562 1716 4618 confessionem
1744 4578 1810 4616 ex
1832 4578 1929 4616 ore
1960 4543 2085 4632 pec-
2116 4581 2160 4644 D
2193 4543 2242 4618 si
2272 4564 2444 4630 dicat,
2496 4564 2650 4618 sicut
2707 4570 2878 4619 antea
2936 4565 3316 4636 praevideham
3372 4573 3463 4630 per
3511 4543 3719 4644 Splﬁlum’

439 4652 670 4708 catoris.
704 4653 912 4708 Incerta
935 4655 984 4707 et
1013 4651 1233 4707 occulta
1260 4653 1550 4722 sapientiae
1575 4654 1682 4705 tuae
1715 4652 2085 4721 manifestasti

435 4741 596 4813 mihi,
628 4741 745 4797 Hoc
777 4746 884 4808 est,
917 4741 1071 4812 quod
1103 4740 1162 4795 in
1195 4739 1307 4795 alio
1344 4739 1469 4794 loco
1503 4739 1620 4793 ait:
1669 4739 1862 4794 Revela
1903 4740 2084 4794 oculos

436 4847 600 4902 meos,
660 4841 712 4886 et
767 4830 1118 4886 considerabo
1178 4829 1464 4884 mirabilia
1519 4827 1585 4883 de
1631 4828 1744 4898 lege
1775 4832 1868 4882 tua
1907 4829 2076 4898 (Psal.

439 4936 626 4984 cxvm,
689 4920 796 4990 18).
863 4921 1155 4974 Incertum
1214 4923 1270 4972 et
1323 4916 1589 4971 abditum
1651 4915 1794 4970 mihi
1853 4918 1978 4972 erit:
2030 4918 2078 4972 si

441 5007 688 5062 remittis
736 5007 849 5063 tale
897 5009 1146 5064 facinus.
1207 5006 1318 5062 Sed
1373 5004 1750 5059 manifestum
1783 5009 1906 5059 est:
1944 5022 2075 5060 cum

439 5095 738 5166 ignoscere
800 5097 1074 5170 dignatus
1155 5113 1216 5152 es
1288 5092 1687 5165 delinquenti.
1768 5094 2076 5164 Sapientia:

438 5183 594 5239 enim
626 5190 742 5241 tuas
771 5191 878 5253 est,
911 5191 974 5241 ut
1003 5187 1167 5258 prius
1198 5185 1484 5256 increpes,
1517 5183 1599 5239 sic
1633 5181 1896 5238 remittas
1932 5188 2077 5239 Nam

438 5278 493 5328 et
523 5272 793 5330 Ninivitis
824 5275 1050 5331 occulta
1079 5281 1200 5331 erat
1231 5275 1493 5346 sapienta
1523 5272 1754 5344 pietatis
1793 5289 1911 5327 suae
1943 5290 2075 5327 cum

437 5361 694 5417 dicereut
720 5382 732 5431 ;
768 5365 898 5431 Quis
925 5367 1028 5419 scit
1055 5366 1102 5418 si
1129 5367 1470 5420 convertatur
1500 5368 1640 5417 Deus
1664 5379 1700 5416 α
1739 5365 1930 5431 furore
1955 5379 2073 5418 suo.

433 5459 485 5506 et
540 5467 647 5506 non
710 5455 1014 5524 peribimus
1085 5455 1224 5525 (Jan.
1289 5470 1370 5521 ιιι,
1428 5452 1532 5522 9)?
1591 5450 1692 5504 Vel
1767 5450 1920 5505 Deus
1977 5467 2078 5522 per

433 5539 662 5594 Nathan
740 5541 1084 5614 prophetam
1145 5543 1365 5597 incerta
1421 5545 1478 5595 et
1542 5538 1768 5594 occulta
1834 5540 2075 5594 manifeo

435 5629 609 5684 stavit
635 5647 648 5684 :
679 5631 735 5685 id
767 5634 857 5686 est
889 5629 1145 5685 narravit
1174 5628 1375 5698 David,
1409 5628 1640 5696 quando
1663 5626 1806 5681 dixit
1832 5643 1844 5680 :
1877 5627 2077 5682 Dimis-

2191 4653 2486 4708 Christum
2519 4652 2577 4706 in
2610 4669 2781 4707 carne
2809 4657 3121 4709 venturum
3156 4672 3168 4711 :
3200 4657 3253 4708 et
3283 4647 3441 4705 modo
3465 4641 3536 4697 sic
3561 4630 3717 4722 faciant

2194 4765 2220 4791 ‹‹
2254 4743 2324 4796 Et
2355 4741 2565 4814 spiritu
2611 4741 2917 4814 principali
2979 4743 3256 4798 confirma
3310 4751 3411 4792 me.
3447 4754 3465 4781 ι
3497 4723 3719 4820 Ut

2192 4847 2284 4885 me
2319 4847 2330 4884 :
2367 4806 2419 4884 et
2451 4847 2566 4885 non
2596 4806 2736 4885 vitia
2767 4806 3186 4902 principentur.
3246 4829 3326 4883 Tu
3371 4835 3484 4877 vero
3525 4806 3717 4906 Qui

2189 4922 2450 4974 sanctam
2529 4900 2891 4990 Scripturam
2948 4900 2975 4972 ξ
3017 4923 3273 4974 sanctam
3329 4911 3413 4967 hic
3464 4900 3715 4995 Trinita‘ltigi

2191 5007 2469 5079 intelligo.
2504 5007 2627 5078 Vel,
2657 4986 2688 5056 it
2722 5009 3014 5063 Conﬁrma
3045 5024 3192 5073 me,»
3223 5006 3278 5060 in
3311 5012 3486 5071 regno.
3514 4986 3712 5079 Spiritu?

2190 5101 2414 5152 rectum
2441 5113 2453 5151 :
2480 5095 2586 5152 hoc
2618 5100 2706 5152 est
2740 5095 3069 5152 innovando
3100 5095 3368 5168 Spiritum
3391 5067 3711 5168 sanctumtllflc

2188 5184 2573 5257 CStaSPil‘itum
2598 5185 2936 5257 Prophetiae.
2972 5154 3248 5258 Spiritum
3281 5165 3617 5258 principalem,
3642 5154 3709 5258 ΡῘ·

2188 5254 2645 5346 trem,Spiritum
2669 5254 2912 5344 rectum,
2935 5254 3144 5330 Filium
3180 5289 3191 5326 :
3223 5267 3476 5342 Spiritum
3499 5254 3708 5310 sanctum,

2189 5363 2469 5434 Spiritum
2501 5367 2794 5418 sanctum.

2260 5473 2286 5498 ‹‹
2323 5449 2549 5504 Docebo
2581 5449 2816 5520 iniquos
2871 5451 2996 5507 vias
3022 5456 3172 5517 tuas,
3203 5455 3255 5503 et
3283 5437 3428 5512 impii
3471 5430 3527 5486 ad
3552 5430 3594 5477 te

2186 5544 2498 5594 vertentur.
2551 5560 2580 5586 »
2612 5538 2684 5592 Ut
2713 5538 3072 5596 declinantes
3102 5557 3134 5594 a
3161 5537 3266 5591 viis
3292 5526 3480 5605 praViSv

2194 5627 2228 5634 _.
2523 5631 2529 5634 _
2701 5626 2711 5634 .
2822 5627 2831 5634 .
2956 5628 2994 5634 --
3401 5618 3516 5634 -...-
3543 5615 3578 5634 ,ι

2187 5627 2334 5684 tiam
2365 5631 2602 5699 agentes
2634 5626 3096 5686 misericordiam
3127 5618 3527 5690 consequantur,
3543 5597 3684 5654 sicutc
