3964 6190
116 383 138 439 l
154 378 270 438 033

1294 362 1788 428 BltEVlARlUM
1836 363 1913 422 IN
1961 361 2099 421 PSA
2113 361 2345 422 LMOS.

3371 364 3523 422 1034

113 527 219 584 ego
250 526 284 565 a
314 512 370 564 te
399 504 859 563 misericordiam
906 506 1256 558 consecutus
1285 517 1438 556 sum.
1472 522 1499 548 «
1535 497 1759 553 Docebo
1789 499 1842 564 Α
1874 493 2064 549 cordis
2096 491 2410 556 humiliati,
2463 490 2768 545 mactando
2820 490 2976 560 vitia,
3012 492 3342 563 jugulando
3372 493 3522 549 deli-

112 600 346 671 iniquos
375 596 498 653 vias
528 601 697 652 tuas:
749 598 805 650 et
835 592 999 665 impii
1048 592 1119 646 ad
1167 595 1223 646 te
1267 593 1693 654 convertentur,
1732 607 1759 634 ››

113 688 222 744 hoc
252 691 359 755 est,
392 701 606 758 ponam
638 683 949 756 meipsum,
983 685 1049 736 ut
1075 695 1271 736 meum
1302 676 1632 749 exemplum
1663 674 1759 729 alii

116 777 440 832 imitentur.

179 890 200 915 ι
237 865 443 920 Libera
464 879 556 918 me
586 863 656 917 de
686 859 1095 934 sanguinibus,
1126 863 1296 914 Deus.
1335 879 1356 906 ι
1394 857 1473 911 De
1504 853 1761 926 peccatis

109 954 350 1011 multis:
386 953 457 1008 de
515 951 728 1023 quibus
785 954 842 1004 et
898 948 1112 1004 Paulus
1170 947 1285 1003 ait:
1349 947 1487 1014 Quia
1542 958 1670 998 caro
1711 944 1762 995 et

101 1045 328 1115 sanguis
356 1057 589 1112 regnum
625 1041 728 1096 Dei
750 1054 860 1094 non
903 1037 1250 1106 possidebunt
1281 1037 1329 1105 (ι
1362 1035 1482 1090 Cor.
1516 1049 1608 1097 xv,
1642 1031 1758 1098 50).

111 1154 132 1183 ι
158 1132 314 1188 Deus
335 1129 542 1186 salutis
565 1145 724 1184 meae.
743 1147 769 1179 ι)
796 1130 840 1182 Α
862 1143 974 1198 quo
999 1133 1127 1198 post
1151 1129 1456 1196 peccatum
1480 1120 1758 1175 vivificor.

107 1222 253 1288 Quia
284 1220 436 1276 alius
468 1217 665 1274 nullus
704 1221 895 1289 potest
925 1216 1031 1270 hoc
1077 1215 1282 1268 facere.
1318 1236 1345 1262 «
1380 1212 1449 1266 Et
1479 1207 1766 1265 exultabit

111 1311 317 1384 lingua
347 1325 476 1365 mea
515 1307 780 1378 justitias
828 1310 982 1361 tuas.
1016 1307 1124 1358 Per
1170 1319 1318 1374 quas
1350 1299 1553 1370 punito
1585 1299 1643 1352 in
1673 1313 1764 1351 me

113 1404 373 1472 peccato,
424 1395 884 1452 misericordiam
935 1391 1251 1465 prtebuisti.
1297 1387 1398 1444 Vel
1431 1385 1767 1460 praedicabit

117 1503 246 1544 mea
274 1486 478 1559 lingua
511 1485 786 1540 mandata
817 1487 938 1537 tua.

185 1599 212 1627 «
244 1573 510 1641 Domine,
561 1572 716 1628 labia
760 1588 885 1626 mea
934 1569 1197 1639 aperies:
1250 1572 1306 1622 et
1335 1583 1400 1622 os
1432 1580 1629 1620 meum
1663 1580 1766 1618 an-

114 1664 412 1722 nuntiabit
438 1663 673 1719 laudem
703 1665 890 1716 tuam.
925 1682 952 1708 »
985 1661 1041 1713 Si
1067 1656 1294 1729 aperias
1333 1672 1398 1710 os
1429 1669 1626 1709 meum
1653 1652 1765 1708 sic-

116 1761 182 1811 ut
205 1752 387 1826 Moysi
420 1752 756 1824 quondam:
791 1764 897 1820 ego
945 1746 1286 1820 przeconabo
1336 1744 1474 1817 quia
1506 1747 1766 1806 sanctus,

115 1844 254 1916 quia
283 1842 440 1915 pius,
473 1839 611 1920 quia
633 1836 966 1894 misericors
997 1853 1078 1891 es.
1105 1835 1204 1890 Vel
1237 1833 1438 1888 clausa
1467 1835 1634 1887 erant
1666 1845 1772 1901 per
1801 1872 1846 1936 Β

117 1937 466 2005 peccatum:
501 1945 605 1984 nec
658 1926 822 1982 locus
870 1929 1014 1995 erat,
1061 1940 1164 1979 nec
1207 1928 1464 1995 tempus,
1505 1935 1609 1975 nec
1641 1933 1768 1990 per-

119 2037 282 2091 sona,
317 2035 424 2076 nec
473 2015 801 2088 exemplum
852 2017 1118 2086 poterant
1167 2012 1343 2066 dare:
1398 2010 1536 2078 Quia
1567 2023 1677 2062 non
1697 2013 1776 2061 est

115 2109 353 2178 pulchra
382 2108 505 2163 laus
534 2108 590 2161 in
620 2121 711 2160 ore
736 2103 1036 2174 peccatoris
1067 2101 1082 2171 (
1119 2101 1283 2156 Eccli.
1323 2116 1379 2166 ν,
1411 2097 1487 2167 9).

190 2229 218 2256 ‹‹
252 2205 540 2272 Quoniam
598 2202 648 2257 si
705 2199 988 2255 voluisses
1056 2197 1428 2259 sacrificium,
1479 2194 1771 2249 dedissem

121 2295 348 2368 utique,
397 2289 756 2348 holocaustis
813 2305 928 2344 non
986 2285 1385 2342 delectabaris.
1440 2306 1466 2331 »
1521 2281 1776 2337 Audiant

118 2383 312 2440 Judaei
345 2380 631 2437 sacriﬁcia
649 2395 758 2434 sua
784 2392 1044 2433 cessasse
1069 2394 1081 2431 :
1115 2373 1446 2447 intelligant
1467 2371 1646 2427 etiam
1674 2385 1776 2441 per

121 2473 310 2528 alium
343 2468 686 2543 prophetam
742 2468 918 2522 Deum
966 2464 1340 2536 loquentem:
1391 2460 1647 2528 Sabbata,
1679 2459 1773 2514 ho-

120 2562 375 2616 locausta
429 2557 845 2626 neomeniasque
913 2557 1122 2610 vestras
1179 2553 1348 2608 adivit
1412 2552 1600 2605 anima
1656 2563 1775 2602 mea

124 2652 253 2722 (Isa.
319 2666 357 2718 ι,
419 2649 504 2701 13.
568 2646 675 2714 ti).
727 2644 873 2710 Quid
933 2658 1068 2714 ergo
1128 2646 1211 2710 tu,
1269 2641 1463 2709 homo,
1523 2636 1776 2693 olferes?

123 2737 273 2793 Audi
309 2734 447 2808 quid
483 2733 739 2804 subjecit
763 2750 775 2787 :
1495 2782 1504 2788 ,

197 2822 622 2881 «Sacrificium
680 2821 796 2876 Deo
853 2818 1096 2891 spiritus
1155 2815 1622 2873 contribulatus:
1678 2831 1778 2870 cor

130 2913 441 2970 contritum
473 2915 529 2967 et
557 2909 933 2964 humiliatum
965 2911 1116 2963 Deus
1156 2923 1270 2962 non
1302 2905 1545 2977 spernit.
1577 2904 1775 2958 Merito

133 3004 279 3058 inter
308 3000 566 3072 reliquas
611 2996 1005 3053 beatitudines
1053 2994 1436 3068 evangelicas,
1477 2992 1776 3048 beatitudo

134 3092 247 3148 haec
279 3090 540 3146 continet
586 3086 999 3159 principatum.
1046 3086 1224 3152 Beati,
1268 3083 1480 3154 inquit,
1509 3096 1779 3153 pauperes

128 3182 344 3250 spiritu,
421 3178 683 3233 auoniam
760 3176 1005 3244 ipsorum
1081 3182 1158 3228 est
1225 3189 1457 3242 regnum
1519 3171 1780 3225 caelorum

1869 589 1982 649 cta,
2015 583 2257 654 dignum
2290 580 2395 635 tibi
2428 578 2901 651 acceptabileque
2928 597 3218 652 praepares
3251 582 3524 639 holocau-

1870 679 2018 727 tum.
2054 679 2259 726 Amen.

2471 738 2818 794 PSALMUS.
2863 738 2932 793 II.

1870 817 1932 871 In
1961 817 2146 884 ﬁnem,
2197 812 2506 866 intellectus
2546 811 2717 865 David
2761 827 2887 884 cum
2926 813 3079 884 uenit
3124 811 3197 884 ad
3221 829 3345 868 eum
3377 819 3523 884 Doeg

1943 883 2237 948 Idumaeas,
2289 891 2338 937 et
2393 883 2751 937 annuntiavit
2802 883 2979 945 Sauli,
3031 887 3084 937 et
3131 883 3318 938 dixit:
3360 883 3526 942 Venit

1943 956 2119 1012 David
2173 958 2230 1010 in
2283 954 2500 1027 domum
2556 953 2893 1027 Achimelech
2964 955 3012 1024 (I
3061 955 3189 1027 Reg.
3241 972 3380 1010 χχιι.
3440 957 3518 1027 9).

1943 1030 2002 1082 In
2037 1041 2349 1098 regnorum
2383 1025 2549 1098 libro,
2598 1029 2654 1098 et
2710 1024 2767 1078 in
2803 1025 2927 1096 ipso
2973 1025 3272 1098 Hebraico,
3297 1024 3521 1082 Psalte-

1944 1100 2050 1168 rio,
2102 1095 2937 1169 Abimelech,__scriptum_est:
2973 1098 3072 1151 sed
3099 1096 3377 1169 quoniam
3410 1098 3531 1154 bell:

1943 1174 2000 1225 et
2039 1167 2192 1240 'caph
2251 1168 2402 1238 apud
2467 1167 2734 1241 Hebraios
2793 1167 3020 1241 litterae,
3081 1167 3310 1241 modico
3365 1171 3530 1241 apice

1945 1238 2395 1312 distinguuntur
2423 1255 2434 1290 :
2470 1238 2598 1292 ideo
2629 1255 2790 1293 error
2819 1238 3048 1294 facilius
3079 1240 3355 1312 obrepsit.
3390 1238 3530 1297 Abi-

1947 1310 2170 1367 melech
2218 1311 2655 1380 interpretatur,
2706 1327 2940 1377 regnum
2975 1313 3154 1380 patris
3192 1310 3320 1367 mei.
3356 1313 3532 1369 David

1948 1380 2578 1454 interpretatumfortis
2609 1398 2792 1436 manu.
2819 1381 2997 1454 Venit
3036 1383 3094 1436 in
3127 1384 3368 1438 domum
3400 1384 3536 1439 Abi-

1946 1452 2167 1509 melech
2195 1471 2208 1507 :
2270 1458 2325 1506 et
2359 1452 2649 1526 _Chris_tus
2675 1452 2860 1526 __venit
2917 1452 2975 1506 in
3022 1470 3265 1526 regnum
3295 1455 3532 1510 Judaao-

1947 1541 2099 1597 rum.
2157 1528 2285 1597 ,Per
2352 1522 2490 1577 Saul
2551 1521 2900 1597 intelligitur
2931 1521 3126 1579 mors':
3191 1543 3294 1597 per
3351 1526 3531 1582 David

1945 1596 2079 1667 vita.
2143 1595 2290 1667 Quid
2333 1599 2432 1667 est
2479 1594 2634 1667 quod
2689 1611 2847 1667 mors
2898 1594 3270 1667 persequitur
3327 1597 3530 1666 vitam,

1948 1666 2061 1722 nisi
2090 1666 2243 1739 quod
2294 1665 2366 1720 ab
2415 1664 2579 1719 initio
2611 1664 2808 1739 szeculi
2844 1664 3103 1739 semper
3139 1684 3297 1722 mors
3327 1664 3532 1739 perseé

1949 1739 2150 1810 quitur
2181 1737 2354 1790 vitam
2388 1741 2646 1790 nostram
2671 1736 2697 1789 ?
2749 1736 2896 1800 Quia
2925 1736 3023 1810 qui
3071 1737 3182 1810 ista
3223 1736 3533 1809 praesentia

1950 1808 2183 1864 amant:
2215 1812 2646 1879 persequuntur
2667 1813 2930 1862 sanctam
2957 1808 3278 1879 Ecclesiam
3302 1828 3318 1879 :_
3341 1811 3396 1865 id
3420 1815 3532 1877 est,

1945 1880 2078 1935 illos
2108 1875 2495 1950 qui'coeles'tia
2543 1878 2817 1949 diligunt.
2851 1879 3120 1934 Psalmus
3160 1875 3358 1938 vocem
3392 1875 3528 1937 con;

1950 1953 2098 2007 tinet
2129 1951 2419 2024 prophetae
2453 1957 2685 2024 peccata
2704 1951 2929 2024 Judaici
2956 1951 3153 2024 populi
3182 1953 3533 2024 exprobran-

1954 2025 2065 2078 tis:
2102 2024 2171 2077 ad
2207 2023 2398 2093 ipsum
2429 2022 2585 2077 enim
2615 2021 2732 2076 haec
2765 2021 3047 2092 loquitur,
3077 2021 3314 2078 dicens:

1956 2134 1985 2162 ‹‹
2016 2111 2162 2177 Quid
2195 2108 2464 2181 gloriaris
2515 2109 2572 2163 in
2604 2108 2875 2164 malitia?
2897 2132 2926 2158 »
2971 2110 3087 2165 Cur
3125 2111 3362 2167 monitis
3393 2113 3536 2168 divi-

1884 2201 1976 2256 nis
2006 2199 2236 2266 obvius,
2267 2198 2578 2270 prophetas
2601 2198 2877 2254 interﬁcis
2899 2199 2926 2251 ?
2958 2223 2983 2248 «
3016 2200 3122 2265 Qui
3146 2206 3351 2272 potens
3383 2219 3445 2257 es
3475 2203 3535 2258 in

1883 2289 2213 2360 iniquitate.
2248 2308 2277 2336 ››
2307 2286 2451 2342 Nam
2489 2303 2622 2341 cum
2653 2303 2760 2358 ope
2804 2287 2904 2342 Dei
2936 2305 3225 2358 crescens,
3257 2289 3538 2348 interﬁcis

1885 2378 2198 2450 prophetas
2230 2377 2395 2446 ejus:
2429 2376 2536 2431 hoc
2566 2377 2635 2430 ad
2678 2374 2986 2431 cumulum
3029 2378 3241 2434 auxisti
3277 2378 3540 2448 malitiae,

1886 2472 1949 2521 ut
2009 2467 2204 2538 ipsum
2263 2464 2577 2519 Dominum
2637 2464 2897 2519 traderes
2957 2465 3100 2521 neci.
3162 2465 3286 2521 Vel.
3323 2489 3351 2517 «
3397 2467 3538 2539 quid

1883 2555 2156 2627 gloriaris
2188 2554 2247 2608 in
2281 2552 2551 2608 malitia?
2577 2575 2604 2602 ››
2637 2554 2742 2608 hoc
2773 2558 2862 2608 est
2901 2555 3109 2621 Adam,
3143 2560 3199 2610 et
3229 2556 3534 2612 diabolus:

1885 2645 2025 2717 quia
2083 2644 2236 2715 quod
2298 2648 2448 2698 Deus
2495 2642 2815 2709 aedificavit,
2867 2643 2950 2696 illi
3009 2645 3424 2700 destruxerunt
3479 2645 3538 2701 in

1885 2732 2254 2804 semetipsis:
2310 2731 2626 2802 imaginem
2678 2731 2774 2786 Ι)θί
2823 2736 2879 2786 et
2932 2732 3292 2803 angelorum.
3350 2757 3378 2783 ‹‹
3430 2736 3540 2800 Qui

1885 2829 2089 2894 potens
2120 2839 2181 2877 es
2213 2821 2272 2875 in
2321 2820 2648 2892 iniquitate.
2681 2839 2707 2870 η
2750 2820 2872 2877 Non
2926 2820 2984 2874 in
3018 2822 3295 2890 bonitate,
3342 2823 3442 2878 sed
3475 2822 3537 2878 in

1885 2911 2218 2983 iniquitate.

1959 3025 1985 3050 ‹‹
2022 3002 2168 3054 Tota
2218 2999 2330 3054 die.
2369 3022 2390 3049 ι
2452 2998 2636 3053 Omne
2686 3003 2920 3070 tempus
2965 2999 3093 3052 vitae
3146 2999 3204 3053 in
3254 3015 3368 3070 quo
3418 3000 3539 3057 haec

1887 3089 2113 3144 malitia
2145 3103 2334 3158 usque
2381 3087 2452 3141 ad
2505 3087 2850 3141 effusionem
2901 3086 3186 3142 Dominici
3231 3090 3541 3162 sanguinis

1891 3182 2207 3250 propagata
2232 3181 2339 3232 est.
2376 3200 2403 3225 ‹‹
2437 3175 2791 3246 Injustitiam
2823 3175 3097 3247 cogitavit
3126 3175 3326 3248 lingua
3355 3183 3477 3234 tua.
3512 3200 3542 3229 »

130 3241 426 3337 (llatlhiv,
475 3266 550 3337 3).
607 3264 712 3329 Qui
776 3241 890 3319 non
949 3262 1008 3316 in
1061 3241 1414 3317 vanitatibus
1465 3257 1660 3314 saeculi
1689 3257 1776 3312 in-

1949 3266 2179 3338 agitatio
2213 3263 2565 3337 sapientium
2598 3265 2770 3319 corde
2818 3265 3164 3336 concipitur,
3198 3241 3255 3320 et
3286 3283 3383 3323 ore
3413 3284 3547 3338 pro-

133 3357 360 3428 ﬂantur,
395 3357 500 3413 sed
529 3371 563 3410 a
595 3358 707 3408 Deo
752 3351 1047 3424 accipiunt
1095 3350 1454 3422 spiraculum
1494 3348 1662 3414 vitae;
1697 3351 1783 3402 at-

139 3463 242 3518 que
272 3444 688 3503 contritionem
737 3440 891 3496 anxii
939 3439 1134 3496 cordis
1164 3440 1220 3494 in
1276 3455 1410 3494 eum
1443 3437 1785 3502 refundunt,

143 3536 234 3608 qui
265 3553 364 3608 pro
390 3533 570 3590 nobis
599 3530 845 3586 humilis
875 3530 1062 3585 factus
1097 3533 1205 3584 est.
1236 3527 1339 3582 Vel
1371 3526 1538 3583 multi
1572 3527 1788 3581 habent

145 3639 234 3679 cor
261 3623 614 3686 contritum,
644 3620 744 3675 sed
777 3635 891 3674 non
941 3618 1158 3673 habent
1200 3616 1573 3672 humiliatum
1605 3632 1617 3670 :
1649 3613 1789 3686 quia

145 3713 424 3786 plangunt
457 3710 610 3783 quod
639 3709 931 3765 iecerunt:
961 3711 1019 3762 et
1039 3711 1244 3778 postea
1265 3705 1335 3760 ad
1361 3704 1554 3776 ipsum
1583 3702 1787 3759 reverti

145 3800 491 3868 desiderant,
541 3799 696 3870 quod
751 3801 920 3852 antea
968 3796 1262 3851 fecerunt:
1298 3799 1355 3849 et
1397 3794 1467 3849 de
1500 3792 1788 3865 praeterito

147 3889 334 3946 nolunt
364 3888 676 3964 paenitere.

210 3979 528 4052 «Benigne
560 3977 669 4042 iac,
720 3972 984 4030 Domine.
1032 3996 1052 4020 ι
1091 3972 1206 4027 Hoc
1255 3977 1364 4039 est,
1399 3970 1669 4043 placitam
1702 3969 1790 4024 fac

149 4081 300 4137 spem
329 4073 620 4126 nostram.
654 4087 681 4114 »
713 4063 775 4118 In
801 4063 958 4118 bona
987 4059 1284 4116 voluntate
1323 4064 1444 4125 tua,
1477 4059 1635 4114 Sion.
1670 4059 1793 4122 Qua

149 4157 426 4213 tacentem
442 4155 696 4228 plamur.
720 4175 748 4201 »
764 4151 1206 4206 Etzediﬁcentur
1222 4149 1374 4204 muri
1391 4147 1740 4204 Jerusalem.
1761 4169 1789 4197 ››

152 4240 502 4302 Munitiones
534 4242 667 4298 fidei
697 4239 1118 4311 charitatisque
1150 4239 1308 4294 illius
1343 4255 1490 4310 quos
1517 4239 1574 4292 in
1609 4235 1796 4291 Eccle-

151 4329 230 4387 sia
257 4335 424 4405 positi
471 4333 530 4388 in
563 4336 618 4386 te
647 4329 1078 4386 collocavimus.

219 4444 243 4470 «
271 4426 425 4480 Tunc
463 4418 795 4492 acceptabis
841 4417 1195 4473 sacriﬁcium
1236 4416 1500 4486 justitiac,
1546 4413 1795 4468 oblatio-

163 4521 255 4564 nes
281 4515 336 4566 et
361 4511 729 4568 holocausta.
784 4529 813 4556 n
862 4507 1008 4561 Cum
1035 4504 1122 4559 vel
1171 4509 1227 4558 te
1275 4520 1378 4576 pro
1423 4501 1593 4557 nobis
1627 4503 1798 4557 olfers

1809 3943 1812 3946 .
1900 3888 2164 3943 lateribus
2239 3887 2516 3957 aquilonis
2537 3905 2557 3940 .·

1895 3356 2096 3411 fertur.
2131 3355 2277 3409 Nam
2324 3354 2383 3408 in
2430 3369 2529 3408 ore
2580 3353 2918 3422 stultorum,
2969 3370 3065 3408 cor
3114 3371 3340 3410 eorum.
3391 3359 3468 3412 Ac
3500 3356 3551 3412 si

1895 3444 2148 3500 diceret:
2182 3443 2307 3497 Non
2351 3443 2618 3497 tractavit
2667 3442 2857 3510 corde,
2897 3443 3050 3514 quod
3105 3444 3286 3498 vomit
3317 3461 3383 3500 ex
3414 3461 3548 3501 ore:

1897 3533 2024 3588 ideo
2056 3533 2176 3586 haec
2206 3531 2276 3586 ad
2329 3530 2737 3601 cogitationem
2786 3530 2997 3586 detulit
3048 3531 3283 3604 linguae.
3324 3532 3427 3588 Vel
3459 3534 3555 3589 hic

1899 3621 2097 3690 lingua
2155 3637 2256 3692 pro
2317 3620 2488 3674 corde
2548 3620 2820 3691 ponitur:
2871 3621 3196 3676 secundum
3253 3621 3433 3678 illud:
3483 3623 3554 3679 Tu

1898 3711 2104 3766 dixisti
2135 3712 2189 3763 in
2217 3709 2374 3764 corde
2404 3717 2514 3776 tuo,
2550 3710 2606 3762 in
2640 3708 2834 3762 cwlum
2860 3709 3170 3776 ascendam,
3203 3727 3376 3780 super
3405 3720 3555 3769 astra

1897 3800 2022 3854 caeli
2047 3785 2250 3868 ponam
2305 3797 2484 3852 sedem
2537 3812 2732 3863 meam,
2765 3798 2826 3851 in
2880 3803 3058 3854 mon-te
3111 3801 3450 3866 testamenti,
3492 3803 3553 3856 in

2633 3886 2919 3942 ascendam
2973 3904 3140 3959 super
3192 3889 3552 3943 altitudinem

1898 3977 2130 4032 nubium
2149 3997 2168 4043 ;
2225 3977 2424 4030 similis
2482 3991 2572 4030 ero
2629 3976 2901 4031 altissimo
2948 3981 3065 4045 (Isa
3119 3993 3234 4042 xxv,
3293 3977 3376 4042 13,
3440 3977 3547 4048 iri).

1905 4088 1932 4115 (ι
1963 4065 2122 4119 Sicut
2153 4063 2433 4119 novacula
2463 4068 2653 4130 acuta,
2703 4063 2884 4118 fecisti
2939 4063 3159 4118 dolum.
3199 4088 3218 4112 ι
3258 4063 3432 4119 Dolus
3463 4071 3552 4120 est

1902 4170 2034 4208 cum
2069 4151 2225 4206 aliud
2261 4153 2471 4223 agitur,
2506 4151 2662 4206 aliud
2717 4151 3049 4207 simulatur.
3095 4153 3162 4207 Et
3195 4151 3476 4208 novacula
3501 4153 3553 4208 si

1902 4241 2190 4298 assimilet
2218 4256 2388 4312 agere
2434 4239 2630 4294 vultus
2677 4239 2946 4305 nitorem,
2992 4246 3049 4294 et
3095 4257 3274 4312 genas
3317 4240 3555 4298 vulnere

1905 4347 2010 4385 suo
2043 4329 2287 4391 sauciet,
2339 4327 2539 4381 dolum
2591 4327 2779 4381 faciet.
2831 4327 2975 4389 Quia
3019 4344 3152 4383 cum
3192 4328 3272 4383 ait
3303 4335 3558 4401 acutam,

1907 4416 2187 4474 indicavit
2219 4416 2350 4470 dolo
2401 4420 2713 4469 versatam.
2770 4416 2863 4470 Sic
2912 4420 2968 4470 et
3005 4415 3187 4471 Judaei
3222 4417 3562 4484 Dominum,

1910 4522 2084 4578 quem
2115 4503 2303 4559 colore
2335 4503 2674 4570 debuerant,
2711 4520 2823 4558 non
2857 4503 3046 4559 solum
3073 4522 3187 4560 non
3221 4505 3563 4562 coluerunt:

170 4593 343 4655 Patri:
402 4601 492 4657 vel
526 4616 560 4655 a
617 4595 785 4652 nobis
841 4594 1045 4650 laudes
1103 4598 1159 4648 et
1205 4592 1528 4665 gratiarum
1585 4591 1800 4662 accipis
1834 4605 1878 4668 ι)
1912 4596 2011 4651 sed
2045 4592 2289 4648 diversis
2320 4591 2472 4646 dolis
2503 4609 2779 4663 superare
2824 4594 3096 4659 nitentes,
3129 4594 3566 4650 interfecerunt.

171 4686 430 4744 actiones.
463 4687 592 4754 Vel,
626 4710 652 4735 ‹‹
687 4684 839 4740 muri
867 4681 1216 4750 Jerusalem,
1245 4703 1270 4729 ››
1303 4681 1544 4735 virtutes
1575 4681 1802 4749 animae,

170 4772 248 4826 vel
280 4775 562 4835 Ecclesiae.
599 4797 627 4826 «
668 4775 832 4830 Tunc
881 4770 1209 4843 acceptabis
1259 4768 1651 4835 sacriﬁcium;
1688 4791 1714 4817 ››
1749 4769 1805 4823 id

171 4866 266 4930 est,
298 4866 722 4923 confessionem
781 4879 847 4918 ex
903 4878 1001 4917 ore
1058 4856 1396 4931 peccatoris.
1445 4856 1803 4924 Oblationem,

175 4945 272 5005 hoc
301 4959 386 5010 est
413 4955 811 5012 laudationem
843 4975 870 5001 «
906 4955 963 5006 et
1010 4948 1373 5004 holocausta.
1431 4951 1590 5001 Tunc
1621 4945 1806 5018 impo-

178 5044 302 5093 nent
355 5059 530 5115 super
583 5043 764 5099 altare
815 5045 942 5095 tum
999 5036 1232 5093 vitulos.
1285 5058 1305 5083 »
1368 5036 1567 5101 Λιιανε,
1624 5035 1805 5090 ﬁdes:

181 5127 305 5192 (illia
331 5132 612 5204 quidquid
637 5131 810 5186 offers
841 5146 943 5202 per
971 5129 1146 5183 fidem
1169 5127 1373 5180 ollerre
1399 5125 1576 5178 debes
1601 5143 1613 5179 :
1649 5124 1810 5178 Vitu-

181 5207 312 5278 lum,
344 5217 564 5288 laudes,
597 5219 683 5275 vel
733 5217 1135 5291 cogitationes,
1184 5213 1272 5269 vel
1321 5213 1608 5280 victimas,
1653 5213 1808 5268 scili-

185 5307 280 5371 cet,
306 5311 367 5360 ut
398 5311 688 5382 meipsum
721 5309 958 5365 offeram
991 5305 1243 5361 hostiam
1279 5302 1490 5366 vivam,
1524 5308 1809 5372 sanctam,

187 5387 496 5453 placentem
540 5398 665 5453 tibi.
715 5397 832 5452 Nos
880 5411 1110 5466 quoque
1159 5390 1364 5447 famuli
1405 5391 1487 5445 tui
1519 5391 1814 5462 supplices

189 5472 572 5554 deprecamur,
636 5486 876 5542 Domine
943 5485 1078 5539 Jesu
1145 5481 1391 5551 Christe,
1465 5484 1528 5534 ut
1586 5481 1817 5550 pietatis
1926 5489 2107 5538 tatem
2160 5481 2366 5551 magis,
2419 5497 2593 5551 quam
2647 5480 2805 5552 loqui
2866 5483 3228 5554 aequitatem.
3295 5509 3321 5534 ››

185 5566 431 5638 consilio,
481 5575 709 5648 magnis
759 5573 1115 5628 facinoribus
1169 5570 1408 5638 nostris,
1464 5569 1815 5623 immensam

183 5649 627 5724 misericordiam
669 5661 975 5738 largiaris:
1009 5676 1233 5733 nosque
1276 5675 1380 5735 per
1407 5657 1816 5718 contritionem

454 5789 722 5854 Panos.
771 5788 985 5854 XXVI.

1915 4683 2014 4739 Vel
2067 4683 2267 4738 aliter:
2322 4683 2614 4748 Novacula,
2669 4687 3066 4753 persecutores
3120 4683 3566 4755 intelliguntur:

1918 4773 2057 4845 quia
2089 4771 2368 4825 novacula
2398 4770 2674 4841 capillum
2724 4771 2968 4825 incidit:
3005 4773 3105 4826 sed
3158 4789 3261 4844 per
3294 4772 3571 4844 capillum

1919 4859 2290 4932 superfluitas
2337 4858 2668 4913 divitiarum
2722 4858 3088 4931 intelligitur.
3127 4881 3153 4912 α
3185 4863 3348 4916 Sicut
3393 4877 3570 4916 nova-

1919 4951 2048 5006 cula
2076 4955 2266 5015 acuta,
2317 4948 2502 5003 fecisti
2552 4947 2773 5002 dolum.
2814 4971 2839 4996 ››
2890 4949 2989 5004 Ille
3037 4950 3173 5004 facit
3212 4950 3434 5021 dolum,
3469 4949 3571 5021 qui

1917 5039 1977 5093 in
2012 5037 2242 5109 negotio
2287 5037 2666 5091 circumvenit
2715 5038 2951 5091 fratrem
3001 5055 3196 5093 suum.
3230 5039 3390 5094 Unde
3421 5043 3571 5094 Pau-

1919 5128 2012 5184 lus
2043 5127 2160 5182 ait:
2193 5131 2359 5184 Nemo
2406 5126 2822 5193 circumveniat,
2871 5131 2970 5180 aut
3015 5128 3470 5198 supergrediatur
3513 5129 3573 5182 in

1919 5218 2133 5287 negotio
2157 5218 2393 5286 fratrem
2438 5231 2618 5284 suum,
2669 5216 2798 5284 quia
2836 5215 2902 5270 de
2944 5217 3031 5271 his
3077 5217 3328 5272 omnibus
3374 5217 3578 5273 vindex

1921 5313 2000 5362 est
2034 5306 2293 5360 Dominus
2326 5305 2373 5374 (Ι
2397 5304 2530 5357 Tess.
2573 5318 2646 5368 Iv,
2680 5303 2756 5373 6).
2835 5325 2848 5338 ι

1995 5417 2023 5445 ‹‹
2060 5393 2320 5448 Dilcxisti
2353 5391 2631 5446 malitiam
2661 5409 2838 5462 super
2873 5393 3290 5466 benignitatem
3325 5415 3337 5452 :
3368 5396 3585 5467 iniqui-

3377 5485 3592 5540 Dilexit

1930 5571 2183 5645 populus
2206 5569 2300 5624 ille
2323 5569 2628 5635 malitiam,
2649 5586 2782 5624 cum
2807 5586 2940 5626 eum
2962 5573 3059 5644 qui
3082 5573 3443 5645 benignitate
3461 5589 3591 5644 pro-

1928 5660 2056 5736 pria
2086 5659 2156 5716 ad
2186 5656 2555 5716 liberandum
2576 5664 2834 5732 venerat,
2866 5662 3180 5720 interemit.
3214 5663 3325 5720 Sed
3351 5666 3406 5719 et
3435 5675 3590 5723 nunc

3234 5787 3310 5857 33
