3964 6190
159 375 310 440 1037

157 538 226 548 ——
258 530 283 556 ι‹
320 505 472 561 Dixit
504 506 783 577 insipiens,
817 505 1062 578 populos
1091 505 1396 571 Judaicus,
1445 505 1564 561 sive
1595 505 1798 561 diabo-
1833 508 1884 572 Α

158 581 275 660 lus,
306 610 415 650 non
439 597 520 649 est
551 595 704 650 Deus.
739 599 818 648 Ac
865 593 914 650 si
966 593 1142 649 dicat.
1205 611 1317 649 non
1378 599 1466 649 est
1538 593 1804 649 Christus

160 683 343 740 Filius
366 682 490 739 Dei.

182 838 186 840 _
239 793 260 823 ι
291 771 562 844 Corrupti
594 776 750 827 sunt.
789 795 808 819 ι
849 771 926 827 De
953 771 1077 844 lege
1107 773 1270 827 bonas
1312 776 1553 828 naturae.
1587 794 1615 821 ‹‹
1649 772 1796 826 Abo-

167 860 479 929 minabiles
525 859 659 915 facti
688 866 846 916 sunt.
881 883 908 909 ››
936 861 1052 916 Hoc
1076 865 1184 927 est,
1207 861 1457 916 odibiles
1479 860 1614 916 facti
1645 869 1806 915 sunt.

166 974 196 1008 ις
229 951 290 1006 In
322 949 734 1020 iniquitatibus
767 949 912 1004 suis.
950 971 978 998 »
1009 949 1126 1004 Hoc
1184 955 1292 1016 est,
1356 949 1415 1004 in
1474 948 1805 1004 desideriis.

163 1039 313 1095 suis.
346 1038 529 1095 Deum
561 1038 726 1094 stulti
757 1054 890 1093 cum
923 1054 1020 1093 ore
1070 1054 1278 1110 negare
1337 1038 1464 1093 ausi
1524 1054 1638 1093 non
1671 1037 1814 1104 sint,

163 1127 338 1184 corde
366 1131 564 1182 tamen
595 1126 797 1181 dicunt
828 1142 962 1181 eum
1014 1143 1128 1181 non
1187 1142 1316 1181 esse
1350 1143 1362 1180 :
1396 1125 1456 1181 in
1490 1143 1606 1197 quo
1659 1125 1814 1180 malo

169 1215 483 1272 horribiles
511 1219 568 1271 et
597 1214 1020 1271 abominabiles
1050 1215 1165 1271 Deo
1197 1214 1364 1270 ﬁunt.
1391 1238 1416 1264 ‹‹
1450 1214 1576 1270 Non
1607 1219 1695 1270 est
1717 1213 1816 1285 qui

175 1304 352 1361 faciat
379 1303 599 1359 bonum
634 1320 646 1358 :
682 1320 797 1359 non
830 1308 917 1358 est
938 1320 1121 1374 usque
1153 1303 1224 1358 ad
1259 1319 1463 1358 unum.
1501 1325 1527 1352 »
1561 1303 1686 1358 Non
1746 1303 1817 1357 de

170 1392 468 1458 omnibus,
499 1392 598 1448 sed
623 1392 693 1447 de
727 1391 816 1448 his
845 1392 1118 1447 omnibus
1182 1396 1434 1459 tantum,
1490 1392 1587 1463 qui
1635 1395 1815 1446 Deum

167 1485 408 1552 negant,
442 1479 724 1554 propheta
755 1481 916 1546 dicit,
969 1481 1109 1552 quia
1159 1479 1466 1552 aliquoties
1525 1480 1678 1534 bona
1736 1479 1818 1533 lo-

169 1573 458 1641 quuntur,
490 1585 792 1640 nunquam
829 1575 1021 1623 tamen
1053 1569 1293 1624 faciunt.

249 1690 271 1716 ι
303 1666 583 1721 Dominus
614 1667 685 1722 de
717 1666 858 1721 caelo
887 1665 1182 1738 prospexit
1216 1683 1392 1738 super
1423 1665 1574 1720 ﬁlios
1632 1664 1820 1722 homi-

174 1771 344 1822 num,
376 1757 441 1811 ut
467 1754 662 1810 videat
700 1754 750 1810 si
809 1759 898 1811 est
947 1753 1300 1827 intelligens,
1361 1761 1465 1810 aut
1521 1754 1825 1825 requirens

1319 376 1605 436 BREVIA
1620 375 1811 434 RIUM
1861 375 1936 434 IN
1987 375 2366 434 PSALMOS.

3416 378 3569 434 1038

1993 528 2016 552 ‹‹
2052 504 2190 566 Quis
2223 504 2385 558 dabit
2415 520 2481 558 ex
2514 502 2650 558 Sion
2682 503 2937 558 salutare
2971 504 3142 560 Israel
3175 506 3200 559 ‘t
3231 527 3257 554 n
3292 506 3364 559 De
3409 507 3562 572 Sion,

1919 597 1981 647 ut
2010 592 2090 646 ait
2122 592 2422 663 propheta,
2453 592 2626 646 exibit
2665 593 2792 658 Lex,
2828 599 2877 646 et
2934 595 3160 646 verbum
3218 596 3444 649 Domini
3497 595 3562 649 de

1914 682 2215 736 Jerusalem
2249 682 2377 751 (lsa.
2412 698 2472 750 ιι,
2504 681 2580 751 2),
2624 703 2651 729 ‹‹
2707 680 2848 743 Quis
2898 681 3113 735 dabit?
3149 702 3174 733 α
3207 682 3358 738 Deus
3388 687 3560 740 Pater

1918 770 2080 824 dedit
2123 769 2335 823 Filium
2369 786 2542 823 suum
2576 768 2634 823 in
2657 769 2794 824 Sion
2826 786 2838 835 ;
2874 768 2982 824 hoc
3014 774 3123 836 est,
3178 769 3235 823 in
3298 775 3568 827 sanctam

1920 857 2258 913 Ecclesiam.
2294 881 2320 907 «
2355 857 2620 912 Salutare
2670 857 2864 912 Israel.
2926 879 2952 905 ››
3013 857 3300 917 Salutaris
3364 864 3573 915 noster

1869 1007 1874 1010 _
1921 947 2188 1002 Christus
2215 951 2323 1002 est.
2355 946 2496 1010 Quis
2527 946 2689 1002 dabit
2718 947 2830 1001 nisi
2881 946 3167 1002 Dominus
3200 946 3258 1000 in
3318 948 3572 1003 adventu

1923 1052 2051 1102 suo,
2085 1052 2187 1108 per
2217 1052 2390 1106 quem
2443 1034 2690 1106 gloriam
2747 1035 3087 1091 aeternitatis
3141 1035 3574 1107 speculamur?

1925 1147 1952 1174 «
1985 1130 2128 1180 Cum
2159 1124 2430 1180 averterit
2481 1125 2760 1179 Dominus
2791 1124 3188 1196 captivitatem
3214 1125 3400 1197 plebis
3427 1142 3574 1181 sua).

1924 1213 2052 1284 Ipse
2078 1229 2330 1284 quoque,
2363 1227 2565 1268 aversa
2586 1212 2914 1284 captivitate
2941 1212 3238 1283 vitiorum,
3264 1213 3443 1268 erexit
3465 1229 3578 1270 nos

1927 1302 1985 1355 in
2018 1301 2282 1356 libertate
2315 1301 2621 1355 virtutum.
2683 1301 2762 1355 De
2815 1318 2930 1372 qua
2989 1302 3324 1373 captivitate
3382 1302 3575 1357 dicit:

1927 1390 2056 1445 Jam
2089 1389 2372 1459 redempti
2404 1391 2543 1443 sunt
2590 1389 2660 1443 de
2709 1394 2942 1460 peccato
3001 1391 3134 1445 Adae
3171 1409 3182 1456 ;
3218 1391 3318 1445 sed
3383 1396 3579 1446 tamen

1929 1479 2120 1534 adhuc
2155 1479 2210 1531 in
2244 1478 2576 1549 captivitate
2606 1478 2956 1542 detinemur,
2990 1478 3128 1549 quia
3159 1495 3271 1534 non
3315 1484 3403 1534 est
3433 1480 3578 1534 inte-

1931 1585 2035 1640 gra
2067 1566 2328 1634 libertas,
2362 1567 2500 1637 quia
2529 1565 2660 1620 dum
2688 1583 2876 1620 sumus
2930 1569 2988 1620 in
3041 1584 3278 1638 corpore.
3340 1571 3582 1639 peregri-

1933 1657 2454 1711 namuraDomino
2512 1656 2585 1725 (II
2641 1657 2762 1709 Cor.
2823 1673 2877 1719 v,
2935 1657 3010 1724 6).
3073 1657 3136 1710 Et
3195 1657 3333 1711 item
3393 1656 3579 1713 dicit:

1934 1743 2144 1815 Infelix
2172 1760 2268 1813 ego
2298 1744 2476 1808 homo,
2511 1745 2632 1814 quis
2663 1759 2747 1797 me
2787 1744 3041 1798 liberabit
3069 1743 3132 1798 de
3163 1760 3388 1816 corpore
3435 1761 3582 1800 mor-

171 1843 511 1899 Dominum.
551 1866 571 1892 ι
609 1843 664 1898 id
697 1848 806 1914 est,
867 1847 932 1898 ut
990 1843 1275 1898 inveniret
1325 1859 1475 1914 quos
1535 1842 1776 1915 eligeret
1808 1858 1822 1896 :
1857 1876 1904 1940 Β
1939 1835 2008 1887 iis
2033 1833 2196 1903 hujus
2217 1831 2462 1940 ῖῖῃῧναιία
2497 1832 2590 1885 Dei
2741 1831 3264 1940 ζεὲξιητοσίινίςςίαηξ.
3290 1833 3585 1940 Πορτίξξαίη

175 1933 334 1988 sicut
361 1933 658 2004 quondam
687 1932 746 1987 in
799 1931 1097 2004 prophetis
1128 1931 1593 2004 patriarchisque
1647 1931 1783 1986 fecit
1811 1946 1822 1985 :

176 2021 602 2092 inventumque
628 2026 910 2092 tanquam
945 2020 1619 2092 propriummanciparet
1644 2020 1830 2075 alum-

182 2127 352 2166 num.
389 2111 722 2183 Prospicere
748 2116 804 2164 et
834 2109 1049 2176 videre,
1084 2109 1408 2182 ignorantis
1439 2115 1496 2164 et
1516 2107 1829 2181 querentis

181 2205 296 2256 est.
329 2199 629 2271 Numquid
662 2199 816 2253 Deus
842 2197 1061 2268 aliquid
1094 2198 1374 2270 ignorat?
1403 2198 1553 2264 Non,
1577 2198 1676 2252 sed
1700 2194 1830 2252 coeli

179 2288 374 2344 sancti
405 2293 545 2344 sunt
577 2305 589 2342 :
623 2292 687 2342 ut
715 2287 796 2342 ait
854 2287 1141 2358 Propheta
1175 2303 1186 2342 :
1221 2288 1360 2344 Cwli
1409 2294 1672 2342 enarrant
1709 2287 1828 2356 glo-

177 2378 335 2433 riam
360 2377 456 2430 Dei
477 2376 648 2447 (Psal.
682 2391 839 2446 xvm,
871 2375 947 2447 2).
984 2380 1048 2429 Et
1078 2374 1216 2430 alibi
1240 2377 1410 2446 juxta
1434 2374 1777 2446 Apostolum
1814 2391 1826 2428 :

179 2469 389 2520 Nostra
418 2466 952 2519 autemetinversatio
983 2466 1042 2519 in
1081 2465 1239 2520 cwlis
1288 2467 1365 2520 est
1414 2465 1683 2537 (Philipp.
1747 2481 1830 2532 Ill,

178 2555 281 2621 20)
317 2571 329 2609 :
363 2552 502 2624 quia
537 2552 790 2624 Spiritus
828 2558 1068 2609 sanctus
1101 2553 1236 2608 facit
1293 2558 1527 2609 sanctos
1558 2569 1754 2610 amare
1777 2557 1834 2608 et

181 2642 431 2714 diligere
462 2641 666 2709 Deum,
700 2647 758 2696 et
789 2643 911 2714 ipse
944 2641 1192 2714 Spiritus
1240 2647 1480 2698 sanctus
1537 2643 1691 2697 Deus
1721 2647 1829 2711 est,

181 2730 640 2802 ProspicitDeus
674 2747 773 2802 per
802 2748 941 2786 suos
972 2736 1225 2800 sanctos,
1252 2732 1390 2803 quia
1421 2731 1516 2786 ille
1541 2732 1833 2803 prmdicat,

181 2826 244 2875 et
276 2819 540 2891 loquitur
563 2835 664 2891 per
695 2819 847 2884 illos,
911 2825 975 2874 ut
1033 2820 1318 2876 Dominus
1369 2821 1452 2876 ait
1485 2822 1640 2876 :Non
1687 2822 1836 2876 enim

183 2925 290 2964 vos
315 2911 454 2964 esti:
472 2909 568 2978 qui
607 2908 920 2980 loquimini,
966 2909 1058 2964 sed
1115 2909 1353 2980 Spiritus
1397 2911 1586 2965 Patris
1643 2909 1833 2977 vestri,

185 2997 292 3069 qui
319 2997 568 3069 loquitur
593 2999 652 3053 in
680 2997 850 3052 vobis.
885 2998 1102 3068 (Matth.
1135 3015 1190 3067 x,
1223 2999 1335 3065 20).

269 3116 296 3143 ι
331 3093 544 3149 Omnes
564 3092 1204 3159 declinaverunt,simul
1237 3093 1473 3150 inutiles
1505 3095 1641 3150 facti
1665 3099 1830 3150 sunt.

187 3184 258 3238 Hi
291 3181 804 3254 insipientes,quia
834 3198 947 3238 non
980 3182 1360 3253 requirebant
1391 3183 1573 3238 Deum
1602 3200 1614 3238 :
1657 3184 1836 3239 «Om-

189 3287 304 3328 nes
333 3270 786 3335 declinaverunt,
815 3294 842 3318 »
867 3271 925 3325 in
955 3270 1254 3342 passiones
1288 3288 1300 3326 ε
1343 3291 1364 3320 α
1392 3271 1574 3327 Simul
1607 3272 1844 3330 inutiles

190 3360 508 3416 t'actisunt.
545 3383 573 3408 »
606 3359 836 3414 Inutilis
883 3359 1100 3414 dicitur
1128 3360 1227 3431 qui
1258 3377 1374 3416 non
1435 3367 1708 3433 operatur
1737 3361 1839 3418 ali-

152 3446 154 3448 ’
189 3448 342 3522 quid
372 3447 506 3504 boni
539 3466 557 3502 :
591 3449 744 3504 unde
775 3446 917 3503 dicit
948 3449 1005 3503 in
1075 3448 1402 3520 Evangelio.
1458 3450 1645 3505 Tollite
1676 3452 1847 3506 talen-

187 3541 318 3593 tum
345 3537 411 3592 ab
441 3553 520 3608 eo,
561 3545 612 3592 et
638 3537 895 3592 inutilem
949 3552 1168 3593 servum
1211 3539 1462 3610 projicite
1510 3541 1568 3593 in
1601 3540 1847 3596 tenebras

190 3627 495 3682 exteriores
527 3643 544 3690 ;
575 3627 658 3680 ibi
678 3627 786 3681 erit
812 3627 974 3695 ﬂetus
1001 3629 1052 3683 et
1097 3627 1306 3682 stridor
1360 3627 1607 3683 dentium
1637 3629 1842 3697 (Matth.

193 3730 330 3782 xxv,
358 3715 449 3781 28,
482 3715 594 3785 30).
625 3714 1021 3787 Sibimetipsis
1053 3721 1192 3771 sunt
1250 3716 1514 3784 inutiles,
1547 3717 1645 3788 qui
1681 3734 1845 3773 man-

195 3803 340 3858 data
367 3801 467 3856 Dei
498 3800 816 3874 adimplere
847 3819 960 3857 non
990 3803 1245 3858 volunt.«
1272 3803 1395 3857 Non
1423 3808 1514 3857 est
1543 3804 1642 3875 qui
1677 3803 1850 3859 faciat

197 3891 422 3946 bonum
458 3907 472 3945 :
507 3907 621 3945 non
652 3894 741 3945 est
772 3907 958 3963 usque
988 3891 1060 3946 ad
1093 3907 1337 3947 unum.»
1371 3891 1580 3946 Nullus
1607 3891 1764 3947 enim
1781 3909 1850 3948 ex

198 3977 300 4034 his
329 3978 536 4051 implet
563 3979 922 4036 voluntatem
955 3979 1142 4035 Patris
1173 3979 1446 4037 caelestis.

280 4107 312 4138 α
339 4085 540 4142 Nonne
570 4091 922 4159 cognoscent
953 4103 1157 4143 omnes
1205 4087 1304 4158 qui
1365 4092 1684 4158 cperantur
1744 4087 1852 4142 ini-

203 4172 514 4244 quitatem:
545 4172 646 4244 qui
677 4175 957 4229 devorant
987 4173 1218 4246 plebem
1249 4191 1440 4230 meam
1472 4173 1625 4230 sicut
1655 4191 1849 4230 escam

204 4261 406 4334 panis?
435 4267 616 4318 Deum
649 4279 764 4318 non
796 4262 1270 4319 invocaverunt.»
1289 4267 1661 4336 Cognoscunt
1693 4263 1849 4320 enim

204 4366 264 4405 se
299 4349 478 4422 impie
507 4365 697 4423 agere,
729 4357 787 4406 et
818 4367 930 4407 non
965 4350 1156 4408 solum
1208 4369 1322 4407 non
1381 4353 1716 4418 emendant,
1749 4352 1849 4408 sed

204 4439 384 4494 etiam
433 4438 534 4495 Dei
599 4439 881 4512 populum
938 4442 1216 4496 devorant
1259 4441 1533 4496 dentibus
1616 4440 1850 4495 malitia.-

207 4544 371 4583 suae:
404 4528 712 4600 Deumque
740 4528 1006 4584 invocare
1063 4533 1472 4584 contemnunt.
1525 4553 1545 4578 ι
1580 4528 1701 4584 Illic
1731 4534 1848 4583 tre-

211 4617 557 4687 pidaverunt
583 4616 811 4684 timore,
840 4616 940 4671 ubi
991 4632 1106 4671 non
1138 4622 1261 4671 erat
1317 4617 1510 4671 timor.
1551 4640 1570 4666 ι
1610 4617 1768 4672 Idola
1795 4634 1859 4672 ac
1889 4603 1936 4667 D

218 4705 533 4762 simulacra
555 4712 786 4762 mortua
817 4706 1161 4772 timuerunt,
1189 4705 1287 4777 qui
1315 4705 1498 4761 Deum
1532 4707 1735 4762 timere
1759 4707 1855 4761 de-

216 4793 483 4850 buerant.

286 4915 313 4941 ‹‹
348 4892 632 4958 Quoniam
669 4893 816 4949 Deus
845 4893 1152 4966 dissipavit
1203 4909 1337 4948 ossa
1368 4909 1589 4958 rerum,
1625 4893 1724 4964 qui
1756 4892 1858 4948 bo-

221 4980 475 5036 minibus
507 4981 758 5054 placent.
795 5004 822 5032 ››
855 4986 1121 5037 Conteret
1149 4981 1304 5036 enim
1331 4997 1494 5052 spem
1519 4981 1860 5037 eternitatis

221 5085 417 5125 eorum
451 5075 624 5138 Deus,
656 5071 754 5143 qui
788 5071 846 5126 in
877 5072 1006 5143 ejus
1036 5070 1452 5126 contumeliam
1508 5072 1696 5142 magis
1748 5071 1861 5126 sibi

223 5173 392 5229 quam
426 5158 510 5214 illi
541 5159 1033 5232 placuerunt.Sibi
1066 5159 1358 5232 placentes
1390 5159 1614 5214 confusi
1638 5160 1859 5227 sunt,id

225 5251 328 5312 est,
359 5248 459 5319 qui
483 5247 821 5304 hominibus
852 5250 1103 5321 placent,
1137 5253 1191 5304 et
1225 5265 1338 5302 non
1376 5253 1506 5303 Deo.
1543 5269 1572 5296 «
1622 5247 1861 5304 Cont'usi

228 5340 380 5402 sunt,
417 5337 694 5409 quoniam
727 5343 879 5394 Deus
909 5338 1125 5410 sprevit
1153 5354 1273 5393 eos.
1309 5360 1334 5382 ιι
1372 5336 1576 5392 Merito
1637 5339 1862 5410 sperni-

226 5424 317 5477 tur
345 5441 378 5480 a
407 5426 522 5482 Deo
570 5427 669 5498 qui
696 5425 999 5498 reliquerit
1042 5431 1220 5482 Deum
1259 5443 1271 5480 :
1306 5432 1364 5482 et
1393 5426 1492 5497 qui
1525 5443 1660 5480 eum
1695 5426 1861 5482 relin-

227 5513 368 5581 quit,
398 5514 570 5588 digne
603 5520 908 5588 tamquam
941 5517 1176 5588 ignotus
1207 5515 1278 5571 ab
1336 5531 1402 5571 eo
1459 5516 1860 5588 confunditur,

227 5597 446 5659 dicente
501 5605 775 5676 Apostolo
825 5623 836 5662 :
900 5605 1090 5662 Omnis
1165 5607 1424 5678 ignorans
1490 5605 1856 5678 ignorabitur.

231 5686 281 5761 (ι
308 5690 434 5750 Cor.
467 5709 582 5767 xxv,
614 5696 707 5768 28)

1937 1930 2186 1977 nostrum
2216 1921 2388 1991 (Rom.
2443 1936 2541 1989 vn,
2600 1920 2689 1984 24,
2751 1920 2860 1989 25).
2922 1919 3031 1974 Sed
3091 1921 3149 1974 in
3209 1920 3301 1975 die
3351 1921 3581 1991 judicii,

1940 2011 2174 2082 quando
2208 2008 2446 2062 inimica
2475 2008 2812 2062 destruetur
2843 2012 3166 2074 mors,tunc
3199 2009 3308 2064 erit
3339 2026 3472 2064 vera
3495 2027 3580 2066 re-

1941 2098 2222 2170 demptio.
2259 2120 2285 2146 «
2316 2095 2612 2150 Exultabit
2643 2096 2845 2162 Jacob,
2879 2102 2934 2150 et
2969 2095 3262 2152 laetabitur
3318 2098 3518 2154 Israel.
3556 2122 3584 2148 »

1943 2187 2267 2257 Utrumque
2293 2185 2661 2240 Christianus
2693 2183 2944 2256 populus
2971 2186 3134 2240 audit
3169 2204 3180 2240 :
3215 2187 3316 2258 qui
3367 2192 3456 2242 est
3487 2187 3587 2244 Ja-

1942 2276 2070 2340 cob,
2102 2275 2241 2328 dum
2273 2272 2617 2345 supplantat
2647 2273 2958 2346 Judaicum
3011 2272 3315 2346 populum,
3349 2276 3586 2332 benedi-

1943 2363 2313 2434 ctionemque
2343 2362 2471 2432 ejus
2502 2361 2733 2433 accipit,
2768 2367 2823 2417 et
2854 2362 3199 2432 Israel,dum
3232 2364 3418 2420 Deum
3452 2367 3586 2422 fidei

1941 2452 2127 2508 oculis
2153 2451 2625 2522 intueturJgitur
2653 2455 2709 2505 et
2741 2467 2846 2505 nos
2879 2451 3174 2523 supplices
3201 2453 3590 2526 deprecamur

1943 2542 2126 2596 Deum
2161 2545 2224 2594 ut
2252 2539 2611 2595 declinantes
2661 2557 2693 2594 a
2722 2539 3076 2611 loquacitate
3106 2543 3424 2614 superﬂua,
3461 2545 3587 2617 ipso

1944 2628 2696 2699 instruente;intelligamus
2727 2629 2925 2683 omnia
2958 2629 3012 2683 in
3038 2631 3166 2700 ejus
3189 2632 3588 2690 dominatione

1945 2718 2281 2787 consistere,
2315 2717 2414 2799 qui
2447 2717 2742 2788 dignetur,
2800 2716 2994 2772 ablata
3052 2719 3387 2790 captivitate
3418 2722 3588 2779 vitio-

1947 2823 2098 2877 rum,
2124 2805 2343 2876 erigere
2378 2822 2482 2859 nos
2515 2805 2574 2859 in
2607 2803 2935 2859 libertatem
2967 2805 3271 2861 virtutum.

2497 2892 2828 2948 PSALMUS
2886 2893 3030 2949 LIII.

1947 2971 2012 3021 In
2041 2965 2226 3034 ﬁnem,
2255 2966 2314 3018 in
2338 2965 2677 3018 carminibus
2720 2964 3026 3019 intellectus
3082 2966 3253 3020 David
3310 2985 3437 3023 cum
3495 2987 3589 3026 ve-

2018 3039 2179 3092 niunt
2208 3036 2422 3106 Ziphaei
2474 3044 2525 3090 et
2569 3034 2760 3090 dicunt
2803 3036 2983 3091 Saul:
3018 3037 3193 3091 David
3248 3039 3592 3098 absconditus

2017 3112 2095 3162 est
2125 3107 2279 3181 apud
2308 3108 2497 3181 posin
2521 3107 2803 3181 _spelunea
2853 3108 3216 3181 ZiphlIAReg.
3259 3128 3439 3181 ,xxm.
3477 3114 3544 3166 19
3576 3131 3589 3181 ;

2024 3176 2286 3252 xxv1,_'l)._
2312 3176 2451 3252 Ziph
2484 3176 2670 3232 victus
2724 3181 2834 3243 est,
2892 3176 2949 3252 et
2987 3176 3120 3233 inde
3152 3176 3362 3252 Ziphaei
3389 3176 3594 3239 dieue;

2027 3256 2140 3304 tur.
2172 3249 2893 3327 Ziphrei_interpretantur,
2917 3249 3286 3327 ﬂorentes,_'id
3319 3259 3426 3325 est,
3463 3271 3593 3327 pec-

2025 3327 2269 3385 catores,
2304 3320 2403 3391 qui
2435 3320 2602 3390 quasi
2645 3320 2918 3375 florentes
2965 3326 3020 3375 et
3065 3320 3280 3378 virides
3339 3320 3479 3380 sunt
3533 3327 3594 3381 in

2026 3392 2294 3473 praesenti
2350 3391 2488 3473 vita,
2548 3396 2612 3473 ut
2668 3392 2748 3473 ait
2808 3392 3090 3473 propheta
3148 3411 3178 3473 :_
3225 3393 3419 3473 Omnis
3469 3413 3597 3473 egro

2022 3468 2219 3538 fenum
2236 3471 2288 3518 et
2322 3465 2499 3538 omnis
2547 3464 2725 3538 gloria
2751 3464 2889 3538 eius
2923 3466 3090 3530 sicut,
3138 3466 3236 3538 ﬂos
3275 3470 3419 3538 agri
3467 3469 3595 3538 (Isa.

2027 3532 2114 3598 XL,
2171 3534 2274 3608 Q),_
2309 3533 2449 3604 quia
2504 3532 2655 3603 quod
2717 3532 2937 3608 siccum
2997 3541 3105 3601 est,
3139 3532 3287 3608 'igni
3331 3532 3598 3596 'reserva-

2025 3612 2141 3671 tur,
2180 3606 2278 3659 Isti
2307 3608 2673 3677 deputantur
2718 3604 2795 3677 in
2839 3622 3068 3677 pmnam
3104 3625 3116 3662 :
3153 3604 3341 3663 sancti
3403 3612 3474 3664 ad
3504 3627 3593 3666 re-

2027 3693 2229 3750 gnum.
2263 3675 2422 3730 Sicut
2457 3675 2636 3750 herba
2663 3675 2855 3750 hodie'
2883 3681 3051 3747 quasi
3110 3679 3313 3734 viridis
3370 3683 3600 3738 videtur

2027 3749 2178 3825 esse,
2211 3763 2515 3825 usquequo
2547 3749 2729 3825 fuerit
2751 3753 2928 3825 aestus
2957 3749 3077 3825 :__sic
3105 3755 3437 3820 peccatores
3461 3754 3600 3825 quia

2028 3820 2300 3874 videntur
2330 3820 2553 3885 ﬂorere,
2585 3818 2644 3872 in
2675 3819 2769 3873 die
2791 3819 2999 3889 judicii
3031 3818 3316 3889 arescent,
3351 3828 3407 3878 et
3464 3818 3599 3879 san-

2029 3891 2106 3946 cti
2139 3891 2235 3961 qui
2273 3889 2364 3944 hic
2393 3889 2664 3944 videntur
2702 3890 2871 3959 quasi
2929 3891 3076 3947 aridi
3136 3898 3192 3948 et
3249 3894 3410 3956 sicci,
3463 3901 3603 3950 tunc

2029 3967 2202 4017 erunt
2242 3961 2513 4016 ﬂorentes
2564 3967 2620 4016 et
2668 3961 2900 4016 virides.
2962 3963 3125 4017 Unde
3182 3965 3403 4019 dictum
3463 3971 3599 4020 est:

2027 4034 2215 4105 Justus
2262 4037 2321 4086 ut
2365 4033 2552 4105 palma
2594 4033 3011 4105 ﬂorebit_(Psal.
3081 4050 3187 4089 xei.
3253 4036 3359 4105 13).
3424 4036 3604 4091 David

2032 4104 2142 4159 fuit
2171 4104 2552 4158 absconditus
2583 4105 2643 4157 in
2673 4103 2930 4175 inferiori
2967 4110 3128 4175 parte
3158 4103 3327 4159 terra;
3358 4123 3371 4160 ε
3403 4112 3460 4161 et
3493 4112 3598 4161 Do-

2031 4176 2228 4249 minus
2253 4175 2311 4228 in
2344 4179 2506 4230 utero
2538 4180 2753 4249 sancta:
2786 4173 3001 4249 Marini,
3031 4179 3088 4228 et
3139 4176 3376 4249 inuuna
3400 4247 3408 4249 _
3432 4182 3606 4249 gente

2029 4246 2385 4311 Judazorum,
2439 4251 2496 4299 et
2535 4244 2806 4298 divinitas
2860 4245 2915 4297 in
2963 4262 3136 4300 carne
3199 4244 3607 4304 Christiflste

2032 4319 2297 4388 psalmus
2319 4317 2640 4370 orationem
2674 4313 2961 4388 Dominici
2994 4315 3252 4388 hominis
3307 4321 3606 4376 continere

2032 4385 2417 4459 dignoscitur,
2453 4388 2699 4459 formam
2729 4385 2880 4459 servi
2912 4387 3270 4458 accipientis,
3334 4393 3611 4447 acceden-

2031 4457 2224 4529 tis'que
2253 4459 2323 4512 ad
2361 4457 2690 4528 passionem
2725 4457 2782 4512 in
2817 4458 3003 4513 forma
3036 4457 3204 4514 servi.

2039 4571 2065 4597 ‹‹
2105 4548 2272 4612 Deus,
2308 4546 2362 4600 in
2398 4546 2633 4602 nomine
2667 4550 2764 4600 tuo
2796 4545 3022 4602 salvum
3058 4565 3150 4604 me
3200 4551 3308 4605 I‘ac.
3349 4574 3368 4598 ι
3403 4551 3610 4606 Postu-

1966 4636 2050 4692 lat
2075 4636 2195 4690 hrec
2225 4653 2258 4690 a
2292 4635 2476 4703 Patre,
2512 4639 2576 4688 ut
2606 4635 2879 4690 ostendat
2927 4636 3118 4691 carnis
3179 4639 3610 4694 inﬁrmitatem.

1969 4723 2029 4777 In
2059 4724 2278 4778 nomine
2303 4725 2400 4777 tuo
2428 4739 2441 4778 :
2472 4721 2578 4776 hoc
2613 4725 2701 4776 est
2731 4722 2789 4776 in
2823 4721 2921 4777 illo
2979 4725 3214 4782 nomine
3262 4725 3614 4782 humilitatis

1971 4811 2123 4883 quod
2159 4816 2248 4866 est
2277 4809 2541 4865 salvatie.
2579 4832 2604 4857 ‹‹
2640 4809 2708 4863 Et
2736 4810 2794 4864 in
2820 4812 3033 4868 virtute
3067 4817 3168 4869 tua
3202 4815 3407 4886 judica
3437 4830 3550 4885 me,
3589 4837 3609 4864 ο

1969 4899 2106 4954 Vult
2135 4915 2196 4954 se
2217 4898 2493 4969 judicari,
2526 4903 2583 4952 et
2615 4897 2758 4952 illud
2792 4898 3130 4957 honorabile
3165 4905 3489 4974 majestatis
3514 4920 3615 4959 no-

1971 5005 2102 5044 men
2135 4987 2436 5043 divinitate
2466 4987 3212 5047 conscendant.Humilitas
3247 4992 3616 5063 fuit,quando

1973 5077 2127 5132 venit
2156 5077 2226 5131 de
2258 5076 2398 5130 caelo
2431 5075 2488 5128 in
2524 5079 2776 5140 uterum,
2819 5077 2890 5132 de
2917 5083 3078 5134 utero
3133 5080 3191 5134 in
3251 5096 3528 5152 praesepe,
3559 5084 3617 5134 et

1972 5165 2254 5219 sustinuit
2306 5164 2509 5229 multa,
2545 5163 2596 5218 id
2657 5170 2763 5228 est,
2797 5165 3020 5236 alapas,
3054 5174 3227 5240 sputa
3258 5174 3315 5224 et
3372 5169 3614 5240 reliqua.

1973 5253 2169 5308 Virtus
2202 5253 2312 5306 fuit
2343 5252 2576 5323 quando
2610 5254 2927 5308 resurrexit
2957 5262 3014 5310 et
3044 5259 3310 5314 ascendit
3349 5258 3408 5313 in
3441 5257 3617 5313 coelos

1974 5341 2428 5414 quadragesimo
2459 5340 2636 5409 die,et
2667 5340 3160 5415 quinquagesimo
3182 5347 3274 5403 die
3304 5348 3461 5403 venit
3485 5346 3619 5418 Spi-

1977 5433 2120 5487 ritus
2151 5435 2388 5486 sanctus
2437 5445 2614 5500 super
2669 5432 2984 5504 apostolos,
3048 5441 3105 5490 et
3161 5437 3622 5508 praedicaverunt

1974 5518 2303 5576 doctrinam
2336 5516 2632 5590 Evangelii
2665 5519 2724 5574 in
2757 5525 2876 5576 toto
2910 5525 3149 5580 mundo.
3189 5525 3352 5582 Unde
3399 5525 3620 5580 dictum

1973 5614 2062 5666 est
2094 5626 2106 5664 :
2140 5611 2202 5665 Et
2222 5607 2366 5663 dedit
2395 5607 2486 5661 illi
2516 5623 2710 5664 nomen
2742 5611 2888 5681 quod
2915 5621 2994 5668 est
3043 5630 3206 5686 super
3235 5630 3395 5672 omne
3426 5628 3624 5670 nomen

1973 5703 2034 5758 ut
2063 5700 2123 5759 in
2145 5698 2366 5756 nomine
2389 5696 2520 5756 Iesu
2547 5711 2707 5756 omne
2757 5713 2902 5774 genu
2955 5703 3232 5783 flectatur,
3296 5701 3624 5776 caelestium,
