3964 6190
430 382 587 444 1039

432 515 792 583 terrestrium,
841 514 894 567 et
946 509 1292 579 infernarum
1321 521 1340 556 :
1368 508 1417 557 et
1471 500 1648 556 omnis
1704 499 1894 569 lingua
1948 511 2073 550 con-
2101 494 2156 561 Α

430 609 664 679 ﬁteatur
691 604 823 676 quia
868 598 1136 656 Dominus
1193 597 1343 651 Iesus
1389 589 1635 645 Christus
1666 591 1723 644 ia
1773 586 1954 656 gloria
1995 586 2075 639 est

431 675 531 752 Dei
558 675 741 749 Patris
770 689 1033 762 (Philipp.
1068 703 1128 741 ιι.
1181 684 1360 750 9-11).
1408 681 1476 735 Et
1519 680 1652 751 quia
1697 683 1945 731 mortuus
1998 675 2077 728 est

433 785 504 841 ad
533 787 743 854 tempus
772 795 840 835 ex
862 776 1189 846 inﬁrmitate
1216 771 1424 837 carnis,
1456 768 1591 823 vivit
1636 782 1707 822 ea:
1733 765 1933 845 virtute
1958 762 2073 816 Dei.

734 885 858 935 xm,
918 836 994 934 ᾖ).
1027 865 1096 919 Et
1152 863 1291 917 item
1350 836 1492 915 dicit
1540 853 1892 928 Apostolus:
1925 836 2076 907 Nihil

434 961 756 1019 existimavi
786 972 874 1012 me
901 957 1043 1012 scire
1072 955 1219 1008 inter
1262 966 1353 1006 vos
1385 948 1499 1004 nisi
1556 946 1828 1002 Christum
1871 943 2076 1005 Jesum,

435 1058 491 1110 et
517 1054 665 1108 hunc
692 1048 1019 1119 cruci/imum
1048 1044 1094 1115 (Ι
1125 1043 1251 1097 (ἴον.
1284 1057 1347 1105 ιι,
1376 1035 1586 1110 2).Ve1,
1616 1033 1813 1107 judice
1840 1033 2077 1086 me.Vox

436 1141 703 1200 Ecclesia:
734 1135 1143 1195 discretionem
1170 1133 1337 1203 rogat

514 1256 535 1282 σι
575 1233 748 1299 Deus,
777 1224 984 1284 exaudi
1015 1222 1331 1278 orationem
1397 1231 1609 1271 meam.
1645 1234 1673 1262 »
1704 1215 1773 1267 Et
1827 1209 1936 1264 hoc
1988 1223 2079 1262 ro—

439 1326 563 1396 gat,
595 1324 661 1376 ut
693 1319 985 1375 mereatur
1013 1330 1046 1368 a
1077 1316 1189 1366 Deo
1225 1305 1505 1365 exaudiri.
1529 1303 1777 1358 Noverat
1806 1294 2082 1354 enimille

438 1410 599 1468 solus
629 1423 793 1465 orare
823 1405 1290 1467 constanter,nec
1318 1396 1607 1468 ignorare,
1643 1394 1708 1445 ut
1736 1389 1910 1444 homo
1942 1383 2082 1457 quid

443 1504 663 1574 peteret
696 1498 903 1568 :juxta
932 1490 1078 1547 illud
1124 1484 1383 1558 Apostoli
1417 1501 1428 1539 :
1464 1484 1611 1538 Nam
1665 1477 1800 1551 quid
1845 1489 2084 1541 oremus,

439 1563 586 1646 sicut
623 1563 852 1660 Oportet,
882 1582 1154 1637 nescimus
1201 1577 1377 1648 (Rom.
1441 1589 1561 1634 VIII,
1622 1569 1735 1639 26).
1776 1590 1796 1616 α
1832 1563 2086 1620 Auribus

441 1679 678 1752 percipe
708 1672 883 1729 verba
914 1670 1033 1725 oris
1066 1666 1200 1722 mei.
1237 1686 1264 1714 »
1296 1663 1417 1717 Vox
1446 1657 1737 1716 Ecclesiae.
1768 1659 1952 1710 Aures
1981 1652 2089 1707 Do-

445 1748 923 1829 miniidicuntur,
957 1756 1193 1829 quando
1225 1750 1497 1809 exaudire
1527 1748 1822 1819 dignatur.

514 1896 542 1925 ‹‹
567 1869 854 1936 Quoniam
882 1863 1054 1921 alieni
1095 1860 1539 1917 insurrexerunt
1583 1855 1861 1909 adversus
1914 1866 2027 1905 me.
2057 1869 2085 1899 »
2120 1862 2168 1928 B

443 1964 563 2020 Hoc
594 1964 682 2017 est
724 1955 929 2025 Judaei,
986 1951 1086 2025 qui
1148 1966 1282 2005 cum
1342 1944 1663 2019 peculiares
1712 1941 1811 1996 Dei
1871 1942 2086 2007 essent,

447 2051 670 2109 alienos
699 2064 762 2105 se
795 2062 895 2118 per
923 2038 1451 2113 transgressionem
1482 2034 1553 2089 ab
1586 2049 1651 2088 eo
1674 2032 2088 2086 feceruntznon

447 2116 811 2213 cognitione,
835 2134 936 2191 sed
967 2132 1087 2186 vita
1116 2125 1497 2199 etl’operibus.
1531 2120 1696 2176 Unde
1743 2118 1886 2173 dicit
1915 2132 1927 2170 :
1960 2116 2092 2171 Filii

451 2203 633 2287 alieni
650 2203 869 2283 mentiti
896 2228 1026 2277 sunt
1071 2218 1212 2273 mihi
1240 2214 1407 2286 (Psal.
1442 2228 1580 2282 xvu,
1614 2209 1722 2280 46).
1758 2208 1825 2262 Et
1880 2206 1929 2261 si
1987 2203 2089 2258 filii

446 2317 740 2392 quomodo
771 2311 942 2369 alieni
974 2311 1002 2364 ‘l
1031 2309 1107 2363 De
1139 2322 1256 2360 una
1304 2303 1461 2357 tribu
1520 2303 1684 2354 erant
1717 2313 1729 2352 :
1756 2296 1857 2351 sed
1916 2293 2090 2349 alieni

449 2410 638 2472 erant,
670 2403 771 2475 qui
802 2402 928 2471 ejus
950 2398 1129 2452 vitam
1161 2392 1261 2464 qui
1307 2390 1441 2444 illos
1487 2389 1721 2442 venerat
1776 2382 2090 2450 vivificare,

449 2470 722 2551 volebant
750 2470 972 2545 tollere.
1009 2507 1037 2537 ‹‹
1072 2484 1139 2538 Et
1186 2483 1363 2536 fortes
1420 2475 1777 2549 quaesierunt
1833 2470 2092 2526 animam

450 2598 701 2640 meum.»
732 2571 1423 2645 Herodes,principesque
1445 2564 1816 2621 sacerdotum
1845 2559 2094 2615 munda-

451 2688 589 2729 nam
621 2670 903 2726 habentes
961 2660 1386 2719 fortitudinem.
1436 2655 1505 2709 Et
1560 2652 1845 2709 Dominus
1904 2648 2090 2704 dicit:

448 2764 574 2819 Non
602 2760 833 2816 haberes
862 2757 924 2811 in
953 2769 1036 2808 me
1073 2751 1253 2806 ullam
1304 2748 1648 2818 potestatem.
1706 2740 1821 2795 nisi
1876 2739 1978 2793 tibi
2004 2736 2094 2792 de-

451 2867 619 2924 super
647 2849 839 2905 datum
865 2845 1060 2916 fuisset
1088 2840 1266 2912 (Joan.
1298 2852 1416 2902 xm,
1467 2833 1575 2902 11).
1607 2830 1699 2884 Sic
1730 2834 1788 2884 et
1841 2824 2095 2882 haeretici

455 2944 856 3017 persecutores
916 2947 1092 3004 super
1144 2929 1406 2985 sanctam
1467 2919 1804 2976 Ecclesiam.
1885 2938 1913 2966 ‹‹
1973 2915 2097 2971 Non

457 3013 891 3107 proposuerunt
945 3021 1132 3077 Deum
1180 3021 1315 3071 ante
1372 3013 1752 3082 conspectum
1810 3020 2008 3071 suum,
2068 3026 2097 3055 »

455 3093 585 3179 l‘iori
614 3113 1025 3174 intellexerunt
1054 3107 1164 3162 sub
1195 3113 1772 3177 personnacorporea
1801 3094 1980 3150 latere
2009 3093 2097 3148 di-

1934 359 2358 422 APPENDIX.

3597 356 3698 415 1040

2257 514 2285 540 ‹‹
2319 487 2603 555 Quoniam
2633 502 2703 543 ex
2733 483 2894 542 omni
2923 480 3294 539 tribulatione
3349 479 3568 554 eripuisti
3609 501 3703 543 me:

2184 584 2241 636 et
2270 597 2447 652 super
2476 576 2747 633 inimicos
2785 590 2948 631 meos
2997 570 3257 644 despexit
3306 570 3483 626 oculus
3528 588 3701 629 meus.-

2185 669 2333 734 Quia
2363 668 2687 724 orationem
2723 664 3004 720 mundam
3033 660 3253 716 fuditin
3273 658 3521 733 principio
3542 661 3706 734 psalmi:

2186 758 2316 814 ideo
2345 761 2409 812 ut
2437 757 2593 812 Deus
2622 753 2821 811 omnia
2851 751 3193 831 praevidens,
3249 754 3486 821 ereptum
3532 752 3709 806 seatri-

2186 845 2585 902 bulationibus
2616 848 2674 899 et
2698 841 2971 898 inimicos
2999 840 3298 911 despectos
3342 837 3631 910 inspectione
3650 857 3711 913 pa-

2188 941 2354 991 terna
2402 932 2743 1006 pronuntiat
2776 949 2790 987 :
2823 929 3046 986 scilicet
3099 930 3164 983 ut
3212 924 3311 982 illa
3338 943 3458 982 eum
3504 926 3711 1000 intelligas

2187 1039 2431 1096 regnare
2460 1020 2723 1096 potentia
2761 1017 2900 1093 quia
2957 1023 3086 1090 post
3142 1014 3553 1071 resurectionem
3595 1016 3714 1079 victor

2191 1112 2469 1169 remeavit
2500 1112 2571 1166 ad
2604 1115 2783 1166 astra.
2818 1110 2999 1174 Quem
3055 1121 3162 1161 nos
3209 1102 3479 1177 supplices
3525 1103 3713 1176 depreca-

2192 1217 2347 1266 mur,
2380 1205 2445 1255 ut
2468 1199 2597 1270 ejus
2627 1196 2921 1268 adjutorio
2952 1196 3023 1249 ab
3055 1193 3306 1249 inimicis
3358 1192 3569 1257 salvati,‘
3600 1209 3625 1247 a
3655 1194 3717 1247 tri-

2192 1287 2595 1345 bulationibus
2627 1284 2944 1342 mundanis
2983 1282 3190 1355 erepti,
3245 1282 3426 1355 ipsum
3478 1288 3615 1354 caput
3651 1299 3716 1338 no-

2194 1383 2382 1434 strum
2411 1376 2725 1433 Dominum
2751 1378 2957 1431 Jesum
2989 1371 3288 1427 Christum
3319 1386 3478 1443 quem
3525 1369 3572 1425 in
3617 1370 3718 1427 ccli:

2194 1467 2575 1541 suspicimus,
2610 1468 2805 1522 mente
2832 1467 2891 1520 et
2913 1478 3053 1535 oper
3083 1475 3507 1535 prosequamur.

2759 1568 3093 1627 PSALMUS
3134 1568 3273 1623 LIV.

2196 1665 2257 1719 In
2271 1663 2561 1745 .ﬁne‘i‘nhin
2589 1658 2934 1745 carminibus
3306 1654 3488 1745 ιὶιιξαίάἶ
3512 1656 3719 1745 Inmﬁnea,

2266 1724 2328 1788 in
2359 1724 2587 1789 Christo
2621 1749 2633 1788 :
2669 1736 2735 1787 ut
2769 1730 2915 1786 illud
2949 1744 2963 1785 :
2993 1730 3149 1785 Finis
3193 1729 3338 1783 enim
3388 1725 3510 1797 tegis
3553 1724 3721 1797 Christus

2269 1805 2354 1861 ad
2372 1805 2611 1876 justiam
2649 1804 2800 1876 omni
2830 1800 3111 1876 credenti
3152 1798 3325 1876 (R0331.
3348 1815 3406 1876 _x,
3527 1798 3577 1854 In
3596 1796 3719 1876 gﬁm

2270 1869 2502 1958 semper
2530 1875 2600 1930 de
2631 1873 2842 1958 Christi
2866 1869 3399 1958 intelligiturzUnde'
3417 1869 3719 1958 etsanptiapo:

2271 1943 2708 2003 ntuli—dixerunt
2739 1946 3025 2010 :Domine,
3058 1943 3272 1999 ostende
3311 1943 3455 1997 nobis
3497 1944 3722 2007 Putnam!

2269 2019 2477 2088 sufﬁcit
2502 2017 2656 2073 nobis
2678 2018 2857 2089 (Joan.
2889 2014 3117 2089 xlv._8).
3150 2031 3264 2069 non
3294 2018 3469 2089 ‘potes
3497 2010 3721 2089 legemim-

2274 2083 2449 2170 plere,
2483 2083 2701 2170 nisiah
2732 2089 2860 2170 ipso
2884 2083 3231 2170 impleatur.-
3284 2083 3473 2170 Omnis
3503 2083 3721 2170 ‘Scriptura

2272 2152 2476 2244 sancta
2608 2159 2706 2244 illo
2737 2152 2844 2215 est.
2876 2159 2942 2241 in
2970 2152 3308 2244 carminibus
3345 2156 3399 2210 id
3424 2158 3535 2237 .est,
3578 2152 3623 2207 in
3643 2152 3721 2232 lau-

2272 2234 2447 2314 dibus
2476 2248 2492 2314 ς
2519 2232 2685 2288 Sicut
2711 2228 3203 2314 carminansanculi
3233 2226 3467 2295 sunt,sic
3483 2224 3533 2281 et
3553 2224 3723 2314 carmini

2271 2304 2538 2361 Ecclesiae
2573 2320 2586 2357 :
2620 2302 2774 2358 unde
2804 2300 2933 2356 laus
2967 2301 3066 2356 Dei
3098 2292 3405 2355 cantatur:
3430 2303 3481 2353 et
3503 2292 3722 2352 consolatio

2275 2382 2612 2432 sanctorum
2643 2379 2732 2428 est
2764 2390 2776 2428 :
2811 2373 2950 2444 quia
2978 2371 3205 2427 dictum
3237 2375 3325 2427 est
3354 2388 3367 2426 :
3400 2370 3524 2424 Tune
3538 2367 3645 2439 justi
3654 2364 3723 2444 fst-

2273 2446 2736 2531 gebuntszlcul‘sol
2770 2436 3026 2531 iit-regno
3059 2444 3262 2531 τξἰῑςνὶδ
3317 2457 3488 2497 eorum
3511 2436 3724 2531 {squalet

2275 2509 2495 2601 angelis
2527 2516 2739 2600 (Matth,
2773 2531 2875 2581 χιι,
2909 2509 3021 2586 [ἱ3).
3059 2513 3322 2571 Psalmus
3348 2527 3522 2569 vocem
3561 2509 3729 2590 continet

2275 2590 2735 2660 Mediatorls,qu1
2767 2602 2902 2642 cum
2940 2588 3093 2642 Deus
3119 2585 3520 2660 esset,formam
3545 2579 3726 2637 servilem

2275 2678 2378 2734 pro
2408 2649 2902 2716 nostra'libertate
2930 2659 3213 2730 suscepit.
3278 2649 3286 2655 ’
3402 2649 3410 2657 ’

2278 2792 2306 2819 ‹‹
2338 2766 2581 2835 Exaudi,
2616 2770 2790 2837 Deus,
2830 2766 3158 2822 orationem
3210 2780 3413 2834 meam,
3442 2767 3492 2819 et
3513 2777 3570 2818 ne
3592 2760 3727 2830 despe-

2205 2856 2356 2914 xeris
2386 2854 2850 2928 deprecationem
2877 2869 3095 2909 meam:
3129 2853 3359 2910 intende
3386 2850 3577 2920 mihi,et
3591 2842 3728 2903 exaudi

2208 2963 2321 3002 me.
2356 2968 2385 2996 »
2417 2944 2649 3016 Triplex
2678 2942 2799 2999 haec
2829 2943 3164 3015 deprecatio
3193 2942 3319 2999 ideo
3334 2932 3727 3008 ostenditur,un

2209 3035 2461 3108 primam
2505 3033 2681 3090 homo
2738 3034 2888 3089 Deus
2943 3032 3001 3087 in
3056 3036 3216 3089 statu
3270 3029 3448 3088 servili
3498 3037 3729 3088 manens:

2209 3122 2563 3180 conscientia
2593 3121 2920 3177 sanctitatis
2958 3121 3201 3178 emittit.
3242 3119 3554 3184 Secundam,
3580 3112 3729 3187 quisse

455 3209 779 3268 νίιιίῐᾶῐθωο
811 3196 1149 3294 Πίθιρδθλξηθι
1176 3191 1587 3294 ξηῖθτΡοδίξυτξλ
1636 3182 2099 3294 οτέξξέξθξη-ΞΠῨ
2130 3227 2173 3294 C
2210 3212 2321 3269 scit
2332 3213 2585 3283 justum,
2619 3210 3013 3267 obedientiam
3047 3226 3164 3266 non
3195 3208 3403 3282 despici
3422 3182 3730 3279 postulatTer-

461 3302 650 3360 mutat
680 3315 693 3353 :
720 3298 785 3351 ut
812 3272 947 3348 eum
978 3287 1079 3360 qui
1110 3285 1274 3358 prius
1304 3279 1651 3354 precabatur
1697 3274 1867 3347 quasi
1899 3272 2098 3340 homo,

459 3388 729 3449 ostendat
762 3382 1052 3455 effectum
1113 3369 1393 3430 orationis
1448 3365 1792 3424 obtinuisse.
1846 3362 2098 3433 Ideoque

456 3478 707 3552 subjecit
736 3492 749 3530 :

529 3538 733 3621 «'Ecce
757 3561 915 3618 enim
942 3562 1096 3611 Deus
1127 3553 1365 3624 adjuvat
1406 3564 1518 3603 me.
1554 3567 1582 3597 »
1614 3542 1760 3610 Quia
1815 3538 2099 3596 Dominus

455 3652 758 3712 descendit
789 3650 850 3704 in
881 3649 1152 3702 mortem.
1186 3664 1213 3691 «
1248 3644 1315 3694 Et
1344 3637 1631 3694 Dominus
1681 3635 1984 3707 susceptor
2011 3631 2101 3683 est

456 3743 666 3802 animas
698 3755 858 3795 meae.
893 3762 915 3788 ι
952 3735 1077 3790 Cito
1106 3747 1241 3787 eum
1259 3721 1732 3794 redditurus,Vel
1759 3721 1912 3777 Deus
1935 3728 2101 3791 pater

456 3831 720 3905 suscepit
754 3825 959 3883 Filium
990 3823 1252 3888 suum,et
1281 3815 1548 3873 Christus
1578 3806 2099 3883 suam'ﬁcclesiam

457 3926 519 3982 in
545 3922 679 3979 ﬁde.

529 4036 558 4065 «
589 4013 798 4067 Averte
831 4003 989 4062 male
1017 3997 1276 4057 inimicis
1305 3993 1471 4062 meis,
1503 3996 1560 4048 et
1612 3988 1672 4045 in
1705 3988 1943 4044 veritate
1999 3991 2102 4042 tua

456 4100 731 4175 disperde
764 4095 919 4151 illos.
943 4114 971 4142 »
1003 4089 1110 4155 Qui
1142 4103 1235 4142 me
1255 4100 1370 4141 non
1403 4079 1812 4136 intellexerunt
1840 4092 1942 4149 per
1972 4092 2101 4130 ma-

454 4164 648 4248 litiam
688 4202 877 4255 suam,
909 4180 1323 4253 disperguntur
1371 4173 1430 4227 in
1481 4168 1720 4225 veritate
1766 4171 1871 4221 tua
1903 4183 1916 4223 :
1951 4164 2102 4220 sicut

456 4295 614 4336 nunc
644 4275 948 4333 cernimus
975 4271 1215 4326 factum:
1249 4260 1510 4336 Dispersi
1539 4261 1708 4331 Lsunt
1735 4257 1891 4313 enim
1923 4256 1979 4309 in
2013 4271 2099 4311 re-

453 4366 748 4442 gionibus.
780 4362 1097 4418 Veritatem
1128 4354 1269 4412 dicit
1303 4370 1316 4408 :
1353 4351 1493 4425 quia
1521 4365 1691 4406 verus
1748 4336 1856 4412 est,
1909 4344 1968 4400 id
2012 4349 2103 4401 est

453 4457 658 4515 reddet
686 4450 1004 4522 unicuique
1034 4444 1357 4503 secundum
1387 4456 1563 4513 opera
1591 4455 1718 4495 sua.
1751 4459 1779 4487 «
1822 4433 2102 4507 Disperde

453 4546 605 4613 illos,
640 4567 669 4595 n
700 4543 760 4599 in
788 4540 881 4597 die
904 4536 1115 4608 judicii
1145 4538 1203 4590 et
1232 4533 1292 4587 in
1323 4531 1610 4601 tuajusta
1662 4525 1919 4581 vindicta
1950 4540 1963 4578 :
1994 4522 2102 4579 hoc

432 4641 563 4706 .est,
596 4631 898 4691 diabolum
930 4633 987 4684 et
1017 4623 1282 4680 membra
1312 4637 1442 4676 sua.

528 4765 557 4794 ‹‹
588 4736 929 4815 Voluntaria
959 4728 1301 4789 sacriﬁcabo
1333 4725 1459 4781 tibi.
1496 4747 1523 4775 »
1557 4724 1708 4779 Bene
1737 4721 2051 4777 voluntarie
2082 4738 2096 4789 ;

454 4832 593 4907 quia
618 4809 854 4905 propria
883 4822 1180 4879 voluntate
1209 4818 1336 4888 ipse
1379 4813 1652 4870 sacerdos
1681 4815 1740 4867 et
1772 4809 1965 4867 hostia
1995 4826 2098 4881 pro

454 4899 685 4978 delictis
715 4899 912 4990 populi
947 4929 1008 4968 se
1037 4907 1250 4967 obtulit
1280 4904 1457 4970 Patri,
1490 4908 1554 4957 ut
1603 4902 1710 4957 hoc
1741 4899 2095 4956 sacrificium

452 5010 632 5066 vitam
660 4987 943 5063 tribueret
972 4999 1212 5057 mundo.
1275 5019 1303 5046 ‹‹
1362 4991 1701 5049 Voluntarie
1758 4987 2096 5045 sacriﬁcabo

454 5097 582 5155 tibi.
618 5120 646 5149 »
676 5096 801 5152 Vox
830 5090 1121 5148 Ecclesiae.
1158 5084 1490 5141 Votuntarie
1528 5080 1689 5151 dicit,
1722 5079 1782 5133 id
1813 5082 1922 5147 est,
1978 5091 2095 5131 non

452 5184 798 5244 necessitate
828 5181 1178 5242 autcoacte,
1205 5174 1305 5231 sed
1362 5169 1710 5235 voluntarie,
1769 5166 2094 5239 secundum

449 5274 595 5332 illud
629 5290 641 5330 :
674 5271 1023 5328 Providentes
1054 5280 1281 5340 gregem
1340 5278 1455 5316 non
1498 5261 1699 5327 cauete,
1729 5256 1821 5312 sed
1870 5264 2091 5328 sponta-

447 5380 548 5422 nee
571 5364 615 5436 (1
642 5363 790 5417 Petr.
821 5376 876 5426 χ,
909 5360 984 5429 2).
1019 5379 1047 5407 «
1076 5356 1143 5410 Et
1173 5347 1491 5409 confitebor
1522 5346 1745 5403 nomini
1774 5349 1896 5414 tuo,
1948 5360 2092 5416 quo-

450 5455 609 5512 niam
640 5454 860 5508 bonum
892 5451 998 5503 est.
1036 5469 1062 5494 »
1094 5443 1410 5501 Confessus
1435 5455 1566 5495 sum
1589 5437 1648 5492 in
1674 5436 1893 5490 mundo
1919 5452 1932 5490 :
1957 5433 2098 5506 quia

450 5542 724 5602 descendi
756 5541 827 5596 de
857 5535 1144 5607 ccclo,non
1168 5536 1233 5587 ut
1262 5530 1470 5586 faciam
1501 5526 1856 5583 voluntatem
1879 5540 2096 5595 meam,

451 5634 553 5692 sed
575 5637 760 5700 tuam,
794 5626 934 5701 quia
962 5626 1117 5679 bona
1141 5625 1231 5677 est
1258 5616 1673 5690 (Joan.v1,38).«
1710 5613 2090 5682 Conﬁteborp:

452 5724 562 5785 hoc
591 5724 681 5781 est
707 5716 959 5777 laudabo
988 5725 1202 5770 nomen
1230 5713 1400 5765 tuum
1434 5722 1447 5762 :
1483 5705 1592 5760 hoc
1622 5703 1845 5759 bonum
1875 5708 1984 5760 est.

2130 4600 2177 4666 D

2208 3303 2374 3374 tiam,
2407 3307 2642 3375 prepter
2672 3298 3080 3355 infirmitatem
3112 3299 3321 3367 carnis,
3351 3304 3409 3354 ut
3432 3294 3527 3352 sibi
3550 3287 3730 3347 intenda-

2207 3397 2305 3448 tur
2329 3374 2547 3447 exerat.
2581 3389 2702 3453 Qua
2734 3388 2958 3445 ratione
3015 3387 3298 3461 intellige,
3353 3403 3384 3442 ο
3432 3384 3613 3439 homo:
3644 3374 3730 3447 qui!

2208 3481 2326 3537 nisi
2356 3497 2504 3553 pura
2532 3477 2894 3535 conscientia
2941 3476 3293 3550 depreceris,
3348 3492 3380 3530 a
3429 3473 3528 3529 Deo
3573 3474 3730 3542 prorsus

2210 3587 2324 3626 non
2350 3567 2699 3624 exaudieris.

2280 3681 2308 3708 «
2340 3657 2735 3712 Contristatus
2764 3671 2898 3711 sum
2929 3655 2990 3710 in
3010 3654 3411 3712 exercitatione
3436 3664 3591 3706 mea.»
3613 3643 3730 3707 Quam

2210 3764 2313 3820 pro
2343 3745 2549 3802 mundi
2577 3745 2697 3801 vita
2725 3745 2958 3817 suscepi
2991 3761 3004 3800 :
3040 3744 3182 3816 quia
3238 3757 3455 3814 semper
3496 3725 3730 3794 exercitatio

2210 3852 2303 3892 res
2336 3834 2511 3891 utiles
2532 3850 2597 3890 ac
2620 3816 2982 3890 necessarias
3013 3834 3228 3907 agitur.
3248 3856 3276 3883 ‹‹
3308 3827 3730 3887 Conturbatussum

2211 3942 2244 3981 a
2274 3941 2410 3981 voce
2440 3922 2683 3979 inimici.
2717 3942 2744 3974 η
2781 3921 2889 3989 Qui
2919 3938 3012 3977 me
3056 3922 3492 3988 Samaritanum,
3517 3919 3564 3971 et
3595 3910 3731 3965 demo

2212 4015 2373 4070 nium
2408 4013 2747 4078 habentem,
2778 4027 2913 4067 cum
2975 4013 3129 4067 Deus
3184 4026 3367 4067 essem
3422 4009 3537 4064 ante
3578 3991 3729 4056 seculi.

2215 4103 2616 4175 increpabant.
2650 4100 2753 4157 Vel
2784 4117 2893 4156 vox
2914 4099 3352 4158 Ecclesia.Duos
3378 4094 3604 4152 inimicos

2210 4173 2486 4248 Ecclesia.
2522 4191 2712 4247 Unum
2744 4195 2941 4262 aperte
3000 4195 3060 4246 et
3118 4205 3299 4246 unum
3353 4182 3562 4242 occulte.
3606 4173 3730 4230 Unum

2211 4282 2383 4337 debet
2413 4280 2675 4353 diligere,
2700 4284 2757 4335 et
2785 4278 2965 4335 alium
2997 4279 3179 4336 odire.
3212 4277 3444 4350 Diligere
3478 4265 3727 4353 proximust.

2210 4374 2278 4425 ut
2306 4368 2450 4424 illud
2485 4343 2780 4438 (Diligite
2834 4369 3092 4425 inimicos
3136 4343 3353 4424 vestros.
3387 4382 3405 4418 :
3434 4343 3731 4429 benefacith

2209 4461 2547 4532 qcioderunt
2575 4473 2670 4514 vos
2699 4458 2852 4527 (Luc.
2886 4475 2965 4526 vr,
2997 4458 3111 4530 27).
3144 4458 3213 4514 Et
3241 4455 3412 4513 alium
3461 4445 3729 4506 contemnere
3840 4444 3841 4447 ‘

2210 4530 2268 4603 et
2295 4547 2457 4603 odire
2489 4566 2503 4603 :
2536 4547 2595 4603 id
2627 4551 2735 4614 est,
2759 4545 3058 4603 diabolum
3106 4547 3207 4620 qui
3264 4540 3469 4602 occulte
3515 4530 3731 4620 venit!"

2210 4637 2617 4710 suggestiones
2650 4641 2708 4691 et
2737 4614 3174 4693 delectationes.
3208 4658 3236 4687 «
3270 4634 3335 4689 Et
3378 4648 3410 4687 a
3454 4614 3729 4710 tribulatione

2208 4723 2551 4797 peccatoris.
2589 4748 2610 4776 ι
2649 4722 2758 4788 Qui
2790 4721 2934 4778 mihi
2967 4739 3200 4796 semper
3227 4716 3622 4777 tribulationum
3639 4693 3728 4756 insi-

2207 4812 2334 4869 dias
2363 4812 2725 4868 intendebat.
2759 4815 3005 4884 Propter
3033 4812 3142 4868 hoc
3172 4809 3400 4866 tribulat
3421 4805 3551 4861 Deus
3590 4800 3724 4881 pec“:
3840 4832 3841 4865 ι

2208 4906 2361 4958 tores
2396 4919 2408 4958 :
2443 4905 2547 4957 aut
2573 4907 2638 4956 ut
2669 4871 3077 4973 emendentur,
3110 4905 3213 4957 aut
3242 4903 3303 4955 ut
3329 4911 3425 4970 per
3466 4889 3577 4946 illos
3612 4871 3729 4936 θοπί·
3840 4942 3841 4959 1

2205 4995 2305 5064 gat
2329 4990 2536 5046 bonos.

2275 5079 2613 5144 «Quoniam
2661 5078 3101 5135 declinaverunt
3127 5078 3186 5134 in
3246 5091 3335 5132 me
3384 5064 3672 5140 iniquitates-
3709 5067 3727 5093 "

2209 5166 2460 5239 Populus
2509 5166 2713 5239 utique
2743 5166 2998 5223 declinat
3031 5168 3101 5223 ad
3132 5164 3496 5237 iniquitatem,
3519 5148 3600 5239 qui
3620 5152 3727 5239 me“:

2205 5235 2438 5312 decium
2480 5235 2698 5328 profert
2752 5272 2932 5328 super
2960 5235 3303 5328 proximufn,
3326 5247 3418 5305 vel
3442 5235 3727 5328 Judai

2204 5315 2543 5414 Dominum,
2589 5345 2743 5400 sicut
2789 5315 3060 5401 dixerunt
3090 5362 3102 5400 :
3135 5345 3194 5399 In
3248 5333 3511 5398 Beelzebub
3543 5315 3725 5414 Ρνίπίίξξ

2204 5398 2608 5492 daemoniorum
2628 5398 2784 5505 eirea
2800 5398 3100 5491 assis.
3136 5429 3341 5505 (Mutih.
3396 5441 3479 5486 xu,
3526 5415 3612 5482 24).
3636 5428 3657 5455 α
3680 5398 3722 5505 βξ

2205 5526 2263 5581 in
2295 5525 2382 5580 ira
2412 5523 2640 5580 molesti
2671 5528 2836 5579 erant
2893 5523 3057 5580 mihi.
3092 5543 3117 5573 »
3143 5500 3151 5505 ⁷
3179 5514 3551 5589 Ρριερᾳυϐηιεῗε
3578 5509 3659 5589 γωδ
3679 5500 3718 5542 In

2204 5615 2424 5670 invidia
2452 5630 2580 5670 sua.
2608 5636 2637 5663 «
2671 5613 2741 5669 Et
2765 5610 2824 5668 in
2854 5612 2942 5669 ira
2971 5610 3198 5669 molesti
3226 5582 3397 5665 erant.
3426 5622 3451 5650 ››
3500 5582 3717 5670 “omni”

2202 5703 2261 5761 id
2294 5708 2405 5779 est,
2437 5718 2644 5761 savus.
2668 5664 2710 5756 ξ
2962 5664 3259 5770 {totum
3281 5693 3447 5761 trabs,
3469 5680 3639 5745 odium.
3660 5664 3722 5721 Ῐη
