3964 6190
204 383 354 449 1041

1373 381 1874 446 BREVIARIUM
1918 380 1999 444 IN
2043 380 2432 445 PSALMOS.

3455 383 3611 443 1042

203 518 515 579 conturbat
545 535 559 576 :
596 519 856 577 Turbatus
884 522 962 578 est
987 537 1104 593 prae
1134 521 1220 576 ira
1257 519 1446 576 oculus
1490 534 1648 572 meus
1678 517 1850 589 (Psal.
1881 515 1937 584 Α
1967 521 2182 595 peccati
2213 519 2518 578 cumulum
2549 521 2945 576 excreverunt.
2979 519 3040 575 In
3073 518 3199 592 lege
3229 517 3386 576 enim
3417 532 3612 575 usurae

203 629 280 680 vx,
311 612 366 676 8)
399 633 426 662 ‹‹
461 609 570 667 Cor
601 626 798 666 meum
830 611 1243 667 conturbatum
1277 614 1386 666 est.
1437 631 1464 659 »
1516 609 1852 665 Secundum

205 700 526 772 hominem,
561 701 662 757 sed
687 700 900 757 virtute
934 701 1129 757 divina
1150 700 1538 756 confortatum
1564 702 1671 755 est.
1704 699 1851 754 Nam

207 795 263 848 et
291 789 557 862 angelus,
574 789 765 862 inquit
784 790 1158 863 evangelista,
1190 790 1470 846 accedens
1493 788 1857 844 confortabat

207 896 341 938 eum
375 879 525 950 (Luc.
575 897 689 944 xxr,
741 881 851 951 43).
905 902 932 929 ‹‹
983 883 1047 935 Et
1096 879 1345 935 formido
1395 878 1600 935 mortis
1648 877 1857 933 cecidit

207 986 386 1041 super
424 986 537 1025 me.
597 991 618 1020 ι
672 969 872 1026 Timor
919 969 1150 1034 animae,
1202 972 1260 1024 et
1305 971 1524 1024 tremor
1571 967 1850 1038 corporis.

205 1081 236 1109 α
269 1058 471 1115 Timor
500 1063 558 1114 et
586 1062 804 1115 tremor
831 1059 987 1115 venit
1016 1075 1194 1131 super
1224 1074 1335 1113 me.
1365 1079 1392 1107 »
1426 1057 1727 1129 Siquidem
1767 1056 1853 1128 ip-

205 1164 268 1204 se
299 1147 448 1203 dixit
482 1164 494 1203 :
530 1149 718 1204 Tristis
765 1153 842 1204 est
883 1151 1075 1204 anima
1119 1164 1244 1204 mea
1289 1164 1461 1219 usque
1508 1147 1584 1203 ad
1622 1155 1857 1202 mortem

203 1237 417 1310 (Matth.
448 1253 599 1303 xxvr,
633 1239 744 1309 38).
778 1261 804 1287 ‹‹
837 1239 1230 1295 Contexerunt
1258 1255 1351 1294 me
1381 1238 1654 1293 tenebrae.
1688 1259 1715 1285 »
1747 1238 1853 1291 Te-

201 1327 400 1383 nebrae
431 1327 711 1382 dicuntur
741 1327 878 1382 mali
931 1327 1218 1394 homines,
1273 1327 1373 1400 qui
1423 1330 1857 1399 persequuntur

199 1415 545 1481 Ecclesiam,
576 1419 632 1471 et
663 1415 763 1488 qui
796 1420 1002 1488 tegunt
1039 1415 1226 1488 ipsam
1260 1417 1321 1472 in
1363 1416 1517 1485 odio,
1575 1416 1716 1487 quia
1761 1416 1856 1486 qui

201 1505 317 1563 odit
362 1504 603 1579 fratrem
648 1522 829 1572 suum,
877 1507 933 1559 in
983 1505 1219 1561 tenebris
1259 1511 1334 1561 est
1376 1507 1423 1577 (Ι
1459 1507 1615 1562 Joan.
1651 1522 1709 1571 II,
1745 1505 1853 1573 11).

204 1619 232 1647 ‹‹
263 1596 333 1652 Et
361 1599 742 1652 contexerant
771 1609 865 1650 me
893 1594 1166 1663 tenebrae,
1185 1618 1206 1648 ι
1244 1596 1344 1650 sed
1377 1595 1516 1666 quia
1544 1595 1644 1650 lux
1671 1611 1854 1661 eram,

209 1703 328 1742 non
359 1701 454 1740 me
483 1683 1071 1756 comprehenderunt.

283 1797 313 1824 «
343 1775 412 1830 Et
439 1773 558 1829 dixi
591 1790 604 1828 :
639 1773 772 1845 quis
803 1772 966 1828 dabit
992 1772 1136 1828 mihi
1168 1789 1390 1845 pennas
1431 1773 1585 1829 sicut
1633 1773 1852 1830 colum-

1962 613 2143 685 accipi
2179 612 2560 684 prohibentur
2591 611 2776 682 (Deut.
2808 627 2967 676 xvm,
2999 611 3110 676 20).
3146 609 3333 664 Usura
3358 612 3448 665 est
3477 608 3609 680 plus

1963 703 2223 776 accipere
2256 719 2427 772 quam
2459 703 2616 757 dare.
2649 701 2812 757 Unde
2844 699 3126 772 propheta
3153 699 3297 755 dicit
3324 717 3336 754 :
3369 703 3489 758 Non
3526 701 3610 770 fe-

1961 794 2177 858 neravi,
2208 809 2382 864 neque
2409 792 2685 865 feneravit
2729 790 2872 846 mihi
2916 791 3210 862 quisquam
3258 789 3472 860 (Jerem.
3515 806 3610 856 xv,

1967 885 2076 952 10).
2109 884 2198 948 Et,
2230 884 2292 936 Si
2319 884 2404 937 vis
2433 882 2572 953 quod
2622 881 2724 936 tibi
2769 880 3109 946 dimittatur,
3155 879 3370 933 dimitte
3400 879 3608 949 (Matth.

1965 989 2040 1038 v1,
2079 974 2186 1040 14).

2037 1084 2064 1110 ‹‹
2099 1060 2386 1125 Quoniam
2418 1060 2468 1114 si
2500 1059 2776 1114 inimicus
2804 1075 2969 1114 meus
3000 1056 3397 1114 maledixisset
3443 1055 3613 1122 mihi,

1967 1149 2381 1206 sustinuissem
2421 1149 2642 1219 utique,
2675 1153 2731 1203 et
2761 1148 2809 1204 si
2841 1149 2892 1203 is
2921 1147 3023 1219 qui
3055 1148 3254 1202 oderat
3302 1163 3393 1202 me
3437 1161 3616 1219 super

1966 1256 2060 1294 me
2081 1255 2295 1310 magna
2325 1238 2556 1294 locutus
2588 1237 2828 1292 fuisset:
2863 1237 3301 1293 abscondissem
3326 1252 3419 1292 me
3442 1235 3613 1291 forsi-

1966 1333 2066 1383 tan
2099 1329 2170 1383 ab
2196 1346 2282 1384 eo.
2319 1350 2346 1376 η
2374 1328 2499 1382 Non
2531 1327 2623 1382 hic
2653 1331 2882 1382 tantum
2911 1328 2981 1382 de
3011 1326 3281 1398 passione
3327 1325 3613 1381 Dominus

1966 1416 2251 1488 queritur,
2285 1418 2385 1472 sed
2418 1421 2475 1471 et
2505 1417 2574 1471 de
2605 1415 2892 1488 discipulo
2944 1416 3260 1488 proditore.
3290 1413 3437 1470 Nam
3471 1414 3613 1487 legi-

1967 1523 2102 1562 mus
2134 1506 2192 1560 in
2223 1506 2573 1579 Evangeliis,
2600 1506 2739 1577 quia
2794 1505 3164 1560 absconderit
3211 1521 3273 1560 se
3313 1507 3359 1559 a'
3392 1503 3615 1559 Judaais

1967 1597 2140 1666 (Joan.
2176 1613 2300 1661 VIII,
2324 1596 2438 1665 59).
2472 1597 2515 1650 A
2545 1596 2700 1650 Juda
2729 1599 2921 1650 autem
2975 1612 3087 1650 non
3139 1611 3200 1650 se
3244 1591 3549 1649 abscondit
3599 1606 3612 1646 :

1967 1687 2066 1741 sed
2098 1702 2232 1741 eum
2265 1685 2436 1741 etiam
2470 1684 2730 1740 convivio
2761 1687 2963 1740 sancto
2994 1683 3376 1750 ascivit,sicut
3413 1681 3614 1753 sequi-

1965 1779 2108 1831 tur:

206 1863 336 1920 bes?
368 1867 426 1919 et
453 1862 678 1930 volabo,
712 1867 770 1918 et
800 1861 1180 1934 requiescam.
1219 1885 1247 1913 »
1299 1863 1424 1919 Non
1475 1864 1546 1919 ab
1601 1863 1711 1919 alio
1761 1881 1856 1919 su-
1886 1890 1934 1955 Β
2045 1884 2068 1912 ι
2106 1866 2190 1919 Tu
2221 1879 2355 1919 vero
2389 1864 2561 1920 homo
2593 1863 2910 1919 unanimis.
2952 1884 2976 1912 ι)
3009 1861 3116 1928 Qui
3147 1877 3281 1917 cum
3313 1860 3444 1916 aliis
3474 1876 3611 1916 con-

205 1969 368 2008 mam
400 1951 782 2008 evolationem
815 1952 1124 2008 evadendas
1157 1952 1384 2020 mortis,
1419 1952 1532 2007 nisi
1565 1969 1598 2008 a
1629 1969 1722 2008 me
1765 1954 1852 2025 ip-

203 2058 293 2098 so.
326 2044 654 2097 Potestatem
682 2041 848 2096 habeo
873 2041 1114 2112 ponendi
1143 2041 1390 2096 animum
1417 2056 1620 2107 meam,
1661 2045 1712 2096 et
1748 2056 1854 2112 po-

201 2133 454 2186 testatem
482 2129 650 2185 habeo
679 2130 879 2184 iterum
905 2129 1160 2185 sumendi
1187 2145 1312 2185 eam
1347 2131 1589 2201 (Joan.x,
1623 2131 1710 2201 18)
1747 2147 1759 2185 ;
1794 2134 1858 2184 ut

199 2220 277 2274 de
307 2217 564 2274 tenebris
594 2218 668 2273 ad
698 2217 954 2273 caelestia
981 2219 1323 2274 revertar.In
1357 2218 1628 2273 columba
1659 2222 1854 2274 autem

200 2305 572 2378 spiritualem
607 2309 876 2361 naturam
918 2305 1206 2378 designat,
1257 2306 1411 2361 sicut
1457 2307 1514 2362 in
1567 2307 1857 2378 baptismo

200 2399 511 2451 ostensum
546 2398 652 2450 est.
686 2392 966 2449 Columba
995 2393 1245 2465 simplex
1275 2395 1492 2450 animal
1523 2399 1613 2452 est
1639 2396 1860 2461 absque

200 2482 362 2551 felle,
397 2487 513 2539 eta
543 2481 768 2553 malitia
823 2481 974 2538 fellis
1031 2481 1289 2538 alienum
1341 2501 1353 2537 :
1405 2485 1543 2556 quia
1591 2484 1858 2542 osculum

201 2571 516 2629 charitatis
547 2571 757 2627 anima:
790 2571 1082 2645 significat
1143 2587 1155 2626 :
1217 2573 1357 2643 quia
1413 2573 1670 2630 Ecclesia
1714 2574 1861 2629 duas

203 2677 438 2733 pennas
469 2660 662 2728 habet,
711 2659 819 2717 hoc
863 2663 972 2727 est,
1027 2661 1142 2716 duo
1193 2665 1477 2733 praecepta
1508 2655 1816 2719 charitatisi
1846 2681 1857 2718 :

209 2749 588 2806 dilectionem
622 2748 718 2806 Dei
749 2749 1034 2816 videlicet,
1069 2753 1126 2805 et
1155 2750 1422 2822 proximi.

292 2861 320 2890 «
353 2839 494 2895 Ecce
544 2837 808 2911 elongavi
859 2838 1106 2910 fugiens.
1139 2858 1167 2890 η
1205 2840 1242 2894 Α
1273 2839 1512 2896 Judaeis.
1548 2842 1737 2914 Longe
1776 2846 1865 2898 est

209 2927 376 2985 enim
407 2945 440 2984 a
468 2927 871 2999 peccatoribus
901 2926 1080 2983 salus.
1117 2949 1146 2978 ‹‹
1177 2929 1245 2983 Et
1275 2929 1465 2984 mansi
1497 2930 1554 2984 in
1596 2930 1864 2987 solitudi-

207 3035 309 3074 ne.
346 3039 374 3066 »
405 3015 546 3072 Cum
580 3016 852 3088 gentibus
884 3016 1220 3084 incredulis,
1254 3033 1404 3089 quas
1435 3019 1685 3074 adventu
1735 3038 1864 3076 meo

1956 1954 2206 2025 junctus
2236 1969 2366 2008 eras
2398 1953 2734 2024 apostolis.«
2766 1953 2890 2008 Dux
2922 1968 3107 2006 meus.
3131 1973 3158 2000 »
3181 1951 3266 2005 Ad
3300 1949 3614 2022 praedican-

1966 2043 2108 2098 dum
2141 2059 2272 2097 cum
2305 2042 2526 2098 caeteris
2551 2042 2786 2098 missus.
2825 2064 2852 2091 ‹‹
2887 2042 2956 2096 Et
2986 2044 3160 2095 notus
3184 2055 3370 2095 meus.
3409 2061 3436 2088 »
3467 2038 3614 2103 Quia

1968 2148 2061 2187 me
2084 2149 2186 2202 per
2206 2130 2352 2203 legis
2376 2131 2722 2203 mysterium
2759 2146 3112 2202 cognoveras
3132 2145 3259 2183 esse
3278 2131 3615 2183 venturum.

1969 2243 1996 2270 «
2032 2221 2156 2276 Dux
2191 2237 2361 2276 meus
2393 2225 2452 2275 et
2483 2224 2660 2274 notus
2691 2236 2876 2274 meus.
2915 2241 2942 2267 »
2970 2218 3094 2274 Vox
3124 2217 3337 2272 Christi
3360 2217 3431 2271 de
3463 2216 3619 2271 Juda

1972 2311 2259 2367 Unanimis
2291 2309 2456 2364 dicit:
2476 2309 2613 2381 quia
2633 2309 2939 2363 videbatur
2967 2307 3039 2362 ab
3066 2306 3196 2361 aliis
3213 2306 3383 2378 quasi
3404 2306 3616 2362 bonus.

1967 2399 2094 2453 Dux
2150 2397 2309 2466 dicit,
2353 2403 2589 2470 propter
2644 2397 2797 2468 quod
2856 2395 3150 2451 Christum
3208 2394 3471 2465 tradidit,
3503 2394 3621 2449 dux

1971 2489 2176 2544 mortis
2207 2487 2335 2543 fuit.
2368 2490 2554 2555 Notus,
2588 2488 2820 2560 quando
2851 2485 3014 2540 misit
3043 2501 3138 2540 eos
3171 2484 3340 2540 binos
3371 2486 3504 2541 ante
3533 2483 3618 2539 fa-

1971 2577 2117 2633 ciem
2149 2595 2317 2632 suam
2349 2578 2407 2633 in
2439 2576 2907 2650 praedicationem
2940 2577 3091 2647 (Luc.
3123 2593 3178 2642 x,
3213 2575 3287 2646 1).

2044 2690 2069 2716 ‹‹
2106 2666 2213 2732 Qui
2253 2666 2430 2722 simul
2464 2682 2695 2722 mecum
2717 2665 2919 2720 dulces
2939 2664 3210 2735 capiebas
3239 2662 3618 2718 cibos.»Cum

1971 2756 2266 2811 mandatis
2293 2755 2420 2810 vitae
2451 2759 2508 2810 et
2533 2754 2829 2810 voluntate
2857 2753 3041 2825 patris
3071 2751 3418 2824 plerumque
3467 2753 3621 2808 refe-

1973 2849 2102 2899 ctus
2130 2861 2211 2900 es.
2245 2844 2421 2901 Cibus
2450 2843 2604 2898 enim
2639 2842 2824 2898 dulcis
2857 2846 2963 2908 est,
2980 2840 3168 2897 Patris
3199 2842 3386 2896 facere
3416 2839 3618 2895 volun-

1972 2934 2175 2997 tatem,
2228 2937 2293 2987 ut
2336 2932 2478 2987 illud
2515 2950 2527 2986 :
2563 2932 2669 3000 Qui
2714 2933 2979 3002 intingint
3024 2946 3235 2984 mecum
3279 2945 3509 2984 manum
3556 2930 3621 2984 in

1969 3021 2280 3092 paropside,
2315 3021 2515 3076 levabit
2542 3025 2737 3075 contra
2757 3036 2842 3074 me
2862 3020 3187 3074 calcaneum
3215 3034 3379 3073 suum
3410 3017 3620 3089 (Matth.

204 3108 418 3164 ﬂorere
449 3104 578 3161 feci.
610 3105 691 3161 De
723 3105 939 3176 quibus
987 3105 1138 3162 alius
1161 3105 1244 3162 ait
1273 3107 1556 3179 propheta
1588 3126 1600 3164 :
1634 3111 1868 3165 Laetetur
1974 3128 2123 3178 xxvx,
2155 3112 2268 3178 23).
2301 3109 2403 3165 Vel
2434 3109 2600 3165 cibus
2631 3108 2842 3178 dulcis,
2892 3109 2949 3163 id
3001 3113 3108 3176 est,
3159 3124 3373 3178 corpus
3398 3111 3457 3163 et
3486 3124 3620 3163 san-

203 3214 280 3254 ae
307 3198 498 3266 ﬂoreat
525 3196 796 3251 desertum
827 3194 952 3265 (lsa.
987 3211 1153 3261 xxxv,
1205 3196 1277 3266 1).
1332 3218 1354 3245 α
1408 3197 1550 3252 Ecce
1599 3197 1861 3269 elongavi

1977 3200 2108 3273 guis
2135 3200 2349 3254 Christi
2385 3215 2397 3254 :
2432 3201 2585 3270 quod
2619 3199 2742 3271 ipse
2774 3198 2997 3270 accepit
3026 3198 3325 3270 indignus.
3365 3220 3386 3246 α
3424 3197 3485 3252 In
3517 3197 3620 3254 do—

201 3285 464 3359 fugiens,
496 3288 553 3340 et
580 3283 770 3339 mansi
801 3283 859 3338 in
892 3282 1228 3339 solitudine.
1265 3307 1291 3333 »
1323 3284 1606 3340 Columba
1639 3287 1787 3359 fugit
1830 3305 1863 3342 a
1895 3263 1936 3328 C
1975 3305 2071 3343 mo
2102 3289 2201 3344 Dei
2235 3287 2667 3344 ambulavimus
2699 3305 2829 3342 cum
2856 3303 3143 3342 consensu
3176 3286 3495 3357 (Joan.xm,
3530 3287 3617 3355 18,

197 3373 644 3432 conversatione
671 3373 950 3440 humana,
980 3377 1036 3428 et
1065 3373 1251 3430 sancti
1301 3373 1534 3447 fugiunt
1565 3392 1598 3430 a
1629 3393 1861 3432 consor-

192 3465 286 3520 tio
317 3463 647 3529 hominum,
682 3479 798 3518 non
843 3462 1247 3534 corporaliter,
1297 3464 1396 3519 sed
1451 3464 1857 3537 spiritualiter,

191 3553 312 3609 hoc
342 3556 451 3619 est,
483 3552 542 3607 in
574 3553 953 3621 conscientia,
988 3553 1128 3627 quia
1157 3553 1434 3626 cogitant,
1469 3555 1761 3626 quomodo
1794 3572 1856 3612 se

191 3646 408 3699 contra
437 3642 844 3714 suggestiones
876 3643 1090 3700 diaboli
1138 3643 1224 3698 vel
1273 3643 1676 3700 haereticorum
1723 3646 1854 3700 des-

191 3730 450 3787 cendere
479 3730 748 3786 debeant.

273 3842 302 3868 ‹‹
335 3819 757 3890 Exspectabam
791 3835 925 3876 eum
953 3821 1053 3892 qui
1085 3819 1311 3876 salvum
1344 3837 1436 3878 me
1481 3821 1616 3878 fecit
1663 3839 1696 3877 a
1744 3841 1849 3895 pu-

193 3906 607 3964 sillanimitate
635 3907 878 3980 spiritus
911 3912 967 3964 et
996 3912 1361 3980 tempestate.
1397 3934 1418 3961 ιι
1455 3911 1762 3982 Exspectat
1791 3911 1848 3968 in

193 4013 442 4068 corpore
462 3997 712 4070 positus,
746 4013 862 4053 non
895 3997 1085 4054 solum
1119 3998 1498 4054 salvationem
1548 4000 1752 4072 patris,
1787 4005 1851 4056 ut

193 4103 228 4143 a
283 4085 529 4143 diversis
575 4085 1024 4159 tempestatibus
1078 4091 1337 4155 eruatur,
1393 4089 1493 4143 sed
1552 4088 1751 4155 etiam,
1785 4094 1850 4144 ut

192 4175 482 4232 ultionem
517 4176 589 4231 de
617 4175 873 4231 inimicis
905 4174 1170 4248 accipiat.
1204 4177 1478 4248 Sequitur
1510 4192 1523 4232 :

277 4287 297 4312 ι
335 4264 656 4336 Ρνωοίρὶῐει,
689 4264 952 4336 Domine,
986 4269 1042 4320 et
1071 4265 1262 4320 divide
1292 4265 1526 4339 linguas
1549 4281 1771 4322 eorum.
1817 4288 1844 4316 ››

188 4351 250 4409 In
291 4368 446 4424 aqua
475 4351 692 4424 aliquis
723 4370 873 4425 saepe
901 4353 1315 4426 praecipitatur.
1356 4360 1504 4427 Ergo
1536 4355 1596 4409 hi
1624 4355 1706 4410 ita
1745 4357 1841 4412 de-

187 4445 537 4514 mergantur
565 4442 720 4498 sicut
752 4441 809 4496 in
844 4441 1079 4512 diluvio,
1113 4446 1170 4498 et
1198 4443 1614 4514 dispergantur
1642 4444 1843 4499 divisis

183 4528 429 4602 linguis,
465 4547 570 4586 ceu
611 4531 828 4586 factum
859 4534 949 4586 est
980 4530 1037 4584 in
1069 4530 1450 4586 aaditicatione
1496 4532 1693 4586 turris.
1730 4533 1838 4588 Sed

1968 3379 2082 3447 21).
2116 3379 2276 3448 Saepe
2308 3377 2462 3433 enim
2495 3395 2628 3432 cum
2660 3377 2786 3448 ipso
2816 3377 3062 3432 Domino
3093 3375 3152 3429 in
3184 3374 3404 3446 templo
3451 3374 3619 3431 Salo-

1970 3467 2160 3522 monis
2191 3484 2323 3522 cum
2358 3466 2789 3538 praedicationis
2815 3482 3103 3522 consensu
3139 3463 3303 3519 obiit.

2043 3581 2062 3608 ι
2097 3555 2304 3610 Veniat
2334 3573 2489 3611 mors
2521 3571 2699 3627 super
2728 3554 2944 3623 illos,et
2967 3554 3322 3609 descendant
3345 3553 3416 3608 ad
3440 3551 3616 3608 infer-

1966 3662 2108 3700 num
2137 3645 2477 3700 viventes.»
2522 3645 2592 3700 Ut
2641 3646 2918 3715 majorem
2972 3643 3062 3698 sui
3113 3642 3306 3697 cordis
3355 3641 3615 3699 dolorem

1964 3734 2290 3788 secundum
2321 3733 2620 3788 hominem
2653 3733 2984 3788 ostenderet
3011 3748 3022 3786 :
3048 3732 3176 3786 ideo
3210 3729 3378 3803 quasi
3411 3729 3469 3785 in
3498 3747 3616 3788 ma-

1962 3821 2271 3877 ledictione
2300 3838 2423 3890 qua:
2449 3822 2533 3876 eis
2563 3826 2729 3876 erant
2751 3824 2995 3876 ventura
3024 3819 3306 3891 pradixit.
3345 3842 3366 3871 ι
3402 3819 3615 3875 Veniat

1961 3926 2121 3966 mors
2151 3926 2326 3981 super
2351 3909 2504 3980 illos,
2556 3914 2612 3964 et
2670 3909 3028 3965 descendant
3075 3909 3147 3962 ad
3197 3907 3492 3962 infernum
3523 3907 3607 3961 vi-

1958 4001 2176 4053 ventes.
2232 3999 2470 4054 Factum
2521 3998 2632 4052 fuit
2676 3998 2784 4053 hoc
2833 3999 2904 4052 de
2956 3996 3200 4063 Datban,
3241 3999 3298 4050 et
3347 3994 3511 4062 Core,
3554 3998 3612 4050 et

1955 4087 2194 4158 Abiron,
2227 4091 2286 4142 et
2319 4087 2496 4142 simul
2527 4087 2686 4142 venit
2715 4087 2888 4159 ignis,
2920 4089 2976 4141 et
3006 4083 3219 4140 mortui
3263 4083 3520 4149 fuerunt,
3552 4088 3610 4139 et

1955 4179 2110 4231 terra
2167 4176 2472 4230 absorbuit
2501 4193 2599 4231 eos
2630 4176 2787 4230 vivos
2818 4176 3005 4244 (Num.
3046 4190 3161 4236 xvr,
3193 4172 3302 4243 3'2).

2030 4287 2056 4313 ‹‹
2093 4264 2377 4330 Quoniam
2411 4263 2676 4335 nequitia
2706 4263 2762 4317 in
2791 4260 3144 4316 habitaculis
3164 4277 3365 4315 eorum
3398 4260 3456 4315 in
3489 4277 3608 4318 me-

1957 4352 2051 4408 dio
2080 4352 2366 4424 ipsorum.
2402 4377 2426 4401 ››
2463 4352 2686 4407 Etenim
2731 4356 2851 4406 tam
2885 4365 3055 4422 Opere
3089 4367 3265 4421 quam
3299 4350 3601 4423 cogitatio-

1955 4458 2044 4512 ne,
2081 4440 2339 4512 nequitia
2363 4441 2517 4514 pleni
2551 4446 2710 4496 sunt.

2031 4549 2052 4576 α
2087 4529 2206 4601 Ego
2239 4533 2433 4584 autem
2467 4530 2538 4584 ad
2571 4529 2883 4584 Dominum
2916 4528 3182 4594 clamavi,
3214 4530 3271 4582 et
3317 4526 3602 4583 Dominus

186 4635 295 4674 cur
325 4619 441 4674 ista
469 4619 634 4684 ﬁant,
671 4619 887 4690 adjecit
919 4635 932 4674 :
968 4619 1253 4684 Quoniam
1283 4617 1400 4672 vidi
1448 4619 1839 4691 iniquitatem,
1872 4631 1918 4695 D
1952 4617 2200 4674 salvabit
2249 4635 2360 4673 me.
2413 4619 2683 4688 Vespere,
2728 4622 2783 4672 et
2831 4635 3022 4686 mane,
3055 4621 3111 4671 et
3141 4614 3401 4672 meridie.
3439 4638 3460 4664 ι»
3495 4614 3599 4670 Ve-

186 4710 243 4763 et
277 4705 798 4764 contradictionem
846 4707 904 4762 in
947 4706 1196 4762 civitate.
1234 4729 1255 4756 ι
1290 4708 1672 4778 Iniquitatem,
1706 4725 1839 4764 cum

187 4811 306 4852 non
340 4796 732 4853 crediderunt.
766 4796 1275 4867 Contradictionem,
1300 4813 1433 4852 cum
1466 4798 1837 4869 exprobrant,

188 4885 658 4942 contradicentes
709 4903 722 4941 :
774 4888 962 4942 Nonne
1007 4887 1094 4941 hic
1137 4894 1216 4942 est
1263 4886 1413 4955 ﬁlius
1459 4887 1650 4958 Ioseph
1691 4887 1841 4957 fabri

191 4973 378 5045 (ﬂare.
411 4993 488 5043 v1,
518 4976 613 5048 3)?
643 4977 712 5032 Et
736 4975 852 5032 alia
881 4975 1087 5031 multa.

265 5087 293 5113 ‹‹
330 5064 430 5120 Die
461 5081 528 5122 ac
556 5070 744 5122 nocte.
781 5087 802 5117 ι
841 5065 900 5121 Id
934 5069 1024 5121 est
1053 5065 1212 5120 omni
1240 5069 1519 5138 tempore.
1553 5067 1669 5136 Die,
1701 5082 1833 5120 cum

191 5153 425 5211 doceret
453 5155 676 5223 turbas,
709 5159 766 5211 et
794 5153 878 5210 illi
911 5172 1026 5211 non
1057 5154 1449 5210 crediderunt.
1484 5158 1667 5223 Nocte,
1701 5172 1835 5211 cum

189 5247 505 5316 pateretur,
536 5248 591 5299 et
621 5243 703 5298 illi
736 5243 1235 5316 blasphemarent.
1284 5245 1433 5316 Ergo
1484 5244 1675 5300 taliter
1725 5245 1834 5300 cir-

190 5334 467 5390 cumdata
497 5333 834 5406 repletaque
865 5339 954 5389 est
983 5349 1184 5388 eorum
1216 5332 1439 5400 civitas,
1469 5333 1524 5387 id
1555 5339 1643 5389 est
1673 5334 1833 5390 Jero-

187 5421 437 5497 solyma,
505 5428 571 5478 ut
635 5438 814 5495 supra
878 5438 1080 5478 muros
1145 5422 1498 5478 redundaret
1553 5421 1836 5494 iniquitas

187 5527 338 5584 ejus.

265 5623 293 5649 ‹‹
325 5603 391 5658 Et
416 5619 530 5659 non
561 5601 774 5659 defecit
802 5601 873 5656 de
903 5599 1112 5672 plateis
1141 5599 1270 5671 ejus
1303 5617 1484 5656 usura
1513 5604 1568 5656 et
1597 5599 1832 5656 dolus.»

192 5691 402 5748 Omnia
431 5691 586 5750 enim
617 5709 745 5765 quae
769 5691 827 5748 in
851 5688 976 5764 lege
999 5688 1294 5762 prohibita
1323 5691 1561 5762 sunt,ad
1585 5690 1834 5763 augendi

1952 4724 2119 4780 spere
2149 4724 2282 4762 cum
2315 4707 2646 4778 passionem
2680 4706 2955 4777 suscepit,
2998 4721 3168 4760 mane
3215 4720 3348 4759 cum
3399 4719 3596 4758 resur-

1950 4796 2143 4851 rexit:
2181 4795 2444 4863 meridie,
2503 4812 2634 4850 cum
2688 4795 2844 4849 omni
2897 4793 3162 4849 claritate
3209 4792 3443 4847 virtutis
3473 4809 3592 4847 sua:

1948 4883 2287 4956 adimpleta,
2321 4883 2495 4938 caelos
2527 4882 2810 4951 ascendit,
2845 4882 3004 4937 sedct
3035 4881 3105 4936 ad
3156 4880 3450 4935 dexteram
3481 4881 3593 4932 Pa-

1947 4973 2074 5029 tris.

2027 5062 2340 5118 «Narrabo
2399 5067 2456 5116 et
2511 5060 2894 5123 annuntiabo,
2953 5062 3010 5113 et
3067 5057 3336 5113 exaudiet
3391 5073 3590 5114 vocem

1948 5151 2432 5208 meam.Redimet
2461 5151 2518 5204 in
2554 5167 2692 5221 pace
2723 5149 2982 5204 animam
3014 5164 3227 5215 meam,
3260 5148 3333 5202 ab
3364 5145 3457 5201 his
3489 5146 3591 5217 qui

1947 5241 2422 5315 appropinquant
2469 5238 2634 5294 mihi.
2672 5263 2698 5287 ››
2732 5239 2940 5292 Narrat
2971 5235 3194 5292 scilicet
3224 5254 3236 5292 :
3270 5235 3423 5306 quod
3454 5251 3590 5290 eum

1946 5331 2216 5388 velociter
2245 5334 2408 5403 pater
2438 5329 2730 5385 exaudivit
2762 5346 2773 5384 :
2809 5327 2961 5399 quod
2996 5343 3128 5382 cum
3165 5325 3235 5379 dc
3264 5322 3590 5380 tribulatio-

1947 5422 2122 5476 nibus
2153 5420 2360 5475 mortis
2385 5419 2626 5490 eripuit:
2647 5418 2800 5488 quod
2832 5416 2891 5470 in
2925 5433 3064 5488 pace
3093 5413 3347 5470 animam
3368 5413 3496 5484 ejus
3518 5413 3594 5468 ab

1946 5509 2221 5580 inimicis,
2254 5509 2355 5580 qui
2381 5509 2427 5564 ei
2464 5509 2533 5563 ob
2569 5507 2927 5561 inferendam
2965 5508 3206 5560 mortem
3239 5502 3592 5574 propinqua-

1943 5603 2167 5670 verant,
2223 5596 2502 5652 liberavit.
2563 5595 2686 5666 Vel,
2733 5594 2993 5660 narrabo,
3048 5593 3214 5666 quasi
3258 5591 3506 5656 minora,
3537 5598 3591 5645 et

1944 5685 2478 5759 anmmtiabo,quasi
2511 5685 2753 5756 majora.
2771 5684 3056 5740 Liberavit
3085 5683 3142 5738 in
3166 5697 3306 5754 pace
3327 5681 3584 5738 animam
