3964 6190
435 365 598 450 ¹1013

1934 363 2353 428 ΑΡΡΕΝΒΙΧ.

3608 377 3716 441 l0“

442 515 653 555 meam.
688 500 752 555 In
794 514 948 570 pace,
981 497 1090 553 hoc
1137 500 1244 566 est,
1302 496 1360 552 in
1413 496 1748 570 semetipso,
1780 501 1846 552 ut
1877 496 2091 554 Paulus
2124 500 2176 568 Α
2206 495 2456 556 lenoires
2519 499 2642 558 oleo
2675 501 2810 558 fecit
2849 517 3150 559 sermones
3195 518 3346 574 suos,
3365 519 3476 562 cum
3513 509 3716 581 aitzioe,

440 588 587 644 dixit
619 604 632 642 :
667 589 782 659 Ipse
811 591 888 642 est
912 604 1028 658 pax
1065 591 1278 655 nostra,
1328 589 1424 657 qui
1469 589 1598 657 fecit
1639 595 1868 656 utraque
1913 602 2092 642 unum

439 678 661 749 (Ephes.
696 695 757 744 ιι,
794 678 902 746 14).
937 699 963 726 ‹‹
997 677 1081 732 Ab
1115 676 1206 731 his
1240 676 1338 748 qui
1362 676 1834 748 appropinquant
1868 676 2032 731 mihi.
2063 698 2090 725 ››

438 765 976 838 Approquinquant
1002 781 1382 838 corpore,non
1407 765 1526 819 vita
1551 781 1655 819 nec
1680 765 2094 828 merito.«Quo-

443 856 604 912 niam
663 856 814 909 inter
862 853 1078 910 multos
1126 860 1290 909 erant
1336 871 1586 910 mecum.
1624 877 1644 905 ι)
1681 856 1828 910 Inter
1870 854 2088 920 multos,

444 945 548 999 sed
581 960 696 998 non
730 944 784 996 in
819 943 1039 1014 paucis.
1062 943 1123 997 In
1159 942 1360 998 multis
1392 943 1610 1007 vero,id
1643 946 1750 1012 est,
1787 943 1845 996 in
1879 943 2093 1014 baptis-

443 1049 559 1099 mo,
593 1037 649 1087 et
677 1031 734 1086 in
770 1032 882 1087 ﬁde
911 1049 1023 1087 non
1058 1033 1210 1087 ﬁcta.
1247 1034 1306 1086 In
1349 1032 1551 1102 paucis
1607 1048 1720 1086 non
1775 1037 1935 1102 sunt,
1982 1031 2091 1087 hoc

439 1125 546 1192 est,
581 1121 638 1175 in
675 1121 995 1190 ﬁdeﬁrma,
1027 1125 1083 1176 et
1109 1137 1230 1191 spe,
1263 1126 1318 1175 et
1348 1121 1650 1176 cbaritate.
1687 1142 1713 1170 ‹‹
1751 1121 1909 1176 Inter
1940 1120 2089 1176 mul-

435 1215 528 1267 tos
560 1233 588 1259 »
623 1211 978 1276 credentes”
1013 1214 1178 1264 erant
1208 1226 1497 1276 mecum,»
1530 1214 1586 1265 et
1609 1226 1722 1264 non
1752 1209 2087 1264 credebant.

511 1322 539 1350 ‹‹
571 1299 851 1354 Exaudiet
883 1299 1055 1354 Deus.
1096 1322 1115 1346 ο
1162 1298 1249 1353 Me
1290 1298 1748 1364 benedicentem,
1795 1315 1910 1353 non
1960 1297 2092 1352 illos

441 1387 874 1445 maledicentes.
909 1409 934 1436 ‹‹
971 1388 1252 1442 Exaudict
1282 1392 1433 1442 Deus
1459 1409 1486 1436 ››
1515 1391 1748 1442 sanctos
1779 1403 1937 1442 suos.
1977 1410 1997 1435 ι
2024 1387 2094 1441 Et

436 1477 774 1534 bumiliabit
804 1494 924 1532 eos.
964 1499 984 1524 η
1017 1476 1133 1532 Hoc
1165 1481 1270 1544 est,
1305 1477 1609 1546 superbos.
1641 1499 1667 1524 «
1704 1475 1808 1540 Qui
1841 1481 1929 1531 est
1957 1479 2091 1531 ante

439 1566 675 1625 saecula.
708 1587 735 1616 »
770 1567 939 1622 Pater
969 1565 1192 1636 utique,
1233 1581 1406 1636 quem
1457 1565 1516 1618 in
1567 1581 1659 1620 me
1704 1580 1938 1620 manere
1975 1580 2089 1619 non

437 1658 876 1728 cognoverunt:
911 1654 1051 1726 quia
1097 1658 1186 1708 est
1228 1659 1361 1708 ante
1406 1653 1638 1720 saecula,
1688 1657 1743 1708 et
1799 1657 1993 1709 manet
2029 1653 2088 1708 in

439 1750 743 1800 aeternum.
779 1742 880 1798 Ille
914 1742 1013 1814 qui
1046 1742 1279 1796 initium
1313 1742 1570 1812 sumpsit
1609 1759 1676 1797 ex
1720 1742 1922 1809 Maria,
1947 1747 2090 1804 ante

380 1879 382 1882 μ
439 1831 656 1888 saecula
686 1832 918 1904 genitus
949 1834 1057 1886 est.

516 1944 536 1970 σι
572 1922 696 1976 Νοη
731 1925 821 1976 est
847 1920 1004 1975 enim
1055 1919 1173 1975 illis
1225 1919 1628 1977 commutatio.
1665 1942 1687 1971 ι
1723 1925 1800 1976 De
1832 1918 1986 1976 malo
2028 1919 2089 1974 in

437 2011 691 2074 bonum;
723 2027 839 2064 non
872 2013 1330 2077 commutantur,
1363 2027 1476 2065 non
1517 2009 1955 2064 transferuntur
1999 2024 2087 2063 se-

442 2101 704 2156 cundum
754 2098 1131 2172 Evangelium
1183 2100 1252 2154 de
1304 2104 1470 2153 norte
1497 2097 1558 2152 in
1583 2097 1780 2152 vitam.
1821 2115 1843 2144 ι
1875 2098 1944 2153 Et
1975 2113 2089 2152 non

439 2189 766 2245 timuerunt
815 2193 1017 2243 Deum.
1059 2211 1078 2236 υ
1137 2188 1268 2243 Ideo
1316 2205 1493 2242 causa
1540 2187 1613 2241 ad
1663 2186 1947 2242 ultionem
1998 2187 2091 2257 de;

443 2278 690 2348 scendit,
728 2277 883 2333 sicut
914 2276 1184 2348 sequitur
1216 2295 1227 2331 :
1272 2296 1292 2323 α
1331 2277 1616 2347 Expendit
1647 2293 1887 2331 manum
1921 2293 2090 2332 suam

440 2366 500 2420 in
534 2365 1115 2428 retribuendo.»Quia
1145 2381 1276 2420 cum
1310 2365 1393 2419 eis
1424 2366 1496 2419 ad
1537 2364 1821 2420 auxilium
1863 2381 2089 2436 porrec-

441 2458 501 2509 ta
531 2453 738 2508 fuisset
768 2470 781 2506 :
820 2469 932 2507 non
985 2469 1112 2508 eam
1155 2458 1514 2523 receperunt.
1551 2476 1577 2501 ‹‹
1609 2453 1731 2508 Non
1765 2453 2094 2521 timuerunt

441 2546 657 2608 Deum;
692 2563 718 2589 »
751 2545 1057 2612 propterea
1087 2558 1201 2596 non
1231 2541 1669 2596 declinaverunt
1719 2542 1790 2596 de
1840 2541 1991 2597 malo
2030 2542 2088 2596 in

441 2631 661 2686 bonum
697 2646 709 2683 :
746 2629 884 2700 quia
915 2646 1027 2685 non
1061 2633 1476 2702 cognoverunt.
1504 2651 1530 2679 »
1563 2631 1632 2684 Et
1661 2629 1920 2685 extendit
1969 2647 2090 2685 ma-

439 2735 586 2775 num
621 2735 788 2774 suam
821 2717 879 2773 in
911 2718 1283 2774 retribuendo
1313 2718 1522 2774 illis.»«
1555 2717 1824 2774 Extendit
1847 2735 2089 2774 manum

437 2824 634 2875 suam,
671 2830 700 2858 »
732 2812 796 2864 ut
826 2808 908 2863 ait
936 2807 1222 2880 propheta
1255 2826 1267 2862 :
1305 2809 1434 2864 Tota
1481 2808 1570 2863 die
1612 2809 1853 2880 expandi
1893 2825 2090 2864 manus

441 2913 593 2954 meas
621 2897 692 2953 ad
715 2895 994 2969 populum
1022 2912 1135 2953 non
1179 2896 1478 2952 credentem
1527 2905 1582 2952 et
1627 2897 2092 2953 contradicentem

434 2987 589 3053 mihi
619 2989 744 3059 (lsa.
781 3004 904 3058 va,
935 2988 989 3054 2)
1028 3003 1040 3040 :
1077 2987 1206 3042 ideo
1238 2987 1377 3058 quia
1407 3003 1519 3042 non
1545 2987 1728 3042 credit
1759 3003 1934 3058 opera
1965 3003 2094 3043 mea

449 3081 508 3132 et
536 3077 858 3147 potentiam
899 3092 1088 3130 meam
1118 3092 1129 3130 :
1166 3096 1193 3125 ‹‹
1229 3078 1290 3130 In
1335 3075 1707 3131 retribuendo
1748 3075 1887 3143 illis,
1922 3095 1948 3127 ι)
1986 3075 2092 3131 hoc

445 3168 557 3229 est,
591 3163 650 3218 in
689 3164 963 3231 vindicta,
1012 3164 1070 3218 in
1121 3164 1212 3219 die
1252 3164 1462 3234 judicii
1516 3183 1527 3219 :
1580 3165 1900 3235 praesertim
1957 3181 2090 3220 cum

445 3252 693 3308 Abrahae
725 3252 842 3308 dixi
878 3269 890 3306 ι
928 3257 990 3308 In
1017 3255 1222 3308 semine
1245 3258 1332 3308 tao
1355 3253 1741 3309 benedicentur
1761 3269 1943 3310 omnes
1962 3271 2091 3322 gen-
2122 3236 2164 3302 C

436 3327 520 3399 tes
551 3346 717 3399 terrae
744 3341 896 3410 (Gen.
929 3359 1069 3406 xin,
1121 3343 1228 3413 18),
1279 3341 1335 3396 id
1383 3346 1493 3407 est,
1545 3342 1603 3397 in
1651 3342 1909 3408 Christo;
1943 3346 2001 3396 et
2030 3342 2089 3396 in

443 3431 555 3488 alio
587 3431 711 3486 loco
742 3449 753 3486 :
788 3433 851 3485 Et
880 3431 1014 3486 dabo
1049 3432 1154 3486 tibi
1182 3435 1367 3499 gentes
1416 3431 1792 3488 haerediiatem
1838 3442 1994 3486 tuam
2041 3439 2092 3486 et

437 3520 823 3592 possessionem
854 3528 1004 3574 tuam
1035 3522 1297 3575 terminos
1337 3523 1496 3575 terrae
1526 3521 1696 3590 (Psal.
1733 3538 1792 3590 II,
1821 3521 1898 3592 8).
1927 3519 2090 3576 Chri-

443 3611 573 3662 stus
604 3622 704 3676 pcr
733 3605 956 3660 Novum
989 3606 1431 3662 Testamentum
1456 3607 1766 3679 acquisivit
1791 3608 2092 3671 haeredita-

441 3698 560 3749 tem
593 3709 787 3748 suam.

514 3805 542 3831 «
566 3781 1045 3837 Contamiverunt
1075 3788 1500 3840 testamentum
1532 3787 1679 3856 ejus.
1714 3807 1742 3836 »
1776 3786 1924 3853 Quia
1973 3802 2091 3842 non

443 3870 856 3926 intellexerunt
889 3872 1196 3926 Dominum
1228 3873 1433 3927 Jesum
1466 3879 1801 3929 sanctorum
1831 3875 2091 3930 virorum

442 3960 730 4032 preconio
764 3960 1252 4031 repromissum,«
1284 3962 1353 4016 Et
1385 3961 1551 4016 divisi
1583 3967 1720 4018 sunt
1748 3965 1819 4019 ab
1851 3965 1939 4018 ira
1967 3963 2093 4018 vul-

442 4053 541 4104 tus
571 4051 718 4120 ejus.
757 4071 784 4098 ››
815 4049 898 4104 Ab
934 4049 1226 4121 spirituali
1259 4050 1835 4122 providentia,divisa
1855 4057 1942 4108 est
1962 4069 2096 4108 con-

442 4137 748 4209 templatio
779 4155 980 4193 eorum
1002 4155 1013 4192 :
1035 4139 1164 4193 ideo
1197 4156 1332 4210 pars
1361 4155 1562 4194 eorum
1595 4157 1726 4195 cum
1760 4141 2096 4199 inﬁdelibus

448 4226 642 4298 posita
679 4233 786 4282 est.
827 4228 957 4282 Post
995 4244 1197 4283 eorum
1230 4229 1732 4299 exprobrationem
1778 4231 1848 4285 ad
1877 4231 2094 4286 Judam

445 4330 644 4371 sermo
675 4315 921 4370 refertur
953 4318 1152 4372 dicens
1174 4335 1185 4371 :
1206 4319 1272 4372 Et
1289 4318 1778 4390 appropinquavit
1798 4319 2093 4389 corillius,

447 4406 510 4458 ut
541 4402 848 4475 impletum
881 4421 914 4459 a
945 4405 1175 4460 diabolo
1206 4407 1460 4462 traderet
1491 4408 1808 4464 Christum.
1837 4431 1863 4458 «
1892 4410 2097 4465 Conta-

445 4490 818 4546 minaverunt
848 4497 1265 4548 testamentum
1297 4495 1515 4563 ejus,et
1545 4495 1713 4550 divisi
1748 4501 1887 4551 sunt
1917 4497 1988 4552 ab
2012 4498 2098 4552 ira

2202 589 2405 652 Rabbi;
2439 595 2490 646 et
2518 592 2789 647 osculatus
2831 594 2909 648 est
2956 608 3082 647 eum
3114 594 3314 664 (Matth.
3359 613 3487 663 xm,
3524 598 3608 668 49).
3631 601 3720 658 Tale

2203 677 2396 734 oleum
2431 684 2764 748 renuentes,
2799 685 2861 735 ut
2885 681 2943 735 in
2975 680 3434 748 tribulationibus
3473 687 3621 756 positi,
3660 691 3720 745 Dei

2205 770 2474 838 petamus
2507 767 2814 836 auxilium,
2845 769 2969 840 ipse
3001 786 3106 826 nos
3135 771 3284 826 Deus
3311 787 3408 827 suo
3433 775 3636 846 exemplo
3655 777 3722 831 do-

2203 855 2324 910 cuit
2352 856 2552 912 dicens
2590 873 2602 913 :

2273 968 2300 994 «
2335 946 2495 1000 Jacta
2524 945 2582 1002 in
2619 947 2929 1004 Dominum
2960 965 3162 1004 curam
3192 953 3426 1016 tuam,et
3447 951 3551 1022 ipse
3571 957 3613 1007 te
3631 970 3722 1008 enu-

2203 1032 2357 1087 triet.
2394 1055 2420 1081 »
2455 1033 2524 1089 Ut
2553 1035 2624 1090 ab
2656 1051 2722 1090 eo
2752 1036 3037 1091 educatus
3068 1035 3318 1091 inimicis
3361 1036 3506 1092 fortis
3543 1037 3721 1094 resistas.

2202 1143 2230 1170 «
2268 1121 2392 1176 Non
2425 1122 2594 1178 dabis
2627 1123 2684 1177 in
2716 1128 2999 1179 aeternum
3031 1125 3449 1182 ﬂuctuationem
3470 1126 3615 1196 justo.
3639 1148 3656 1174 υ
3687 1127 3723 1181 Si

2201 1210 2356 1265 enim
2383 1211 2586 1282 justus
2612 1213 2813 1280 fueris,
2849 1230 2964 1269 non
2997 1219 3053 1269 te
3085 1213 3302 1284 patitur
3329 1214 3394 1268 ab
3414 1213 3727 1285 iniquisllucti-

2200 1298 2312 1354 bus
2343 1299 2594 1372 fatigari.
2628 1302 2734 1367 Qui
2768 1302 3035 1370 ﬂuctuat,
3069 1302 3128 1357 in
3160 1303 3304 1358 mari
3347 1307 3446 1358 est.
3486 1303 3573 1358 Per
3609 1319 3728 1366 mare.

2203 1389 2461 1445 mundus
2491 1390 2600 1445 iste
2629 1390 2998 1463 intelligitur,
3021 1391 3081 1447 in
3113 1407 3226 1464 quo
3255 1391 3426 1446 sancti
3451 1391 3682 1447 ﬂuctuant.

2273 1499 2301 1526 ‹‹
2331 1477 2415 1533 Tu
2441 1493 2596 1548 vero,
2629 1479 2804 1546 Deus,
2829 1480 3084 1536 deducas
3114 1479 3247 1536 illos
3293 1480 3350 1535 in
3395 1485 3597 1552 puteum
3638 1480 3725 1534 inte,-

2198 1565 2371 1622 ritus.
2407 1589 2435 1616 »
2470 1566 2544 1623 Ut
2569 1568 2670 1638 qui
2705 1567 3021 1624 noluerunt
3059 1569 3256 1624 bibere
3284 1570 3352 1624 de
3379 1569 3517 1624 fonte
3547 1585 3664 1639 aqua
3683 1568 3724 1621 τί·

2199 1670 2298 1721 vae,
2333 1655 2390 1710 in
2425 1660 2668 1727 puteum
2702 1657 2973 1713 interitus
3005 1658 3460 1730 demerguntur.»
3491 1659 3540 1714 In
3565 1662 3724 1729 puteum

2200 1743 2493 1813 interitus,
2526 1767 2553 1794 ››
2609 1745 2719 1802 hoc
2764 1751 2871 1815 est,
2925 1746 2982 1802 in
3033 1747 3345 1818 infernum,
3376 1747 3524 1818 justa
3559 1745 3728 1800 vindicta

2200 1847 2378 1904 super
2405 1832 2558 1889 illos.

2273 1943 2300 1970 «
2334 1921 2455 1977 Viri
2488 1923 2845 1996 sanguinum
2875 1928 2932 1980 et
2962 1924 3172 1981 dolosi.
3204 1946 3233 1976 »
3265 1924 3369 1990 Qui
3395 1928 3517 1980 sunt
3535 1923 3723 1978 elfusores

2197 2011 2508 2082 sanguinis
2540 2011 2945 2085 Redemptoris
2976 2013 3184 2070 nostri.
3217 2036 3247 2067 κ
3269 2014 3396 2070 Non
3439 2010 3723 2068 dimidiabunt

2199 2099 2326 2155 dies
2357 2115 2514 2156 suos.
2552 2122 2580 2149 »
2611 2101 2736 2157 Non
2769 2103 2960 2160 solum
2992 2120 3110 2159 non
3141 2102 3506 2175 impleverunt
3529 2099 3722 2155 aeternita-

2198 2188 2277 2243 tis
2307 2189 2453 2255 dies,
2477 2191 2577 2246 sed
2610 2206 2715 2246 nec
2746 2192 2815 2246 ad
2850 2189 3460 2264 dimidium‘temporis
3477 2189 3582 2261 ejus
3603 2186 3724 2242 venire

2203 2283 2560 2334 meruerunt.
2597 2279 2660 2333 In
2693 2280 2920 2336 modico
2947 2280 3108 2337 enim
3139 2281 3326 2352 spatio
3355 2281 3410 2334 in
3452 2277 3628 2333 ultione
3660 2279 3722 2328 Do-

2202 2365 2420 2422 minica
2449 2367 2522 2422 ab
2552 2366 2822 2424 hostibus
2854 2369 3131 2425 trucidati
3161 2373 3320 2425 sunt.

2273 2476 2300 2502 «
2336 2459 2454 2527 Ego
2485 2461 2682 2512 autem
2703 2458 2958 2528 sperabo
3007 2458 3070 2512 in
3119 2462 3197 2525 te,
3240 2457 3482 2514 Domine.
3510 2477 3534 2504 »
3557 2457 3613 2509 Ut
3632 2451 3725 2523 pleni

2201 2543 2580 2600 inveniantur
2618 2545 2742 2602 dies
2793 2547 2927 2602 mei.
2977 2547 3054 2602 Et
3103 2564 3212 2603 nos
3253 2546 3521 2620 supplices
3544 2543 3726 2614 depreca-

2203 2645 2357 2698 mur,
2393 2637 2456 2687 ut
2497 2649 2531 2688 a
2584 2639 2661 2704 te,
2698 2635 2960 2702 Domine,
2995 2635 3291 2692 exauditi:
3324 2651 3423 2690 nec
3450 2629 3622 2706 peccati
3651 2625 3726 2682 oleo

2203 2720 2473 2789 delibuti,
2509 2739 2541 2776 a
2570 2727 2625 2776 te
2655 2724 2914 2795 enutriti,
2946 2742 2981 2779 a
3011 2728 3072 2781 te
3100 2726 3173 2781 ab
3209 2725 3383 2797 bujus
3410 2719 3574 2779 seculi
3606 2713 3726 2773 ﬂucti-

2200 2809 2314 2864 bus
2345 2809 2594 2877 liberati,
2627 2828 2660 2866 a
2691 2816 2745 2868 te
2775 2829 3116 2870 mereamur
3151 2812 3543 2887 longitudinem
3579 2806 3728 2863 dierum

2190 2914 2307 2970 .pro
2340 2898 2511 2954 bonis
2542 2899 2769 2956 actibus
2799 2901 3069 2974 adipisci.
3103 2905 3304 2960 Amen.

2789 3008 3116 3065 PSALMUS
3157 3009 3268 3064 LV.

2202 3097 2267 3150 ιη
2283 3095 2479 3180 ﬁnem:
2511 3097 2854 3180 μνολτοηςιιρν
2885 3099 2984 3180 ηυξ
3019 3115 3069 3180 ςι.
3103 3099 3305 3154 sanctis
3340 3087 3730 3180 merere;

2274 3159 2448 3222 David
2466 3159 2485 3241 ’μ
2499 3159 2559 3241 in
2598 3159 2758 3241 iitu'li
2805 3159 3248 3241 inscriptionem,
3303 3159 3504 3241 quaeda-

2273 3254 2398 3312 eum
2429 3238 2761 3312 alienigena?
2790 3241 2846 3294 in
2880 3231 3031 3296 Geth.
3087 3243 3135 3312 (I
3351 3257 3456 3312 xxi,
3486 3236 3571 3312 12).
3597 3232 3645 3312 In.
3665 3231 3729 3281 He-

2275 3309 2424 3364 braeo
2458 3309 2536 3364 ita
2565 3301 2742 3366 habet
2777 3327 2789 3365 :
2825 3317 2932 3366 Pro
2961 3301 3215 3368 coluinba
3252 3301 3397 3366 inata
3423 3301 3729 3375 longitudinum

2274 3380 2477 3456 Dauid,
2498 3381 2741 3456 Immitis
2765 3390 2928 3456 atque
2949 3386 3204 3456 perfecti,
3235 3399 3355 3438 cum
3383 3380 3728 3456 tenuissente‘uu

2272 3441 2586 3506 priuatam
2617 3454 2676 3508 in
2707 3441 2857 3508 Geth'.
2891 3441 3381 3519 Cdlut'nba'muta,
3413 3456 3462 3506 et
3502 3444 3638 3504 David
3653 3441 3726 3494 δυο

2273 3522 2431 3578 milis
2460 3527 2634 3594 atque
2666 3525 2957 3596 perlectus
2988 3525 3343 3586 Cbristusin
3370 3521 3596 3596 passione
3624 3525 3726 3571 mon-

2272 3598 2512 3648 stratur.

2273 3721 2302 3749 «
2337 3700 2610 3756 Miserere
2641 3701 2776 3772 mei,
2810 3707 2981 3773 Deus,
3017 3702 3299 3774 quoniam
3344 3692 3642 3758 conculcavit
3671 3698 3728 3774 me

2202 3787 2376 3844 homo
2414 3813 2427 3844 :
2469 3793 2592 3848 tota
2642 3789 2734 3846 die
2781 3773 3140 3864 impugnans
3191 3788 3471 3848 tribulavit
3515 3799 3603 3840 me.
3640 3799 3660 3826 υ
3691 3773 3727 3826 In

2202 3877 2439 3934 homine
2495 3883 2671 3950 atque
2739 3879 3011 3950 bellante,
3075 3879 3288 3937 diaboli
3341 3876 3420 3934 vel
3471 3871 3728 3942 reliquarum

2203 3965 2602 4038 nequitiarum
2636 3966 3034 4038 spiritualium
3067 3967 3317 4028 ostendit
3352 3959 3726 4044 immissioneru'I

2204 4037 2455 4125 quorum
2514 4037 2796 4115 instinctu
2859 4055 3144 4114 Dominus
3205 4071 3405 4128 passus
3451 4055 3543 4107 est.
3583 4045 3633 4100 in
3673 4037 3728 4090 die

2203 4147 2397 4198 autem
2457 4145 2815 4215 corporalem
2865 4148 3094 4202 aetatem
3151 4146 3441 4201 monstrat.
3472 4162 3497 4189 ‹‹
3543 4133 3730 4191 Miseram

2205 4230 2339 4295 mei,
2374 4231 2633 4287 Domine.
2669 4254 2698 4281 »
2728 4240 2808 4288 Ac
2839 4233 2889 4289 si
2919 4233 3074 4288 dicat
3109 4251 3120 4288 :
3157 4233 3262 4291 Fac
3291 4233 3348 4288 in
3377 4244 3459 4286 me
3498 4217 3728 4282 misericor-

2205 4318 2383 4389 diam,
2417 4321 2760 4386 «Quoniam
2813 4321 3173 4378 conculcavit
3222 4337 3312 4376 me
3354 4319 3572 4380 boum,-
3601 4305 3643 4362 id
3659 4302 3729 4361 ιείο

2205 4407 2471 4464 Christus
2502 4426 2536 4465 a
2564 4409 2783 4465 Judeis
2815 4411 2873 4466 in
2909 4397 3179 4481 passione
3227 4406 3566 4466 conculcatus
3593 4391 3729 4482 μιξᾷ

2207 4495 2462 4552 Ecclesia
2491 4515 2524 4552 a
2554 4477 3046 4569 persecutori—bus.
3079 4501 3261 4556 Homo
3291 4512 3432 4558 unus
3475 4505 3560 4564 pro
3595 4477 3730 4569 mulli5

444 4578 642 4635 vultus
674 4580 824 4650 ejus,
859 4602 886 4629 »
919 4581 975 4634 id
1005 4587 1116 4646 est,
1149 4581 1422 4650 haeretici,
1471 4584 1568 4654 qui
1622 4583 1929 4640 voluerunt
1959 4602 2094 4641 con-
2126 4603 2172 4667 D
2205 4585 2441 4652 dicitur,
2469 4591 2526 4641 et
2556 4567 2755 4658 plures
2781 4604 2885 4658 pro
2919 4605 3033 4644 uno
3063 4583 3502 4644 dicuntur.Unus
3529 4593 3541 4634 :
3567 4567 3726 4667 hoce‘slu

445 4667 732 4724 taminare
760 4673 1172 4726 testamentum
1209 4671 1324 4737 Dei,
1360 4671 1527 4726 divisi
1561 4677 1732 4728 erunt
1782 4674 1838 4727 in
1891 4675 1983 4730 die
2008 4675 2098 4745 ju-

447 4758 582 4813 dicii
614 4759 850 4829 quando
880 4759 1164 4831 accipient
1196 4761 1548 4815 sententiam
1579 4762 2094 4831 damnationiszlte,

448 4847 758 4915 maledicti,
793 4850 854 4902 in
880 4850 1062 4918 ignem
1091 4852 1362 4905 aeternum
1407 4849 1614 4920 (Matth.
1663 4868 1791 4920 xxv,
1827 4852 1936 4921 41).
1971 4874 1997 4900 ‹‹
2033 4856 2100 4906 Et

451 4936 943 5008 appropinquavit
973 4954 1072 4992 cor
1103 4936 1283 4992 illius.
1324 4960 1343 4985 ι»
1379 4937 1665 4994 Voluntas
1716 4940 1843 5010 ejus
1895 4958 1906 4995 :
1959 4940 2100 5012 quia

453 5024 608 5094 quod
640 5023 977 5097 intelligunt
1006 5027 1076 5081 de
1106 5025 1443 5098 Scripturis,
1474 5026 1533 5080 in
1579 5027 1798 5084 malum
1852 5034 2095 5097 vertent,

455 5111 594 5183 quia
645 5113 716 5168 de
751 5113 863 5168 {ide
902 5115 1207 5170 Trinitatis
1249 5132 1363 5170 non
1417 5122 1569 5172 recte
1621 5117 1885 5173 credunt.
1937 5118 2101 5174 Unde

455 5200 675 5258 dictum
700 5207 788 5257 est
816 5221 827 5258 :
864 5203 1076 5275 Oportet
1105 5221 1218 5261 esse
1238 5207 1484 5270 haereses,
1509 5213 1565 5261 ut
1591 5209 1686 5277 qui
1703 5208 1918 5278 probati
1948 5213 2098 5274 sunt,

453 5291 737 5360 manifesti
759 5292 898 5360 ﬁant
925 5295 982 5347 in
1016 5293 1168 5348 vobis
1199 5294 1252 5364 (Ι
1276 5297 1398 5350 Cor.
1433 5312 1510 5359 χι,
1546 5295 1654 5364 19).

532 5377 766 5434 «Μοιὶῐὶ
821 5386 960 5435 sunt
1015 5399 1314 5438 sermones
1366 5377 1494 5453 ejus
1549 5400 1725 5454 super
1779 5383 1994 5450 oleum,
2045 5389 2103 5440 et

453 5467 568 5539 ipsi
619 5472 758 5523 sunt
796 5469 1015 5539 jacula.
1051 5493 1079 5519 »
1112 5473 1254 5526 Cum
1307 5471 1405 5535 ait,
1458 5494 1486 5521 «
1545 5471 1723 5528 Moliti
1773 5479 1934 5539 sunt,
1965 5496 1993 5524 ››
2028 5473 2099 5528 de

455 5556 727 5630 pluribus
759 5558 919 5630 dicit,
949 5575 1081 5613 cum
1117 5559 1278 5631 prius
1327 5561 1396 5613 dc
1447 5578 1561 5616 uno
1610 5560 1838 5618 locutus
1870 5562 2094 5618 fuisset.

454 5649 604 5719 Ergo
637 5647 897 5718 intellige
928 5647 1226 5704 diabolum
1253 5655 1740 5720 nuncupatum,et
1763 5652 1975 5707 Judam
1999 5651 2097 5721 qui

2211 4690 2313 4745 PFO
2349 4655 2570 4730 υηίίᾶῐέ
2600 4655 2856 4732 maliti—ac.
2893 4677 3027 4738 Duae
3057 4675 3310 4734 civitates
3330 4676 3457 4729 sunt
3479 4655 3726 4724 inmundo:

2211 4761 2460 4833 Babylon
2494 4768 2546 4818 et
2574 4763 2920 4821 Jerusalem.
2955 4766 3064 4821 Per
3094 4761 3448 4836 Babyloniam
3487 4746 3728 4816 ξηιθιιίευο’

2209 4855 2304 4906 tur
2332 4852 2491 4918 mali.
2525 4852 2621 4923 qui
2658 4859 3088 4924 persequuntur
3109 4857 3341 4910 sanctos
3372 4868 3382 4905 :
3413 4845 3485 4904 sic
3507 4846 3556 4898 et
3575 4837 3729 4926 latusf-

2206 4939 2343 5009 lcm,
2375 4941 2426 4994 id
2457 4946 2565 5005 est,
2597 4942 2795 4998 anima
2825 4942 3025 5011 electa,
3058 4959 3173 5000 non
3200 4943 3380 5004 cessat
3403 4946 3544 4996 orare
3565 4939 3643 4999 pro
3663 4930 3729 5011 ut"

2211 5007 2397 5083 micis.
2432 5052 2459 5079 ‹‹
2493 5031 2638 5086 Tota
2667 5030 2759 5086 die
2791 5007 3143 5104 impugnans
3167 5025 3447 5088 tribulavit
3471 5035 3564 5080 me.
3595 5035 3618 5063 ι’
3639 5007 3728 5061 τοι*

2208 5117 2324 5184 die,
2354 5123 2475 5174 toto
2505 5123 2766 5192 tempore
2797 5137 3025 5192 pugnae.
3539 5195 3545 5197 _
3611 5187 3636 5197 _.

2283 5228 2311 5256 «
2343 5208 2839 5273 Conculcaverunt
2863 5227 2953 5266 me
2976 5209 3197 5266 inimici
3225 5195 3548 5268 meiJJUdﬂii
3573 5195 3726 5273 “mm?

2212 5319 2238 5344 ‹‹
2288 5297 2431 5352 Tota
2479 5297 2594 5354 die.
2633 5322 2658 5347 ››
2682 5265 2734 5354 7A
2766 5269 3026 5371 tempore
3064 5265 3590 5369 ,carnisassumpw'
3617 5265 3728 5371 “ib

2208 5383 2518 5441 altitudine
2560 5387 2673 5443 diei
2713 5359 2951 5444 timebo.
2987 5411 3016 5438 ››
3049 5393 3197 5451 Duos
3241 5359 3722 5461 sensus'hahetﬁif-

2212 5473 2597 5546 Unum,quasi
2628 5476 2782 5532 dicat
2811 5475 3070 5532 Ecclesia
3099 5475 3155 5530 in
3187 5470 3422 5546 rogando
3450 5460 3588 5554 :UNOn
3611 5455 3722 5554 “fa:

2207 5561 2281 5618 bo
2330 5534 2697 5620 altitudinem
2749 5566 3154 5636 superborum.
3185 5534 3371 5630 Alium
3415 5534 3718 5636 επὶπωεξιξίξίζί

2206 5651 2442 5708 'l‘imebo
2468 5629 2842 5711 altitudinem
2889 5671 2901 5710 :
2956 5653 3065 5711 hoc
3101 5657 3206 5721 est,
3237 5641 3555 5706 altitudinem
3579 5629 3721 5688 divini-
