3964 6190
204 334 374 403 1045

1390 332 1889 400 BREVIARIUM
1931 335 2012 397 IN
2056 335 2436 398 PSALMOS.

3466 337 3622 399 1046

213 466 390 531 tatis:
426 463 566 542 quia
613 466 713 542 qui
773 484 889 525 non
947 467 1133 539 timet,
1192 473 1658 542 psmsumptuose
1716 469 1857 541 agit.
1890 468 1945 536 Α
1973 471 2089 528 mei
2115 476 2456 528 retrorsum.
2490 492 2518 522 »
2573 471 2993 529 Promissiones
3038 474 3151 529 tuae
3198 475 3384 541 erant,
3434 476 3500 529 ut
3527 488 3624 531 ve-

220 580 242 607 ι
277 555 565 621 Quoniam
598 556 766 614 multi
796 556 1080 615 bellantes
1111 558 1420 615 adversum
1456 574 1566 615 me.
1600 580 1627 607 »
1658 558 1743 613 Ab
1774 557 1881 613 al-‘

215 645 469 703 titudine
499 645 615 704 diei
644 645 975 704 timebunt:
1010 648 1151 720 quia
1178 665 1293 704 non
1328 648 1386 703 in
1416 647 1622 714 Deum,
1656 648 1756 704 sed
1797 646 1857 702 in

212 735 392 792 rebus
421 735 778 792 transitoriis
806 739 1129 809 posuerunt
1158 752 1292 809 spes
1323 753 1482 792 suas.

286 847 315 874 ‹‹
346 824 468 898 Ego
497 840 633 881 vero
663 823 723 879 in
755 828 807 881 te
854 825 1140 898 sperabo:
1192 825 1250 881 in
1291 825 1407 882 Deo
1447 824 1698 881 laudabo
1731 840 1858 881 ser—

214 929 420 971 mones
453 930 634 970 meos.
674 936 695 964 ιο
734 913 883 978 Quia
912 914 969 969 in
1002 915 1131 986 ejus
1162 930 1269 987 ope
1299 914 1689 987 praesidioque
1720 930 1855 970 con-

209 1002 351 1081 ﬁdo,
384 1002 537 1061 sicut
589 1002 872 1071 Dominus
929 1002 1114 1059 dixit:
1162 1005 1277 1060 Mea
1328 1003 1576 1059 doctrina
1620 1019 1726 1060 non
1779 1007 1859 1059 est

208 1108 357 1163 mea,
391 1091 487 1148 sed
515 1092 632 1162 eius
662 1093 763 1164 qui
790 1106 875 1148 me
901 1094 1058 1149 misit
1089 1094 1287 1149 Patris
1317 1092 1495 1165 (Joan.
1523 1109 1622 1159 v11,
1655 1094 1710 1160 5,
1746 1092 1857 1163 16.)

206 1181 440 1247 Quanto
473 1178 663 1253 magis
692 1196 800 1237 nos
852 1180 954 1253 qui
998 1180 1197 1238 omnia
1246 1182 1317 1238 ab
1368 1180 1466 1237 illo
1499 1182 1856 1254 accepimus,

206 1275 267 1329 et
294 1268 466 1326 illum
498 1270 873 1344 accepimus:
905 1270 1101 1343 ipsum
1134 1284 1368 1343 semper
1396 1269 1638 1326 laudare
1678 1270 1857 1327 debe-

208 1372 347 1415 mus
371 1357 383 1412 ῐ

282 1469 313 1497 ‹‹
344 1451 410 1503 In
444 1451 557 1503 Deo
589 1447 859 1519 sperabo,
889 1464 1008 1505 non
1038 1447 1258 1505 timebo
1305 1448 1445 1520 quid
1497 1447 1671 1503 faciat
1710 1447 1855 1504 mihi

207 1534 409 1592 homo.
442 1558 471 1587 »
508 1536 570 1592 in
619 1536 747 1609 ipso
798 1537 1203 1606 conﬁrmatus,
1259 1554 1375 1594 non
1430 1536 1648 1593 timebo
1704 1536 1857 1593 bella

209 1640 341 1697 qua:
372 1623 517 1680 mihi
549 1624 919 1682 adversarius
950 1630 1163 1693 movet,
1198 1627 1338 1699 quia
1366 1625 1589 1682 dictum
1636 1630 1761 1682 est:
1795 1624 1857 1680 Si

206 1728 404 1785 corpus
431 1714 702 1785 occidunt,
734 1716 981 1771 animum
1012 1723 1197 1771 autem
1226 1731 1337 1771 non
1363 1722 1590 1787 possunt
1617 1714 1856 1770 occidere

205 1801 419 1875 (Matth.
448 1820 507 1869 x,
534 1803 650 1876 28).

279 1914 307 1941 ‹‹
343 1892 490 1949 Tota
519 1893 612 1949 die
640 1892 817 1949 verba
860 1909 992 1950 mea
1041 1894 1495 1950 exsecrabantur
1542 1892 1852 1948 adversum

202 1994 323 2037 me.
363 2003 384 2031 ι
420 1980 569 2037 Cum
601 1981 881 2053 dicerent,
915 1983 1029 2039 Non
1053 1987 1135 2038 est
1161 1982 1249 2039 hic
1274 1982 1560 2054 prapheta,
1618 1980 1710 2036 sed
1762 1997 1854 2036 se-

199 2068 358 2126 ducit
384 2070 608 2127 turbam
638 2071 830 2143 (Joan.
862 2088 965 2138 vn,
994 2072 1104 2143 i2).
1150 2094 1177 2121 ‹‹
1213 2069 1422 2127 Omnia
1477 2068 1722 2126 consilia
1758 2084 1854 2125 eo-

198 2174 339 2214 rum
386 2158 450 2214 in
501 2158 747 2215 malum.
802 2179 830 2208 »
882 2160 948 2215 In
999 2159 1221 2215 malum
1274 2159 1431 2215 enim
1463 2158 1548 2215 eis
1578 2175 1856 2215 conversa

199 2252 387 2304 sunt:
420 2264 555 2304 cum
589 2262 689 2304 eos
719 2246 916 2304 divina
945 2247 1090 2303 ultio
1121 2252 1252 2321 post
1283 2246 1589 2304 Dominicse
1630 2246 1855 2319 passio-

200 2337 304 2392 nis
335 2336 557 2393 scelera
584 2336 928 2393 verberavit.
962 2358 989 2386 «
1024 2335 1233 2393 Omnia
1260 2336 1504 2393 consilia
1549 2353 1749 2393 eorum
1795 2335 1853 2390 in

200 2424 459 2496 malum,
495 2446 523 2474 ››
554 2425 741 2481 Judaai
774 2430 978 2481 contra
1025 2425 1350 2493 Christum,
1409 2430 1466 2481 et
1523 2429 1855 2499 peccatores

198 2517 416 2570 contra
444 2516 697 2571 sanctos.

279 2602 695 2659 Inhabitabunt.
756 2601 1143 2659 Unanimiter.
1206 2625 1234 2652 ››
1294 2604 1363 2659 Et
1412 2600 1791 2661 abscondent.
1829 2625 1850 2652 υ

198 2689 478 2767 Laqueos
510 2691 787 2764 nequitiae
844 2708 984 2747 suae.
1038 2713 1067 2742 ‹‹
1112 2691 1231 2764 Ipsi
1279 2692 1617 2749 oalcaneum
1657 2707 1853 2748 meum

198 2780 622 2843 observabunt.
654 2801 683 2831 »
720 2779 795 2835 Ut
840 2795 936 2836 me
983 2780 1361 2854 supplantare
1406 2781 1657 2854 possint,
1706 2782 1859 2838 sicut

194 2867 558 2925 voluerunt:
592 2867 681 2925 vel
712 2869 774 2924 in
806 2869 1163 2926 numismate
1195 2887 1407 2927 census
1438 2871 1587 2943 (Luc.
1614 2888 1705 2938 xx,
1728 2872 1853 2943 22);

178 2957 296 3014 ‘vel
351 2957 413 3013 in
463 2955 710 3014 muliere
760 2958 1123 3031 deprehensa
1169 2960 1353 3030 (Joan.
1398 2976 1520 3029 vxu,
1567 2960 1645 3031 3.)
1676 2983 1703 3009 ι(
1739 2960 1855 3033 Ipsi

198 3045 552 3105 calcaneum
611 3062 811 3101 meum
879 3047 1292 3103 observabunt.
1347 3071 1375 3098 ››
1436 3048 1623 3104 Judaei
1677 3050 1854 3105 ﬁnem

195 3134 448 3202 Christi,
480 3139 537 3191 et
564 3138 898 3208 peccatores
929 3136 1106 3191 finem
1134 3136 1402 3192 Ecclesia?
1427 3154 1441 3194 :
1474 3138 1612 3209 quia
1640 3137 1856 3209 septies

1970 567 2123 619 teres
2154 562 2464 635 lacrymas,
2526 560 2820 617 conversis
2879 564 3012 634 post
3059 566 3291 635 tegrum
3340 562 3620 633 inimicis,

1969 652 2029 707 in
2061 651 2277 724 gaudia
2333 650 2559 707 novella
2614 652 3000 707 transferres:
3058 669 3268 725 meque
3326 671 3458 711 cum
3492 672 3621 712 san-

1970 740 2082 798 ctis
2112 740 2332 797 caeteris
2361 747 2463 797 tua
2494 740 2679 813 gloria
2709 756 3070 797 munerares.
3104 763 3132 791 »
3160 742 3412 800 Posuisti
3432 743 3619 817 lacry-

1971 847 2099 886 mas
2131 845 2292 886 meas
2321 830 2380 886 in
2415 835 2728 903 conspectu
2756 834 2896 897 tuo;
2926 854 2953 879 ››
3000 830 3111 886 hoc
3159 835 3267 903 est,
3320 833 3534 890 audisti
3565 838 3622 891 et
3706 861 3715 865 -

1970 920 2190 976 vidisti.
2228 941 2255 971 ‹‹
2286 921 2449 976 Sicut
2478 920 2537 974 in
2585 919 2973 991 promissione
3002 924 3139 977 'tua.
3170 943 3197 970 υ
3222 920 3377 977 Deus
3406 924 3620 993 promi-

1969 1008 2048 1065 sit
2078 1008 2295 1065 sanctis
2326 1009 2450 1065 suis
2479 1010 2669 1065 bona:
2715 1010 2814 1064 sed
2860 1013 3057 1065 tamen
3103 1009 3282 1066 dicit:
3333 1009 3619 1067 Confitere

1966 1101 2031 1153 tu
2062 1098 2227 1170 prius
2276 1098 2615 1170 iniquitates
2670 1102 2825 1169 tuas,
2885 1103 2950 1154 ut
3001 1098 3361 1169 justificeris.
3395 1122 3423 1151 «
3454 1100 3617 1156 Tunc
3654 1156 3661 1161 .

1967 1191 2382 1243 convertentur
2436 1186 2658 1242 inimici
2720 1186 2833 1241 mei
2892 1191 3232 1243 retrorsum.
3270 1211 3292 1240 ι
3346 1189 3613 1260 Optando

1967 1275 2108 1331 dicit
2136 1275 2412 1342 Ecclesia,
2446 1281 2511 1332 ut
2550 1277 2648 1349 qui
2703 1281 2950 1331 currunt
3001 1278 3073 1332 ad
3125 1276 3443 1344 infernum,
3476 1294 3613 1335 con-

1965 1370 2264 1420 vertantur
2293 1366 2364 1421 ad
2414 1370 2595 1421 Deum
2653 1366 2780 1437 (lsa.
2838 1383 2996 1433 XLIII,
3055 1367 3141 1431 49,
3194 1367 3284 1435 20,
3315 1383 3419 1425 sec.
3447 1366 3611 1440 LXX).

2038 1476 2067 1503 ‹‹
2103 1456 2164 1509 In
2196 1471 2544 1526 quacunque
2577 1455 2669 1510 die
2698 1454 3039 1511 invocavero
3067 1459 3144 1523 te,
3192 1471 3323 1512 ecce
3369 1457 3612 1529 cognovi

1943 1543 2243 1616 quoniam
2275 1544 2429 1599 Deus
2460 1559 2627 1600 meus
2660 1561 2741 1599 es.
2768 1566 2796 1593 n
2820 1548 2885 1599 In
2908 1541 3245 1600 omni‘enim
3268 1546 3613 1602 necessitate

1964 1636 2026 1687 tu
2087 1635 2238 1688 Deus
2296 1631 2546 1699 assistis,
2609 1632 3074 1689 misericordiam
3130 1640 3415 1706 praestans
3468 1635 3609 1691 tuis.

1972 1742 1997 1773 α
2029 1722 2092 1776 In
2127 1738 2479 1794 quacunque
2531 1720 2622 1777 die
2677 1721 3015 1777 invocavero
3072 1725 3147 1788 te,
3182 1738 3203 1774 υ
3270 1722 3328 1777 id
3370 1726 3480 1794 est,
3511 1727 3613 1779 aut

1963 1808 2022 1863 in
2053 1810 2369 1881 prosperis,
2414 1813 2516 1866 aut
2560 1810 2619 1865 in
2664 1810 2959 1866 adversis:
3013 1832 3040 1860 ‹‹
3074 1811 3145 1866 Et
3200 1812 3440 1883 cognovi
3467 1827 3611 1883 quo-

1964 1897 2124 1954 niam
2175 1899 2329 1954 Deus
2385 1915 2554 1954 meus
2610 1916 2671 1955 es
2729 1904 2813 1954 tu.
2846 1919 2872 1950 ι)
2934 1900 3056 1955 Vox
3093 1900 3384 1956 Ecclesiae.
3417 1898 3610 1973 Aliqui

1965 1992 2347 2059 cognoscunt,
2393 2003 2494 2059 per
2540 1992 2863 2044 creaturam
2913 1989 3062 2057 caeli,
3113 1992 3170 2045 et
3218 1994 3422 2045 terrae:
3457 1989 3611 2046 sicut

1963 2081 2205 2132 sanctus
2236 2076 2450 2133 Paulus
2482 2076 2657 2133 dicit:
2689 2079 2796 2133 Per
2823 2094 2887 2133 ea
2922 2093 3049 2150 quae
3096 2080 3242 2148 facta
3286 2086 3414 2133 sunt
3441 2078 3606 2134 intel-

1963 2166 2101 2222 lecta
2124 2168 2543 2238 conspiciuntur
2564 2169 2743 2235 (Rom.
2778 2185 2816 2233 1,
2846 2167 2959 2239 20).
3006 2167 3075 2222 Et
3121 2166 3218 2222 alii
3268 2182 3371 2238 per
3399 2166 3607 2236 Deum,

1964 2256 2064 2327 qui
2094 2255 2385 2328 inspirant
2436 2256 2494 2309 in
2556 2255 2784 2311 animas
2850 2255 3123 2311 illorum:
3179 2256 3342 2311 Sicut
3370 2254 3608 2311 Thomaa

1965 2343 2144 2399 dixit:
2208 2345 2357 2416 Infer
2413 2344 2645 2415 digitum
2698 2353 2854 2399 tuum
2911 2346 3035 2409 huc,
3095 2348 3147 2398 et
3199 2345 3352 2400 mitte
3382 2360 3611 2399 manum

1963 2440 2123 2489 tuam
2153 2435 2210 2488 in
2243 2433 2387 2488 latus
2428 2450 2631 2501 meum,
2677 2438 2727 2489 et
2772 2450 3031 2505 cognosce
3069 2434 3181 2489 loca
3232 2435 3531 2501 clavomm,
3561 2440 3614 2490 et

1963 2523 2083 2578 noli
2107 2539 2242 2579 'esse
2300 2522 2634 2591 incredulus,
2691 2523 2782 2579 sed
2826 2522 3011 2594 ﬁdelis
3067 2525 3245 2592 (Joan.
3276 2540 3369 2587 xx,
3400 2523 3512 2594 ‘36).
3544 2521 3615 2578 Et

1963 2611 2088 2683 ipse
2121 2613 2453 2669 recordatus
2501 2612 2679 2669 dicit:
2730 2613 2995 2668 Dominus
3041 2629 3192 2668 meus
3212 2621 3262 2667 et
3291 2613 3432 2669 Deus
3458 2628 3613 2669 meus

1964 2698 2118 2773 (Ibid.
2151 2703 2263 2775 28).
3030 2768 3031 2771 χ

2042 2814 2063 2840 α
2100 2793 2161 2846 In
2196 2795 2308 2847 Deo
2339 2790 2590 2847 laudabo
2610 2791 2888 2857 Verbum,
2922 2794 2979 2846 et
3008 2789 3067 2845 in
3088 2790 3336 2846 Domino
3358 2788 3609 2847 laudabo

1965 2896 2333 2936 sermonem:
2369 2881 2429 2935 in
2460 2880 2577 2935 Deo
2608 2880 2875 2951 sperabo,
2920 2896 3037 2934 non
3086 2879 3302 2934 timebo
3352 2878 3492 2950 quid
3526 2878 3609 2934 fa-

1965 2968 2081 3024 ciat
2109 2969 2253 3024 mihi
2284 2969 2478 3024 homo.
2511 2989 2542 3021 »
2574 2969 2798 3024 Laudat
2818 2968 3031 3023 iterum
3053 2966 3334 3039 propheta
3351 2966 3609 3023 Verbum

1966 3056 2133 3128 illud,
2168 3056 2287 3113 sive
2319 3073 2672 3123 sermonem,
2708 3056 2809 3129 qui
2857 3060 2982 3112 erat
3027 3056 3087 3110 in
3136 3054 3421 3128 principio
3453 3056 3611 3128 apud

1966 3150 2237 3203 Patrem:
2272 3145 2373 3217 qui
2425 3163 2668 3217 sperans
2712 3146 2771 3201 in
2816 3162 2971 3212 eum,
3015 3161 3131 3201 non
3178 3145 3387 3200 metuit
3415 3144 3615 3201 adver-

180 3224 265 3291 {in
300 3225 395 3280 die
426 3207 585 3281 cadit
603 3224 830 3296 justus,
863 3228 921 3279 et
950 3224 1204 3299 resurgit
1234 3207 1852 3298 (Prov.xx1v,15.)_Vel,
1886 3207 1928 3274 Β
1966 3236 2104 3291 sarii
2163 3207 2376 3307 minas,
2437 3207 2672 3290 dicens:
2728 3258 2755 3285 ‹‹
2787 3235 2849 3290 In
2910 3207 3000 3289 me
3057 3239 3217 3304 sunt,
3265 3234 3442 3304 Deus,
3480 3237 3617 3290 vota

198 3336 231 3366 ‹‹
275 3311 614 3370 calcaneum
659 3328 859 3370 meum
917 3315 1348 3382 observabunt,
1409 3314 1561 3371 sicut
1629 3315 1855 3371 dictum

194 3406 297 3461 est
327 3403 396 3460 de
424 3401 524 3458 illa
558 3401 823 3470 muliere,
873 3406 931 3458 et
978 3406 1247 3475 serpente
1298 3403 1450 3475 (Gen.
1492 3421 1575 3472 xu,
1612 3405 1718 3476 15).
1755 3404 1857 3460 Per

195 3495 410 3565 caput,
469 3490 708 3547 initium
769 3491 1163 3565 suggestionis
1222 3491 1410 3557 malae,
1444 3498 1501 3548 et
1549 3509 1653 3565 per
1679 3491 1858 3548 calca-

199 3596 411 3651 neum,
474 3581 653 3638 ﬁnem
708 3581 859 3638 vitae.
919 3580 1020 3638 Vel
1075 3581 1327 3639 haeretici
1356 3582 1417 3639 in
1464 3582 1857 3656 qualicunque

203 3686 509 3740 sermone,
542 3670 720 3727 tinem
756 3670 1062 3727 observare
1089 3676 1377 3744 quaerunt.

286 3781 314 3807 «
351 3758 514 3815 Sicut
560 3759 973 3815 sustinuerunt
1020 3761 1279 3816 animam
1338 3777 1605 3817 meam.»
1671 3761 1742 3817 Ut
1770 3779 1857 3818 ca-

203 3847 413 3921 put'in
454 3846 647 3904 verbis
701 3854 1045 3904 accusarent
1100 3850 1255 3922 apud
1315 3837 1625 3922 principes.
1687 3852 1856 3908 «Pro

204 3935 402 3993 nihilo
438 3935 629 3993 salvos
671 3935 849 3993 facies
906 3935 1120 3994 illos.»
1183 3936 1496 3993 Salvantur
1548 3939 1704 3994 enim
1754 3957 1857 4012 pro

206 4023 426 4095 nihilo,
460 4040 596 4081 cum
625 4040 741 4081 non
774 4029 1214 4082 commutantur
1241 4026 1313 4082 ad
1353 4026 1621 4099 gloriam,
1654 4029 1753 4084 sed
1786 4029 1856 4084 ad

204 4113 506 4187 supplicia
535 4114 993 4171 transferuntur.
1030 4137 1059 4165 «
1090 4115 1198 4171 Pro
1230 4114 1414 4171 nihilo
1447 4115 1637 4172 salvos
1680 4116 1860 4173 facies

184 4192 384 4272 illos;
422 4224 451 4253 »
483 4203 624 4275 quia
653 4219 768 4275 non
801 4203 939 4259 fecit
966 4202 1236 4260 Christus
1265 4208 1504 4276 propter
1551 4207 1700 4277 quod
1735 4221 1861 4260 sus-

204 4291 416 4359 tinuit,
449 4292 551 4348 sed
583 4292 983 4364 expetiverunt
1026 4292 1213 4350 Judaei
1256 4296 1323 4348 ut
1367 4292 1534 4348 illum
1576 4294 1861 4350 interﬁce-

204 4383 363 4438 rent.
404 4401 425 4429 ι
458 4379 524 4436 In
555 4380 644 4435 ira
673 4381 920 4453 populos
972 4381 1323 4455 confringes.
1377 4406 1398 4434 ι
1445 4381 1590 4446 Quia
1618 4382 1857 4455 impacti

202 4473 354 4527 sunt
391 4468 450 4525 ln
500 4474 727 4542 petram
776 4468 1114 4526 oﬁ‘ensionis
1161 4474 1218 4526 et
1265 4469 1516 4542 lapidem
1574 4471 1856 4529 scandali.

1966 3327 2104 3377 tua:
2164 3338 2291 3393 quae
2348 3323 2589 3377 reddam
2649 3322 3017 3377 laudationes
3076 3320 3204 3377 tibi.
3240 3343 3268 3370 »
3314 3324 3445 3376 Hec
3477 3324 3617 3377 sunt

1962 3414 2095 3465 vota
2136 3409 2453 3483 Prophetas,
2504 3415 2566 3465 ut
2617 3409 2847 3466 laudem
2908 3408 3270 3466 Dominicam
3328 3408 3614 3469 celebret:

1965 3497 2117 3554 sicut
2174 3498 2309 3553 alibi
2370 3498 2545 3553 dicit:
2602 3499 2831 3554 lmmola
2890 3500 2991 3555 Deo
3044 3499 3379 3568 sacriﬁcium
3435 3497 3617 3553 laudis

1964 3588 2138 3658 (Psat.
2172 3604 2322 3651 xmx,
2359 3589 2464 3659 14).
2498 3588 2567 3641 Et
2598 3604 2703 3641 cur
2731 3588 2851 3643 haec
2885 3587 3076 3654 faciat,
3110 3586 3361 3658 adjecit:
3466 3599 3473 3606 ‘

2038 3700 2065 3725 «
2100 3677 2383 3742 Quoniam
2418 3676 2681 3747 eripuisti
2716 3676 2973 3731 animam
3022 3692 3212 3731 meam
3244 3676 3314 3732 de
3343 3677 3549 3732 morte.
3588 3697 3608 3723 ιι

1965 3765 2233 3820 Secunda
2263 3766 2484 3836 utique.
2541 3764 2806 3821 «Oculos
2856 3781 3017 3820 meos
3063 3782 3095 3819 a
3142 3764 3436 3837 lacrymis.
3472 3785 3501 3813 »
3535 3763 3616 3821 Ne

1958 3853 2085 3925 jam
2116 3869 2355 3909 necesse
2380 3857 2535 3908 esset
2564 3858 2799 3925 peccata
2830 3854 3061 3920 deflere,
3096 3858 3159 3908 ut
3187 3852 3331 3908 illud
3359 3871 3372 3908 :
3407 3853 3615 3909 Abster-

1964 3951 2050 4013 get
2106 3944 2244 3998 Deus
2296 3958 2512 3998 omnem
2568 3943 2873 4014 tacrgmam
2927 3949 2996 3997 ab
3071 3942 3243 3997 oculis
3306 3957 3496 3996 eorum
3551 3943 3612 3996 in

1966 4030 2054 4086 die
2075 4031 2293 4101 judicii
2320 4031 2502 4103 (Apoc.
2535 4048 2633 4097 vn,
2682 4030 2795 4101 17),
2847 4031 2987 4102 quia
3033 4029 3253 4085 dictum
3299 4031 3425 4084 est:
3457 4030 3617 4085 Beati

1966 4122 2064 4192 qui
2092 4121 2297 4192 lugent,
2330 4122 2594 4190 quoniam
2623 4122 2732 4190 ipsi
2758 4120 3182 4175 consolabuntur
3212 4119 3420 4190 (Matth.
3455 4134 3511 4184 v,
3537 4118 3617 4186 5).

1970 4230 1997 4257 ‹‹
2030 4208 2214 4262 Pedes
2245 4222 2407 4262 meos
2449 4224 2483 4261 a
2536 4207 2726 4279 lapsu.
2764 4230 2791 4255 ››
2848 4208 2929 4262 Ne
2985 4206 3139 4261 ultra
3193 4205 3531 4261 laberentur
3556 4203 3618 4260 in

1969 4300 2227 4368 peccata.
2262 4318 2289 4344 ‹‹
2323 4295 2503 4350 Pedes
2532 4311 2694 4350 meos
2727 4318 2754 4343 ››
2788 4294 2896 4350 hoc
2921 4299 3028 4361 est,
3055 4311 3265 4350 sensus
3291 4316 3318 4344 ‹‹
3340 4312 3374 4350 a
3394 4293 3563 4367 lapsu
3589 4317 3617 4344 ››

1952 4382 2109 4456 quia
2140 4400 2254 4437 non
2289 4382 2398 4437 erit
2428 4388 2566 4437 tunc
2596 4383 2894 4455 suggestio
2922 4382 3093 4449 mala,
3140 4400 3246 4439 nec
3291 4381 3616 4440 tribulatio.

1970 4495 1998 4523 «
2014 4471 2357 4544 Utplaceam
2372 4487 2565 4526 coram
2582 4470 2695 4527 Deo
2708 4470 2766 4525 in
2782 4469 3002 4527 lumine
3014 4471 3620 4527 viventium.-Lumen

205 4558 351 4615 Post
377 4557 529 4614 hanc
557 4556 843 4614 ultionem
889 4557 1174 4631 propheta
1218 4559 1501 4630 gaudens,
1537 4560 1858 4631 praevidens
1888 4570 1936 4636 1)
1966 4559 2285 4616 viventium
2359 4559 2627 4615 Christus
2692 4563 2799 4626 est,
2878 4560 3201 4615 secundum
3251 4558 3434 4614 illud:
3512 4560 3619 4630 Ego

190 4647 412 4704 'futura
438 4646 749 4704 decantat:

288 4759 318 4789 «
347 4741 522 4794 Deus.
553 4738 737 4793 vitam
796 4752 986 4793 meam
1036 4737 1378 4794 annuntiavi
1428 4737 1553 4793 tibi.
1602 4758 1629 4790 ι
1675 4740 1761 4795 Tu
1795 4755 1858 4795 es

210 4827 371 4883 enim
398 4826 520 4883 vita
548 4842 699 4894 mea,
733 4825 1042 4899 omnisque
1072 4826 1294 4899 populi,
1327 4826 1425 4897 qui
1485 4827 1556 4882 ad
1598 4828 1860 4900 redemp-

204 4916 434 4973 tionem
490 4919 774 4971 venturus
831 4929 894 4972 es
936 4915 1162 4971 mundi.
1222 4914 1640 4987 Unusquisque
1689 4915 1861 4972 debet

211 5005 484 5067 nuntiare
537 5020 642 5078 per
695 5003 1159 5060 confessionem:
1221 5002 1374 5060 sicut
1429 5002 1647 5059 Paulus
1704 5004 1858 5071 fecit,

217 5093 454 5167 quando
484 5092 752 5150 dicebat:
784 5095 892 5163 Qui
912 5095 1076 5167 prius
1120 5094 1211 5164 fui
1265 5092 1629 5165 blasphemus,
1661 5097 1710 5149 et
1735 5109 1863 5165 per-

214 5172 449 5255 secutor,
484 5186 555 5250 et,
585 5181 1029 5251 contumeliosus,
1059 5182 1150 5238 sed
1178 5181 1621 5239 misericordiam
1675 5197 1860 5238 conse-

220 5278 380 5343 cutus
406 5288 530 5329 sum
558 5289 578 5328 :
637 5275 769 5345 quia
822 5274 1088 5343 ignorans
1140 5272 1247 5342 feci
1296 5273 1357 5327 in
1390 5269 1781 5329 incredulitate
1807 5274 1863 5339 (1

198 5358 363 5419 "Tim.
421 5379 461 5432 ι,
521 5360 635 5433 12.)
692 5361 761 5416 Et
816 5360 957 5429 item
1014 5360 1277 5417 dicebat:
1342 5362 1469 5416 Vivo
1529 5367 1713 5415 autem
1741 5361 1866 5431 jam

216 5442 334 5515 non
361 5467 496 5523 ego:
524 5451 658 5508 vivit
684 5465 808 5506 vero
858 5451 920 5505 in
964 5466 1050 5506 me
1100 5449 1346 5505 Christus
1396 5449 1598 5518 (Galat.
1648 5465 1708 5516 ιι,
1750 5448 1861 5521 20).

226 5560 257 5591 α
288 5540 546 5600 Posuisti
574 5538 866 5613 lacrymas
914 5554 1076 5596 meas
1122 5538 1183 5595 in
1214 5541 1532 5611 conspectu
1562 5542 1685 5606 tuo,
1718 5536 1868 5593 sicut

228 5633 286 5703 et
314 5626 374 5689 in
402 5628 796 5705 promissione
823 5631 945 5686 tua.
974 5627 1137 5685 Tunc
1186 5630 1598 5686 convertentur
1643 5624 1867 5683 inimici

1966 4667 2091 4706 sum
2148 4651 2247 4704 lum
2302 4648 2497 4704 mundi
2554 4650 2735 4719 (Joan.
2795 4666 2917 4716 vm,
2979 4649 3089 4717 12).
3141 4650 3210 4726 Et
3258 4649 3434 4703 item:
3478 4652 3620 4705 Erat

1970 4741 2155 4795 lumen
2200 4754 2391 4793 verum
2446 4737 2586 4807 quod
2632 4738 2916 4792 illuminat
2964 4753 3179 4793 omnem
3220 4737 3499 4792 hominem
3526 4751 3617 4792 ve-

1968 4830 2209 4884 nientem
2266 4828 2325 4880 in.
2384 4828 2530 4881 hunc
2585 4826 2851 4881 mundum
2906 4825 3065 4894 (Ibid.
3131 4843 3168 4897 1,
3228 4827 3302 4896 9).
3362 4825 3526 4880 Sicut
3556 4825 3617 4880 in

1969 4914 2313 4989 Apocalypsi
2374 4915 2443 4969 de
2499 4913 2599 4968 illa
2656 4919 2859 4969 sancta
2912 4914 3159 4970 civitate.
3210 4914 3472 4970 Lucerna
3501 4928 3618 4970 non

1970 5009 2094 5063 erat
2149 5004 2255 5071 ibi,
2309 5004 2450 5076 quia
2506 5003 2790 5058 Dominus
2849 5003 3004 5059 Deus
3060 5002 3429 5076 omnipotens
3483 5000 3621 5058 illu-

1971 5094 2219 5150 minavit
2247 5109 2397 5161 eam,
2420 5083 2488 5148 'et
2518 5091 2756 5147 lucerna
2784 5092 2913 5162 ejus
2962 5097 3051 5147 est
3094 5109 3303 5165 agnus,
3336 5107 3451 5164 quo
3483 5108 3618 5148 san-

1972 5183 2049 5238 cti
2083 5183 2155 5238 ab
2212 5182 2392 5253 hujus
2454 5181 2655 5236 mundi
2709 5181 2965 5237 tenebris
3021 5181 3170 5237 eruti
3229 5181 3626 5239 clariﬁcantur

1973 5270 2153 5342 (Apoc.
2184 5286 2302 5336 xxI,
2341 5270 2433 5334 ‘23,
2471 5271 2583 5341 24).
2636 5269 2766 5325 Haec
2812 5269 3093 5341 propheta
3124 5287 3237 5325 non
3272 5285 3373 5342 pro
3404 5285 3465 5326 se
3492 5273 3624 5326 tan-

1972 5363 2124 5429 tum,
2157 5359 2258 5413 sed
2291 5362 2348 5413 et
2378 5376 2481 5429 pro
2507 5358 2677 5414 nobis
2708 5364 2854 5413 orat.
2892 5358 3055 5414 Unde
3087 5375 3194 5415 nos
3216 5360 3617 5432 deprecemur,

1974 5453 2040 5503 ut
2087 5446 2441 5519 compressis
2504 5446 2671 5501 bellis
2731 5446 3044 5518 corporeis,
3104 5448 3395 5521 superatis
3427 5446 3623 5504 seaculi

1973 5535 2373 5607 tentamentis,
2409 5548 2739 5591 mereamur
2768 5536 2907 5592 Jesu
2938 5535 3167 5593 Christo
3198 5537 3258 5593 in
3289 5536 3417 5610 ipso
3445 5535 3622 5593 lumi-

1976 5642 2048 5683 ne
2076 5623 2456 5697 complacere.
2488 5628 2696 5680 Amen.
