3964 6190
310 366 467 430 1047

877 503 1108 563 PSALM
1120 504 1202 564 US
1256 505 1385 564 LVI.

310 598 375 655 In
430 594 615 666 ﬁnem,
671 612 743 652 ue
798 596 1101 668 disperdas,
1164 598 1273 669 ipsi
1328 596 1525 668 David,
1584 598 1643 653 in
1674 598 1827 653 tituli
1866 599 1957 669 in:

380 670 831 741 scriptione,th
884 670 1096 741 fugeret
1151 668 1193 723 a7
1238 672 1381 741 facie
1437 670 1568 724 Saul
1599 672 1740 741 regis
1761 668 1957 736 Israel,

384 742 447 795 in
475 739 790 810 speluncam
821 740 897 810 (II
924 741 1048 812 Reg.
1100 739 1246 812 xxii,
1273 741 1343 812 1).
1379 741 1488 812 Ipsi
1517 739 1706 802 David,
1739 743 1799 796 in
1829 743 1959 796 titu-

387 812 432 866 li
459 812 816 877 inscriptione
842 827 912 866 ue
960 810 1257 881 disperdas,
1306 810 1415 867 hoc
1460 818 1569 879 est,
1602 828 1673 867 ne
1705 828 1964 867 corrum-

387 899 494 955 pas
539 881 693 937 tituli
742 882 1222 953 inscriptionem:
1273 885 1507 1008 quando
1552 884 1787 954 scripsit
1812 884 1961 939 Pila-

389 960 487 1008 tus
516 970 694 1008 suner
741 953 964 1008 Domini
1018 971 1248 1008 crucem
1322 955 1516 1008 innuis
1563 955 1783 1008 tribus:
1813 957 1961 1008 Iesus

389 953 487 1009 tus
516 970 694 1026 super
741 953 964 1009 Domini
1018 971 1248 1009 crucem
1295 953 1516 1026 linguis
1563 953 1783 1011 tribus:
1813 957 1963 1011 Iesus

388 1041 490 1081 rea:
543 1025 904 1082 Iudaeorum:
959 1026 1023 1080 Et
1070 1026 1195 1080 illi:
1256 1025 1411 1081 N012"
1433 1026 1674 1083 scribere
1718 1043 1819 1082 rex
1866 1027 1961 1082 Ju-

387 1098 670 1152 daeorum:
722 1097 812 1151 sed
871 1098 1002 1167 quia
1059 1098 1174 1167 ipse
1228 1097 1393 1163 dixit,
1451 1115 1552 1153 rex
1580 1115 1698 1154 sum
1732 1098 1963 1155 Iudaeo-

388 1185 532 1242 rum.
592 1169 657 1222 Et
734 1170 948 1242 Pilatus
1018 1168 1241 1242 dissita
1282 1169 1431 1242 Quod
1486 1171 1706 1242 scripsi,
1756 1170 1966 1242 scripsi

410 1242 565 1313 Joan.
602 1257 740 1313 _x1x,
800 1241 1037 1313 49-22).,
1068 1239 1245 1313 David
1296 1240 1353 1294 in
1413 1239 1691 1313 spelunca
1719 1239 1964 1297 abscon-

427 1312 565 1377 itus,
601 1311 711 1367 hoc
762 1315 851 1367 est
907 1311 966 1365 in
1023 1310 1295 1366 inferiore
1339 1310 1501 1383 parte
1558 1318 1742 1383 terras,
1777 1313 1968 1381 praefi-

389 1329 565 1377 nitus,
602 1329 711 1367 noc
762 1329 851 1367 est
907 1329 966 1365 1n
1023 1329 1295 1366 lDlB‘f‘lOI‘e
1336 1329 1501 1437 parte
1558 1329 1742 1383 terras,
1777 1329 1966 1381 przeu-

389 1384 635 1456 gurabat
666 1399 879 1456 corpus
910 1383 1259 1445 humanum,
1294 1399 1327 1436 u
1379 1383 1392 1437 i
1426 1383 1525 1438 illa
1556 1385 1833 1451 maiestas
1857 1383 1966 1438 fuit

389 1454 735 1511 abscondita
791 1455 850 1509 iu
913 1470 1150 1524 corpore
1206 1453 1443 1515 Christi.
1502 1459 1566 1509 ut
1618 1454 1804 1510 illud:
1843 1457 1966 1509 Tra-

398 1526 546 1581 ditus
594 1543 736 1594 sum,
800 1530 850 1597 et
904 1541 1015 1581 non
1044 1524 1564 1597 egrediebar(Psal.
1616 1543 1857 1591 LXXXVII,
1892 1528 1970 1592 9).

393 1598 462 1653 Et
493 1597 709 1653 Paulus
768 1596 949 1651 dicit:
1009 1595 1094 1651 Si“
1130 1598 1283 1651 enim
1338 1595 1768 1663 intellexissent,
1825 1614 1971 1651 nun-

396 1686 561 1741 quam
590 1669 883 1724 Dominum
910 1668 1100 1738 glorias
1136 1668 1541 1737 cruciﬁxissent
1570 1670 1615 1739 (Ι
1648 1668 1767 1724 Cor.
1802 1686 1862 1738 ιι,
1895 1668 1971 1739 8).

402 1781 430 1808 ‹‹
459 1758 729 1812 Miserere
769 1755 904 1825 mei,
954 1760 1124 1821 Deus,
1189 1756 1464 1813 miserere
1513 1758 1624 1813 mei
1652 1760 1667 1810 ε
1699 1758 1973 1829 quoniam

1821 369 2159 436 APPENDI
2170 370 2241 435 X.

1987 508 2042 574 Α
2069 508 2185 563 ster
2213 503 2462 562 diabolus
2491 505 2688 562 circuit
2735 504 2900 579 quasi
2954 502 3058 573 leo,
3106 516 3364 577 quaerens
3415 518 3587 577 quem
3646 501 3742 560 de-

3576 368 3743 433 1048

2068 598 2219 651 voret
2279 596 2329 666 (I
2373 600 2522 651 Petr.
2592 612 2647 662 v,
2706 596 2783 668 8).
2857 598 3172 666 Propterea
3243 593 3371 665 ipse
3441 591 3743 649 Dominus

2073 684 2475 740 misericordia
2504 701 2571 741 ac
2601 685 2814 742 veritas
2860 682 3229 755 intelligitur,
3263 682 3365 755 qui
3423 682 3660 739 missus
3715 700 3750 738 a

2071 777 2261 846 Patre,
2295 773 2524 830 animas
2553 778 2785 842 nostras
2814 772 3030 846 eripuit
3061 773 3133 829 de
3177 772 3519 829 daemonum
3579 776 3752 844 pote-

2075 867 2260 918 state:
2286 863 2385 935 qui
2430 880 2537 920 nos
2567 880 2671 920 ceu
2704 861 2901 920 saeculi
2930 862 3127 918 leones
3157 862 3436 918 devorare
3468 860 3754 916 niteban-

2069 951 2169 1025 tur
2202 970 2214 1007 :
2246 952 2346 1025 qui
2378 958 2436 1009 et
2465 970 2623 1009 nunc
2671 951 2951 1025 loquitur,
3012 952 3253 1007 dicens:
3310 951 3566 1007 Dormivi
3622 966 3758 1005 m-

2072 1022 2345 1098 turbalus.
2380 1041 2667 1098 Dormivit
2696 1042 2851 1098 enim
2884 1041 2944 1096 in
2986 1057 3193 1097 somno
3249 1038 3554 1112 passionis
3612 1056 3761 1095 cum

2074 1132 2333 1188 diceret:
2387 1134 2545 1188 Nunc
2599 1132 2790 1188 anima
2846 1147 2970 1188 mea
3027 1131 3352 1186 turbataest
3416 1130 3598 1200 (Psal.
3677 1146 3759 1193 vx,

2076 1222 2129 1294 4)
2162 1240 2181 1276 :
2244 1221 2381 1293 quia
2428 1221 2651 1277 dictum
2700 1225 2839 1277 est:
2889 1220 2997 1291 Ego
3054 1219 3315 1286 dormivi,
3362 1222 3413 1274 et
3461 1228 3767 1290 separatus

2075 1328 2218 1381 sum,
2268 1319 2319 1366 et
2373 1312 2710 1366 exsurrexi:
2772 1309 3048 1381 quoniam
3105 1307 3393 1364 Dominus
3435 1307 3765 1364 suscitavit

2081 1415 2173 1454 me
2231 1399 2555 1456 secundum
2614 1397 2793 1454 illud:
2855 1400 3177 1455 Potestatem
3230 1397 3423 1467 ,habeo
3501 1398 3768 1468 ponendi

2082 1489 2330 1544 animam
2356 1503 2559 1556 meum,
2619 1493 2669 1544 et
2720 1491 3045 1561 potestatem
3083 1489 3284 1543 iterum
3326 1485 3596 1542 sumendi
3640 1503 3765 1542 eam

2081 1578 2262 1646 (Joan.
2289 1594 2345 1645 x,
2380 1578 2488 1647 18).

2157 1688 2186 1716 ‹‹
2220 1664 2350 1722 Filii
2379 1666 2687 1722 hominum
2720 1666 2924 1722 dentes
2955 1681 3157 1722 eorum
3188 1680 3371 1733 arma,
3403 1686 3431 1713 »
3465 1669 3588 1720 etc.
3648 1664 3765 1719 Ini~

2087 1754 2374 1811 micorum
2407 1756 2613 1812 dentes
2644 1755 2812 1827 quasi
2873 1771 3039 1811 arma
3078 1754 3565 1827 impugnantium
3633 1770 3768 1810 esse

325 1846 386 1901 in
418 1849 474 1901 te
504 1845 747 1900 confidit
776 1844 974 1899 anima
1004 1861 1152 1899 mea.
1189 1868 1210 1897 ι
1248 1845 1554 1901 Geminata
1583 1845 1978 1919 postulatione
2010 1876 2058 1942 Β
2088 1845 2229 1900 dicit
2259 1861 2408 1917 quos
2439 1845 2722 1900 Dominus
2753 1861 2861 1901 sua
2893 1842 3320 1900 resurrectidne
3365 1842 3695 1916 confregit.

326 1933 764 2003 misericordiae,
813 1934 1227 1989 confidentiam
1279 1952 1448 1990 suam
1493 1952 1669 2008 quam
1719 1935 1778 1991 in
1810 1940 1980 1991 Patre

324 2023 519 2091 habet,
553 2023 843 2095 adjungit,
897 2027 960 2079 ut
1011 2023 1239 2080 facilius
1288 2024 1580 2080 audiatur.
1625 2024 1981 2095 Quantamin

325 2113 625 2185 teconfidit
680 2114 871 2168 anima
928 2130 1066 2170 mea.
1129 2114 1306 2179 Quasi
1368 2131 1522 2170 unus
1579 2098 1767 2171 homo.
1797 2114 1975 2170 dicit:

326 2202 427 2259 sed
460 2219 613 2259 unus
642 2219 745 2274 pro
796 2200 1043 2257 multis:
1094 2202 1235 2273 quia
1284 2203 1508 2258 dictum
1554 2209 1679 2260 est:
1712 2204 1751 2259 A
1780 2204 1981 2274 finibus

326 2294 495 2349 terrae
545 2290 615 2345 ad
669 2293 720 2346 te
776 2292 1042 2359 clamavi,
1098 2292 1339 2345 Domine
1367 2293 1538 2362 (Psal.
1589 2293 1881 2363 cxxrx,1).
1915 2296 1983 2347 Et

328 2379 511 2435 alibi:
548 2380 683 2433 Erat
716 2379 836 2433 illis
863 2380 1052 2432 anima
1109 2395 1223 2434 una
1278 2389 1328 2434 et
1385 2397 1480 2434 cor
1526 2382 1871 2453 unum(.~lct.
1904 2398 1979 2446 1v,

326 2467 441 2537 32).
474 2489 501 2516 ‹‹
537 2467 604 2520 Et
635 2466 694 2518 in
736 2466 943 2520 umbra
993 2464 1219 2521 alarum
1271 2472 1505 2523 tuarum
1556 2470 1822 2542 sperabo.
1858 2494 1880 2521 ι
1919 2470 1980 2524 Id

330 2559 439 2625 est,
472 2553 534 2608 in
566 2553 924 2626 protectione
952 2557 1211 2625 paterna.
1250 2558 1297 2610 A
1345 2556 1535 2613 calore
1583 2559 1795 2614 umbra
1824 2576 1981 2630 quaa-

330 2643 517 2699 ritur:
551 2643 652 2698 sed
684 2659 786 2715 per
838 2641 1088 2698 calorem
1151 2644 1477 2716 persecutio
1533 2646 1623 2702 vel
1680 2647 1982 2705 tribulatio

333 2731 699 2804 intelligitur,
733 2735 790 2787 et
819 2748 922 2804 per
971 2732 1240 2788 umbram
1291 2735 1570 2806 protectio
1618 2736 1979 2795 divinitatis:

337 2822 437 2878 ubi
461 2836 695 2893 semper
724 2820 1035 2893 confugere
1066 2822 1369 2878 debemus.
1406 2823 1516 2879 Sed
1547 2824 1675 2880 duae
1708 2825 1833 2896 alae,
1866 2827 1981 2881 duo

329 2912 728 2978 Testamenta,
762 2910 849 2966 vel
881 2910 999 2965 duo
1043 2916 1328 2983 praacepta
1374 2912 1694 2969 charitatis.
1729 2937 1757 2964 ‹‹
1790 2915 1981 2971 Donec

329 3002 593 3054 transeat
638 2996 941 3069 iniquitas.
976 3020 1005 3047 »
1057 2998 1364 3055 Insultatio
1413 3001 1769 3073 iniquorum.
1812 3004 1984 3059 Docet

329 3087 489 3144 enim
550 3104 653 3158 per
712 3087 832 3142 base
885 3086 944 3141 in
1004 3087 1400 3160 spiritualium
1469 3088 1694 3146 alarum
1749 3108 1983 3164 sperare

325 3176 766 3250 protectionem.
802 3174 949 3231 Hinc
978 3176 1263 3249 propheta
1300 3176 1593 3249 loquitur:
1658 3171 1660 3175 ’

408 3266 741 3331 «Clamabo
796 3266 867 3320 ad
924 3247 1108 3321 Deum
1168 3247 1569 3323 altissimum:
1632 3268 1816 3324 Deum
1878 3247 2055 3341 quic

330 3352 809 3412 benefecit'mihi.
847 3376 874 3403 ››
905 3357 1035 3410 Haac
1075 3360 1216 3410 sunt
1262 3372 1389 3427 quae
1435 3361 1568 3429 post
1616 3358 1987 3415 dinumerata

331 3446 486 3502 bona
515 3448 865 3517 sequuntur.
900 3464 930 3496 ι
965 3449 1151 3500 Donec
1182 3450 1442 3501 transeat
1483 3446 1785 3518 iniquitas,
1820 3472 1846 3498 »
1877 3448 1987 3504 hoc

330 3539 439 3602 est,
472 3533 741 3588 diabolus
773 3549 909 3588 cum
950 3533 1075 3589 suis
1122 3535 1425 3606 membris,
1479 3535 1565 3591 vel
1615 3536 1739 3593 suis
1769 3536 1985 3593 satelli-

328 3623 511 3676 tibus.
543 3644 571 3671 «
603 3620 878 3676 Clamabo
928 3622 999 3676 ad
1050 3621 1233 3677 Deum
1287 3622 1665 3680 altissimum.
1702 3648 1728 3673 ››
1758 3625 1986 3682 Clama-

326 3710 410 3764 vit
449 3708 719 3764 Christus
750 3709 823 3764 ad
873 3710 1057 3764 Deum
1106 3711 1354 3782 Patrem,
1402 3718 1459 3767 et
1509 3713 1696 3769 oravit
1744 3731 1847 3786 pro
1878 3714 1983 3770 fal-

328 3798 415 3856 sis
448 3797 746 3853 fratribus.
780 3799 847 3852 Et
905 3797 1158 3854 Ecclesia
1215 3816 1317 3870 pro
1371 3801 1627 3859 inimicis
1675 3809 1821 3859 orat.
1857 3827 1885 3853 «
1917 3804 1990 3859 Et

325 3887 397 3944 ad
430 3887 617 3943 Deum
650 3886 749 3959 qui
780 3886 1070 3942 hcnefecit
1099 3887 1264 3955 mihi,
1299 3912 1327 3937 »
1362 3889 1418 3943 id
1467 3896 1575 3957 est,
1633 3893 1768 3947 fecit
1798 3910 1891 3948 me
1919 3910 1988 3949 ex

326 3976 511 4033 nibilo
543 3976 616 4032 ad
649 3992 819 4032 suam
877 3976 1219 4049 imaginem,
1280 3982 1332 4033 et
1392 3979 1554 4034 dedit
1610 3981 1755 4036 mihi
1788 3983 1989 4038 omnia

327 4067 484 4123 bona
517 4065 823 4138 praesentis
881 4064 1037 4137 vitae,
1097 4070 1152 4121 et
1213 4070 1416 4138 postea
1467 4067 1525 4123 in
1582 4069 1779 4125 futuro
1808 4070 1986 4126 vitam

330 4160 610 4212 mternam
643 4154 932 4227 promisit.

406 4267 434 4295 «
467 4244 626 4300 Misit
655 4244 726 4300 de
758 4244 921 4313 coelo,
954 4249 1014 4300 et
1063 4244 1327 4300 liberavit
1367 4263 1478 4302 me.
1519 4270 1539 4295 ι
1586 4247 1745 4303 Misit
1773 4247 1985 4305 Filium

332 4349 507 4391 suum
564 4335 634 4388 de
692 4332 873 4400 caelis,
935 4339 999 4388 ut
1048 4333 1342 4390 hominem
1377 4353 1410 4391 a
1457 4340 1690 4407 peccato
1722 4343 1985 4396 erueret:

330 4421 417 4479 vel
451 4437 637 4494 genus
681 4421 1007 4477 humanum
1058 4423 1127 4477 de
1174 4428 1457 4494 potestate
1505 4425 1744 4493 diaboli,
1797 4426 1885 4482 vel
1916 4428 1988 4483 de

328 4510 581 4567 inferno.
618 4510 773 4568 Misit
811 4512 871 4566 in
916 4513 1269 4584 opprobrium
1312 4513 1692 4570 conculcanfes
1735 4532 1840 4571 me.
1875 4517 1988 4570 Im-

2164 1954 2192 1983 «
2223 1932 2487 1990 Exaltare
2515 1951 2691 2006 super
2720 1933 2920 2003 cmlos,
2951 1933 3126 2005 Deus,
3162 1955 3190 1982 ››
3220 1936 3329 1989 etc.
3390 1931 3615 1987 Nullus
3676 1939 3771 1988 est

2091 2023 2301 2079 modus
2344 2021 2710 2079 exaltationis
2755 2023 2984 2079 divinae.
3042 2022 3160 2078 Nos
3207 2038 3336 2078 vero
3389 2020 3547 2078 nihil
3594 2020 3765 2079 aliud

2091 2114 2161 2169 de
2191 2111 2350 2168 oculis
2382 2129 2560 2185 quam
2591 2129 2719 2185 quae
2748 2111 3005 2168 vidimus
3064 2111 3353 2169 novimus.
3405 2110 3559 2167 Nam
3621 2128 3765 2168 cum

2090 2202 2189 2270 ait,
2220 2218 2385 2273 super
2411 2202 2615 2257 caelos:
2677 2199 2944 2256 notitiam
2994 2198 3219 2255 excedit
3272 2199 3633 2256 humanam.
3683 2205 3765 2257 De

2090 2290 2276 2365 gloria
2294 2294 2490 2347 autem
2522 2307 2648 2363 quae
2677 2305 2853 2361 super
2881 2295 3098 2345 terram
3159 2295 3268 2358 est,
3325 2287 3474 2344 illud
3533 2288 3766 2345 intelli-

2090 2380 2251 2455 gitur
2282 2380 2437 2452 quod
2464 2378 2603 2435 alibi
2635 2380 2758 2451 ipse
2784 2378 3069 2435 Dominus
3129 2378 3213 2434 ait
3242 2395 3256 2434 :
3315 2380 3444 2434 Ecce
3506 2394 3611 2448 ego
3662 2396 3762 2434 uo-

2095 2469 2303 2525 biscum
2348 2485 2471 2523 sum
2526 2468 2779 2525 omnibus
2823 2467 3011 2523 diebus
3057 2484 3224 2539 usque
3276 2467 3346 2523 ad
3399 2483 3765 2524 consumm-

2091 2566 2291 2615 ttouem
2345 2557 2540 2616 saeculi
2596 2556 2807 2629 (Matth.
2856 2573 3056 2628 xxvm,
3125 2557 3236 2628 20).
3302 2556 3445 2612 Hinc
3537 2556 3764 2613 iterum

2090 2646 2376 2704 Dominus
2399 2663 2413 2701 :

2163 2759 2191 2786 «
2235 2737 2535 2808 Laqueum
2592 2738 2942 2808 paraverunt
2989 2734 3238 2808 pedibus
3295 2734 3464 2791 meis.
3523 2758 3552 2785 ι»
3606 2738 3765 2791 Cum

2092 2823 2237 2881 mihi
2266 2823 2754 2897 interrogationes
2774 2823 3105 2881 inferebant
3131 2822 3428 2881 dolosas.«
3455 2824 3526 2880 Et
3552 2824 3766 2880 incur-

2088 2917 2371 2969 vaverunt
2398 2912 2656 2969 animam
2689 2929 2902 2970 meam.
2938 2935 2966 2963 »
3000 2917 3063 2969 In
3095 2916 3304 2981 morte,
3343 2913 3446 2969 sed
3476 2929 3597 2969 non
3647 2913 3771 2970 fuit

2091 3001 2510 3076 perpetualiter
2538 3002 2777 3058 subdita
2820 3002 3014 3058 morti.
3065 3000 3160 3058 Sic
3203 3002 3519 3058 voluerunt
3566 3002 3772 3059 Judaei

2090 3091 2385 3148 Christum
2417 3090 2755 3147 incurvare:
2810 3095 2875 3147 ut
2904 3108 3020 3147 non
3079 3090 3486 3148 nominaretur
3541 3109 3773 3149 nomen

2089 3198 2238 3253 eJus.

2165 3293 2193 3320 «
2228 3270 2523 3326 Foderunt
2551 3273 2683 3325 ante
2732 3268 2937 3326 faciem
2995 3284 3187 3326 meam
3220 3269 3466 3338 foveam,
3532 3273 3591 3326 et
3648 3270 3772 3343 ipsi

2096 3359 2429 3415 inciderunt
2448 3359 2506 3413 in
2539 3373 2688 3414 eam.
2724 3380 2752 3407 ››
2785 3358 2930 3415 Cum
2959 3362 3091 3430 post
3112 3358 3605 3416 resurrectionem
3650 3360 3772 3417 ini-

2094 3447 2265 3504 micis
2290 3447 2728 3519 traditi,capiti,
2762 3446 3050 3504 interfecti
3084 3451 3259 3520 atque
3306 3447 3564 3520 dispersi
3593 3455 3773 3505 sunt.

2173 3560 2192 3586 ι
2229 3537 2505 3593 Paratum
2536 3552 2635 3592 cor
2664 3552 2885 3608 meum,
2917 3540 3367 3609 Deus,paratum
3401 3554 3503 3593 cor
3534 3554 3771 3595 meum:

2096 3626 2343 3682 cantabo
2372 3630 2427 3681 et
2448 3623 2742 3697 psalmum
2775 3626 2966 3681 dicam
2998 3625 3263 3682 Domino.
3295 3646 3323 3678 ι
3375 3626 3658 3684 Exsultat
3712 3635 3774 3685 et

2096 3714 2355 3771 concinit
2383 3714 2453 3770 de
2477 3713 2775 3787 triumpho
2809 3713 3013 3771 mortis
3062 3713 3221 3771 illius
3279 3714 3447 3771 liber.
3471 3717 3771 3784 Cantabo,

2097 3804 2459 3879 praedicabo:
2497 3803 2789 3860 Psalmum
2822 3802 3036 3871 dicam,
3071 3819 3244 3876 opere
3270 3803 3603 3876 complebo.

2169 3918 2196 3944 ‹‹
2230 3895 2511 3966 Exsurge,
2544 3891 2727 3966 gloria
2757 3909 2888 3949 mea
2919 3910 2932 3960 ;
2977 3909 3244 3965 exsurge,
3304 3892 3660 3966 psalterium
3714 3900 3773 3950 et

2096 3983 2319 4040 cithara
2349 4000 2362 4051 ;
2394 3997 2701 4054 exsurgam
2719 3979 2999 4038 diluculo.
3028 4004 3055 4031 ››
3081 3981 3349 4038 Diluculo
3371 3982 3531 4039 enim
3564 3999 3768 4040 resur-

2097 4070 2263 4142 rexit,
2297 4086 2469 4125 mane
2493 4085 2627 4125 cum
2657 4066 2851 4124 adhuc
2880 4068 3130 4125 tenebrae
3160 4075 3358 4126 essent
3402 4086 3589 4143 super
3640 4077 3771 4128 ter-

2096 4174 2241 4216 ram.
2277 4160 2371 4215 Sic
2392 4158 2547 4215 enim
2579 4156 2922 4231 psalterium
2979 4162 3037 4213 et
3087 4157 3358 4215 cithara:
3418 4159 3546 4216 haec
3601 4162 3771 4217 enim

2096 4248 2275 4304 dictio
2298 4247 2571 4304 Davidica
2600 4245 2889 4303 cecinerat
2920 4264 2932 4303 :
2967 4270 2995 4297 ‹‹
3028 4247 3672 4321 Exsurge,psalterium
3713 4256 3773 4307 et

2096 4337 2335 4394 cithara.
2377 4359 2403 4386 ››
2431 4336 2579 4400 Quid
2611 4335 2944 4409 significant
2971 4335 3085 4392 ista
3112 4352 3331 4411 organa
3359 4337 3388 4392 ‘l
3440 4354 3633 4395 unum
3697 4340 3769 4396 de

2097 4426 2392 4499 supernis,
2421 4425 2579 4482 aliud
2615 4426 2684 4481 de
2714 4426 2983 4481 terrenis.
3011 4425 3159 4491 Quid
3201 4424 3555 4500 intelligitur
3610 4428 3772 4502 psal-

2097 4516 2307 4572 terium
2341 4515 2369 4571 ‘I
2399 4514 2665 4571 Christus
2698 4512 3047 4588 intelligitur
3075 4519 3139 4570 ut
3196 4514 3378 4571 illud:
3433 4517 3533 4587 Ite,
3594 4516 3772 4574 dicite

331 4600 464 4674 pios
493 4604 551 4656 et
582 4604 821 4672 peccato
852 4600 1156 4667 obnoxios,
1191 4600 1288 4672 qui
1312 4602 1552 4658 verbum
1584 4603 1991 4676 propheticum
2024 4615 2071 4681 Ι)
2100 4606 2303 4661 Joanni
2349 4618 2476 4676 quae
2524 4604 2739 4659 vidistis
2778 4607 2829 4659 et
2865 4603 3135 4659 audistis:
3173 4605 3253 4659 Ad
3296 4605 3479 4661 tum
3534 4605 3771 4663 redeant

328 4688 719 4763 negligebant.
773 4688 874 4744 Vel
908 4693 974 4745 ut
1016 4689 1191 4745 alibi:
1228 4691 1391 4746 Dedit
1438 4693 1701 4763 apostolis
1756 4695 1991 4765 potesta-

326 4783 435 4837 tem
481 4778 737 4835 calcandi
789 4794 954 4850 super
998 4788 1292 4851 serpentes,
1342 4789 1395 4835 et
1445 4782 1778 4853 scorpiones,
1810 4786 1861 4839 et
1892 4799 1989 4838 su-

324 4884 431 4942 per
460 4885 687 4924 omnem
716 4869 978 4923 virtutem
1006 4869 1228 4923 inimici
1256 4869 1407 4940 (Luc.
1440 4887 1495 4937 χ,
1528 4870 1640 4942 19).

409 4980 437 5008 ‹‹
471 4957 631 5014 Misit
666 4958 812 5013 Deus
852 4956 1313 5013 misericordiam
1365 4975 1531 5015 suam
1581 4962 1638 5015 et
1686 4960 1988 5017 veritatem

340 5063 511 5103 suam
569 5070 597 5095 ››
654 5046 1049 5104 Misericordia
1104 5052 1160 5102 et
1204 5046 1414 5103 veritas
1470 5048 1737 5105 Christus
1783 5054 1889 5106 est.
1927 5050 1987 5106 In

347 5151 465 5190 uno
524 5133 934 5192 continentur:
1003 5152 1108 5192 nec
1166 5153 1280 5191 una
1339 5137 1464 5192 sine
1514 5137 1715 5193 altera.
1776 5139 1833 5194 Si
1865 5138 1991 5195 sola

348 5222 751 5279 misericordia
807 5223 1036 5291 fuisset,
1099 5221 1335 5279 licentia
1395 5224 1598 5281 fuisset
1628 5240 1901 5296 peccare;
1935 5231 1992 5281 et

346 5313 397 5370 si
455 5312 580 5367 sola
632 5312 872 5382 veritas,
933 5330 1049 5369 non
1108 5311 1395 5385 potuisset
1452 5313 1626 5370 homo
1675 5316 1987 5372 sustinere.

347 5426 377 5453 «
410 5401 681 5458 Animam
731 5418 922 5458 meam
997 5402 1213 5474 eripuit
1268 5403 1339 5458 de
1397 5403 1586 5459 medio
1650 5405 1988 5465 catulorum

344 5492 603 5550 leonum.
641 5512 668 5539 ››
727 5490 967 5559 Leones,
1027 5492 1321 5564 principes
1376 5492 1747 5549 Judaaorum:
1811 5494 1988 5551 catuli

342 5570 511 5657 plebs
543 5580 841 5653 subjecta:
879 5579 979 5653 qui
1003 5579 1354 5645 clamabant,
1378 5582 1650 5655 crucifige
1671 5599 1827 5641 eum.
1854 5585 1988 5652 Leo,

346 5669 637 5738 diabolus,
688 5670 860 5741 juxta
912 5669 1227 5743 Epistolam
1282 5669 1453 5741 Petri,
1512 5672 1864 5730 Adversarius
1904 5690 1991 5730 ve-

2098 4696 2253 4758 τέλεσί,
2286 4694 2492 4749 mortui
2537 4700 2853 4764 resurgunt,
2884 4707 3151 4765 pauperes
3197 4694 3686 4763 euangelizantur,
3720 4706 3773 4751 et

2099 4784 2283 4839 beatus
2303 4784 2401 4854 qui
2436 4784 2497 4837 in
2534 4798 2620 4837 me
2673 4799 2784 4837 non
2822 4783 2993 4853 fuerit
3030 4781 3457 4849 scandalizatus,
3505 4782 3623 4840 hoc
3680 4795 3769 4841 est

2097 4871 2370 4928 divinitas
2392 4874 2627 4943 operata
2648 4886 2752 4943 per
2771 4886 3005 4927 carnem
3022 4872 3325 4941 (Mallh.x1,
3350 4872 3493 4943 4-6).
3521 4872 3769 4931 Cithara

2099 4962 2169 5016 de
2224 4959 2491 5025 terrenis,
2524 4960 2633 5016 hoc
2663 4964 2753 5016 est
2807 4959 3144 5027 lassescere,
3217 4960 3493 5029 dormire,
3567 4978 3767 5035 egere,

2099 5049 2549 5120 esurire,sitire,
2579 5048 2667 5104 vel
2725 5053 2951 5104 cetera.
3004 5046 3223 5104 Aliter:
3276 5047 3625 5107 Psalterium
3686 5054 3764 5108 ad

2100 5155 2207 5194 nos
2238 5137 2506 5210 pertinet,
2543 5152 2697 5210 spes,
2752 5136 2917 5205 fides,
2977 5136 3254 5205 Charitas,
3311 5136 3763 5211 longanimitas,

2098 5227 2351 5304 bonitas,
2375 5226 2461 5282 vel
2494 5226 2611 5283 alia
2639 5224 2731 5282 bis
2760 5225 2999 5282 similia.
3030 5225 3135 5281 Per
3164 5226 3473 5294 citharam,
3490 5243 3596 5284 sex
3624 5246 3767 5304 opo-

2100 5334 2163 5372 ra
2186 5300 2599 5373 misericordia:
2628 5314 3036 5389 intelliguntur
3065 5332 3214 5388 ;quaa
3235 5317 3517 5373 debemus
3546 5300 3765 5392 imple-

2099 5423 2181 5478 re,
2223 5406 2280 5462 id
2318 5410 2428 5474 est,
2489 5404 2723 5472 esurivi,
2783 5403 2958 5473 sitivi,
3011 5404 3226 5478 hospes
3297 5421 3479 5474 eram,
3534 5408 3763 5477 nudus,

2101 5496 2392 5561 infirmus,
2425 5494 2485 5550 in
2528 5511 2773 5551 carcere.
2834 5494 2977 5550 Item
3028 5496 3372 5567 psalterium,
3407 5495 3469 5552 id
3524 5501 3640 5565 est,
3696 5500 3761 5554 in

2100 5584 2476 5641 tribulatione
2506 5584 2726 5657 gratias
2757 5599 2927 5654 agere
2960 5584 3105 5641 Deo:
3148 5584 3221 5641 de
3268 5585 3544 5658 supernis
3598 5587 3763 5644 venit

2100 5691 2203 5746 per
2233 5691 2405 5746 quem
2437 5674 2713 5731 sustines.
2762 5673 3338 5747 Githara,persecutio
3368 5678 3426 5733 et
3452 5674 3758 5733 tribulatio
