3964 6190
221 364 378 432 1049

1382 377 1535 438 BHE
1548 375 1614 436 \‘Y
1630 376 1880 440 .tillUM
1922 376 2004 438 IN
2049 379 2436 444 PSALMOS.

3472 375 3630 443 1050

221 508 448 597 quain
485 519 726 597 corpore
769 508 1045 566 sustines.
1079 512 1401 583 Exsurgam
1446 513 1692 569 diliculo.
1727 514 1867 570 Res-

2002 525 2264 596 [uitatem
2295 525 2508 597 ipsam,
2541 519 2705 596 prius
2736 536 2912 595 quam
2965 522 3321 586 nasceretur,
3355 515 3625 573 extermi-

222 593 431 667 pondit
480 595 750 653 Christus
780 599 850 653 ad
883 599 1131 656 Patrem.
1165 601 1325 657 Unde
1357 603 1629 668 superius
1679 603 1822 660 dixit
1855 621 1867 658 :

228 706 250 733 α
290 681 571 757 Exsurge,
600 684 786 758 gloria
817 704 965 744 mea.
1001 714 1022 741 ι

299 795 327 823 α
359 775 690 831 Confitebor
715 775 816 831 tibi
843 777 898 832 in
924 779 1177 852 populis,
1203 782 1462 850 Domine,
1489 787 1545 837 et
1573 782 1869 855 psalmum

223 863 418 919 dicam
466 863 571 918 tibi
602 864 659 918 in
692 866 984 937 gentibus.
1020 891 1047 918 »
1100 870 1254 933 Quas
1287 888 1387 943 per
1419 873 1750 944 prephetas,
1783 873 1869 928 vel

221 951 518 1026 apostolos
558 955 773 1009 vocavi.
826 978 853 1004 ‹‹
886 958 1216 1014 Conﬁtebor
1243 960 1347 1016 tibi
1379 960 1438 1016 in
1470 961 1724 1033 populis,
1757 962 1867 1017 Do-

223 1042 401 1108 mine,
431 1065 460 1092 »
490 1041 600 1098 hoc
622 1047 728 1110 est,
753 1049 1063 1117 postquam
1094 1065 1482 1106 resurrexero.
1519 1073 1546 1100 ‹‹
1571 1051 1867 1106 Psalmum

221 1130 414 1186 dicam
445 1129 550 1186 tibi
582 1131 736 1188 inter
764 1139 986 1206 gentes,
1019 1159 1048 1186 »
1098 1138 1154 1193 id
1201 1145 1288 1194 est
1336 1141 1667 1211 praedicare,
1698 1158 1870 1213 opere

222 1219 488 1293 implere.

302 1331 322 1360 ε
358 1310 641 1374 Quoniam
675 1313 1051 1386 magniﬁcata
1071 1322 1158 1372 est
1195 1334 1379 1389 usque
1401 1321 1471 1373 ad
1496 1319 1670 1375 ccelos
1696 1321 1869 1376 mise-

226 1399 478 1455 ricordia
526 1403 645 1455 tua.
683 1423 705 1448 ιι
763 1402 890 1458 Mea
919 1404 1077 1460 enim
1110 1407 1535 1464 resurrectione
1567 1409 1872 1480 pacificate.

223 1493 365 1545 sunt
392 1488 590 1545 omnia
617 1489 744 1560 tibi,
769 1509 899 1563 quae
929 1491 985 1547 in
1019 1495 1160 1551 coelo
1193 1501 1248 1550 et
1278 1513 1405 1568 quae
1438 1497 1494 1551 in
1531 1501 1681 1553 terra
1711 1503 1867 1555 sunt.

225 1600 252 1627 ‹‹
287 1578 356 1632 Et
385 1594 573 1649 usque
603 1579 673 1634 ad
707 1581 891 1636 nubes
922 1583 1132 1638 veritas
1173 1588 1293 1640 tua.
1329 1608 1357 1634 ››
1412 1587 1720 1659 Complens
1770 1606 1872 1660 per

224 1665 538 1739 prophetas
569 1685 696 1739 quae
728 1670 896 1725 nobis
927 1673 1294 1743 przedixeras.
1330 1673 1486 1744 Coeli,
1515 1681 1653 1732 sunt
1683 1678 1869 1732 sancti

224 1756 458 1828 quando
490 1757 560 1813 de
589 1759 862 1830 supernis
893 1762 1364 1835 contemplantur
1396 1781 1407 1819 :
1443 1767 1648 1836 nubes,
1684 1784 1868 1838 quan-

225 1845 298 1900 do
328 1845 574 1919 irrigant
601 1845 777 1904 c‘orda
801 1848 1063 1906 humana
1091 1852 1161 1907 de
1192 1853 1620 1924 praedicatione.

301 1956 328 1984 ‹‹
360 1934 624 1992 Exaltare
673 1954 849 2010 super
894 1940 1090 2010 cozlos,
1123 1947 1293 1997 Deus.
1332 1966 1357 1991 ››
1409 1944 1699 2016 Propheta
1751 1945 1871 2001 haec

211 2023 367 2093 dicit
397 2025 467 2080 de
497 2025 750 2097 gloriosa
769 2028 978 2084 Christi
1013 2031 1373 2087 ascensione.
1405 2057 1431 2082 «
1461 2034 1530 2088 Et
1552 2051 1729 2105 super
1748 2052 1872 2090 om-

227 2128 361 2168 nem
394 2118 606 2170 terram
630 2115 814 2188 gloria
840 2120 959 2172 tua.
988 2141 1014 2166 ››
1045 2123 1188 2174 Cum
1212 2121 1486 2177 effuderis
1509 2123 1728 2177 donum
1753 2125 1876 2195 Spi-

226 2200 377 2257 ritus
409 2203 594 2259 sancti
627 2203 683 2258 in
708 2221 941 2261 omnem
974 2223 1231 2264 carnem.
1256 2210 1417 2272 Quod
1440 2215 1496 2265 et
1527 2228 1683 2266 nunc
1707 2212 1873 2268 nobis

223 2295 500 2363 praestare
527 2292 804 2364 digneris,
842 2299 904 2349 ut
933 2295 991 2350 in
1021 2298 1247 2353 cunctis
1277 2299 1570 2369 pressuris
1601 2317 1665 2354 ac
1694 2301 1875 2356 tribu-

224 2377 546 2435 lationibus
606 2380 895 2438 universis
955 2384 1154 2440 mittas
1183 2387 1466 2458 Spiritum
1515 2392 1682 2444 tuum
1733 2407 1872 2444 san-

227 2471 388 2522 ctum
425 2485 438 2523 :
482 2469 650 2538 cujus
680 2487 787 2542 ope
813 2489 878 2527 ac
910 2473 1201 2544 praesidio,
1233 2477 1354 2531 sive
1386 2478 1712 2533 munitione
1743 2496 1874 2550 pro-

226 2555 389 2624 tecti,
437 2558 508 2612 ad
558 2562 774 2616 aeterna
829 2561 1045 2633 gaudia
1100 2564 1431 2636 preparari,
1491 2567 1561 2622 ad
1624 2567 1878 2624 coelestia

225 2645 532 2701 transferri
564 2649 804 2719 praemia
834 2667 1182 2707 mereamur.
1217 2658 1424 2709 Amen.

780 2773 1112 2832 PSALMUS
1152 2776 1316 2832 LVII.

227 2857 512 2942 In'ﬁnem,
546 2877 617 2913 ne
644 2861 953 2942 dispertiti-5.,
985 2867 1187 2942 David,
1220 2869 1281 2921 in
1307 2866 1468 2922 tituli
1496 2870 1873 2941 inscriptione.

300 2929 762 3013 Voshsuggeriti's
804 2934 1143 3013 falsitatem,
1173 2929 1284 3013 ego
1337 2955 1462 3013 non,
1502 2929 1878 3013 corru'mpam

308 3005 607 3082 veritatem
645 3020 657 3058 :
711 3005 852 3077 quod
905 3005 1136 3082 scripsi,
1160 3005 1362 3082 scripsi
1409 3005 1877 3082 (Joan.x1x,-22).

306 3073 801 3158 Psalmusjocém
825 3073 1504 3158 contin'etPropbetze‘de
1525 3073 1768 3153 judiciis
1799 3073 1882 3140 at-

305 3161 418 3216 que
440 3151 675 3216 justitia
706 3151 1154 3206 commonentis.

304 3291 331 3318 «
364 3269 422 3326 Si
453 3286 584 3326 vere
615 3271 816 3342 utique
840 3272 1138 3342 justitiam
1173 3273 1502 3348 loquimini,
1537 3283 1693 3334 recta
1716 3280 1876 3349 judi-

226 3358 494 3424 cate,ﬁlii
518 3359 891 3416 hominum.»
923 3362 1136 3417 Edocet
1159 3368 1222 3418 ut
1245 3364 1516 3436 quisquis
1541 3367 1878 3424 mortalium

213 3447 450 3520 judicio
497 3465 642 3504 usus
693 3449 868 3506 fuerit
916 3451 1168 3522 publico,
1203 3454 1252 3507 si
1283 3470 1480 3509 verum
1514 3454 1793 3529 loquitur,
1825 3463 1882 3514 et

223 3553 430 3593 verum
483 3538 754 3609 judicet:
807 3557 910 3595 nec
961 3546 1140 3612 ponat
1185 3541 1488 3599 blanditiis
1539 3562 1878 3602 sermonum

226 3626 628 3698 muscipulam
661 3627 1040 3700 deceptionis,
1074 3647 1178 3701 per
1215 3648 1391 3703 quam
1425 3634 1648 3691 occulte
1679 3635 1880 3692 interi-

228 3721 359 3772 mat
387 3717 746 3773 innocentes.
786 3718 893 3773 «Si
925 3735 1056 3774 vere
1083 3719 1590 3792 utiquejustitiam
1612 3723 1881 3796 loquimi—

229 3804 340 3860 ni:
387 3805 551 3876 justa
590 3805 875 3877 judicate,
909 3806 1014 3861 ﬁlii
1065 3807 1394 3866 hominum.
1433 3812 1667 3867 »Judaai
1717 3815 1882 3884 justa

223 3895 622 3967 loquebantur
659 3895 729 3950 ad
763 3895 1084 3968 Christum,
1119 3899 1352 3968 quando
1399 3899 1671 3956 dicebant
1703 3919 1716 3956 :
1767 3905 1876 3959 Μα-

225 3985 415 4058 gister,
448 3985 646 4039 scimus
695 3986 826 4056 quia
874 4001 1044 4041 verax
1086 4003 1158 4054 es,
1190 3992 1240 4043 et
1268 3990 1325 4043 in
1359 3991 1580 4045 veritate
1607 3992 1756 4047 viam
1785 3994 1884 4049 Dei

226 4075 383 4132 doces
413 4076 638 4146 (Matth.
672 4092 811 4148 XXII,
839 4075 944 4146 16).
975 4075 1100 4131 Non
1123 4077 1473 4148 judicabant
1494 4080 1677 4152 justa,
1703 4098 1884 4153 quan-

227 4165 305 4222 do
336 4164 630 4237 petierunt
669 4165 1016 4240 Barabbam,
1051 4164 1236 4220 filium
1275 4167 1480 4223 mortis
1511 4169 1686 4239 (Joan.
1719 4187 1879 4240 xvm,

201 4255 345 4322 40),
393 4257 450 4309 et
502 4253 919 4309 interfecerunt
967 4253 1288 4322 Christum,
1341 4255 1525 4311 filium
1576 4258 1724 4314 vitae.
1779 4259 1882 4315 Vel

229 4342 401 4400 aliter
433 4361 444 4399 :
481 4366 506 4392 ‹‹
541 4342 710 4398 Justa
731 4342 1012 4414 judicate,
1045 4366 1072 4393 η
1117 4344 1174 4399 id
1207 4349 1314 4413 est,
1348 4361 1448 4401 vos
1479 4346 1577 4418 qui
1602 4348 1881 4418 judicatis

220 4432 521 4504 justitiam
553 4431 772 4487 bonam
801 4446 949 4502 esse,
1004 4455 1023 4480 «ι
1057 4437 1214 4488 recta
1236 4434 1520 4505 judicate,
1555 4458 1581 4484 »
1632 4436 1740 4492 hoc
1770 4442 1879 4510 est,

231 4521 390 4595 quod
421 4521 524 4578 tibi
555 4539 672 4577 non
704 4521 810 4590 vis,
845 4519 1011 4576 alteri
1044 4538 1113 4575 ne
1145 4522 1344 4578 facias.

1899 1887 1948 1951 B

1980 621 2101 672 nat.
2126 616 2259 671 Ideo
2292 608 2623 687 peCcatores
2651 612 2797 668 falsa
2827 610 2986 681 loqui
3015 608 3177 674 dicit,
3201 623 3414 679 eosque
3435 621 3627 662 errare

1981 711 2155 777 atque
2182 699 2446 760 "alienari
2497 703 2822 775 prophetat,
2858 699 3009 755 sicut
3050 698 3346 769 quondam
3377 695 3448 751 de
3475 695 3623 751 Esau

1980 795 2079 864 qui
2130 795 2475 866 priusquam
2530 793 2888 864 gigneretur,
2923 789 2995 844 ab
3038 785 3373 842 haereditate
3403 784 3505 839 Dei
3535 789 3626 840 est

1979 883 2250 956 repulsus
2282 882 2533 953 (Malaeh.
2569 900 2605 949 1,
2639 883 2673 934 2
2701 899 2713 947 ;
2761 883 2909 935 Rom.
2946 896 3020 948 1x,
3054 879 3159 948 t3).

2051 997 2079 1023 «
2112 973 2296 1028 Furor
2317 972 2432 1028 illis
2455 971 2776 1026 secundum
2797 966 3240 1023 similitudinem
3266 961 3571 1034 serpentis.
3596 982 3624 1010 »

1979 1062 2157 1134 Ignis,
2182 1063 2280 1132 qui
2304 1061 2490 1116 obiter
2511 1076 2613 1132 per
2632 1058 2776 1113 iram
2803 1058 3096 1119 devorare,
3120 1052 3391 1109 veneficis
3413 1049 3622 1105 morsi-

1979 1151 2110 1219 bus,
2137 1151 2236 1206 Dei
2266 1149 2515 1204 famulos
2544 1147 2764 1211 volunt,
2794 1150 2851 1201 et
2883 1162 2984 1216 per
3014 1142 3410 1217 paenitentiam
3445 1137 3626 1210 negli-

1979 1247 2144 1311 gunt.
2202 1260 2230 1288 «
2260 1237 2420 1293 Sicut
2473 1235 2696 1308 aspidis
2743 1235 2955 1300 surdae,
2987 1238 3044 1288 et
3095 1229 3423 1287 obturantis
3452 1244 3624 1284 aures

1979 1346 2138 1396 suas,
2174 1351 2203 1377 ››
2257 1331 2365 1383 etc.
2401 1343 2414 1380 :
2469 1325 2771 1380 Diabolum
2802 1323 2887 1378 vel
2929 1321 3209 1378 satellites
3257 1320 3384 1389 ejus
3433 1317 3573 1372 dicit
3607 1333 3620 1370 :

1979 1418 2078 1490 qui
2111 1434 2243 1472 cum
2278 1415 2536 1487 quotidie
2567 1416 2832 1477 noceant,
2867 1416 2923 1467 et
2951 1412 3035 1466 eis
3079 1411 3282 1480 utique
3316 1408 3414 1478 qui
3447 1405 3627 1462 canti-

1979 1523 2109 1562 cum
2133 1523 2232 1576 per
2250 1492 2671 1560 invocationem
2686 1500 2970 1558 Dominici
2995 1497 3253 1554 nominis
3270 1496 3622 1550 indicamus:
3674 1512 3680 1518 ο

1979 1595 2068 1650 Illi
2117 1596 2386 1650 obturato
2436 1592 2667 1648 aurium
2717 1591 2901 1657 aditu,
2935 1589 3133 1644 saevire
3177 1603 3289 1641 non
3322 1585 3622 1640 desinunt.

1977 1684 2148 1757 Aspis
2205 1700 2391 1756 genus
2449 1681 2758 1753 serpentis.
2805 1679 2906 1734 llle
2957 1679 3132 1733 homo
3185 1675 3286 1747 qui
3341 1675 3621 1738 incantat,

1979 1775 2208 1830 Marsus
2263 1773 2476 1828 dicitur
2511 1775 2549 1839 ί,
2601 1774 2657 1825 et
2713 1768 2892 1824 trahit
2941 1766 3074 1822 illas
3127 1766 3198 1820 de
3244 1763 3501 1819 tenebris
3552 1761 3623 1814 ad

1977 1863 2199 1920 lumen.

2057 1953 2269 2008 «Deus
2301 1953 2562 2006 conteret
2611 1949 2813 2003 dentes
2859 1961 3059 2001 eorum
3112 1943 3170 1997 in
3211 1957 3307 1996 ore
3340 1941 3623 2012 ipsorum,

1984 2041 2172 2096 molas
2203 2040 2437 2095 leonum
2472 2037 2798 2107 confringet
2828 2033 3132 2090 Dominus.
3167 2053 3194 2079 »
3237 2031 3295 2083 Ir.
3329 2027 3624 2092 dentibus,

1984 2135 2184 2203 aperta
2230 2127 2577 2200 persecutio,
2611 2125 2669 2179 in
2721 2122 3041 2179 molaribus
3090 2117 3456 2189 signiﬁcatur
3493 2115 3626 2170 abs-

1985 2217 2234 2275 condita.
2291 2240 2318 2268 «
2352 2221 2501 2272 Deus
2550 2218 2806 2270 conteret
2854 2213 3056 2267 dentes
3087 2225 3288 2264 eorum
3319 2206 3380 2260 in
3412 2222 3508 2262 ore
3537 2204 3630 2275 ip-

1985 2323 2229 2374 sorum;
2265 2328 2292 2356 »
2342 2321 2412 2360 ne
2460 2304 2717 2359 lacerare
2772 2299 3001 2356 valeant
3057 2296 3278 2367 iniquis
3335 2292 3631 2349 morsibus

1984 2413 2181 2453 servos
2213 2396 2360 2466 ejus.
2396 2418 2422 2443 «ι
2449 2393 2627 2448 Melas
2659 2391 2893 2447 leonum
2926 2387 3252 2458 confringet
3275 2383 3576 2439 Dominus.
3602 2401 3631 2430 »

1983 2486 2271 2542 Maiarum
2304 2483 2698 2555 nequitiarum
2731 2478 3016 2534 insidias:
3053 2476 3150 2548 qui
3179 2473 3350 2546 quasi
3382 2471 3631 2528 molares

1983 2575 2222 2631 leonum
2271 2575 2473 2628 dentes
2522 2572 2592 2626 ad
2643 2569 2981 2625 validiorem
3023 2581 3284 2621 morsum
3318 2563 3628 2617 habentur.

2063 2683 2084 2711 ι
2116 2664 2200 2718 Ad
2250 2661 2502 2718 nihilum
2556 2659 2863 2715 devenient
2912 2661 3194 2726 tanquam
3234 2669 3388 2723 aqua
3425 2651 3632 2705 decur-

1985 2769 2142 2808 rens.
2180 2775 2206 2799 ››
2237 2751 2397 2805 Sicut
2426 2748 2582 2804 enim
2615 2764 2768 2818 aqua
2797 2747 3132 2806 decurrens,
3157 2744 3258 2795 aut
3289 2739 3636 2795 absorbetur

1989 2859 2022 2896 a
2048 2845 2222 2908 terra,
2257 2843 2358 2894 aut
2386 2839 2442 2893 in
2477 2836 2625 2892 mari
2673 2834 2868 2891 deficit
2901 2850 2912 2887 :
2965 2833 3047 2886 ita
3075 2834 3133 2886 et
3162 2830 3256 2885 isti
3288 2829 3359 2884 ad
3391 2827 3500 2882 hoc
3531 2827 3634 2880 de—

1989 2930 2287 2984 ducuntur
2335 2932 2400 2982 ut
2450 2928 2704 2998 pereant.
2751 2923 2912 2978 Sicut
2964 2937 3117 2992 aqua
3169 2934 3295 2990 qua:
3344 2917 3415 2972 ab
3471 2913 3636 2970 initio

1991 3016 2184 3073 saeculi
2225 3016 2280 3069 in
2330 3031 2469 3088 gyro
2519 3013 2722 3068 vadit:
2774 3011 2855 3066 ita
2900 3010 3164 3081 ipsorum
3213 3010 3303 3060 est
3351 3003 3634 3059 doctrina.

1992 3131 2018 3155 «
2052 3111 2221 3176 Aqua
2270 3106 2607 3169 decurrens,
2642 3125 2670 3152 »
2724 3100 2879 3173 quod
2929 3100 3016 3154 est
3071 3101 3320 3160 torrens,
3370 3093 3480 3148 hoc
3528 3096 3636 3159 est,

1993 3211 2147 3266 aqua
2195 3211 2320 3264 qua
2369 3191 2670 3247 montibus
2726 3187 2981 3245 decurrit
3022 3186 3082 3240 in
3123 3183 3318 3239 valles.
3350 3182 3451 3237 Vel
3485 3181 3642 3236 sicut

1991 3299 2154 3354 aquae
2188 3279 2469 3336 hiemales
2502 3296 2636 3334 cum
2666 3278 2927 3344 veniunt,
2955 3275 3152 3332 statim
3185 3273 3519 3328 siccantur:
3555 3270 3640 3325 sic

1987 3371 2083 3428 isti
2115 3371 2229 3426 cito
2259 3373 2586 3426 transeunt.
2622 3368 2784 3423 Unde
2828 3367 3050 3422 dictum
3101 3367 3189 3418 est
3223 3381 3235 3417 :
3290 3363 3363 3416 De
3399 3365 3638 3415 torrente

1988 3464 2047 3517 in
2091 3462 2175 3516 via
2221 3461 2357 3516 bibit
2404 3459 2572 3527 (Psal.
2606 3474 2717 3525 01x,
2748 3458 2824 3527 7).
2876 3453 3160 3511 Dominus
3191 3453 3261 3508 de
3293 3453 3546 3506 torrente
3578 3447 3635 3502 in

1988 3550 2082 3607 via
2111 3550 2282 3615 bibit,
2308 3548 2449 3620 quia
2480 3548 2549 3602 de
2579 3551 2778 3602 nostro
2811 3544 3052 3615 accepit.
3090 3565 3110 3591 α
3149 3539 3403 3596 Intendit
3433 3554 3632 3593 arcum

1989 3656 2163 3696 suum
2196 3640 2378 3694 donec
2407 3637 2798 3691 inﬁrmentur.
2828 3657 2854 3683 ››
2888 3634 2992 3688 Per
3020 3647 3245 3696 areum,
3268 3629 3366 3684 irae
3397 3633 3454 3682 et
3484 3643 3636 3682 com-

1991 3728 2343 3784 minationes
2401 3726 2499 3781 Dei
2559 3723 2986 3796 intelliguntur.
3049 3720 3207 3776 Unde
3265 3717 3453 3773 dixit:
3511 3715 3636 3770 Nisi

1990 3817 2251 3875 conversi
2307 3816 2554 3880 fueritis,
2587 3815 2643 3869 id
2693 3817 2782 3869 est
2819 3813 2889 3868 de
2928 3809 3204 3882 superbia
3233 3808 3303 3862 ad
3335 3805 3636 3862 humilita-

1990 3912 2106 3964 tem
2147 3925 2158 3961 :
2193 3923 2393 3960 arcum
2426 3921 2600 3960 suum
2633 3903 2900 3968 vibravit,
2935 3901 3089 3957 sicut
3118 3897 3337 3953 Paulus
3369 3893 3591 3950 audivit
3621 3911 3632 3948 :

1991 3997 2177 4063 Saule,
2235 3995 2428 4062 Saule,
2489 3993 2619 4065 quid
2676 4009 2761 4048 me
2819 3991 3158 4062 persequeris
3218 3987 3350 4056 (Act.
3413 3984 3486 4052 ix,
3538 3981 3640 4050 [1)?

1994 4107 2021 4135 «
2054 4083 2312 4141 Intendit
2333 4100 2574 4138 aureum
2601 4098 2798 4149 suum,
2821 4073 3390 4147 futurumjudicium
3418 4089 3430 4126 :
3455 4070 3638 4125 donec

1991 4174 2387 4237 inﬁrmontur,
2425 4196 2443 4220 υ
2501 4171 2608 4226 hoc
2643 4175 2749 4234 est,
2783 4184 2970 4240 usque
3001 4167 3141 4221 dum
3176 4162 3523 4218 evanescant
3555 4158 3639 4213 in-

1990 4261 2148 4319 sidiae
2177 4278 2400 4316 eorum.

2063 4373 2088 4399 «
2123 4349 2284 4403 Sicut
2313 4365 2443 4403 cera
2474 4364 2600 4418 quae
2634 4344 2782 4412 fluit,
2816 4345 3168 4399 auferantur.
3205 4359 3230 4389 υ
3290 4339 3451 4393 Sicut
3480 4335 3638 4392 enim

1990 4454 2121 4493 cera
2152 4437 2284 4509 igne
2328 4435 2690 4500 dissolvitur,
2723 4433 2804 4488 ita
2835 4437 2892 4489 et
2921 4431 3016 4486 isti
3049 4430 3240 4485 futuro
3263 4425 3472 4499 judicii
3504 4426 3640 4496 igne

1991 4527 2328 4598 perdentur.
2372 4547 2398 4573 «
2437 4521 2835 4595 Supercecidit
2866 4521 3044 4593 ignis,
3074 4538 3100 4570 ι»
3155 4516 3451 4574 Judicium
3484 4530 3639 4568 mor-

306 4634 334 4660 ‹‹
368 4610 595 4666 Etenim
629 4610 688 4666 in
721 4609 891 4665 corde
930 4609 1274 4681 iniquitates
1318 4613 1638 4684 operamini
1673 4615 1731 4670 in
1767 4619 1884 4671 ter-
1917 4623 1963 4687 Ι)
1997 4615 2136 4670 tuis.
2173 4638 2200 4663 ‹‹
2233 4615 2301 4669 Et
2333 4631 2447 4669 non
2481 4613 2751 4667 viderunt
2782 4609 2985 4667 solem.
3014 4631 3042 4660 »
3074 4608 3198 4662 Non
3230 4603 3642 4660 intellexerunt

231 4717 317 4757 ra.
350 4723 376 4749 ››
411 4699 604 4766 Ιῑῲειο
630 4703 785 4754 terra
807 4715 982 4771 quam
1005 4698 1305 4768 habitatis,
1332 4701 1683 4773 cogitatione
1706 4705 1878 4777 mala,

231 4791 378 4846 dum
431 4790 584 4845 bona
632 4787 908 4844 videmini
955 4787 1134 4860 loqui.
1189 4812 1215 4838 «
1251 4789 1628 4861 Iniquitatem
1672 4811 1882 4850 manus

228 4887 430 4936 veslra:
463 4877 792 4935 concinant.
830 4899 857 4926 »
889 4877 1077 4949 Opera
1106 4878 1262 4934 enim
1291 4883 1484 4935 vestra
1515 4898 1641 4953 quea
1675 4899 1881 4937 secun-

230 4968 376 5024 dum
403 4966 741 5040 allegoriam
775 4983 988 5023 manus
1033 4966 1420 5039 accipiuntur,
1453 4969 1757 5042 iniquitate
1791 4989 1880 5025 re-

232 5057 391 5132 pleta
422 5062 582 5114 sunt.

307 5170 336 5198 «
368 5146 615 5204 Alienati
646 5150 785 5202 sunt
809 5150 1140 5219 peccatores
1174 5163 1206 5202 a
1237 5146 1425 5203 vulva.
1465 5170 1490 5195 »
1531 5148 1776 5212 Quidam
1810 5150 1880 5206 de

235 5238 523 5295 descensu
577 5235 785 5294 animas
834 5237 891 5291 in
942 5253 1174 5309 corpus,
1208 5236 1307 5292 alii
1356 5253 1489 5293 vero
1543 5240 1612 5294 de
1662 5239 1880 5295 Judaeis

233 5326 572 5401 intelligunt
603 5345 615 5383 :
669 5325 823 5398 quod
855 5325 1163 5382 abalienati
1195 5330 1334 5382 sunt
1363 5344 1396 5382 a
1436 5328 1547 5384 Deo
1580 5345 1592 5382 :
1646 5345 1713 5383 ex
1763 5346 1878 5400 quo

235 5416 418 5474 Maria
447 5415 650 5489 genuit
678 5413 1054 5471 Salvatorem.
1114 5438 1142 5466 ‹‹
1175 5415 1527 5472 Erraverunt
1573 5417 1644 5471 ab
1690 5423 1872 5482 utero,

227 5507 406 5564 locuti
437 5510 578 5563 sunt
606 5503 774 5561 falsa.
811 5524 840 5552 »
885 5503 1167 5562 Praescius
1198 5505 1526 5562 futurorum
1562 5505 1735 5574 Deus,
1771 5507 1879 5562 ini-

1994 4703 2292 4760 Christum
2328 4701 2658 4768 Dominum,
2684 4700 2783 4772 qui
2814 4705 2903 4755 est
2935 4697 3020 4754 sol
3051 4695 3310 4768 iustitiae,
3333 4693 3402 4746 de
3435 4706 3548 4762 quo
3579 4690 3638 4743 in

1994 4793 2211 4864 iudicio
2234 4791 2447 4847 dicturi
2477 4795 2617 4846 sunt
2645 4789 2808 4860 impii
2835 4806 2846 4842 :
2885 4789 2950 4843 Et
2981 4785 3065 4842 sol
3088 4783 3331 4856 justitiee
3355 4796 3469 4836 non
3494 4778 3640 4833 luxit

1992 4881 2159 4937 nobis
2210 4881 2358 4952 (Scip.
2392 4897 2446 4944 v,
2479 4881 2556 4947 6).
2610 4900 2637 4928 «
2667 4878 2886 4934 Cecidit
2928 4875 3102 4949 ignis,
3135 4877 3194 4928 et
3222 4889 3336 4927 non
3367 4869 3639 4925 viderunt

1991 4970 2194 5026 solem.
2227 4990 2254 5020 n
2312 4973 2647 5025 Peccatores
2678 4965 2971 5022 Christum
3006 4966 3200 5037 ignem
3240 4960 3460 5023 vident,
3485 4957 3633 5028 justi

1991 5059 2172 5116 solem
2195 5057 2458 5131 justitiaz.
2494 5057 2673 5112 Aliter
2705 5074 2716 5111 :
2762 5056 2867 5121 Qui
2901 5049 3456 5110 comminationibus
3485 5045 3635 5101 Scri-

1989 5153 2296 5222 pturarum
2320 5146 2558 5203 territus
2579 5145 2698 5218 agit
2719 5139 3293 5217 poenitentiam,huic
3317 5154 3419 5210 per
3437 5136 3634 5214 ignem

1989 5237 2415 5310 suppliciorum
2451 5235 2535 5292 sol
2566 5252 2739 5290 verus
2771 5233 3119 5290 ostenditur.

2060 5351 2087 5379 «
2119 5330 2447 5398 Antequam
2469 5323 2801 5396 intelligant
2821 5322 3000 5394 spina:
3035 5325 3226 5374 castra;
3249 5317 3582 5373 rhamnum.
3604 5335 3631 5360 »

1985 5417 2161 5482 Quasi
2209 5417 2387 5480 vivos,
2421 5412 2590 5485 quasi
2638 5413 2694 5467 in
2735 5411 2824 5466 ira
2853 5410 3125 5466 absorbet
3154 5424 3272 5465 eos.
3305 5407 3631 5474 Antequam

1987 5510 2221 5579 peccata
2249 5508 2443 5562 vestra
2473 5503 2543 5558 ad
2577 5502 2752 5556 ﬁnem
2786 5517 2972 5572 usque
3004 5497 3358 5572 perveniant,
3389 5497 3446 5549 et
3477 5489 3631 5564 cogi-

303 5692 319 5726 ί
355 5690 568 5744 Notum
599 5683 739 5741 illud
775 5682 936 5742 Ovid.
969 5683 1038 5740 de
1081 5684 1286 5742 Medic.
1319 5687 1428 5742 fac.
1465 5703 1477 5741 :
1526 5687 1634 5742 Nec
1680 5684 1878 5742 mediae
1914 5686 2108 5743 Marsis
2138 5684 2425 5756 ﬁnduntur
2446 5681 2697 5739 cantibus
2725 5697 2950 5750 angues.
