3964 6190
452 287 611 350 1051

1953 291 2374 357 APPENDIX.

3615 302 3722 368 10H

457 422 746 480 tationum
779 423 958 497 spinae
992 424 1050 481 in
1084 425 1349 484 arborem
1377 428 1662 486 ebulliant
1690 434 2059 504 peccatorum
2088 471 2101 483 .
2138 427 2191 494 Α
2219 427 2462 484 occulte.
2499 427 2941 486 Insurrexerunt
2968 429 3171 484 contra
3199 420 3485 498 eum,'cum
3507 439 3727 509 praceptis

460 511 614 568 Deus
666 530 766 569 vos
815 515 1088 588 corripiet
1135 534 1248 573 non
1299 518 1504 585 iratus,
1537 521 1637 575 sed
1688 521 1860 593 quasi
1895 521 2103 577 iratus.

461 601 587 678 Non
618 607 706 658 est
736 603 952 678 quippe
984 606 1079 661 Dei
1109 606 1216 674 ira,
1239 609 1337 665 sed
1371 611 1720 678 emendatio,
1751 616 1808 667 et
1835 613 2108 684 corripiet

460 707 561 747 vos
613 709 725 747 non
779 698 844 748 ut
893 694 1074 761 vivos,
1115 697 1215 752 sed
1249 699 1417 770 quasi
1448 700 1627 756 vivos.
1661 702 1768 765 Qui
1801 702 1957 758 enim
1989 702 2106 775 spi-

460 797 567 836 nas
608 781 827 838 habent
875 783 1242 854 delictorum,
1277 789 1384 842 vivi
1418 807 1531 845 non
1565 796 1864 847 merentur
1891 791 2103 847 vocari.

459 869 808 941 Priusquam
861 873 1254 947 intelligerent
1301 878 1480 950 spinae
1526 885 1726 936 vestras
1767 881 2102 943 rhamnum,

459 957 580 1014 haec
612 959 682 1014 ad
729 961 1007 1032 populum
1059 971 1392 1036 peccantem
1445 967 1750 1040 loquitur:
1803 970 2107 1026 Rhamnus

461 1047 715 1103 sentium
763 1066 950 1121 genus
1001 1058 1091 1108 est
1140 1055 1529 1125 asperrimum
1582 1058 1822 1122 aculeis,
1858 1064 1914 1115 et
1968 1060 2106 1115 ﬂore

460 1136 889 1208 gratissimum.
923 1139 1086 1197 Unde
1116 1143 1465 1216 intelligitur
1490 1145 1728 1218 duplam
1761 1147 1972 1204 habere
2001 1149 2108 1201 vir-

465 1228 648 1280 tutem
691 1244 704 1281 :
736 1226 977 1286 ultionis
1006 1235 1063 1286 et
1095 1233 1379 1288 bonorum
1413 1236 1814 1292 retributionis
1847 1256 1865 1292 :
1905 1238 1961 1292 id
1997 1241 2106 1302 est,

452 1314 634 1384 justis
656 1317 823 1373 ﬂoret
843 1320 913 1374 ad
939 1329 1230 1388 ornatum,
1248 1324 1647 1394 peccatoribus
1669 1327 1885 1398 praebet
1905 1326 2107 1400 spinas

461 1402 531 1458 ad
565 1405 1046 1479 confringendum
1070 1410 1107 1462 ¹.

531 1493 758 1549 «Sicut
810 1495 1089 1562 viventes,
1141 1499 1292 1554 sicut
1343 1499 1401 1554 in
1453 1500 1539 1556 ira
1595 1503 1867 1558 absorbet
1924 1521 2105 1559 eos.»

454 1579 740 1638 Velociter
789 1600 887 1638 eos
937 1585 1212 1641 absorbet
1259 1605 1446 1660 paena,
1480 1591 1619 1661 quia
1665 1595 1763 1663 qui
1789 1609 1901 1649 non
1927 1595 2106 1650 credi-

457 1669 618 1734 derit,
660 1672 782 1742 jam
818 1672 1106 1742 judicatus
1153 1679 1232 1730 est
1290 1676 1466 1747 (.loan.
1517 1697 1598 1746 Ill,
1653 1680 1760 1752 18).
1814 1682 2104 1748 Viventes,

458 1757 517 1811 id
551 1763 661 1824 est,
686 1759 979 1829 sapientes
1011 1764 1213 1818 mundi
1239 1766 1337 1836 qui
1369 1783 1471 1838 per
1498 1767 1732 1823 illorum
1756 1771 2105 1843 sapientiam

460 1849 670 1917 putant
720 1864 801 1912 se,
834 1851 1000 1919 quasi
1049 1852 1306 1910 viventes
1345 1855 1480 1911 sint.
1517 1857 1618 1913 Sed
1645 1861 1916 1931 sapientia
1946 1862 2109 1930 huius

458 1935 674 2004 mundi,
703 1939 940 1994 stultitia
986 1945 1064 1996 est
1109 1943 1255 2014 apud
1289 1946 1465 2001 Deum
1495 1947 1542 2018 (I
1573 1949 1700 2003 Cor.
1733 1966 1816 2018 IIl,
1853 1950 1962 2020 19).
1996 1951 2103 2005 Sed

461 2024 547 2078 ira
576 2025 672 2080 Dei
707 2042 885 2097 quam
918 2029 1078 2097 dicit,
1105 2032 1270 2102 justa
1296 2035 1556 2091 vindicta
1587 2041 1693 2092 est.

533 2134 560 2160 ‹‹
598 2115 1135 2188 Laetabiturjustus
1169 2138 1300 2176 cum
1333 2124 1542 2180 viderit
1571 2126 1912 2182 vindictam.
1940 2151 1961 2180 »
2003 2130 2109 2184 lm-

461 2199 693 2272 piorum
721 2219 733 2256 :
770 2203 908 2274 quia
933 2208 1167 2277 quando
1195 2209 1278 2265 illi
1303 2212 1659 2270 damnantur
1689 2215 1745 2269 in
1780 2217 1990 2288 pcsnis,
2011 2215 2106 2271 isti

461 2288 836 2347 laetificantur
883 2293 941 2348 in
991 2298 1268 2367 praemiis.
1325 2324 1352 2350 ‹‹
1386 2301 1596 2358 Manus
1639 2321 1777 2360 suas
1805 2304 2019 2361 lavabit
2050 2305 2108 2359 in

464 2380 750 2451 sanguine
780 2389 1172 2454 peccatorum.
1201 2410 1228 2435 ››
1261 2389 1407 2454 Quia
1428 2390 1684 2447 difficilis
1707 2396 1795 2448 est
1813 2393 1908 2448 hic
1929 2395 2108 2450 versi-

463 2466 631 2522 culus
660 2470 732 2524 ad
765 2470 1208 2545 intelligendum
1240 2493 1252 2530 :
1285 2477 1413 2548 ipsa
1441 2481 1616 2535 verba
1635 2497 1762 2552 quae
1789 2482 2110 2541 anteriores

462 2560 875 2626 tractaverunt,
910 2562 1154 2619 educam
1181 2581 1194 2631 ;
1237 2565 1492 2622 Hilarius
1522 2569 1727 2625 beatus
1757 2571 2004 2628 antistes
2031 2575 2106 2641 et,

465 2649 529 2700 ut
554 2647 636 2702 ita
655 2647 868 2715 dicam,
891 2649 1046 2706 inter
1073 2653 1359 2724 procellas
1381 2657 1587 2713 mundi
1611 2676 1860 2731 magnus
1882 2663 2110 2716 susten-

461 2738 616 2790 tator
636 2736 922 2807 Ecclesiae,
948 2740 1030 2796 ita
1053 2742 1124 2798 de
1145 2759 1209 2798 eo
1231 2743 1408 2802 dicit:
1444 2770 1470 2797 ι(
1498 2747 1707 2805 Justus
1738 2765 1948 2806 manus
1971 2766 2110 2806 suas

463 2840 582 2880 non
605 2831 976 2897 peccatorum
1001 2833 1290 2903 sanguine
1313 2834 1496 2890 abluit
1520 2854 1532 2904 ;
1567 2838 1667 2892 sed
1696 2855 1827 2893 cum
1851 2843 2111 2910 peccato-

467 2930 559 2969 res
593 2915 652 2970 in
684 2918 969 2989 sanguine
992 2920 1129 2992 sint,
1155 2921 1294 2993 quia
1323 2924 1402 2980 rei
1430 2930 1568 2981 sunt
1590 2927 1968 3000 sanguinum,
1993 2945 2110 2984 ma-

465 3019 578 3060 nus
608 3021 747 3060 suas
799 3005 897 3062 ille
943 3007 1014 3063 ab
1061 3011 1220 3066 omni
1259 3018 1422 3068 reatu
1453 3016 1758 3088 sanguinis
1789 3015 2113 3072 continebit

467 3091 716 3149 ablutas.
753 3116 781 3143 »
834 3100 993 3152 Tunc
1040 3097 1196 3155 lavat
1232 3103 1433 3171 justus
1481 3121 1692 3160 manus
1733 3105 1790 3159 in
1823 3105 2110 3177 sanguine

467 3186 834 3254 peccatorum
885 3202 1019 3242 cum
1068 3188 1385 3246 vindictam
1437 3193 1507 3248 de
1556 3193 1702 3264 ipsis
1733 3192 1960 3263 viderit,
1994 3172 2185 3249 non'C

466 3273 918 3342 procurantibus
949 3278 1188 3344 sanctis,
1220 3282 1277 3335 et
1305 3284 1444 3336 tunc
1473 3280 1780 3347 laetabitur,
1814 3298 1948 3338 cum
1980 3291 2113 3355 post

467 3358 684 3415 exitum
715 3377 939 3430 eorum,
977 3366 1106 3437 ejus
1137 3383 1312 3439 opera
1340 3369 1591 3442 gloriose
1623 3370 1930 3442 refulgent.

539 3471 568 3497 ‹‹
597 3452 663 3505 Et
711 3450 863 3507 dicet
910 3455 1083 3510 homo
1133 3455 1182 3510 si
1231 3457 1431 3532 utique
1474 3464 1563 3514 est
1602 3460 1826 3515 fructus
1862 3461 2046 3529 justo.
2082 3481 2108 3507 »

467 3536 628 3591 Tunc
657 3538 813 3593 enim
865 3539 974 3595 erit
1010 3543 1139 3613 ejus
1169 3545 1415 3614 fructus,
1447 3565 1578 3604 cum
1613 3548 1665 3604 ei
1696 3547 1964 3605 Christus
1995 3549 2111 3604 Do-

471 3623 669 3694 minus
700 3626 978 3684 caelorum
1009 3647 1186 3704 regna
1224 3636 1674 3709 participaverit.
1722 3659 1750 3687 ‹‹
1785 3636 1994 3710 Utique
2023 3641 2113 3692 est

470 3711 625 3768 Deus
641 3714 919 3784 judicans
941 3734 1039 3775 eos
1063 3720 1122 3776 in
1145 3726 1318 3778 terra.
1345 3747 1372 3772 ››
1399 3724 1486 3780 Illi
1511 3731 1642 3782 ante
1661 3725 1952 3797 judicium
1977 3725 2112 3782 ﬁnis

471 3799 529 3856 in
562 3800 672 3858 hac
702 3806 854 3859 terra
876 3806 1238 3878 judicantur,
1271 3812 1343 3867 de
1386 3805 1603 3884 quibus
1649 3815 1921 3887 superius
1967 3814 2112 3870 dixi-

473 3905 648 3946 mus:
703 3893 810 3961 Qui
854 3910 966 3950 non
1012 3897 1321 3968 crediderit,
1344 3903 1465 3972 jam
1501 3903 1784 3972 judicatus
1825 3914 1904 3960 est
1934 3904 2110 3974 (Joan.

470 3996 554 4050 ιιι,
590 3980 696 4052 18).
732 3983 799 4037 Et
842 4000 948 4040 nos
993 3985 1040 4041 si
1090 3985 1148 4041 in
1196 3989 1498 4062 praeceptis
1528 3991 1628 4047 Dei
1662 4010 1831 4048 aures
1862 4010 1976 4048 non
2008 3993 2112 4049 ob-

470 4073 760 4143 turamus,
811 4074 857 4128 si
919 4080 1258 4133 sanctorum
1313 4079 1536 4135 monita
1592 4097 1726 4136 cum
1784 4080 2116 4138 innocentia

469 4173 879 4230 exsequamur,
913 4163 962 4218 si
1015 4169 1353 4223 nostrorum
1401 4169 1588 4241 spinis
1636 4170 1956 4226 facinorum
1997 4187 2113 4226 non

469 4246 820 4320 afﬂigamur,
854 4253 901 4307 si
954 4272 1165 4312 manus
1209 4257 1281 4312 ab
1314 4259 1473 4315 omni
1503 4259 1788 4332 sanguine
1821 4260 2115 4317 immunes

467 4351 602 4390 cum
651 4336 1064 4400 innocentibus
1103 4345 1436 4416 abluamus,
1468 4349 1778 4406 honorabit
1807 4366 1912 4405 nos
1939 4349 2112 4404 Jesus

473 4425 755 4483 Dominus
805 4430 998 4503 dignis
1044 4436 1319 4505 praemiis,
1353 4437 1570 4509 quibus
1601 4438 1785 4494 sancti
1818 4455 1951 4494 cum
1986 4439 2112 4511 ipso

470 4517 888 4589 perpetualiter
923 4521 1304 4580 collaetantur.
1337 4528 1543 4582 Amen.

1004 4665 1328 4725 PSALMUS
1389 4669 1578 4725 LVIII.

469 4757 566 4838 1η,
577 4756 772 4838 ﬁnem,
807 4771 874 4838 ne
917 4755 1200 4838 disperde:
1249 4758 1428 4838 David
1468 4761 1529 4838 in
1576 4759 1947 4838 ins_criptione_
1978 4761 2110 4814 titu-

544 4824 589 4902 li
614 4847 634 4880 .-
679 4827 896 4902 quando
947 4824 1268 4902 misitSaut
1313 4831 1584 4887 custodire
1630 4824 1848 4898 domum
1897 4833 2010 4902 ejus
2056 4838 2117 4886 ut

542 4899 886 4984 interficeret.
916 4900 1139 4984 eum}!
1177 4905 1468 4984 Regum-ir,
1523 4903 1630 4973 11).
1687 4902 1802 4984 Iste
1851 4899 2114 4984 psalmus

472 5007 474 5011 -
541 4967 692 5042 quia
713 4970 889 5042 David
923 4967 1106 5027 ἀοεθῐ
1137 4967 1528 5042 ρεξίιίιιιιιὶω
1575 4967 1888 5041 custodire,
1923 4973 2113 5029 Domi-

542 5039 682 5096 nicaa
716 5041 1008 5112 passionis
1040 5039 1296 5099 declarat
1324 5045 1692 5116 mysterium,
1733 5039 1931 5100 dicens
1965 5061 1978 5100 :

545 5166 570 5193 «
607 5144 772 5218 Eripe
804 5164 896 5203 me
926 5148 996 5204 de
1028 5149 1285 5208 inimicis
1317 5151 1484 5218 meis,
1520 5156 1670 5207 Deus
1701 5168 1887 5224 meus,
1925 5174 1950 5200 ››
2005 5155 2114 5207 etc.

472 5232 577 5288 Per
605 5233 713 5292 hos
745 5235 1188 5294 inimicitiarum
1217 5241 1436 5312 gradus
1467 5256 1654 5312 usque
1678 5242 1748 5296 ad
1774 5241 2116 5297 effusionem

361 5355 370 5359 -
469 5323 806 5380 ascenditur
835 5327 1160 5399 sanguinis.
1187 5328 1410 5385 Inimici
1437 5330 1651 5386 etenim
1676 5331 1912 5386 fuerunt
1929 5329 2118 5386 Judei

447 5411 605 5484 _Jesu
656 5412 884 5470 Christo
937 5417 1183 5473 Domino
1235 5423 1457 5491 nostro,
1493 5435 1625 5476 cum
1680 5420 1732 5476 ei
1782 5419 2122 5476 invidebant

538 5599 560 5632 ‘
589 5597 788 5655 Malim
821 5597 1042 5669 reponi,
1074 5597 1144 5654 ad
1171 5597 1612 5668 contingendam.

2141 4538 2190 4602 D

2216 518 2344 589 ejus
2375 517 2767 574 obviaverunt.
2822 517 3082 590 Operarii
3125 517 3432 590 iniquitatis
3455 519 3599 577 eﬁecti
3622 532 3725 596 sunt,

2216 624 2348 662 cum
2408 624 2620 663 manus
2679 612 3054 664 armaverunt
3105 608 3174 663 ad
3223 607 3628 665 interfectionem.
3651 615 3726 669 \‘iri

2216 701 2356 751 sunt
2387 697 2522 752 iacti
2553 697 2797 764 cruoris,
2833 714 2966 752 cum
3021 695 3362 769 sauguinem
3395 699 3518 768 justi
3551 716 3728 771 superse

2215 803 2472 859 suosque
2510 786 2662 842 filios
2688 787 2953 842 futurum
2986 803 3117 842 esse
3149 785 3406 842 dixerunt
3433 787 3594 858 (Matth.
3618 807 3728 858 mn,

2214 875 2328 944 25).

2290 986 2317 1013 «
2348 964 2494 1028 Quia
2523 981 2653 1021 ecce
2685 968 2963 1038 ceperunt
2993 965 3254 1020 animam
3285 981 3459 1021 meam
3487 981 3498 1020 :
3531 965 3731 1022 iuuerunt

2217 1053 2276 1108 in
2309 1070 2401 1110 me
2430 1055 2624 1110 fortes.
2659 1078 2686 1105 »
2721 1055 2792 1112 Ut
2824 1071 2915 1109 me
2945 1055 3244 1110 traderent
3273 1053 3451 1110 morti.

2293 1167 2313 1192 α
2349 1148 2548 1215 Neque
2577 1144 2857 1217 iniquitas
2883 1161 3012 1201 mea
3032 1161 3225 1216 neque
3251 1143 3731 1216 peccatum,Domine,

2217 1234 2345 1289 sine
2375 1233 2682 1305 iniquitate
2712 1234 2962 1302 cucurri,
2997 1238 3052 1289 et
3084 1232 3286 1290 direxi.
3317 1254 3343 1282 ››
3371 1233 3482 1290 Non
3508 1232 3601 1289 hac
3622 1233 3729 1288 David

2219 1322 2289 1379 de
2320 1339 2381 1378 se
2413 1322 2602 1378 dicere
2632 1323 2840 1395 potuit,
2873 1323 2974 1394 qui
3006 1339 3070 1378 se
3098 1321 3160 1378 in
3193 1321 3306 1378 alio
3347 1320 3542 1393 psalmo
3580 1318 3731 1393 plenum

2217 1411 2468 1483 peccatis
2499 1427 2627 1467 esse
2659 1411 2927 1484 cognovit
2961 1428 2972 1466 :
3026 1411 3129 1467 sed
3162 1412 3234 1466 de
3265 1425 3328 1466 eo
3357 1409 3448 1483 qui
3473 1413 3654 1482 peccata
3671 1425 3731 1462 no-

2219 1505 2340 1554 stra
2373 1504 2634 1572 portans,
2667 1500 2792 1555 sine
2837 1499 2954 1555 ullo
3003 1499 3332 1571 iniquitatis
3374 1497 3586 1570 pondere
3621 1513 3731 1567 usque

2218 1590 2288 1645 ad
2322 1591 2540 1646 exitum
2574 1606 2859 1662 corporeae
2895 1589 3106 1646 mortis
3129 1587 3397 1655 cucurrit.
3419 1609 3445 1637 «
3469 1585 3579 1642 Sine
3601 1584 3730 1655 iniqui-

2217 1682 2337 1734 tate
2367 1678 2618 1748 cucurri,
2651 1683 2708 1733 et
2746 1677 2949 1734 direxi.
2984 1678 3054 1733 Et
3083 1677 3197 1733 iste
3227 1675 3476 1748 psalmus
3501 1689 3557 1730 ex
3579 1688 3733 1744 persona

2217 1767 2446 1823 Domini
2478 1766 2724 1839 intelligi
2758 1771 2966 1839 potest.
3001 1767 3097 1822 Ait
3129 1765 3344 1838 quippe
3375 1782 3386 1819 :
3423 1764 3557 1818 Venit
3575 1763 3732 1833 prima

2213 1856 2418 1912 mundi
2448 1857 2625 1921 istius,
2657 1861 2707 1912 et
2738 1857 2945 1912 invenit
2974 1857 3034 1911 in
3063 1871 3153 1911 me
3197 1854 3341 1910 nihil
3382 1855 3541 1924 (toan.
3567 1867 3648 1915 xw,
3667 1850 3730 1914 307.

2214 1944 2315 2000 Vel
2366 1950 2519 2000 certe
2568 1944 2871 2000 cucurrit:
2922 1945 2980 2000 id
3028 1949 3138 2012 est,
3173 1945 3245 2000 de
3289 1942 3423 2000 cmlo
3449 1941 3578 1995 venit
3601 1938 3639 1993 in
3660 1943 3730 1991 ute-

2218 2051 2374 2102 rum,
2405 2034 2476 2090 de
2509 2038 2673 2090 utero
2706 2034 2765 2090 in
2797 2050 3078 2106 praesepe,
3116 2033 3187 2088 de
3217 2029 3449 2105 praesepi
3476 2029 3523 2084 in
3557 2039 3732 2082 crucem:

2217 2124 2288 2180 de
2319 2139 2489 2179 cruce
2518 2123 2578 2177 in
2611 2122 2948 2195 sepulcrum
2985 2139 2998 2176 :
3051 2124 3127 2178 de
3168 2120 3428 2193 sepulcro
3474 2117 3533 2174 ad
3573 2115 3734 2170 inferos:

2218 2214 2288 2268 de
2317 2212 2519 2269 inferis
2551 2212 2733 2268 victor
2763 2212 3044 2267 remeavit
3077 2211 3151 2266 ad
3185 2209 3376 2266 caelos.
3414 2231 3439 2258 «
3469 2207 3525 2262 Et
3549 2203 3728 2262 direxit,-

2219 2319 2334 2357 non
2366 2319 2576 2358 sensus
2607 2317 2767 2368 suos,
2799 2302 2898 2356 sed
2934 2305 3195 2368 nostros,
3228 2299 3365 2372 quia
3402 2294 3541 2369 pravi
3565 2291 3734 2386 erantet

2219 2390 2486 2447 tortuosi.
2517 2389 2680 2446 Unde
2712 2389 2995 2463 propheta
3043 2389 3196 2444 dixit
3229 2405 3241 2443 :
3291 2389 3355 2444 Et
3396 2387 3541 2441 erant
3572 2393 3731 2453 praua

2217 2480 2446 2548 directa,
2481 2484 2531 2536 et
2559 2495 2753 2552 acpera
2784 2481 2844 2535 in
2876 2480 2990 2535 vias
3017 2479 3218 2550 planas
3261 2478 3385 2549 (Isa.
3417 2492 3496 2544 XL,
3521 2471 3581 2541 3).

2291 2592 2317 2618 ‹‹
2352 2571 2609 2642 Exsurge
2639 2568 2698 2624 in
2724 2584 3035 2625 occursum
3066 2583 3292 2623 meum.
3327 2589 3354 2617 ››
3377 2564 3455 2619 Ad
3476 2562 3649 2618 Patrem
3669 2553 3734 2608 hat

2219 2657 2498 2728 loquitur,
2532 2675 2566 2712 a
2614 2674 2730 2730 quo
2774 2673 2836 2712 se
2880 2657 2938 2712 in
2970 2655 3306 2730 Evangeliis
3337 2647 3736 2737 clarificaripreca-

2218 2750 2334 2801 tur.
2369 2745 2476 2811 Qui
2507 2749 2563 2801 et
2592 2749 2879 2819 tanquam
2919 2761 3258 2811 occurrens,
3295 2751 3604 2810 manumque
3625 2746 3735 2804 βοτη·

2201 2851 2382 2907 .gens,
2433 2835 2736 2908 respondit
2783 2833 3031 2892 dicens:
3077 2836 3152 2890 Et
3203 2831 3510 2905 clariﬁcavi,
3540 2828 3578 2882 et
3612 2825 3737 2876 itm

2218 2923 2536 2996 clariﬁcabo
2569 2925 2748 2993 (Joan.
2798 2942 2902 2992 xu,
2933 2925 3048 2995 28).
3106 2925 3286 2991 Quem
3330 2919 3737 3009 occursumnusqut

2219 3014 2292 3070 ad
2323 3013 2713 3069 visitationem
2747 3013 3012 3087 gentium
3043 3011 3292 3070 extendi,
3311 3007 3556 3084 postulat,

2221 3125 2249 3152 «
2281 3104 2389 3158 Sed
2421 3119 2668 3174 exsurge
2699 3081 2779 3157 inv
2792 3117 3109 3160 occursum
3139 3100 3354 3171 mihi,»
3387 3098 3440 3154 id
3467 3099 3558 3164 est,
3579 3090 3644 3145 fac
3663 3081 3739 3138 illos

2220 3190 2546 3265 intelligere
2594 3191 2666 3247 de
2714 3190 2812 3246 illo
2865 3207 3043 3246 cursu
3091 3206 3274 3264 quem
3322 3185 3502 3255 habui,
3531 3177 3645 3277 quod

2219 3279 2462 3352 aequalis
2491 3280 2618 3335 tibi.
2647 3278 2810 3335 Unde
2840 3278 2922 3334 ait
2946 3295 2958 3334 :
2991 3280 3030 3335 A
3064 3294 3282 3335 summa
3310 3277 3430 3334 caelo
3455 3272 3639 3343 egressio
3658 3272 3739 3332 ιλιιει

2219 3375 2274 3424 et
2302 3385 2556 3426 occ-ursus
2587 3368 2705 3437 ejus
2733 3384 2903 3439 usque
2930 3366 3001 3423 ad
3029 3384 3311 3426 summum
3347 3365 3452 3438 ejus
3491 3355 3621 3431 (Psal.
3642 3360 3738 3441 xui}.

2217 3459 2274 3526 7)
2299 3475 2312 3514 :
2346 3457 2454 3514 hoc
2483 3460 2589 3525 est,
2617 3458 2768 3513 Deus
2788 3460 2958 3512 Pater
2981 3472 3167 3529 super
3195 3471 3392 3512 omnes
3421 3450 3652 3507 creaturas
3670 3449 3740 3506 spl-

2221 3546 2482 3602 rituales.
2527 3569 2556 3596 ‹‹
2589 3547 2656 3601 Et
2684 3545 2834 3601 vide.
2872 3568 2900 3596 »
2932 3550 3011 3599 Ac
3042 3545 3093 3600 si
3128 3545 3284 3601 dicat
3317 3561 3329 3598 :
3374 3545 3434 3598 ut
3459 3535 3664 3628 faciest!)
3685 3535 3741 3577 805

2218 3635 2415 3691 videre
2448 3653 2462 3689 :
2514 3633 2572 3689 id
2605 3638 2714 3701 est,
2747 3639 2812 3689 ut
2850 3634 3092 3690 credant
3127 3649 3220 3690 me
3251 3629 3509 3704 aequalem
3537 3622 3640 3710 tibi.
3692 3698 3701 3710 .

2294 3746 2321 3773 «
2353 3724 2424 3778 Et
2452 3727 2538 3791 tu,
2562 3723 2809 3780 Domine
2831 3727 2984 3780 Deus
3013 3722 3324 3790 virtutum,
3346 3719 3486 3776 Deus
3513 3704 3671 3768 Israel:
3692 3704 3742 3793 ἰιξ·

2222 3813 2393 3884 tende
2423 3813 2493 3868 ad
2526 3812 2847 3868 visitandas
2877 3828 3081 3868 omnes
3111 3815 3314 3884 gentes
3342 3825 3354 3862 :
3387 3821 3489 3862 non
3517 3798 3741 3884 misereat!s

2223 3881 2496 3960 omnibus
2514 3900 2610 3974 qui
2637 3905 2956 3976 operantur
2975 3880 3407 3973 iniquitatem.»
3429 3880 3741 3976 Utcumjutlos

2221 3991 2476 4048 visitatio
2498 3971 2694 4046 divina
2715 3971 2970 4062 respicit,
2995 3971 3129 4046 illos
3152 3985 3542 4061 peccatipccna
3557 3971 3742 4062 constrin-

2221 4085 2339 4154 gat.
2396 4101 2421 4134 α
2449 4084 2514 4134 Et
2545 4085 2632 4145 tu,
2664 4060 2904 4134 Domine
2935 4078 3090 4134 Deus
3119 4060 3416 4139 virtutum,
3445 4092 3470 4122 υ
3514 4066 3560 4122 id
3583 4060 3740 4154 BSt-fu:

2219 4148 2488 4242 igelorum
2538 4173 2594 4224 et
2643 4167 2971 4226 hominum.
3005 4166 3164 4224 Deus
3213 4162 3403 4233 Israel,
3434 4160 3529 4250 hoc
3548 4148 3742 4250 est,

2223 4239 2555 4316 animarum
2587 4256 2910 4312 videntium
2943 4257 3145 4331 Deum.
3181 4253 3436 4312 Christus
3471 4244 3532 4333 ad
3557 4239 3740 4333 Patrth

2226 4369 2254 4398 «
2284 4347 2524 4403 Intende
2555 4347 2626 4401 ad
2657 4330 2977 4406 visitandas
3007 4361 3212 4401 omnes
3232 4345 3442 4417 gentes,
3465 4331 3607 4388 »'non
3623 4318 3740 4380 solum

2221 4435 2281 4492 in
2311 4437 2537 4504 Judzea,
2569 4435 2669 4492 sed
2701 4434 2878 4490 etiam
2900 4439 2966 4490 et
2994 4433 3373 4508 ingentibus.
3604 4501 3630 4511 ﬂ

2297 4549 2324 4576 ‹‹
2357 4496 2783 4582 Convertantur
2804 4525 2873 4580 ad
2901 4496 3233 4596 vesperum,
3256 4525 3311 4578 et
3330 4519 3521 4575 famem
3541 4496 3742 4596 ρεξὶεηίιξ

2223 4619 2288 4673 ut
2334 4631 2591 4670 canes.»
2643 4613 2839 4685 Usque
2894 4613 2966 4669 ad
3001 4590 3246 4676 -φίίῐυω
3292 4608 3417 4701 νίίξθ
3463 4590 3739 4701 ῗΡδλ

2222 4704 2381 4760 verbi
2411 4702 2508 4758 Dei
2541 4681 2855 4776 patientur,
2886 4717 2989 4758 nec
3020 4702 3345 4774 arguuntur
3369 4695 3425 4790 in
3450 4681 3742 4790 ἀξγθτεξδ

2224 4793 2318 4864 lis,
2354 4796 2418 4848 ut
2448 4770 2851 4866 paenitentiam
2881 4770 3139 4864 agerent.
3200 4809 3227 4841 ιι
3255 4788 3320 4844 Et
3349 4770 3723 4866 circuibuutflli‘

2226 4851 2489 4939 tatemf»
2539 4881 2650 4938 Sed
2701 4851 3382 4951 nullamusolemnitatum
3421 4851 3740 4951 jucunditnft-lf1

2226 4988 2292 5027 ac
2314 4970 2733 5027 sacrificiorum
2757 4970 2816 5025 in
2837 4949 2905 5025 ea
2927 4968 3240 5041 reperiunt.
3255 4961 3348 5022 Vel
3372 4959 3437 5016 de
3448 4939 3742 5074 his???

2227 5061 2327 5134 qui
2374 5059 2434 5115 in
2482 5059 2599 5116 ﬁne
2649 5076 2718 5116 ex
2763 5039 3299 5116 Judaaisicredituri
3342 5039 3741 5164 sunt-lnam???

2227 5119 2559 5208 subintroie?
2573 5150 2616 5206 it
2663 5148 2944 5223 plenitudo
2991 5150 3252 5221 gentium,
3287 5148 3410 5199 (uno
3449 5127 3594 5192 omnis
3631 5119 3690 5176 Ιεπ

2226 5241 2412 5295 salvus
2440 5241 2545 5296 erit
2577 5233 2748 5310 (Rom.
2782 5256 2860 5311 x1,
2891 5239 2982 5306 25,
3007 5238 3120 5310 26).
3565 5303 3575 5312 .
3701 5281 3721 5296 ..

2361 5328 2501 5349 τη---
2536 5328 2849 5349 n-___-_.___
2880 5328 2931 5349 ε..
2970 5343 3057 5349 -_-
3096 5343 3193 5349 --η
3223 5341 3234 5349 .
3271 5324 3319 5349 ..ι
3341 5310 3539 5349 ηΙηΛῖιιΕ
3563 5317 3608 5349 in
3632 5289 3742 5349 labi”

2301 5349 2330 5378 ‹‹
2361 5328 2506 5385 Ecce
2536 5328 2851 5400 loquentur
2880 5328 2937 5384 in
2965 5343 3062 5384 ore
3094 5343 3197 5384 suo
3223 5341 3235 5381 :
3268 5324 3323 5382 et
3340 5313 3539 5394 gladius
3533 5317 3608 5435 "tu
3611 5313 3738 5435 diligi:

2538 5417 2728 5435 nn,,,,n
2765 5432 2780 5435 -
2831 5416 2869 5435 ,9
2959 5421 3002 5435 ,ι
3038 5412 3391 5435 2,,,n;-1u-s--
3411 5414 3524 5435 Mum
3585 5434 3590 5435 ,

2222 5401 2450 5475 eorum.
2477 5439 2506 5469 »
2538 5395 2921 5492 Blasphemiae
2951 5421 3003 5473 et
3036 5412 3393 5492 inﬁdelitates
3411 5395 3678 5470 θοιδυωντεη
