3964 6190
189 353 363 421 .1053

1373 340 1870 408 BREVIARIUM
1914 340 2001 404 IN
2040 342 2426 410 PSALMOS.

3453 339 3612 408 10M

193 489 557 562 comparatas
587 488 746 542 sunt.
782 506 810 536 ‹‹
838 483 1124 550 Quoniam
1154 483 1288 556 quis
1318 481 1564 538 audivit.
1602 501 1629 529 »
1649 478 1854 544 jNemo
1884 477 1938 546 Α
1967 479 2024 533 et
2049 481 2525 550 mnrmurabunt,
2563 501 2589 528 »
2623 481 2761 535 Post
2790 475 3137 550 diapsalma,
3180 476 3352 534 iterat
3377 470 3619 533 senten-

203 579 367 638 enim
399 577 710 634 hominum
740 576 1066 644 audit,cum
1091 572 1151 630 hi
1183 589 1217 628 a
1245 571 1492 628 Domino
1519 569 1856 640 irridentur,

205 669 364 728 sicut
393 665 682 739 sequitur.

285 780 312 808 ‹‹
344 757 415 812 Et
444 761 531 823 tu,
566 754 824 823 Domine,
853 753 1152 810 deridebis
1177 769 1295 808 eos.
1332 774 1360 801 »
1393 751 1500 817 Qui
1531 755 1586 806 te
1620 750 1678 805 in
1735 749 1858 805 risu

203 852 266 906 et
294 848 567 918 dcspectu
600 844 835 900 habent.
875 866 894 892 α
943 848 1050 898 Pro
1110 841 1292 897 nihilo
1351 841 1601 897 deduces
1653 854 1858 894 omnes

187 942 433 1012 gentes.
469 957 496 984 ››
529 932 664 990 Illas
693 949 820 1005 quae
853 937 909 988 te
967 931 1353 988 resurrexisse
1410 947 1523 985 non
1585 929 1852 985 credunt.

185 1027 357 1086 ~Nam
387 1023 607 1082 suntin
647 1022 740 1078 his
771 1021 941 1078 multi
997 1022 1339 1078 credentes:
1402 1019 1500 1091 qui
1552 1036 1667 1074 non
1725 1017 1854 1072 irri-

207 1116 422 1172 dentur
452 1114 645 1170 aDeo.
679 1112 801 1182 Vel,
853 1134 880 1160 ‹‹
941 1127 1143 1167 omnes
1192 1114 1467 1181 gentes,»
1516 1107 1615 1180 qui
1673 1107 1854 1179 ligna,

186 1209 268 1262 .et
322 1202 547 1276 lapides
589 1201 954 1258 adorabant:
1018 1198 1196 1256 nullis
1247 1197 1472 1254 meritis
1527 1196 1854 1270 praeceden-

181 1294 388 1365 .tibus,
420 1293 660 1349 adducit
687 1290 822 1348 illos
867 1291 1022 1348 Deus
1071 1289 1144 1344 ad
1203 1287 1667 1361 cognoscendam
1712 1286 1854 1341 veri-

187 1386 408 1440 -tatem.

278 1495 306 1522 ‹‹
332 1470 755 1528 Fortitudinem
774 1485 968 1524 meam
999 1468 1068 1523 ad
1102 1471 1158 1523 te
1187 1465 1535 1531 custodiam.
1569 1484 1594 1515 η
1651 1464 1711 1519 Id
1766 1466 1854 1520 est

203 1576 414 1620 omnes
440 1558 872 1616 virtutesmeas
904 1559 975 1614 ad
1006 1562 1062 1612 te
1091 1556 1440 1624 custodiam,
1473 1571 1588 1610 non
1620 1555 1690 1608 ad
1737 1569 1849 1618 me,

185 1650 310 1712 .sed
333 1650 401 1706 ad
433 1653 488 1705 te
517 1667 529 1716 ;
559 1647 704 1720 quia
731 1663 966 1719 semper
984 1647 1043 1702 in
1077 1645 1222 1718 ipsis
1248 1644 1355 1700 tibi
1384 1643 1587 1700 laudes
1645 1642 1848 1707 refero,

185 1754 324 1795 .non
356 1737 503 1795 meis
533 1737 778 1793 viribus.
813 1736 976 1792 Unde
1007 1734 1223 1791 Paulus
1253 1733 1430 1790 dicit:
1463 1734 1524 1788 Si
1548 1734 1700 1788 enim
1753 1747 1848 1786 ac-

185 1828 414 1900 cepisti,
439 1826 577 1899 quid
602 1827 868 1916 gloriaris
896 1827 1060 1898 quasi
1081 1841 1193 1916 non
1221 1824 1572 1916 acceperis-(1
1600 1822 1719 1878 Cor.
1772 1838 1847 1916 ιν,
1883 1849 1931 1916 Β

185 1918 256 1987 7)
288 1917 319 1972 ?
339 1940 366 1966 «
403 1915 826 1972 Fortitudinem
857 1931 1048 1971 meam
1080 1915 1151 1970 ad
1182 1919 1238 1969 te
1285 1911 1635 1982 custodiam,
1695 1910 1852 1982 quia,

182 2006 380 2076 tDeus,
412 2009 718 2077 susceptor
771 2020 941 2061 meus
987 2021 1070 2060 es.
1123 2028 1144 2055 υ
1211 2003 1632 2059 Fortitudinem
1691 1999 1854 2055 illam

183 2092 712 2160 .custodiam'dicit,
748 2092 886 2164 quia
916 2093 1174 2149 animam
1221 2091 1350 2162 ejus
1399 2106 1570 2146 nemo
1628 2089 1856 2144 auferre

201 2183 420 2256 potuit,
451 2182 579 2254 ipso
609 2181 838 2237 dicente
870 2197 881 2234 :
915 2183 1080 2238 Nemo
1107 2197 1238 2237 eam
1265 2180 1483 2253 auferet
1507 2196 1542 2233 a
1570 2195 1656 2233 me
1689 2195 1707 2230 :
1764 2177 1856 2232 sed

197 2287 302 2343 ego
348 2275 680 2342 potestatem
736 2269 902 2326 habeo
949 2269 1205 2336 tollendi,
1262 2268 1682 2338 resumendique
1732 2282 1856 2321 eam

177 2361 386 2431 (Ioan.
442 2374 501 2424 x,
544 2359 659 2428 .18).
727 2380 754 2410 α
800 2358 955 2414 Deus
1013 2373 1200 2427 meus,
1257 2355 1656 2413 misericordia
1731 2356 1855 2424 ejus

198 2446 523 2520 praeveniet
543 2462 710 2502 me.»
740 2447 1023 2506 Praevenit
1070 2446 1235 2502 illum
1293 2445 1694 2503 misericordia
1747 2448 1856 2499 Pa-

196 2535 365 2592 tris:
408 2551 541 2590 cum
601 2535 766 2607 prius
811 2536 1076 2592 centurio
1125 2553 1260 2592 eum
1315 2536 1497 2592 Deum
1553 2534 1857 2591 confessus

179 2629 318 2692 .cst,
347 2639 524 2696 quem
548 2623 870 2697 videretab
931 2625 1134 2682 inferis
1182 2625 1589 2681 resurrexisse.
1647 2623 1758 2680 Sed
1801 2626 1858 2678 et

195 2712 377 2771 multi
406 2714 800 2786 percutientes
836 2717 1069 2786 pectora
1119 2731 1227 2771 sua
1279 2714 1714 2770 revertebantur
1769 2711 1856 2766 di-

181 2806 404 2868 centes
435 2819 447 2857 :
479 2807 615 2859 Vere
642 2803 818 2858 Filius
846 2803 945 2858 Dei
969 2812 1090 2860 erat
1118 2804 1432 2874 iste(Marc.
1466 2820 1560 2872 xv,
1577 2802 1691 2872 39).

281 2915 306 2940 α
340 2895 492 2947 Deus
523 2891 780 2948 ostendit
810 2891 956 2947 mihi
986 2909 1162 2964 super
1211 2891 1482 2948 inimicos
1541 2907 1726 2954 meos.
1785 2906 1856 2946 ne

181 2980 443 3044 occidas
470 2995 569 3036 eos
605 2996 618 3036 :
651 2982 962 3052 nequando
992 2980 1412 3037 obliviscantur
1441 2981 1640 3053 populi
1668 2980 1804 3034 mei.
1825 3001 1852 3030 η

187 3073 308 3136 --Ut,
339 3068 449 3126 etsi
480 3085 596 3125 non
630 3068 890 3136 credant,
923 3068 1484 3142 tamenintelligant
1538 3085 1673 3126 eum
1730 3085 1858 3124 esse

187 3157 418 3224 Deum,
443 3158 615 3229 juxta
644 3157 787 3212 illud
827 3175 838 3212 :
873 3167 925 3213 et
955 3156 1161 3214 uidebit
1210 3161 1384 3215 omnis
1429 3175 1564 3214 caro
1617 3159 1860 3214 salutare

197 3246 684 3317 Deinostri(Luc.
735 3263 818 3316 ιιι,
877 3246 955 3317 6).
989 3247 1076 3302 Et
1132 3263 1247 3302 non
1306 3247 1534 3304 occidas
1581 3245 1733 3318 illos,
1789 3259 1880 3302 ne'

205 3336 365 3392 forte
395 3334 815 3398 obliviscantur
845 3335 1104 3392 nominis
1162 3337 1268 3391 tui.

285 3446 315 3472 «
347 3423 628 3496 Disperge
660 3440 758 3480 eos
781 3423 841 3478 in
871 3423 1083 3480 virtute
1115 3429 1236 3480 tua.
1274 3447 1301 3474 ››
1333 3425 1459 3481 Noli
1504 3425 1737 3499 penitus
1767 3427 1863 3482 de-

197 3512 340 3572 :lere
367 3511 599 3578 Judeos
636 3529 648 3565 :
683 3512 824 3584 quia
853 3513 1104 3586 populus
1143 3518 1282 3570 tuus
1339 3530 1572 3587 semper
1623 3519 1712 3571 est
1765 3533 1865 3587 ap-

207 3599 625 3675 penatum-sed
648 3600 707 3656 in
738 3605 859 3658 toto
887 3602 1026 3658 orbe
1071 3601 1359 3677 disperge,
1413 3609 1478 3660 ut
1523 3603 1731 3661 saltem
1785 3605 1868 3661 sic

201 3689 537 3759 emendati,
570 3689 870 3763 superbire
899 3690 1207 3760 desistant,
1241 3698 1308 3748 ut
1354 3693 1442 3748 vel
1497 3693 1556 3749 in
1616 3694 1726 3750 hac
1782 3695 1868 3749 di-

209 3778 520 3853 spersione
550 3777 744 3839 scelus
767 3795 942 3836 suum
970 3780 1302 3851 paenitendo
1356 3782 1678 3853 deplorant.
1714 3806 1742 3833 «
1802 3785 1872 3839 Et

202 3871 442 3942 depone
473 3883 592 3940 eos,
624 3873 920 3940 protectur
949 3884 1116 3925 meus
1137 3870 1399 3926 Domine.
1433 3871 1720 3928 Delictum
1751 3873 1871 3930 oris

210 3974 444 4028 eorum,
471 3973 772 4013 sermones
802 3957 1092 4013 labiorum
1116 3959 1397 4030 ipsorum.
1423 3984 1449 4010 ››
1483 3961 1872 4018 Destruantur

212 4047 284 4103 in
314 4045 540 4104 malitia
560 4062 712 4112 sua:
773 4050 1012 4119 propter
1065 4047 1242 4104 verba
1299 4049 1517 4120 quibus
1571 4049 1868 4107 Christum

199 4141 394 4198 :tuum
425 4139 803 4208 negaverunt,
835 4139 893 4191 et
921 4140 1118 4194 tamen
1151 4136 1304 4194 filios
1333 4139 1579 4195 Abrahae
1625 4157 1686 4197 se
1743 4155 1872 4197 esse

203 4224 512 4296 jactitant.
550 4248 572 4274 «ι
606 4224 1190 4296 Comprehendantur
1233 4226 1293 4282 in
1335 4229 1620 4300 superbia
1675 4246 1804 4286 sua.
1841 4252 1870 4278 »

205 4317 477 4380 Hocest,
508 4313 762 4372 humiles
791 4315 954 4376 fiant.

297 4425 325 4453 «
355 4401 425 4458 Et
451 4403 532 4468 de
546 4406 946 4468 exsecratione
966 4407 1024 4459 et
1044 4403 1345 4461 mendacio
1362 4423 1433 4462 an
1443 4423 1517 4462 nu
1527 4406 1873 4464 ntiabuntur

217 4491 285 4547 in
317 4492 848 4558 consummatione,
882 4513 911 4542 »
943 4494 1405 4558 Exsecrabantur
1458 4495 1614 4551 enim
1675 4495 1870 4551 Domi-

202 4596 417 4638 num:

219 4670 436 4738 (lauti.
469 4687 545 4734 vi,
578 4671 653 4737 3).
694 4669 1072 4726 lnnectebant
1111 4671 1502 4742 mendacium,
1549 4688 1682 4729 cum
1737 4689 1871 4728 eum

221 4758 579 4816 daemonium
607 4758 824 4816 habere
856 4759 1088 4830 aiebant
1119 4762 1298 4828 (Joan.
1332 4779 1433 4828 vn,
1473 4764 1584 4830 20).
1626 4785 1646 4810 ι
1695 4763 1755 4817 In
1790 4762 1877 4817 ira

215 4847 769 4916 consummationis,
794 4852 852 4904 et
884 4865 997 4904 non
1029 4854 1221 4906 erunt.
1257 4873 1285 4900 ››
1347 4851 1418 4906 Ut
1473 4869 1587 4907 non
1646 4851 1875 4923 possint

201 4952 590 5011 perseverare
644 4936 705 4994 in
745 4937 983 4996 malitia
1024 4955 1151 5007 sua,
1209 4940 1312 4996 8rd
1361 4940 1418 4995 in
1469 4955 1538 4996 ea
1599 4957 1871 4996 consum-

221 5029 478 5083 mentur.
1597 5042 1600 5046 -

303 5134 327 5163 ι
353 5115 423 5172 Et
444 5115 629 5172 scient
652 5115 790 5188 quia
813 5116 974 5186 Deus
1001 5117 1404 5175 dominabitur
1431 5119 1630 5185 Jacob,
1665 5119 1873 5175 {inium

225 5209 412 5274 terrae.
440 5228 461 5257 ι
497 5204 642 5262 Nam
670 5209 814 5266 sunt
842 5205 1108 5263 nonnulli
1139 5207 1239 5278 qui
1294 5222 1355 5262 se
1403 5207 1753 5264 descendere
1803 5209 1874 5264 ab

225 5294 403 5354 Jacob
431 5311 646 5368 genere
671 5293 1021 5367 gloriantur.
1053 5295 1125 5353 Et
1151 5318 1179 5344 «
1222 5296 1428 5353 ﬁnium
1481 5302 1666 5364 terrae,
1732 5321 1752 5347 ι
1818 5298 1874 5352 id

226 5388 317 5440 est
346 5383 612 5439 omnium
644 5383 928 5456 gentium.

303 5473 769 5541 c-Convertentur
796 5473 867 5529 ad
895 5489 1218 5546 vesperam,
1250 5479 1307 5530 et
1338 5475 1550 5532 famem
1582 5475 1880 5548 patientur

219 5566 292 5624 ,ut
321 5578 517 5634 canes,
549 5566 608 5622 et
628 5561 960 5618 circuibunt
984 5561 1299 5620 civitatem.
1335 5563 1451 5637 Ipsi
1472 5564 1879 5636 dispergentur

221 5652 294 5716 ad
315 5652 806 5722 manducandum
844 5667 858 5707 :
892 5647 942 5708 si
971 5665 1102 5708 vero
1154 5669 1271 5708 non
1326 5652 1542 5712 fuerint
1607 5652 1874 5725 saturati,

1959 567 2495 640 .tiam,quainimici
2525 568 2738 626 famem
2773 566 3070 640 patientur
3097 570 3161 620 ut
3204 581 3416 622 canes:
3477 565 3618 620 dum

1968 655 2114 730 legis
2143 658 2395 714 litteram
2429 674 2562 714 cum
2596 655 3040 714 circumcisione
3070 653 3311 718 carnali,
3343 658 3415 708 et'
3438 653 3617 708 sacri-

1969 746 2100 802 ﬁcia
2131 747 2202 802 de
2235 763 2374 803 nece
2431 747 2726 819 pecudum
2759 746 3211 817 prosequuntur.
3247 743 3359 797 Sed
3392 742 3530 813 quia
3560 741 3619 798 in

1968 835 2435 908 peregrinatione
2466 836 2585 891 haec
2606 834 3034 904 celebrant,nec
3064 831 3136 887 ab
3165 831 3258 886 bis
3281 830 3621 886 reficiuntur

1969 923 2370 995 spiritualiter,
2407 928 2784 980 murmurant
2815 928 3015 978 contra
3041 923 3240 976 Deum.
3290 918 3434 975 Hinc
3488 936 3618 990 pro-

1968 1012 2141 1084 pheta
2171 1013 2482 1069 Dominicza
2507 1012 2849 1085 mysterium
2881 1008 3621 1067 resurrectioniscontuens

1966 1100 2215 1157 exsultat
2245 1106 2302 1158 et
2331 1102 2503 1157 dicit:

2040 1212 2068 1240 «
2098 1191 2215 1264 Ego
2246 1196 2442 1248 autem
2468 1191 2714 1246 cantabo
2747 1189 3148 1246 fortitudinem
3179 1192 3362 1253 tuam,
3425 1183 3620 1242 Domi-

1965 1296 2056 1336 ne.
2096 1303 2115 1329 u
2153 1279 2298 1344 Quia
2347 1279 2538 1334 vicisti
2585 1284 2850 1334 mortem.
2920 1276 3020 1333 Vel
3081 1275 3482 1332 fortitudinem
3533 1274 3620 1328 di-

1962 1369 2225 1425 vinitatis
2259 1386 2270 1425 :
2297 1367 2587 1440 quomodo
2617 1367 2756 1423 vicit
2784 1366 3105 1432 diabolum,
3135 1365 3244 1421 hoc
3275 1363 3618 1436 praedicabo.

1964 1457 2094 1513 «Et
2135 1457 2438 1514 exsultabo
2488 1456 2953 1512 misericordiam
3006 1460 3192 1511 tuam.
3253 1453 3398 1517 Quia
3469 1451 3620 1508 dilu-

1959 1545 2093 1601 culo
2125 1546 2396 1602 surrexit.
2430 1546 2604 1614 Mane,
2640 1546 2748 1600 hoc
2779 1549 2888 1612 est,
2941 1545 3176 1615 quando
3225 1541 3506 1598 convertit
3563 1540 3620 1594 in

1953 1635 2282 1706 juventute.
2317 1635 2418 1690 Vel
2449 1651 2627 1700 mane,
2661 1633 2897 1689 initium
2945 1632 3076 1688 ﬁdei
3133 1630 3428 1687 catholicae
3462 1647 3474 1684 :
3534 1627 3622 1684 vel

1959 1740 2147 1791 mane,
2180 1729 2245 1780 ut
2274 1724 2419 1792 dixi,
2450 1722 2959 1779 resurrectionem.

2039 1834 2065 1864 α
2097 1813 2243 1878 Quia
2274 1813 2464 1869 factus
2518 1829 2581 1868 es
2641 1815 2944 1883 susceptor
3001 1825 3170 1865 meus
3225 1811 3283 1863 et
3329 1805 3622 1878 refugium

1966 1917 2163 1958 meum
2195 1901 2253 1956 in
2285 1901 2376 1957 die
2406 1901 2804 1957 tribulationis
2873 1915 3035 1954 meae.
3076 1921 3095 1945 ι
3156 1893 3474 1968 Suscepisti
3532 1909 3625 1949 me

1965 1991 2319 2062 protectione
2349 1989 2605 2062 praesidii
2639 1989 2746 2059 tui,
2781 2004 2852 2044 ne
2901 2004 3032 2043 cum
3091 1985 3184 2041 his
3239 1984 3620 2055 conjungere-

1965 2083 2064 2135 tur
2095 2077 2454 2134 conscientia
2477 2095 2624 2134 mea.

2038 2191 2065 2217 ‹‹
2101 2168 2346 2236 Adjutor
2362 2183 2550 2234 meus,
2603 2166 2709 2222 tibi
2740 2165 3024 2238 psallam:
3062 2163 3220 2236 quia,
3250 2162 3425 2228 Deus,
3487 2177 3622 2216 sus-

1966 2261 2165 2329 ceptor
2194 2272 2360 2312 meus
2391 2273 2486 2312 es:
2519 2256 2672 2312 Deus
2718 2272 2906 2323 meus,
2953 2251 3355 2309 misericordia
3409 2265 3557 2306 mea.
3595 2271 3623 2298 »

1968 2346 2085 2417 Ipsi
2112 2362 2175 2402 se
2196 2345 2441 2401 Domino
2491 2344 2774 2417 propheta
2832 2342 3140 2415 pollicetur
3187 2340 3414 2412 jugiter
3470 2336 3625 2421 psal:

1953 2434 2102 2510 _lere,
2139 2436 2309 2506 cujus
2331 2450 2437 2505 ope
2466 2434 2704 2505 adjutus
2763 2437 2938 2504 atque
2994 2434 3302 2502 susceptus
3349 2432 3456 2484 est.
3517 2428 3624 2492 Qul

1966 2528 2023 2579 et
2051 2523 2223 2579 nobis
2254 2527 2530 2596 praestare
2559 2522 2855 2596 dignetur,
2883 2525 2947 2576 ut
2973 2518 3266 2591 adjutorio
3316 2517 3444 2588 ejus
3494 2532 3624 2571 mu-

1966 2612 2096 2682 niti,
2129 2611 2528 2668 misericordia
2559 2611 2768 2682 adjuti,
2811 2608 3235 2666 resurrectione
3290 2601 3623 2679 glorificati,

1965 2716 2297 2758 mereamur
2336 2701 2394 2756 in
2424 2699 2678 2756 Ecclesia
2709 2704 2912 2756 sancta
2939 2697 3290 2766 laudesejus
3339 2695 3624 2750 immacu-

1944 2787 2101 2847 ‘latis
2131 2789 2407 2846 sensibus
2438 2788 2713 2846 exaltare.
2748 2793 2954 2843 Amen.

2539 2911 2865 2968 PSALMUS
2915 2909 3052 2966 LIX.

1965 3005 2028 3059 In
2052 3005 2238 3075 ﬁnem,
2261 3019 2358 3074 pro
2407 3003 2493 3057 his
2517 3002 2645 3075 iqui
2668 2997 3168 3075 committebantur
3220 2997 3277 3051 in
3329 2993 3481 3050 tituli
3507 2994 3628 3049 λη·-

2039 3069 2324 3157 seiptiorie,
2357 3075 2466 3144 ipsi
2511 3069 2713 3157 David-
2736 3073 2808 3153 in_
2855 3069 3180 3157 doctrinam,
3238 3083 3360 3157 cum
3388 3080 3630 3157 ι,ςιμιιςεηῖ

2042 3137 2128 3201 dif
2178 3137 2624 3216 Mesopotamiam
2673 3145 2860 3216 Syria:
2916 3149 2982 3216 et
3031 3141 3255 3216 Syriam
3293 3137 3534 3216 ﬁobql,“
3576 3144 3630 3191 et

1889 3217 1933 3284 C
2045 3207 2491 3282 convertit'Joab,
2523 3225 2573 3270 et
2596 3207 2876 3340 permissi!
2907 3207 3082 3268 Edoni
3104 3213 3160 3266 in
3217 3210 3358 3265 valle
3417 3207 3632 3264 Salina-

2046 3306 2169 3340 ram
2197 3288 2478 3340 duodecim
2509 3287 2718 3340 milia.
2771 3285 3060 3340 Quaeritur
3115 3281 3212 3338 ubi
3271 3282 3391 3337 haec
3449 3280 3631 3334 histo-

2046 3306 2169 3343 ram
2197 3280 2484 3344 duodecim
2509 3280 2718 3341 millia.
2771 3285 3060 3349 Quaeritur
3115 3281 3212 3338 ubi
3271 3282 3391 3337 haec
3449 3280 3631 3334 histo-

2047 3361 2132 3415 ria
2155 3360 2373 3430 seripta
2418 3360 2527 3430 sit.
2556 3359 2665 3430 _ln_
2707 3357 3042 3430 Regnorum
3100 3354 3289 3430 libris,
3347 3369 3487 3430 qpae_

2048 3420 2895 3500 manifestissimelegiturvUI
2946 3429 3069 3497 Reg.
3131 3443 3188 3492 x,
3244 3420 3628 3500 7)._'Sed_ibi

2090 3521 2151 3559 ro
2183 3503 2326 3558 valle
2357 3493 2686 3556 Salinarum
2735 3493 2876 3554 LXX
2933 3493 3289 3569 Interpretes
3337 3495 3467 3569 ipsa
3521 3493 3628 3569 IIe-

2090 3522 2151 3559 I‘O
2183 3522 2326 3558 valle
2357 3522 2686 3556 cannarum
2735 3522 2876 3554 LAA
2933 3522 3289 3569 unurpruwa
3338 3522 3467 3566 ipsa
3521 3522 3627 3550 uo-

2048 3522 2203 3630 Braaa
2257 3573 2435 3628 verba
2491 3576 3125 3644 posueruntcsaiauu.
3166 3565 3463 3644 Δδεξᾴ-(ιιιὶιξ,
3539 3564 3627 3619 in-

2050 3647 2433 3717 terpretatum
2457 3636 2571 3717 non
2629 3647 2737 3712 est,
2799 3641 3022 3717 abhis
3079 3636 3630 3717 quiilebrmiferj

2050 3707 2243 3773 monis
2309 3732 2424 3772 non
2482 3707 3034 3780 habent'notitiam,
3096 3707 3260 3784 _quid
3341 3707 3634 3782 signiticet

2049 3789 2368 3861 ignoratur.

2057 3900 2077 3929 ι
2117 3879 2266 3932 Deus
2297 3875 2560 3948 repulisti
2593 3892 2699 3931 nos
2718 3878 2774 3930 et
2812 3872 3150 3930 destruxisti
3177 3888 3301 3928 nos.
3327 3893 3356 3920 »
3379 3869 3634 3925 Pertinet

1981 3968 2052 4022 ad
2085 3966 2364 4039 populum
2395 3965 2730 4020 Judaicum.
2763 3964 3004 4028 Quando
3043 3961 3208 4017 illum
3265 3957 3636 4029 permittebat

1983 4057 2133 4112 Deus
2163 4053 2426 4111 lribulari
2460 4054 2666 4125 :quasi
2697 4058 2836 4107 tunc
2857 4051 3162 4106 videbatur
3210 4047 3507 4120 repellere.
3565 4047 3637 4101 Et

1983 4145 2154 4202 modo
2236 4143 2554 4199 Ecclesiam
2631 4142 2860 4197 videtur
2927 4138 3203 4210 repellere
3253 4136 3489 4208 quando
3561 4133 3635 4189 il-

1981 4233 2100 4288 lam
2159 4231 2444 4304 permittit
2487 4230 2698 4286 tentari
2758 4245 2858 4300 per
2951 4225 3411 4283 tribulationem.
3489 4224 3634 4281 Nam

1982 4321 2152 4377 aliter
2193 4337 2308 4375 non
2369 4318 2642 4389 repellit:
2707 4317 2846 4387 quia
2887 4315 3033 4370 dixit
3086 4318 3327 4370 sanctus
3380 4311 3634 4370 Paulus:

1980 4411 2096 4465 Non
2151 4406 2375 4479 repellit
2428 4409 2567 4462 Deus
2606 4405 2822 4477 plebem
2874 4420 3050 4471 suam,
3118 4419 3282 4478 quam
3359 4401 3637 4473 praesciuit

1983 4499 2157 4570 (Rom.
2184 4514 2264 4561 ιιι,
2296 4497 2372 4565 2).
2406 4495 2570 4550 Unde
2602 4500 2660 4550 et
2690 4510 2797 4549 vox
2825 4494 2896 4548 ad
2927 4492 3241 4548 Jeremiam
3291 4489 3638 4560 Prophetam

496 4597 628 4636 cum
687 4597 822 4636 eum
874 4580 1063 4637 ﬁlium
1115 4581 1329 4654 Joseph
1389 4584 1536 4638 fabri
1597 4584 1954 4652 .dicebantD
1984 4585 2100 4642 ait:
2139 4585 2302 4652 Vade,
2339 4593 2389 4640 et
2424 4584 2658 4650 destrue,
2693 4587 2743 4639 et
2798 4582 3026 4654 dissipa,
3069 4585 3122 4635 et
3176 4580 3360 4646 evelle,
3393 4582 3448 4633 et
3501 4577 3642 4634 aedi-

1978 4675 2088 4746 ﬁca
2116 4678 2343 4742 (Jerem.
2381 4691 2416 4741 1,
2454 4673 2560 4744 10).
2618 4678 2699 4727 Ac
2747 4671 2796 4728 si
2853 4671 3142 4740 dixisset:
3203 4669 3446 4725 Destrue
3502 4665 3641 4720 vitia

1983 4769 2039 4820 et
2086 4768 2342 4836 peccata,
2403 4769 2458 4818 et
2521 4761 2745 4817 aediﬁca
2799 4761 3065 4816 virtutes.
3113 4757 3356 4831 Repellit
3407 4772 3512 4811 nos
3569 4772 3637 4810 ac

1982 4852 2252 4922 destruit,
2287 4868 2418 4908 cum
2452 4867 2782 4923 peccamus.
2806 4850 3115 4906 Miseretur
3142 4853 3199 4902 et
3228 4846 3474 4903 aediﬁcat
3501 4861 3637 4900 cum

1983 4943 2055 4998 ad
2104 4959 2237 4998 eum
2298 4941 2630 5014 pcenitendo
2687 4939 3052 4994 revertimur.
3115 4961 3142 4986 «
3199 4939 3386 4991 Iratus
3440 4951 3523 5000 es,
3584 4939 3640 4989 et

1983 5031 2261 5088 misertus
2293 5046 2355 5086 es
2387 5029 2577 5086 nobis.
2610 5051 2637 5079 ››
2670 5027 2759 5082 Ira
2791 5028 2887 5081 Dei
2912 5028 3078 5097 justa
3105 5024 3359 5080 vindicta
3401 5023 3634 5078 dicitur.

2060 5143 2082 5169 ι
2110 5119 2484 5177 Commovisti
2513 5122 2750 5173 terram.
2788 5139 2815 5166 ››
2849 5115 3117 5188 Corporis
3143 5113 3344 5186 utique
3402 5112 3584 5168 nostri
3623 5129 3634 5166 :

1986 5231 2013 5258 «
2047 5209 2117 5265 Et
2143 5208 2506 5264 conturbasti
2537 5223 2686 5262 eam.
2725 5228 2751 5254 »
2783 5206 2925 5261 Cum
2988 5202 3238 5260 tribulos
3296 5201 3639 5275 produceret

1985 5303 2043 5353 et
2072 5298 2292 5368 spinas.
2319 5320 2346 5347 ι(
2375 5297 2531 5353 Sana
2561 5293 2940 5351 contritiones
2974 5295 3119 5362 (jus,
3153 5291 3294 5364 quia
3348 5294 3640 5347 commota

1985 5391 2092 5442 est.
2132 5410 2152 5434 ι»
2189 5386 2345 5442 Mota
2371 5391 2462 5442 est
2491 5385 2649 5442 enim
2683 5403 2716 5440 a
2748 5383 2974 5439 militiis
3003 5400 3013 5435 :
3055 5388 3116 5437 ut
3175 5383 3431 5438 fructum
3477 5378 3638 5435 exhi-

1984 5475 2120 5531 beat
2151 5475 2502 5531 sanctitatis.

2059 5563 2430 5620 «Ostendisti
2462 5561 2677 5636 populo
2734 5565 2836 5616 tuo
2893 5561 3059 5617 dura.
3123 5565 3193 5616 Ut
3247 5567 3305 5617 te
3361 5558 3638 5616 attentius

1987 5658 2289 5725 quaereret.
2325 5654 2566 5724 Castigas
2596 5653 2743 5709 enim
2788 5666 3008 5710 omnem
3054 5651 3235 5720 ﬁlium
3293 5665 3454 5721 quem
3509 5647 3640 5703 reei-
