3964 6190
492 338 646 406 1055
1983 353 2057 416 Al

2194 353 2409 417 NDIX.
3646 364 3754 429 l058

482 477 574 547 pis
603 475 785 548 (Hebr.
816 494 918 571 x11,
950 478 1027 571 6).
1065 501 1094 531 «
1123 479 1443 541 Ostendisti
1488 486 1702 559 populo
1758 492 1860 545 tuo
1910 489 2078 557 dura,
2113 512 2139 540 »
2172 488 2229 556 Α
2256 490 2608 548 exardescent
2662 491 2829 565 mata,
2884 508 3001 564 qua
3043 493 3170 549 sunt
3223 508 3374 565 super
3422 499 3588 552 terram
3648 499 3754 571 (ibid.

487 565 596 621 hoc
621 572 708 623 est
735 567 1192 628 tribulationem.
1216 573 1379 630 Unde
1411 581 1650 633 sanctus
1698 578 1912 635 Paulus
1960 580 2140 636 dicit:
2256 580 2344 652 14)
2376 595 2390 634 :
2423 581 2480 635 id
2508 585 2617 649 est,
2652 581 3060 638 tribulationes
3090 580 3372 638 veniunta
3421 584 3604 642 diabolo
3644 565 3757 661 super

487 655 594 724 Qui
620 660 810 712 volunt
834 660 924 729 pie
953 661 1131 715 vivere
1172 664 1229 717 in
1289 663 1502 721 Christo
1553 672 1988 738 persecutionem
2039 688 2140 742 pa-
2250 674 2487 740 terram,
2520 688 2651 742 quae
2679 675 2769 728 est
2797 671 3071 739 Ecclesia,
3105 670 3255 727 sicut
3284 670 3475 729 Paulus
3507 673 3642 730 dicit:
3685 655 3755 733 iri-

489 744 695 800 tientur
721 748 801 813 (II
829 748 970 802 Tim.
1002 765 1084 815 ιιι,
1121 751 1230 818 12).
1286 775 1312 802 ‹‹
1355 756 1573 811 Potasti
1636 774 1741 813 nos
1794 758 1926 815 vino
1984 777 2139 815 com-
2254 759 2458 815 bulatio
2487 762 2816 832 patientiam
2845 770 3147 832 operatur:
3189 762 3446 833 patientia
3486 766 3629 819 eidem
3670 783 3757 837 pro-

484 833 838 905 punctionis.
868 859 890 888 ι
924 836 994 892 Ut
1024 840 1252 896 confusi
1272 840 1333 897 in
1364 842 1739 914 facinoribus,
1771 849 2142 921 compunctio
2252 850 2526 906 bationem
2555 869 2575 906 :
2603 852 2853 922 probatio
2882 867 3007 906 vero
3031 867 3183 923 spem
3211 868 3228 904 :
3265 866 3376 923 spes
3410 867 3516 907 vero
3558 868 3638 907 non
3676 870 3757 909 con-

486 921 661 1011 sitqad
695 926 751 978 te
782 927 1125 982 revertendi.
1160 928 1267 985 Per
1294 930 1516 1004 vinum,
1549 934 1640 990 lex
1673 936 1868 1008 populi
1902 937 2001 993 Dei
2060 938 2143 994 in-
2248 938 2530 1009 funditur,
2562 921 2696 1011 quia
2724 940 2969 996 charitas
2998 921 3095 994 Dei
3143 921 3340 1011 diffusa
3378 943 3449 995 est
3497 942 3546 994 in
3594 942 3757 997 cordibus

484 1009 790 1081 telligitur,
824 1016 879 1068 et
911 1014 1036 1085 ipsa
1067 1021 1439 1089 compunctio
1469 1024 1657 1095 gratia
1685 1026 1785 1082 Dei
1817 1032 1926 1083 est.
2248 1030 2480 1096 nostris,
2509 1009 2615 1100 per
2632 1028 2905 1101 Spiritum
2961 1009 3229 1085 sanciunt
3257 1029 3347 1100 qui
3394 1028 3532 1083 datus
3572 1038 3630 1085 est
3663 1031 3757 1087 nobis

558 1123 585 1150 (ι
612 1100 831 1156 Dedisti
866 1106 1265 1163 metuentibus
1294 1113 1350 1164 te
1390 1110 1899 1187 signiﬁcationem,
1935 1121 1999 1171 ut
2059 1118 2144 1172 t'u-
2251 1118 2422 1188 (Rom.
2448 1135 2502 1188 ν,
2534 1118 2668 1190 3-5).

487 1189 653 1262 giant
683 1208 716 1245 a
748 1191 891 1247 facie
922 1200 1185 1265 arcus,ut
1213 1196 1535 1256 liberentur
1565 1203 1759 1259 dilecti
1793 1206 1902 1261 tui.
1936 1229 1965 1255 »
1994 1208 2139 1261 Praa-
2325 1228 2354 1257 «
2383 1211 2447 1261 In
2478 1189 2794 1263 Idumaeam
2817 1207 3130 1263 extendam
3150 1206 3569 1262 οᾶιῦθᾶωθηῑυω
3592 1224 3756 1262 meum)

482 1276 663 1368 buisti
694 1278 1199 1354 haptismum,quo
1231 1285 1437 1355 abluti,
1470 1290 1803 1361 fugeremus
1863 1312 1895 1349 τι
1946 1295 2142 1349 futura
2250 1296 2447 1368 Usque
2478 1297 2537 1351 in
2570 1296 2867 1368 regionem
2894 1296 3070 1366 Esau,
3103 1294 3477 1367 apostolorum
3505 1296 3643 1368 pedes
3673 1297 3758 1351 diri-

485 1363 572 1420 ira
605 1383 745 1438 :per
767 1370 920 1435 quod
972 1388 1085 1426 non
1146 1375 1337 1430 solum
1407 1384 1758 1448 peccatores,
1809 1384 1910 1437 sed
1963 1385 2138 1439 etiam
2248 1386 2470 1459 gendos
2501 1402 2630 1441 esse
2660 1384 3005 1458 pronuntiat
3038 1402 3051 1440 :
3084 1385 3225 1457 quia
3252 1385 3311 1440 in
3340 1383 3758 1457 calceamentis)»

484 1453 677 1509 dilecti
708 1456 1153 1516 tuiliberantur.
1180 1485 1208 1512 «
1241 1464 1477 1521 Salvum
1532 1470 1621 1523 tac
1679 1471 1913 1527 dextera
1960 1477 2080 1529 tua.
2108 1494 2135 1523 ››
2248 1453 2351 1530 des
2387 1491 2399 1528 :
2434 1474 2492 1529 in
2521 1453 2767 1546 pedibus
2796 1491 2930 1530 vero
2961 1453 3203 1546 gressus
3231 1472 3508 1547 apostolici
3532 1453 3755 1546 intelligun-

482 1542 711 1637 Christo
747 1550 867 1614 tuo,
921 1549 1021 1621 qui
1081 1555 1169 1607 est
1226 1553 1387 1611 salus
1446 1561 1665 1613 nostra.
1726 1583 1753 1609 ‹‹
1802 1561 1870 1615 Et
1929 1561 2138 1617 exaudi
2247 1567 2363 1633 tur,
2390 1542 2564 1635 juxta
2592 1562 2738 1619 illud
2774 1580 2785 1619 :
2822 1542 2994 1632 Quam
3039 1542 3285 1637 speciosi.
3310 1563 3460 1635 pedes
3491 1542 3755 1633 evangeliis»

481 1648 594 1688 me.
629 1630 839 1691 n‘Cum
869 1640 924 1693 te
977 1639 1339 1698 invocavero.
1391 1645 1635 1703 Dextera
1683 1648 1893 1719 Patris,
1953 1651 2136 1707 Filius
2244 1630 2411 1707 tium-
2433 1669 2648 1724 pacem,
2697 1630 3212 1726 evanqetizantium
3267 1630 3398 1709 bona
3439 1630 3630 1716 (Nattam
3660 1668 3686 1715 ι.
3718 1653 3754 1715 5;

480 1725 645 1777 cst.«
696 1723 933 1811 Salvum
969 1727 1074 1783 fac.
1124 1752 1154 1779 n
1212 1731 1287 1788 De
1339 1732 1456 1790 illis
1503 1735 1645 1791 dicit
1699 1737 1800 1809 qui
1868 1739 2132 1795 salvandi
2247 1743 2394 1798 Rom.
2436 1723 2513 1808 7x,
2568 1742 2698 1815 15)!
2763 1723 3021 1798 Idumea
3094 1742 3506 1814 interpretatur,
3564 1741 3754 1812 sanguine

482 1816 673 1882 erunt,
707 1806 941 1884 quando
970 1816 1153 1874 Filius
1174 1823 1313 1877 tuus
1338 1823 1527 1880 mittet
1576 1842 1669 1881 me
1718 1806 1777 1882 in
1837 1828 2134 1886 dexteram
2166 1863 2213 1929 Β
2244 1829 2363 1886 sive
2390 1806 2743 1887 terrenasAc
2774 1829 2823 1886 si
2853 1831 3010 1887 dicat
3043 1849 3057 1888 :
3094 1832 3158 1886 In
3189 1830 3333 1887 istos
3384 1827 3515 1886 tales
3559 1828 3754 1885 ostendam

482 1901 639 1929 ιηηη.
675 1899 730 1929 ζ...
763 1902 852 1929 ,δελ
885 1905 1082 1929 :.-.‘I.'-_':
1142 1908 1217 1929 TY,_
1242 1910 1295 1929 ,ιι
1333 1911 1345 1922 ο
1454 1912 1491 1929 1-
1561 1914 1576 1929 ι
1761 1917 1798 1929 ι..
1842 1918 1876 1929 -.
1994 1920 2026 1929 .-
2316 1919 2329 1929 .
2586 1924 2594 1929 .
2994 1921 3004 1929 .
3030 1920 3046 1929 .
3152 1923 3162 1929 .
3550 1918 3560 1929 .
3674 1914 3753 1929 ...πο

479 1901 642 1955 tuam
675 1899 733 1956 in
762 1902 854 1959 die
876 1905 1106 1973 judicii.
1142 1908 1303 1967 Unde
1330 1911 1389 1967 in
1417 1912 1531 1970 alio
1561 1914 1687 1971 loco
1745 1917 1884 1973 dicit
1916 1934 1928 1973 :
1987 1920 2133 1975 Dew-
2167 1899 2213 1929 υ
2245 1919 2707 1975 calceamentum
2739 1937 2958 1988 meum,
2990 1920 3049 1976 id
3079 1923 3190 1988 est,
3214 1935 3341 1976 mea
3366 1918 3605 1990 exempla.
3628 1940 3647 1964 α
3674 1914 3754 1971 Mihi

478 1995 599 2044 tera
627 1990 853 2048 Domini
875 1997 1005 2065 fecit
1034 1998 1290 2055 virtutem
1321 2002 1489 2072 (Psat.
1523 2021 1716 2061 cxvm.
1764 2008 1872 2078 16).
2247 2008 2586 2081 alienigenas
2635 2008 2859 2064 subditi
2914 2012 3075 2065 sunt.
3165 2032 3187 2059 ι
3256 2010 3572 2079 Alienigena,
3620 2005 3659 2060 id
3706 2008 3755 2058 θεῒ

555 2100 582 2127 (ι
616 2083 767 2137 Deus
797 2081 1028 2140 locutus
1076 2093 1165 2143 est
1219 2088 1279 2143 in
1335 2096 1534 2149 sancto
1593 2111 1721 2151 suo.
1782 2117 1810 2145 »
1868 2097 2037 2153 Pater
2076 2098 2135 2153 in
2246 2102 2468 2171 gentes,
2500 2098 2747 2155 subdita:
2780 2103 2921 2154 sunt
2949 2097 3240 2155 Ecclesiae.
3268 2099 3328 2153 In
3359 2095 3642 2169 Allophylis,
3677 2092 3755 2148 alie-

479 2165 596 2222 Deo
627 2167 885 2236 homine,
913 2173 985 2229 de
1017 2192 1131 2246 quo
1153 2177 1383 2233 Gabriel
1415 2180 1486 2234 ad
1520 2181 1761 2238 Mariam
1811 2184 1891 2240 ait
1918 2203 1931 2241 :
1989 2187 2140 2253 Quod
2247 2165 2458 2244 narum
2485 2189 2748 2261 gentium
2781 2188 3099 2260 pravitates
3130 2177 3397 2251 ostendit,
3425 2165 3688 2258 quietusque
3714 2180 3755 2234 ad

478 2262 739 2312 nascetur
765 2276 835 2314 ea:
854 2269 907 2316 te
935 2271 1211 2331 sanctum,
1260 2268 1543 2324 vocabitur
1597 2272 1772 2328 Filius
1830 2275 1924 2330 Dei
1981 2276 2135 2345 (Luc.
2247 2278 2557 2333 adventum
2585 2276 2821 2342 Christi,
2855 2276 2916 2331 in
2968 2276 3314 2349 ignorantiae
3368 2274 3586 2331 tenebris
3626 2269 3755 2326 reside-

481 2345 533 2431 t,
566 2346 678 2416 35).
712 2348 813 2402 Vel
846 2352 908 2404 ut
938 2356 1177 2408 sanctus
1207 2354 1424 2411 Paulus
1472 2359 1614 2414 dicit
1647 2376 1659 2413 :
1720 2362 1860 2418 Deus
1914 2367 2031 2419 erat
2077 2366 2137 2419 in
2247 2366 2407 2422 bant.
2440 2367 2608 2422 Nunc
2631 2369 2828 2421 autem
2858 2345 3134 2430 subditae,
3183 2365 3237 2420 id
3287 2369 3390 2431 est,
3435 2360 3667 2419 humiliter
3699 2372 3753 2411 In-

486 2429 717 2527 CI-iristo,
745 2439 1013 2527 mundum
1043 2444 1403 2499 reconcilians
1452 2448 1564 2502 sibi
1611 2449 1685 2521 (II
1732 2450 1856 2507 Cor.
1916 2470 1971 2520 ν,
2020 2454 2134 2525 19)-
2246 2455 2566 2512 scultantes
2604 2454 2994 2527 prophetiam,
3022 2471 3153 2527 qum
3196 2429 3476 2510 Christum
3527 2443 3753 2507 annuntiat:

480 2540 509 2617 ξ(
532 2520 794 2617 Laetabor
821 2528 878 2580 et
897 2525 1152 2584 dividam
1185 2530 1496 2601 Sicemam,
1529 2540 1586 2592 et
1640 2539 1959 2596 convallem
2019 2520 2133 2598 Τά-
2244 2562 2348 2617 per
2363 2545 2537 2601 ﬁdem
2570 2520 2761 2611 suam,
2795 2520 2988 2600 lucem
3016 2520 3220 2600 vident
3246 2557 3519 2616 magnam.

482 2608 934 2670 bernaculorum
967 2617 1232 2675 metibor.
1263 2642 1292 2670 »
1323 2623 1569 2687 Quidam
1592 2626 1877 2686 Sicemam
1933 2635 2132 2688 Sama-
2244 2608 2264 2617 -
2316 2655 2345 2683 ‹‹
2378 2633 2518 2699 Quis
2568 2633 2815 2689 deducet
2861 2649 2955 2688 me
3015 2632 3077 2688 in
3136 2632 3420 2689 civitatem
3463 2623 3752 2686 munitam?-

478 2698 626 2808 riam
686 2706 935 2808 putant:
982 2707 1300 2766 convallem
1362 2729 1496 2768 vero
1571 2716 2139 2808 Tabernaculorum’
2243 2698 2510 2778 Christus
2540 2721 2826 2778 Dominus
2868 2722 2968 2794 qui
3011 2723 3222 2779 avertit
3275 2720 3592 2808 impietatem
3625 2711 3757 2808 alii"

475 2786 625 2843 hanc
688 2789 1109 2852 habitationem
1159 2802 1470 2858 terrenam.
1533 2804 1679 2877 Ergo
1736 2824 1869 2862 cum
1914 2786 2139 2866 veneri;
2243 2811 2388 2866 cob:
2450 2810 2575 2883 ipse
2622 2810 2869 2866 deducet
2923 2827 3032 2867 nos
3083 2810 3145 2866 in
3188 2810 3466 2869 civitatem
3504 2801 3752 2864 Jerusalem:

474 2877 757 2936 Dominus
803 2881 862 2937 in
922 2882 1516 2961 lmtitia‘splendoris
1600 2896 1798 2950 aeterni
1865 2898 2135 2969 judicare
2240 2889 2307 2955 in
2349 2877 2696 2971 qua-sancti
2747 2898 3008 2954 divinam
3062 2900 3436 2956 circumstant
3485 2894 3754 2965 majestatem.

477 2969 1014 3035 mundumdividet
1044 2975 1369 3034 Samariam
1404 2994 1417 3034 ε
1452 2998 1519 3037 ac
1548 2983 1868 3040 convallem
1925 2988 2136 3045 Taber-
2240 2969 2460 3056 Vel,'i-n
2487 2989 2765 3044 civitatem
2791 2989 3090 3056 munitam,
3136 2989 3245 3044 hoc
3299 2992 3384 3044 est
3433 2987 3485 3041 in
3526 2978 3753 3040 Ecclesium.

478 3057 822 3149 naculorum
854 3060 1212 3122 dimetirtur.
1235 3068 1399 3125 Tunc
1431 3069 1604 3127 aliam
1637 3078 1862 3145 partem
1898 3077 1970 3132 ad
2003 3077 2139 3133 bea-
2242 3094 2369 3149 quae
2402 3077 2630 3132 munita
2648 3080 2739 3133 est
2769 3092 2871 3149 per
2899 3076 3100 3134 fidem.
3135 3081 3270 3144 Aut,
3301 3100 3329 3127 ‹‹
3360 3075 3486 3143 Quis
3512 3069 3754 3128 deducetme

473 3144 787 3240 titudinem
818 3153 1162 3240 transferet:
1213 3154 1389 3213 aliam
1441 3176 1574 3216 vero
1628 3144 1807 3233 quam
1848 3162 2131 3235 injustam
2170 3232 2204 3240 _
2241 3144 2429 3238 usque
2457 3165 2518 3221 in
2551 3144 2909 3221 Idumaeam?
2936 3188 2965 3217 »
2998 3166 3105 3224 Ille
3136 3167 3237 3240 qui
3264 3181 3324 3223 se
3358 3161 3589 3238 superius
3620 3153 3755 3212 calcet-

476 3232 746 3305 reperiet,
775 3252 908 3292 cum
942 3237 1279 3300 inﬁdelibus
1311 3246 1532 3316 puniet.
1907 3232 1924 3235 ﬁ
2162 3232 2204 3299 α
2242 3232 2441 3310 menta
2469 3255 2775 3311 extendere
2838 3232 3202 3328 repromisit,
3254 3255 3373 3329 ipse
3423 3232 3570 3342 etiam
3598 3241 3754 3342 ριτζῐξῖξθζ

554 3325 770 3417 u-Meus
800 3331 918 3417 est
951 3327 1189 3399 Galaad,
1234 3336 1292 3388 et
1347 3351 1515 3391 meus
1567 3340 1656 3393 est
1703 3338 2023 3410 Manasses,
2076 3347 2134 3399 et
2240 3342 2405 3415 tiam,
2465 3343 2524 3398 id
2578 3348 2685 3411 est,
2737 3325 3208 3416 praedicationem
3266 3325 3613 3417 prophetiam
3653 3325 3754 3398 dirigi

477 3411 757 3505 Ephraim
789 3415 1070 3474 fortitudo
1101 3421 1310 3492 capitis
1340 3424 1476 3479 mei.
1511 3448 1539 3474 ››
1572 3426 1637 3482 In
1695 3427 1911 3485 Galaad
1958 3433 2132 3503 atque
2233 3411 2409 3505 jubet
2438 3432 2498 3488 in
2529 3448 2679 3488 eam.

477 3503 983 3609 bianaspepotum
1016 3508 1126 3564 sibi
1158 3511 1489 3582 subjectum
1540 3515 1759 3572 indicat
1818 3521 2127 3577 mundum.
2238 3503 2250 3505 Ὗ
2315 3543 2342 3572 ‹‹
2372 3521 2573 3577 Nonne
2595 3525 2680 3591 tu,
2713 3521 2891 3587 Deus,
2920 3521 3025 3594 qui
3056 3521 3324 3595 repulisti
3360 3518 3496 3577 nos?
3535 3517 3592 3571 Ut
3631 3506 3757 3609 proba:

479 3587 541 3643 In
572 3588 847 3686 prra'im
879 3609 1011 3649 vero
1040 3594 1240 3686 pepuli
1282 3599 1464 3656 futuri
1499 3619 1511 3657 :
1566 3603 1622 3660 id
1680 3610 1790 3676 est,
1856 3607 2127 3664 Ecclesiae
2238 3614 2329 3667 tos
2361 3587 2726 3681 agnosceres.
2752 3587 3041 3683 Repulisti,
3093 3587 3327 3685 propter
3367 3598 3754 3686 transgressiones)

478 3680 892 3777 congreganda;
925 3684 1179 3753 speciem
1202 3687 1397 3760 signat
1429 3708 1442 3745 :
1476 3697 1713 3764 propter
1763 3694 2127 3754 benedictio-
2238 3680 2522 3765 nostram,
2554 3697 2642 3755 vel
2675 3680 2982 3772 peccatum
3022 3680 3173 3757 'Adas
3202 3680 3220 3755 ξ
3256 3698 3383 3777 .hoc
3435 3701 3531 3762 est,
3567 3680 3753 3746 destruxit

479 3780 611 3820 nem
649 3767 848 3866 Jacob,
898 3785 1075 3841 quam
1112 3772 1192 3875 ‘in
1248 3791 1379 3832 eum
1439 3779 1663 3837 effudit.
1705 3782 2128 3842 Fortitudinem
2237 3767 2773 3856 idololatriamfvel
2797 3792 2997 3846 nostra
3025 3789 3169 3846 vitia
3198 3768 3264 3846 et.
3290 3789 3521 3861 peccata.
3550 3802 3581 3875 (ξ
3608 3777 3657 3875 Ῐ¹ξί

477 3859 692 3923 autem,
755 3856 945 3928 ipsam
1004 3860 1315 3919 Ecclesiam
1361 3865 1520 3938 dicit,
1570 3871 1740 3941 cujus
1780 3872 1967 3930 factus
2040 3879 2129 3931 est
2236 3876 2576 3950 egredieris,
2610 3881 2782 3945 Deus,
2815 3876 2876 3933 in
2905 3878 3225 3935 virtutibus
3255 3856 3474 3934 uestris.
3503 3895 3523 3924 ι
3552 3863 3659 3934 Otila
3675 3869 3752 3931 Ρθί⁶

476 3948 669 4015 caput.
705 3966 733 3995 ‹‹
767 3945 932 4003 Meus
954 3952 1043 4005 est
1091 3948 1330 4020 Galaad,
1388 3971 1554 4012 meus
1610 3963 1699 4014 est
1744 3963 2060 4018 Manassae.
2095 3986 2124 4013 »
2235 3945 2381 4022 catis
2409 3945 2880 4022 inﬁrmisumus.

477 4032 756 4090 Universa
811 4035 931 4093 haec
979 4039 1049 4094 de
1123 4041 1386 4112 gentium
1473 4047 1772 4104 vocatione
1850 4050 2128 4108 dicuntur
2308 4077 2337 4105 ‹‹
2368 4059 2452 4110 Da
2479 4055 2651 4111 nobis
2674 4053 2956 4111 auxilium
2987 4056 3061 4112 de
3091 4054 3488 4113 tribulatione:
3527 4042 3633 4119 quia
3662 4045 3751 4130 VII}!

473 4137 725 4192 quarum
748 4124 986 4182 diversas
1014 4127 1397 4199 virtutes,sub
1418 4132 1785 4207 singulorum
1817 4139 2122 4197 nominum
2234 4142 2395 4199 salus
2423 4142 2704 4200 hominis.
2730 4165 2759 4194 »
2804 4144 3063 4200 Audiant
3118 4144 3241 4201 hanc
3287 4141 3383 4216 qui
3433 4152 3547 4211 spes

471 4209 947 4284 interpretatione
976 4217 1291 4276 referendae
1318 4227 1508 4279 erunt.
2233 4232 2633 4305 potentatibus
2663 4232 2994 4302 hominum,
3026 4233 3116 4290 vel
3148 4234 3206 4290 in
3256 4209 3576 4290 terrena-rum
3609 4209 3750 4305 diti?"

550 4319 572 4347 ι
604 4300 756 4409 JLuda
780 4320 878 4359 rex
907 4322 1095 4364 meus.
1138 4331 1166 4359 »
1228 4310 1373 4377 Quia
1428 4329 1496 4370 ex
1542 4314 1699 4371 tribu
1756 4317 1912 4374 Juda
1959 4323 2121 4376 ortus
2233 4300 2367 4376 rum
2394 4319 2806 4393 splendoribus
2836 4300 3064 4395 ponunt
3094 4339 3107 4378 :
3138 4323 3276 4396 quia
3300 4300 3750 4409 mansuetius}:

471 4392 559 4485 est
587 4389 872 4485 Christus.
909 4395 1054 4485 Quia
1084 4414 1198 4454 non
1232 4400 1461 4458 deﬁciet
1489 4403 1760 4478 princeps
1817 4408 1887 4463 de
1942 4408 2123 4482 stirpe
2232 4389 2522 4475 minim-et
2551 4409 2705 4465 Deus
2735 4389 2899 4466 solus
2957 4389 3348 4485 opportunum
3400 4390 3748 4463 tribulationibus

466 4478 596 4550 ejus
630 4480 845 4548 ;donec
875 4484 1066 4540 veniat
1093 4489 1397 4557 Dominus,
1428 4496 1491 4547 ut
1539 4492 1683 4549 dixit
1738 4495 1927 4553 Jabob
1959 4516 1972 4553 :
2032 4478 2123 4555 ju-
2232 4498 2450 4555 nostris
2481 4502 2719 4570 praestat
2749 4478 3055 4556 auxilium:

467 4567 556 4638 da,
582 4575 639 4625 te
668 4570 977 4629 laudabunt
1002 4580 1208 4645 [ratres
1226 4581 1339 4634 tui:
1366 4597 1569 4637 manus
1589 4591 1700 4641 tua?
1728 4586 1788 4639 in
1817 4588 2119 4670 cervicibus
2149 4605 2197 4670 D
2302 4608 2332 4637 «
2366 4588 2428 4643 In
2455 4565 2570 4643 Deo
2604 4587 2882 4644 iaciemus
2902 4589 3195 4661 virtutem,
3227 4592 3283 4647 et
3315 4588 3430 4660 ipse
3478 4579 3539 4638 ad
3585 4565 3747 4670 nihil?

466 4659 821 4716 inimicorum
850 4671 1093 4720 tuorum.
1148 4667 1218 4721 Tu
1275 4666 1651 4727 dominaberis
1702 4689 1865 4745 super
1910 4667 2117 4746 fratres
2149 4656 2194 4670 u
2227 4675 2475 4732 deducet
2504 4676 2855 4735 tribulantes
2885 4695 3011 4736 nos.
3048 4701 3077 4729 »
3100 4679 3162 4736 In
3194 4679 3316 4752 ipso
3335 4675 3409 4734 sit
3429 4670 3586 4729 virtus
3621 4656 3746 4755 uti“?

464 4755 580 4804 tuos
611 4747 947 4842 (Gen._x1.ix,
995 4754 1071 4821 8).
1128 4754 1396 4813 Christus
1454 4740 1804 4833 intelligitur
1856 4740 1959 4834 per
2008 4764 2112 4820 Ju-
2227 4764 2284 4820 in
2318 4765 2446 4838 ipso
2477 4766 2669 4823 omnis
2699 4765 2906 4840 gloria,
2960 4772 3018 4825 et
3066 4768 3192 4842 ipse
3215 4740 3310 4823 .ad
3357 4760 3573 4820 nihilum
3602 4740 3743 4835 τοᾱίεεὲ

462 4837 620 4908 dam,
657 4844 722 4929 ut
751 4839 917 4929 illud.
952 4844 1088 4898 Vicit
1118 4845 1199 4900 leo
1227 4845 1293 4901 de
1321 4847 1470 4902 tribu
1495 4849 1636 4904 Iuda
1667 4851 1860 4923 (Apoc.
1915 4870 1971 4917 v.,
2026 4855 2105 4924 5).
2222 4858 2344 4911 tam
2376 4854 2518 4910 vitia
2537 4872 2668 4927 qum
2696 4837 2804 4912 nos
2849 4837 3156 4926 tribulant,
3211 4870 3378 4929 quam
3432 4843 3647 4906 inimicos
3680 4842 3739 4901 tl“

464 4946 497 5023 «-
522 4928 690 4984 Moab
721 4927 833 4985 olla
855 4930 979 5004 spei
1011 4949 1173 4990 mete.
1210 4955 1238 4983 ››
1269 4935 1435 4991 Moab
1486 4935 1544 4992 in
1605 4938 1813 4996 Genesi
1862 4941 2104 4997 maledi-
2218 4959 2325 4999 nos
2358 4942 2729 5017 impugnant,
2763 4948 2820 5001 et
2848 4962 2882 5001 a
2911 4961 3014 5018 spe
3060 4927 3391 5002 aeternitatis
3437 4941 3647 4994 revocare
3682 4930 3738 4974 ω’

457 5012 634 5104 tionis
666 5019 922 5092 suscepit
940 5022 1317 5094 cpprobrium
1339 5025 1495 5097 (Gen.
1526 5044 1641 5094 xIx,
1670 5030 1761 5100 27)
1796 5047 1808 5086 :
1842 5030 1940 5102 qui
1974 5036 2108 5104 post
2217 5012 2452 5088 nantur.

458 5102 656 5161 decem
687 5110 1089 5180 generationes
1118 5113 1398 5186 recipitur
1418 5116 1477 5170 in
1513 5116 1765 5174 Ecclesia
1792 5118 1889 5175 Dei
1929 5102 2104 5191 (Deut.
2785 5141 3110 5200 PSALMUS
3165 5141 3278 5198 LX.

454 5209 616 5292 xxiii,
646 5196 722 5268 3).
758 5198 1006 5272 Ideoque
1035 5205 1092 5257 et
1117 5201 1233 5257 olla
1261 5203 1404 5275 spei,
1451 5206 1621 5276 quasi
1678 5211 1811 5285 post
1862 5224 2019 5266 convc

2214 5230 2277 5284 In
2304 5229 2490 5303 ﬁnem,
2523 5231 2581 5284 in
2625 5230 2868 5303 hymnis,
2923 5232 3193 5303 Psatmus
3222 5226 3401 5286 Dauid.
3442 5216 3734 5303 Yoftﬂmﬂﬁj

456 5281 684 5339 sionem
716 5302 894 5343 urens
923 5289 1329 5347 crudelitatem
1361 5275 1600 5365 peccati.
1634 5275 1779 5367 spes
1808 5297 1965 5355 enim
2006 5299 2105 5357 Dei
2214 5275 3577 5377 "'dirigi"Eriiiui'é’ﬁiiéirép'ﬁéiéwde'Eiéiniatis
3618 5275 3737 5335 δαίθ’

456 5372 528 5429 de
583 5376 984 5444 peccatoribus
1037 5379 1158 5435 haec
1214 5385 1323 5448 est,
1380 5386 1444 5438 ut
1501 5384 1753 5442 decoctis
1829 5389 2101 5459 peccatis,
2281 5372 2508 5428 ίυάίηθ·
2945 5372 2964 5377 ν
3620 5452 3662 5464 ...

456 5467 868 5520 convertantur
886 5471 943 5522 et
980 5466 1192 5525 vivant.
1222 5471 1360 5527 Inde
1427 5471 1568 5529 dicit
1622 5449 1908 5534 Jeremias
1966 5449 2100 5551 pro:
2283 5503 2310 5530 «
2342 5479 2585 5547 Exaudi,
2632 5481 2802 5552 Deus,
2856 5481 3312 5556 deprecationem
3357 5483 3583 5534 meam.”

455 5550 671 5624 pheta:
711 5553 828 5611 Vidi
850 5556 1020 5613 ollam
1041 5574 1378 5629 succensum,
1407 5567 1459 5617 et
1484 5565 1655 5635 facies
1701 5566 1820 5637 ejus
1876 5584 1908 5622 a
1957 5547 2103 5640 facie
2209 5566 2435 5625 cialiter
2462 5585 2525 5626 se
2556 5569 2746 5627 audiri
2776 5547 3053 5645 postulat,
3103 5570 3242 5646 quia
3294 5564 3396 5624 scit
3436 5575 3490 5617 se

453 5641 731 5713 aquilonis
758 5646 975 5715 (Jsrem.
1009 5664 1049 5716 ι,
1081 5647 1189 5719 13).
1224 5649 1292 5704 Et
1314 5648 1454 5707 alibi
1492 5651 1669 5710 dicit:
1722 5635 1801 5711 Ab
1841 5635 2102 5728 aquilone
2212 5657 2509 5717 «Intende
2533 5635 2977 5720 orationimess.
3015 5635 3153 5718 {Ac
3175 5658 3224 5717 si
3248 5653 3446 5716 diceret
3473 5662 3487 5705 :
3517 5637 3626 5698 Vide
3642 5635 3727 5685 σιω
