3964 6190
200 323 358 384 1057

1305 392 1310 400 ,
1360 319 1853 381 BREVIARIUM
1902 320 1979 380 IN
2025 319 2414 381 PSALMUS.

3448 337 3604 398 1058

198 456 248 511 si
271 455 437 526 justa
466 452 553 508 vel
587 468 735 524 pura
777 451 875 522 sit,
930 450 1025 506 ubi
1063 454 1124 506 tu
1173 448 1334 505 solus
1385 451 1553 506 audis
1597 455 1654 506 ct
1681 451 1841 507 vides
1870 452 1927 520 Α
1954 450 2224 506 criminet
2247 468 2375 506 nox.
2413 473 2440 498 ‹‹
2474 451 2718 521 Adjicies
2748 469 2933 509 annos
2962 457 3090 527 ejus
3138 477 3325 534 usque
3359 465 3415 520 in
3448 467 3603 525 diem

198 545 259 600 in
291 541 462 599 corde
493 560 506 598 :
540 541 693 596 sicut
721 541 792 596 ad
827 540 1062 612 Moysen
1111 539 1332 594 dictum
1381 545 1504 594 est:
1556 541 1704 613 Quid
1734 542 1847 595 cla-

196 650 314 688 mas
343 631 412 686 ad
439 645 528 685 me
555 629 747 698 (Exod.
780 647 896 698 xxv,
931 629 1016 698 15)
1039 629 1067 682 ?
1114 629 1412 700 Numquid
1461 646 1598 685 voce
1629 629 1846 686 clamo-

197 722 279 778 ris
309 719 496 776 dicit?
526 718 650 774 Non
675 735 688 772 :
723 719 825 774 sed
855 734 992 773 voce
1033 718 1224 773 cordis
1255 717 1488 773 clamat.

273 831 300 859 ‹‹
331 811 377 864 Α
405 808 624 863 ﬁnibus
646 811 808 862 terraa
831 807 902 862 ad
927 811 981 862 te
1019 806 1286 874 clamavi,
1331 807 1471 861 dum
1513 806 1848 862 anxiaretur

196 915 297 955 cor
326 913 545 963 meum,
581 919 608 945 ››
639 895 763 951 Non
795 897 865 951 de
894 896 1170 951 extremis
1211 902 1375 950 terrae
1423 895 1711 965 terminis,
1745 897 1846 952 sed

194 989 268 1044 de
288 987 468 1058 hujus
488 985 746 1058 corporis
772 984 1103 1040 habitaculo
1129 985 1282 1057 quod
1301 985 1645 1057 superindui
1664 986 1845 1057 cupit,

194 1083 254 1133 et
275 1094 346 1133 ex
366 1075 562 1131 intimi
583 1074 773 1130 cordis
794 1074 990 1130 dolore
1031 1073 1324 1144 clamavit,
1373 1078 1436 1129 ut
1465 1074 1848 1130 absorbeatur

195 1166 306 1222 hoc
336 1164 492 1236 quod
524 1161 768 1219 mortale
799 1166 887 1218 est
925 1179 958 1217 a
1006 1163 1141 1217 vita.
1178 1185 1206 1212 ‹‹
1240 1170 1287 1216 Α
1337 1162 1575 1232 ﬁnibus,
1612 1186 1639 1211 n
1669 1163 1724 1217 id
1756 1168 1846 1218 est

194 1273 228 1310 a
260 1259 514 1326 quatuor
538 1252 803 1324 partibus
834 1253 1075 1307 mundi:
1109 1253 1275 1321 quasi
1331 1269 1482 1306 unus
1520 1251 1695 1306 homo
1727 1251 1843 1307 cla-

195 1349 336 1400 met.
369 1342 471 1398 Vel
523 1358 677 1398 unus
736 1342 934 1408 homo,
989 1345 1078 1396 est
1133 1357 1249 1395 una
1292 1339 1568 1396 Ecclesia.
1605 1345 1844 1413 Propter

194 1435 479 1490 unitatem
510 1432 727 1487 dicitur
758 1448 894 1486 una.
926 1431 1088 1486 Unde
1117 1435 1175 1486 et
1212 1429 1270 1484 in
1322 1431 1559 1487 Cantico
1589 1432 1842 1486 cantico-

191 1540 328 1579 rum
359 1522 610 1578 dicitur:
647 1523 762 1578 Una
810 1525 888 1576 est
943 1520 1208 1583 columba,
1247 1536 1368 1575 mea
1423 1521 1614 1591 (Cant.
1656 1537 1730 1590 v1,
1763 1521 1839 1592 8),

192 1613 253 1668 id
289 1616 395 1682 est,
419 1609 672 1666 Ecclesia
702 1610 761 1664 in
794 1614 912 1666 toto
944 1610 1164 1665 mundo
1196 1608 1426 1665 dill‘usa.
1461 1611 1600 1664 Dum
1637 1612 1840 1665 amia-

189 1706 390 1756 relur:
424 1701 478 1756 id
538 1704 646 1769 est,
706 1703 941 1772 propter
988 1699 1516 1771 transgressionem
1565 1697 1837 1754 aliorum.

187 1788 296 1845 Vel
328 1791 504 1845 tinem
536 1805 770 1844 meum:
803 1788 943 1842 dum
978 1787 1162 1842 nescit
1191 1786 1366 1842 homo
1396 1787 1615 1842 exitum
1639 1803 1835 1842 suum.

189 1883 257 1934 In
287 1883 443 1951 petra
467 1879 729 1934 exaltasti
755 1893 878 1932 me:
935 1876 1212 1932 deduxisti
1265 1893 1353 1931 me
1407 1879 1539 1948 quia
1572 1877 1760 1946 factus
1787 1893 1843 1932 es

191 1985 317 2041 spes
373 1984 513 2024 mea.
577 1969 637 2023 In
695 1966 922 2022 Christo
981 1982 1042 2022 se
1080 1964 1395 2021 exaltatum
1427 1965 1585 2035 dicit,
1619 1966 1716 2037 qui
1751 1983 1840 2022 se-

192 2059 458 2114 cundum
482 2055 848 2130 Apostolum,
871 2059 926 2110 et
947 2060 1108 2126 petra
1129 2053 1380 2120 stabilis,
1402 2058 1459 2109 et
1477 2056 1842 2110 credentium

191 2164 332 2220 spes
359 2147 716 2202 nominatur.
752 2149 818 2199 In
847 2153 998 2214 petra
1043 2144 1307 2198 eraltasti
1352 2159 1474 2198 me:
1524 2143 1632 2198 hoc
1665 2148 1751 2198 est
1781 2143 1839 2197 in

193 2237 535 2308 temetipso,
595 2238 660 2288 ut
715 2232 904 2288 illud:
967 2234 1126 2287 Petra
1197 2235 1378 2287 autem
1432 2236 1548 2288 erat
1608 2233 1849 2287 Christus

182 2327 232 2397 (1
271 2325 394 2380 Cor.
452 2341 510 2391 x,
567 2323 643 2393 4).
703 2322 910 2377 Petrus
968 2321 1038 2375 de
1096 2325 1276 2391 petra.
1340 2320 1501 2375 Unde
1557 2319 1841 2376 Dominus

185 2410 382 2464 dixit:
431 2411 505 2464 Tu
533 2425 588 2464 es
611 2410 828 2473 Petrus,
860 2416 912 2463 et
937 2423 1106 2478 super
1134 2408 1274 2462 hanc
1299 2411 1512 2480 petram
1558 2408 1842 2478 aediﬁcabo

179 2499 489 2554 Ecclesium
542 2514 720 2553 meam
777 2496 983 2569 (Matth.
1023 2513 1138 2559 va.
1174 2497 1302 2568 18):
1361 2501 1416 2552 et
1473 2496 1650 2552 alibi:
1689 2498 1843 2552 Vene-

180 2590 323 2642 runt
370 2588 626 2657 ﬂumina,
657 2594 712 2642 et
737 2588 1009 2655 [laverunt
1038 2587 1229 2652 veniti,
1263 2595 1316 2640 et
1347 2589 1635 2641 irruerunt
1666 2587 1724 2640 in
1754 2585 1846 2641 d0-

177 2692 343 2729 mum
373 2675 550 2742 illam,
583 2683 633 2730 et
659 2690 768 2729 non
795 2676 993 2731 cecidit
1013 2693 1032 2737 ,'
1061 2674 1296 2746 fundata
1324 2677 1472 2730 enim
1503 2684 1621 2730 erat
1647 2691 1838 2745 supra.

181 2764 411 2834 ﬁrmam
442 2772 655 2833 petram
681 2765 888 2835 (Matth.
924 2781 1024 2831 vn,
1071 2766 1182 2835 25),
1238 2781 1362 2837 qua:
1414 2769 1504 2819 est
1551 2763 1838 2819 Christus.

182 2877 209 2903 ιι
252 2853 554 2908 Deduxisti
587 2869 699 2924 me,
736 2877 761 2902 ››
795 2853 853 2908 id
887 2858 1000 2918 est,
1033 2854 1092 2908 in
1133 2854 1479 2926 temetipso:
1514 2854 1654 2925 quia
1685 2859 1746 2908 tu
1779 2869 1842 2909 es

184 2943 315 2998 dux
344 2959 533 3006 meus,
563 2946 627 2997 tu
659 2958 722 2997 es
748 2942 938 2997 viator
967 2959 1154 2998 meus.
1191 2964 1218 2991 ‹‹
1249 2941 1394 3008 Quia
1417 2943 1604 2998 factus
1624 2959 1684 2998 es
1708 2959 1842 3015 spes

183 3048 345 3088 mea.
385 3055 404 3080 ι
471 3031 592 3088 Vox
649 3029 905 3088 ecclesiae
959 3033 1030 3087 ad
1089 3031 1406 3087 Christum.
1454 3039 1535 3087 Ac
1565 3031 1614 3086 si
1646 3033 1839 3088 dicat:

188 3120 498 3185 Quomodo
559 3124 621 3175 tu
680 3120 1048 3176 resurrexisti
1106 3120 1476 3186 immortalis,
1537 3125 1593 3175 et
1623 3138 1728 3176 nos
1759 3121 1842 3176 sic

1957 539 2348 610 generationis
2406 544 2462 594 et
2509 541 2920 611 generationis.
2981 569 3008 595 ››
3067 548 3372 609 Generatio
3426 556 3605 629 igitur

1957 627 2137 699 hujus
2163 628 2314 699 regis
2346 628 2535 699 prima
2566 635 2654 683 est
2679 645 2692 684 :
2722 648 2837 701 qua
2867 631 2936 687 de
2979 638 3090 688 Deo
3130 641 3299 696 Patre
3335 627 3597 702 inefl‘abi-

1956 715 2087 771 liter
2110 718 2388 772 nascitur.
2412 719 2695 788 Secunda,
2721 736 2836 790 qua
2860 721 3047 778 factus
3064 729 3153 779 est
3175 729 3599 804 primogenitus

1958 811 2346 873 mortuorum,
2372 823 2497 878 qum
2518 808 2849 863 extenditur
2873 827 3055 882 usque
3078 815 3148 868 ad
3175 815 3335 872 illam
3359 836 3598 891 genera-

1957 896 2174 950 tionem
2235 896 2412 950 l'uturi
2470 897 2667 965 iudicii
2727 898 2796 952 de
2845 916 2960 970 qua
3017 901 3300 960 Dominus
3347 909 3464 964 ait:
3507 914 3599 966 Vos

1955 987 2050 1053 qui
2103 989 2272 1040 secuti
2316 987 2447 1039 estis
2477 1002 2561 1040 me
2593 987 2651 1038 in
2684 991 3105 1060 regenerationc,
3139 1010 3263 1048 cum
3287 996 3485 1052 sederit
3515 1002 3604 1053 Fi-

1956 1074 2063 1127 lius
2092 1074 2334 1129 hominis
2364 1077 2419 1128 in
2468 1074 2592 1130 sedc
2636 1077 2938 1145 majestalis
2982 1096 3092 1134 suae
3140 1083 3397 1140 selchitis
3425 1090 3473 1140 et
3506 1105 3599 1144 vos

1953 1178 2121 1232 super
2174 1163 2321 1218 sedes
2377 1162 2680 1229 duodecim,
2721 1165 3040 1234 judicantcs
3086 1169 3373 1228 duodecim
3424 1177 3599 1232 trib-us

1953 1253 2121 1306 Israel
2152 1252 2361 1322 (Matth.
2396 1270 2509 1317 xxx,
2541 1253 2654 1323 28).
2691 1254 2832 1324 Ergo
2885 1257 3236 1326 adjicientur
3272 1261 3425 1318 inter
3456 1266 3600 1322 istas

1954 1342 2354 1411 generationes
2379 1341 2532 1413 regis
2569 1341 2764 1411 hujus,
2791 1348 2845 1397 et
2880 1345 3003 1399 dies
3041 1351 3094 1401 et
3117 1349 3274 1416 anni,
3309 1369 3440 1407 cum
3467 1371 3600 1410 con-

1951 1429 2204 1501 gregatis
2226 1428 2445 1496 electis,
2471 1429 2978 1503 supplantatisque
3022 1434 3276 1493 inimicis
3304 1441 3415 1494 sub
3436 1445 3597 1513 pedi-

1953 1519 2062 1572 bus
2108 1517 2458 1572 tradiderit:
2519 1517 2782 1588 Regnum
2850 1520 2964 1576 Deo
3021 1522 3193 1589 Patri,
3252 1527 3394 1599 ipsis
3420 1530 3595 1586 simul

1950 1607 2316 1678 congregatis
2348 1607 2584 1674 sanctis,
2618 1607 2768 1662 sicut
2809 1612 3096 1681 sequitur.

2026 1719 2045 1742 α
2074 1695 2378 1750 Permanet
2413 1695 2469 1749 in
2513 1701 2791 1750 aaternum
2827 1698 2882 1751 in
2915 1707 3227 1772 conspectu
3264 1706 3379 1760 Dei.
3410 1730 3435 1755 »ι
3473 1709 3593 1765 Ma-

1952 1785 2109 1838 nebit
2138 1785 2293 1839 cnim
2327 1789 2577 1838 zeternus
2610 1785 2667 1839 in
2703 1785 2792 1839 his
2842 1804 2990 1858 quos
3024 1790 3263 1846 tradidit
3295 1793 3408 1848 Deo
3443 1796 3594 1852 Patri

1951 1873 2006 1927 in
2043 1890 2287 1944 regnum
2318 1872 2616 1937 caelorum,
2651 1879 2708 1927 et
2739 1875 2872 1929 fecit
2902 1877 3250 1946 cohzeredcs,
3283 1886 3338 1936 et
3368 1885 3593 1940 confor-

1952 1979 2076 2018 mes
2106 1979 2171 2016 ac
2205 1962 2515 2034 participes
2547 1961 2679 2031 sibi,
2716 1963 2874 2018 nullo
2896 1967 3020 2035 jam
3056 1968 3112 2022 in
3143 1968 3231 2023 his
3264 1973 3467 2026 mortis
3499 1975 3596 2030 do-

1953 2051 2133 2105 minio
2164 2051 2522 2106 dominante.
2560 2073 2585 2099 «
2618 2051 2676 2104 In
2710 2059 3022 2123 conspectu
3060 2057 3176 2123 Dei,
3208 2077 3234 2107 ι»
3275 2059 3330 2113 id
3364 2065 3470 2127 est,
3493 2063 3592 2117 ubi

1953 2155 2065 2193 non
2095 2138 2205 2193 erit
2236 2137 2615 2194 mutabilitas.
2655 2161 2681 2188 «
2714 2139 3164 2198 Misericordiam
3209 2152 3265 2199 et
3294 2148 3592 2205 veritatem

1951 2229 2080 2298 ejus
2123 2226 2255 2299 quis
2307 2227 2672 2298 requiret?»
2726 2229 3121 2286 Misericordia
3169 2238 3293 2288 est:
3335 2237 3474 2306 quia
3505 2238 3592 2293 in-

1951 2317 2151 2386 dulget
2201 2320 2399 2371 nostra
2452 2321 2704 2387 peccata.
2768 2317 3015 2388 Veritas,
3070 2327 3130 2375 ut
3178 2323 3435 2394 amplius
3477 2344 3592 2382 non

1952 2421 2278 2476 peccemus,
2315 2410 2378 2458 ut
2409 2411 2709 2476 peccatum
2743 2423 2918 2478 super
2949 2414 3247 2478 peccatum
3283 2429 3394 2467 non
3430 2414 3597 2470 indu-

1952 2511 2175 2549 camus.
2211 2496 2362 2562 Quis,
2405 2500 2638 2564 propter
2685 2495 2822 2566 quid
2874 2495 2969 2550 hic
3017 2497 3202 2554 dicit?
3247 2501 3390 2563 Quia
3422 2505 3592 2574 pauci

1951 2589 2089 2638 sunt
2119 2582 2216 2654 qui
2250 2583 2467 2654 aliquid
2503 2583 2635 2637 boni
2669 2583 2938 2647 habeant,
2971 2591 3027 2640 et
3058 2593 3234 2643 Deum
3272 2591 3591 2663 requirant,

1951 2673 2050 2727 sed
2087 2671 2218 2743 plus
2274 2671 2476 2726 dicunt
2533 2688 2733 2726 eorum
2787 2673 3000 2730 virtute
3050 2676 3137 2730 vel
3195 2677 3317 2733 suis
3348 2680 3591 2752 viribus,

1951 2777 2127 2832 quam
2159 2760 2258 2815 Dei
2292 2761 2532 2816 donum.
2605 2782 2632 2813 α
2683 2761 3141 2819 Misericordiam
3191 2772 3249 2820 et
3293 2768 3593 2825 veritatem

1952 2851 2084 2922 quis
2115 2851 2372 2922 requiret
2402 2849 2578 2920 ejus?
2605 2873 2632 2899 ››
2682 2851 2804 2905 Non
2855 2853 2984 2922 ejus
3018 2854 3334 2924 requiritur
3367 2858 3591 2913 miscri-

1952 2941 2048 2994 dia
2074 2956 2139 2994 ac
2171 2939 2380 2994 veritas
2408 2940 2481 2993 ab
2513 2940 2596 2994 eis
2629 2939 2726 3011 qui
2763 2941 2818 2994 in
2851 2941 3210 3011 plenitudine
3253 2944 3353 2999 Dei
3401 2948 3592 3002 consi-

1953 3033 2134 3095 stunt,
2156 3029 2256 3083 sed
2282 3045 2382 3083 nec
2405 3028 2498 3083 his
2520 3028 2842 3100 quidquam
2867 3031 3048 3097 deest,
3081 3033 3253 3101 juxta
3288 3033 3431 3089 illud
3469 3053 3594 3092 ora-

1952 3118 2149 3173 culum
2185 3117 2502 3172 Salvatoris
2527 3134 2539 3172 :
2571 3119 2632 3171 In
2660 3117 2748 3172 die
2777 3119 2878 3173 illa
2907 3121 3049 3174 nihil
3082 3123 3347 3189 rogabitis
3372 3126 3589 3180 Patrem

184 3207 491 3263 credimus
549 3223 870 3279 resurgere.
929 3231 956 3256 «
988 3207 1189 3263 Turris
1245 3207 1601 3262 fortitudinis
1633 3225 1664 3261 a
1697 3207 1839 3262 facie
1870 3193 1912 3259 C
1952 3209 2127 3274 (Joan.
2157 3224 2271 3270 xw,
2304 3206 2417 3276 23).
2455 3207 2516 3261 In
2562 3205 2669 3261 hac
2719 3223 2855 3279 ergo
2899 3207 3258 3280 plenitudine
3312 3213 3596 3285 propheta

181 3296 438 3352 inimici.
477 3320 504 3346 »
535 3297 665 3351 Haec
696 3297 852 3356 enim
885 3312 1041 3368 spes,
1073 3296 1339 3351 Christus
1374 3295 1674 3360 Dominus,
1709 3301 1836 3351 tur-

183 3386 280 3441 ris
307 3385 475 3441 nobis
523 3385 710 3441 factus
756 3390 845 3440 est
890 3402 924 3440 a
964 3385 1108 3440 facie
1152 3385 1392 3451 diaboli,
1425 3384 1512 3440 vel
1548 3385 1834 3456 nequitia-

181 3489 328 3529 rum
359 3474 507 3545 ejus,
542 3478 606 3529 ut
635 3491 740 3529 nos
763 3474 834 3528 ab
865 3474 994 3544 ejus
1017 3473 1248 3529 insidiis
1284 3474 1510 3529 muniat
1543 3491 1608 3529 ac
1639 3474 1834 3529 defen-

143 3614 157 3630 ,
181 3564 314 3618 dat.
345 3563 454 3619 Sed
481 3569 538 3618 et
567 3562 722 3618 Deus
755 3562 920 3618 Pater
977 3563 1165 3618 factus
1204 3567 1293 3618 est
1323 3562 1490 3618 nobis
1520 3563 1699 3616 turris
1733 3563 1840 3618 for-

180 3652 463 3708 titudinis
493 3670 505 3707 :
540 3651 801 3707 exaltans
831 3669 940 3707 nos
967 3651 1024 3705 in
1076 3657 1258 3723 petra,
1310 3652 1365 3706 id
1399 3656 1486 3706 est
1519 3652 1572 3706 in
1607 3650 1836 3707 Christo

182 3757 322 3798 suo.
353 3741 458 3811 Tu,
518 3740 764 3810 Christe,
819 3741 998 3796 turris
1057 3739 1438 3805 fortitudinis,
1506 3741 1604 3812 qui
1649 3741 1836 3795 vicisti

181 3829 512 3900 diabolum,
542 3835 599 3884 et
645 3829 920 3902 dignatus
963 3846 1025 3884 es
1072 3829 1190 3901 pati
1244 3836 1477 3900 propter
1532 3845 1656 3884 nos.
1690 3830 1839 3883 Sunt

183 3935 328 3991 ergo
358 3924 549 3975 turres
578 3918 959 3985 infirmitatis,
993 3919 1050 3972 id
1082 3922 1188 3983 est,
1223 3917 1303 3971 illi
1329 3917 1428 3989 qui
1454 3917 1757 3972 conﬁdunt
1778 3917 1836 3972 in

182 4010 404 4064 virtute
453 4026 580 4077 sua,
643 4008 794 4062 sicut
853 4007 909 4061 in
971 4005 1278 4078 Evangelio
1335 4005 1672 4062 dicitur:Si
1705 4007 1838 4078 quis

184 4096 318 4153 vult
347 4101 567 4152 turrem
598 4097 904 4162 aedificare,
961 4099 1017 4149 et
1065 4112 1179 4150 non
1230 4099 1533 4165 computat
1563 4100 1838 4166 sumptus

186 4187 342 4257 ejus,
375 4192 432 4241 et
460 4185 706 4258 reliqua,
740 4191 938 4258 postea
970 4185 1067 4256 qui
1115 4184 1365 4239 viderint
1396 4183 1641 4239 illudent
1669 4185 1718 4240 ei
1751 4185 1837 4240 di-

188 4280 429 4334 centes:
462 4274 554 4330 hic
597 4274 773 4329 homo
822 4273 994 4346 capit
1041 4272 1345 4340 aedificare,
1396 4279 1453 4328 et
1505 4289 1619 4328 non
1653 4274 1841 4346 potuit

187 4379 620 4420 consummare.
1665 4354 1671 4359 ’

267 4477 293 4502 ‹‹
328 4451 672 4508 lnhabitabo
705 4451 763 4506 in
799 4451 1170 4507 tabernaculo
1202 4455 1302 4506 tuo
1334 4451 1392 4505 in
1446 4451 1678 4508 saecula.
1715 4474 1743 4501 »
1779 4453 1839 4507 In

177 4541 294 4600 illo
344 4542 564 4614 utique,
616 4541 716 4596 ubi
766 4541 892 4596 sine
937 4540 1050 4595 fine
1098 4539 1362 4628 mansuri
1417 4541 1842 4612 Deumjugiter
1871 4566 1915 4628 D

187 4630 737 4703 contemplabimur.
779 4650 800 4678 ι
836 4629 1108 4702 Protegar
1146 4629 1204 4682 in
1259 4627 1582 4684 velamento
1613 4629 1837 4684 alarum

187 4726 449 4792 tuarum,
483 4742 510 4770 ››
546 4724 654 4775 etc.
692 4724 838 4775 Dum
871 4718 1061 4775 adhuc
1109 4733 1436 4774 commoror
1485 4719 1541 4772 in
1576 4718 1684 4774 hoc
1713 4736 1840 4774 cor-

188 4826 351 4882 pore,
374 4814 476 4865 tua
507 4809 741 4864 muniar
770 4808 1142 4880 protectione.
1193 4808 1480 4877 Protegar,
1534 4808 1589 4862 id
1623 4813 1712 4863 est
1741 4809 1839 4863 de-

189 4899 413 4954 fendar.
467 4921 494 4947 ‹‹
527 4899 591 4953 In
637 4897 964 4953 velamento
1012 4896 1261 4951 alarum.
1316 4915 1342 4947 η
1380 4895 1499 4951 Alae
1560 4902 1693 4964 tute,
1727 4898 1840 4953 duo

187 4992 563 5044 Testamenta
593 4992 750 5056 sunt,
803 4987 1019 5058 quibus
1068 4983 1396 5057 protegitur
1434 4985 1707 5041 Ecclesia.
1744 4986 1839 5042 Vel

190 5077 305 5132 sub
335 5076 688 5149 protectione
717 5075 1064 5132 divinitatis.

271 5163 528 5220 «Dedisti
550 5163 947 5220 hmreditatem
974 5163 1319 5219 timentibus
1357 5179 1569 5219 nomen
1594 5168 1782 5219 tuum.
1810 5187 1836 5213 ››

189 5253 253 5308 ld
283 5257 392 5322 est,
425 5254 484 5308 in
516 5269 693 5326 regno
723 5253 1000 5309 cmlorum
1046 5251 1364 5326 praestitisti
1396 5252 1502 5317 eis,
1555 5258 1618 5307 ut
1648 5253 1703 5308 in
1756 5254 1836 5308 vi-

191 5347 312 5406 tam
343 5348 621 5398 aeternam
659 5342 1018 5398 haereditent.

263 5454 291 5480 «
324 5431 459 5488 Dies
487 5448 662 5504 super
711 5431 833 5486 dies
882 5432 1059 5503 regis.
1094 5454 1120 5479 »
1165 5431 1303 5501 Regi
1356 5435 1600 5497 aeterno;
1637 5431 1692 5486 id
1727 5436 1834 5496 est,

189 5518 418 5576 Christo
449 5519 716 5585 Domino,
747 5521 869 5575 dies
900 5519 1098 5576 aeterni
1121 5525 1278 5586 sunt,
1307 5520 1405 5591 qui
1439 5520 1700 5591 quotidie
1732 5538 1836 5576 su-

185 5625 291 5686 per
319 5610 445 5667 dies
475 5614 800 5686 augentur:
827 5609 977 5682 quod
1009 5607 1331 5666 claritatem
1363 5609 1491 5682 ejus
1525 5607 1685 5666 nulla
1713 5610 1831 5668 dis-

1947 3313 2109 3368 spem
2143 3312 2383 3368 ponens,
2419 3297 2703 3366 subjecit:

2019 3409 2044 3434 ‹‹
2079 3385 2173 3440 Sic
2223 3384 2468 3456 psallam
2528 3384 2749 3439 nomini
2808 3390 2930 3451 tuo,
2982 3387 3156 3459 Deus,
3222 3390 3279 3444 in
3313 3392 3592 3448 saeculum

1948 3474 2163 3530 saeculi.
2204 3496 2231 3522 »
2289 3473 2407 3528 Vox
2465 3473 2752 3544 Ecclesiae,
2814 3477 3078 3547 Psallam,
3149 3479 3494 3552 prredicabo,
3539 3485 3597 3536 et

1947 3580 2116 3636 Opere
2149 3563 2469 3634 complebo.
2509 3585 2536 3613 ‹‹
2565 3563 2637 3618 Ut
2677 3565 2915 3620 reddam
2957 3571 3089 3621 vota
3137 3584 3266 3622 mea
3314 3569 3384 3624 de
3413 3570 3504 3625 die
3535 3569 3593 3624 in

1947 3653 2122 3708 diem.
2160 3677 2180 3704 ι
2221 3675 2248 3701 ‹‹
2281 3651 2352 3707 Ut
2386 3653 2624 3706 reddam
2680 3659 2809 3708 vota
2862 3671 3010 3721 mea,
3069 3654 3127 3710 id
3160 3663 3268 3726 est,
3302 3658 3591 3729 quidquid

1947 3742 2372 3814 spopondimus
2421 3741 2532 3796 Deo
2577 3742 2906 3797 custodire:
2960 3767 2986 3792 ‹‹
3024 3749 3097 3799 De
3128 3745 3220 3800 die
3261 3745 3320 3800 in
3352 3746 3527 3802 diem.
3563 3769 3592 3797 »

1947 3831 2055 3886 hoc
2086 3835 2194 3893 est,
2227 3834 2283 3884 et
2313 3829 2405 3884 hic
2440 3835 2492 3884 te
2523 3847 2754 3902 semper
2782 3831 3040 3902 laudare,
3074 3838 3129 3888 et
3159 3834 3216 3888 in
3251 3836 3447 3890 futuro
3471 3836 3597 3891 sine

1949 3921 2081 3974 fine.
2116 3919 2328 3974 Psallet
2369 3919 2605 3973 assidue
2654 3925 2710 3974 et
2762 3926 2893 3975 vota
2933 3922 3157 3993 jugiter
3207 3925 3424 3990 reddet,
3459 3941 3593 3979 cum

1948 4011 2242 4080 corruptio
2273 4009 2534 4080 corporis
2564 4009 2743 4078 hujus
2777 4011 3030 4065 induerit
3075 4012 3593 4083 incorruptionem.

1948 4105 2002 4153 et
2035 4097 2281 4152 mortale
2319 4097 2427 4151 hoc
2478 4097 2736 4152 induerit
2780 4098 3301 4164 immortalitatem,
3333 4100 3593 4170 etrel'ul-

1949 4188 2088 4243 serit
2120 4189 2164 4257 (I
2195 4187 2314 4241 Cor.
2348 4204 2441 4255 xv,
2475 4187 2586 4256 53).
2646 4187 2807 4252 Quod
2866 4191 2922 4241 ct
2980 4188 3147 4242 nobis
3204 4193 3477 4259 praestare
3507 4189 3594 4244 di-

1949 4283 2182 4350 gnetur,
2244 4281 2308 4329 ut
2366 4276 2692 4330 conformes
2751 4275 2886 4329 facti
2941 4275 3138 4346 gloriae
3197 4294 3336 4347 suze,
3380 4278 3597 4334 erutia

1949 4363 2316 4435 corruptione
2366 4363 2571 4417 mortis
2619 4363 2908 4427 secundae,
2977 4363 3218 4435 psallere
3269 4383 3598 4422 mereamur

1949 4452 2173 4509 nomini
2204 4453 2332 4522 ejus
2362 4453 2420 4506 in
2452 4451 2849 4523 spiritualium
2881 4452 3174 4509 oblatione
3199 4460 3486 4510 votorum.

2518 4558 2838 4613 PSALMUS
2888 4560 3023 4614 LXI.

1949 4655 2018 4706 In
2067 4651 2253 4720 ﬁnem,
2287 4663 2384 4718 pro
2417 4646 2682 4720 Idilhum.
2741 4648 2993 4720 Psalmus
3047 4649 3234 4704 David.
3297 4651 3408 4704 Iste
3440 4649 3595 4720 psal-

2021 4737 2154 4774 mus
2186 4719 2421 4791 plenum
2459 4720 2515 4772 in
2561 4719 2675 4774 Deo
2723 4719 2993 4774 allectum
3048 4720 3340 4792 prophetae
3372 4719 3592 4788 edocet,

2022 4794 2222 4846 dicens
2248 4807 2261 4847 :

2025 4922 2052 4948 ‹‹
2080 4903 2281 4954 Nonne
2312 4897 2427 4952 Deo
2459 4898 2723 4967 subjecta
2753 4899 2865 4953 erit
2912 4899 3109 4954 anima
3163 4899 3337 4954 mea?
3368 4899 3439 4953 ab
3471 4899 3595 4970 ipso

1951 4986 2106 5040 enim
2131 4983 2386 5040 salutare
2411 5000 2628 5040 meum.
2657 5007 2683 5034 ››
2710 4985 2905 5040 Potest
2934 4985 3043 5040 hoc
3073 4991 3131 5041 ct
3178 4987 3351 5042 homo
3385 4985 3480 5042 ille
3510 4986 3598 5040 di-

1951 5092 2115 5142 cere;
2142 5074 2264 5146 qui,
2289 5072 2510 5128 relictis
2541 5091 2700 5128 vanae
2743 5074 3140 5130 deliramentis
3192 5075 3596 5147 philosophiae,

1950 5181 2015 5219 ac
2045 5165 2256 5218 erroris
2289 5161 2628 5216 idololatriae
2671 5179 2856 5228 cceno,
2907 5165 3126 5218 mundo
3175 5181 3238 5219 se
3284 5165 3456 5219 corde
3488 5169 3594 5220 Do-

1949 5253 2109 5307 mino
2141 5251 2422 5306 subdidit.
2457 5275 2483 5299 ‹‹
2519 5251 2664 5305 Nam
2696 5253 2895 5323 etipse
2918 5251 3071 5306 Deus
3096 5269 3282 5318 meus,
3309 5258 3363 5308 et
3385 5252 3599 5308 saluta-

1949 5341 2029 5395 ris
2083 5356 2269 5394 meus.
2333 5361 2360 5390 »
2421 5339 2540 5393 Scit
2597 5339 2749 5394 enim
2810 5340 3062 5396 salutare
3121 5342 3348 5412 mundi,
3392 5343 3594 5398 Jesum

1947 5429 2241 5483 Christum
2265 5426 2521 5481 hominis
2549 5427 2795 5482 formam
2819 5429 3166 5500 suscepisse,
3193 5433 3291 5502 qui
3319 5447 3380 5486 se
3402 5436 3594 5486 trans-

1951 5521 2093 5574 terat
2123 5534 2156 5572 a
2188 5521 2370 5571 morte
2404 5517 2460 5569 in
2495 5516 2694 5571 vitam.
2729 5518 2815 5571 Ab
2848 5519 2974 5589 ipso
3004 5520 3160 5573 enim
3198 5524 3306 5574 Deo
3338 5519 3593 5574 salutare

1947 5625 2182 5665 meum:
2234 5606 2386 5662 sicut
2439 5605 2585 5662 dixit
2641 5606 2916 5665 Simeon:
2974 5609 3118 5680 Quia
3167 5608 3419 5667 viderunt
3449 5607 3595 5665 oculi
