3964 6190
502 330 659 392 1059

1995 319 2410 386 APPENDIX.

3648 343 3753 402 l060

499 465 608 517 mei
636 461 880 517 salutare
906 464 1065 516 tuum
1092 461 1238 531 (Luc.
1301 477 1364 528 ιι,
1407 460 1516 527 30).
1574 461 1645 514 Et
1703 459 1760 513 in
1818 458 1929 513 alio
1958 457 2138 512 dicit:
2172 452 2236 521 Νι.
2256 454 2554 526 decipiunt
2577 453 2936 510 innocentes.
2960 452 3083 509 Filii
3111 453 3378 526 hominis,
3400 457 3486 514 lilii
3513 463 3755 535 Αὐλαὶ)ιῇ

501 551 752 606 Saiuture
795 550 976 606 vultus
1029 550 1154 615 mei,
1212 549 1354 604 Deus
1408 564 1560 604 meus
1613 549 1780 619 (Psnl.
1842 564 1950 612 xu,
1980 546 2136 615 6,7).

503 662 530 690 «
564 641 808 711 Adjutor
838 655 1025 705 meus,
1059 654 1172 693 non
1206 639 1478 694 movebor
1503 637 1778 708 amplius.
1815 659 1842 685 ››
1875 636 2143 690 Firmiter

497 728 652 786 enim
709 744 770 783 se
825 727 882 782 in
939 743 1004 782 eo
1049 731 1339 782 staturum
1391 727 1650 781 conlidit.
1683 725 1929 796 Adjutor
1973 738 2138 778 meus

497 820 555 874 in
587 816 872 890 praesenti,
906 822 1212 888 susceptor
1256 815 1314 870 in
1373 816 1691 870 aeternitate
1749 811 1879 888 Ipse
1941 817 2141 885 postea

497 923 613 961 non
645 907 813 962 timet
850 905 1074 961 cadere.
1127 905 1248 960 Non
1289 904 1464 959 habet
1505 905 1604 959 ubi
1634 909 1832 959 currat
1861 902 2135 974 amplius,

497 995 608 1050 nisi
642 1011 827 1065 usque
875 994 944 1049 ad
999 999 1198 1047 Deum.
1246 991 1507 1065 Apostoli
1559 993 1829 1048 dixerunt
1868 991 1938 1046 ad
1974 989 2137 1045 Chri-

494 1088 652 1138 stum
687 1099 699 1138 :
731 1082 979 1152 Domine,
1007 1082 1223 1137 ostende
1253 1081 1410 1136 nobis
1455 1082 1695 1148 Patrem,
1735 1089 1788 1136 et
1814 1081 2020 1150 sufﬁcit
2047 1094 2137 1133 no-

494 1173 576 1227 bis
607 1172 783 1242 (Joan.
814 1187 930 1242 XIX,
957 1172 1034 1240 8),

565 1284 591 1310 ‹‹
618 1259 936 1331 Quousque
961 1259 1184 1315 irruitis
1215 1259 1273 1314 in
1312 1258 1629 1323 hominem,
1654 1255 1981 1312 interticitis
2005 1255 2134 1311 uni-

491 1349 639 1405 versi
670 1367 791 1417 vos,
849 1353 1131 1420 tanquam
1192 1348 1394 1420 parieti
1453 1345 1844 1411 inclinato,»et
1874 1344 2136 1401 macerias

493 1436 793 1510 depulsa?
827 1462 846 1488 ι
896 1437 1020 1492 Non
1067 1435 1190 1492 vult
1237 1436 1602 1506 asquiescere
1648 1433 1888 1505 iniquis,
1926 1434 2024 1505 qui
2057 1438 2138 1488 te-

491 1542 636 1582 nues
665 1524 969 1582 hominum
995 1541 1061 1580 ac
1083 1524 1316 1579 vitiosas
1340 1527 1585 1593 mentes,
1608 1521 1667 1576 in
1709 1538 1856 1577 nova
1880 1521 2136 1577 facinora

488 1613 768 1670 inclinare
792 1612 1170 1684 compellunt.
1217 1611 1578 1666 lnterticietis
1622 1627 1724 1665 vos
1771 1627 1992 1666 omnes.
2026 1609 2132 1673 Qui

491 1702 847 1758 voluntatem
879 1701 1054 1756 habet
1083 1699 1402 1768 occidendi,
1437 1699 1664 1754 etiamsi
1689 1715 1799 1754 non
1827 1698 2130 1770 percutiat,

495 1790 723 1845 occidit.
761 1811 787 1838 ‹‹
828 1789 1000 1854 Quasi
1056 1788 1259 1861 parieti
1309 1787 1611 1853 inclinato,
1642 1793 1699 1843 et
1730 1791 1996 1843 maceriis
2030 1788 2127 1841 de-

491 1876 694 1951 pulsae.
727 1897 752 1929 ο
791 1877 933 1933 Cum
965 1894 1070 1951 ego
1101 1878 1432 1950 passionem
1484 1877 1599 1949 pati
1650 1877 2001 1946 advenerim,
2035 1893 2133 1932 vos

491 1966 660 2038 quasi
681 1966 929 2021 invitum
956 1966 1100 2021 mori
1127 1965 1353 2038 cogitis.
1379 1965 1577 2035 Aliter,
1601 1965 1778 2021 Juxta
1797 1964 2132 2037 Symmachi

490 2061 682 2111 tamen
715 2055 1253 2127 interpretationem
1281 2072 1292 2110 :
1329 2078 1356 2104 ‹‹
1390 2054 1684 2110 Naturalis
1739 2055 1798 2108 in
1845 2053 2007 2109 vobis
2037 2054 2130 2108 in-

487 2161 686 2200 versus
717 2150 805 2200 est
836 2161 1083 2200 sensus:
1119 2149 1181 2198 ut
1211 2161 1344 2199 cum
1380 2145 1518 2199 recti
1570 2143 1699 2197 sitis
1735 2143 1934 2208 creati,
1964 2142 2130 2214 proni

487 2234 558 2289 ad
593 2235 822 2289 ruinam
856 2233 1142 2289 feramini.
1181 2259 1202 2285 υ

562 2344 584 2372 ι
618 2321 1031 2377 Verumtamen
1065 2323 1316 2394 pretium
1370 2338 1562 2376 meum
1613 2322 2011 2393 cogitaverunt
2044 2337 2130 2375 re-

487 2408 735 2481 pellere:
770 2409 999 2464 cucurri
1031 2410 1087 2464 in
1135 2409 1252 2464 siti.
1286 2430 1310 2461 η
1369 2409 1627 2465 Declinat
1677 2427 1709 2464 a
1757 2409 1995 2479 talibus,
2029 2410 2125 2480 qui

486 2513 600 2551 non
633 2495 824 2550 solum
856 2503 1182 2568 peccatores
1212 2497 1598 2570 impugnant:
1633 2499 1732 2554 sed
1758 2498 2130 2571 etiamjustis

484 2584 763 2639 honorem
791 2584 1018 2640 auferre
1065 2586 1350 2640 nituntur.
1405 2586 1535 2642 Ideo
1584 2588 1766 2642 currit
1814 2589 1873 2642 in
1924 2592 2128 2643 sancta

481 2672 616 2728 siti:
648 2673 784 2744 quia
837 2673 989 2728 beati
1044 2679 1183 2730 sunt
1239 2675 1339 2746 qui
1399 2675 1664 2730 esuriunt
1711 2677 2009 2732 etsitiunt
2033 2679 2127 2748 ju-

480 2762 700 2817 stitiam
733 2762 945 2834 (Matth.
975 2780 1028 2832 v,
1061 2763 1136 2833 6).
1173 2763 1406 2819 Cucurri
1434 2766 1494 2819 in
1521 2767 1635 2822 siti.
1671 2767 1939 2821 Cucurrit
1968 2766 2126 2823 Chri-

478 2856 606 2906 stus
635 2851 706 2907 de
735 2851 896 2920 colo,
928 2853 1084 2908 venit
1113 2852 1172 2906 in
1205 2857 1456 2921 uterum,
1510 2855 1580 2909 de
1628 2859 1790 2910 utero
1821 2855 1879 2910 in
1913 2873 2122 2928 praese-

478 2939 678 3012 pium:
720 2940 807 2996 vel
837 2946 1042 2996 caetera
1073 2941 1164 2997 his
1195 2941 1430 2997 similia.
1465 2942 1736 2998 Cucurrit
1766 2944 1994 3015 sitiens,
2025 2961 2119 3001 ve-

479 3029 564 3083 nit
589 3029 660 3084 ad
694 3029 911 3086 fontem
943 3047 954 3084 :
988 3031 1274 3099 esuriens,
1309 3033 1466 3086 venit
1496 3033 1565 3086 ad
1600 3033 1888 3088 arborem.
1923 3033 2024 3088 Vel
2049 3034 2123 3089 si-

477 3115 624 3186 tivit,
647 3116 704 3171 id
727 3121 835 3184 est,
855 3117 912 3172 in
935 3133 1105 3173 cruce
1127 3117 1375 3173 salutem
1398 3118 1640 3174 humani
1663 3121 1894 3190 generis
1919 3119 2116 3175 sitivit.

2250 543 2721 615 transgressoris.
2772 541 2934 598 Unde
2981 543 3152 599 dicit:
3204 545 3328 600 Filii
3369 545 3600 607 hominum
3621 571 3752 628 usque.

2249 648 2351 702 quo
2379 634 2539 703 gravi
2566 633 2722 688 corde
2751 633 2920 703 (Psal.
2970 649 3044 698 ιν,
3094 632 3192 701 3)?
3231 657 3257 683 ‹‹
3290 633 3554 694 Mendaces
3590 642 3754 702 ﬁliiho-

2252 735 2393 775 num
2425 721 2484 776 in
2524 721 2778 777 stateris.
2814 743 2842 771 »
2875 721 3151 777 Salomon
3200 722 3368 778 dicit:
3413 726 3590 784 Pondus
3611 741 3755 804 ιεροα.

2247 809 2370 876 dus,
2413 825 2668 864 mensura
2723 813 2776 864 et
2829 827 3122 866 mensura:
3182 820 3453 886 utrumque
3497 816 3756 879 abominaiida

2247 899 2391 969 apud
2423 904 2591 954 Deum
2621 899 2802 971 (Prov.
2839 916 2935 966 xx,
2982 901 3090 970 10).
3150 900 3219 955 Et
3268 899 3324 956 in
3380 901 3479 959 alio
3523 903 3620 963 loco
3639 909 3753 967 dicit:

2247 986 2465 1042 Statcra
2482 989 2670 1044 dolosa
2701 989 3090 1045 abominabitis
3120 990 3359 1057 Domino,
3401 1000 3446 1047 et
3480 995 3644 1064 pondus
3669 1016 3757 1071 cqu-

2243 1092 2335 1130 um
2369 1077 2617 1132 voluntas
2644 1078 2764 1148 ejus
2795 1078 2979 1148 (Prov.
3011 1094 3090 1147 XI,
3127 1078 3200 1148 1).

2299 1186 2352 1228 ,α
2382 1165 2569 1221 Nolite
2599 1182 2832 1237 sperare
2860 1165 2921 1222 in
2952 1166 3284 1238 iniquitate.
3332 1172 3387 1223 et
3429 1171 3621 1241 rapinas
3642 1175 3755 1232 nolite

2245 1253 2695 1325 concupiscere:
2749 1253 2965 1310 divitia:
3002 1253 3051 1310 si
3100 1254 3358 1326 afﬂuant,
3381 1255 3628 1316 nolitecor
3649 1279 3756 1335 appo-

2246 1359 2402 1399 nere.
2439 1365 2464 1392 »
2495 1343 2642 1407 Quia
2671 1343 2770 1415 qui
2803 1343 2862 1398 in
2896 1343 2989 1398 his
3020 1345 3358 1415 speraverit,
3400 1362 3605 1418 regnum
3627 1367 3755 1423 capere

2245 1431 2474 1487 cmleste
2495 1449 2607 1487 non
2651 1437 2858 1504 potest.
2887 1432 3048 1487 Unde
3073 1432 3214 1488 dicit
3248 1434 3531 1505 Apostolus
3559 1437 3615 1492 ad
3633 1439 3752 1494 Time

2242 1519 2443 1574 theum
2472 1536 2484 1574 :
2523 1521 2764 1592 Praecipe
2792 1521 3058 1576 divitibus
3086 1520 3250 1592 hujus
3292 1523 3471 1578 saeculi
3509 1541 3596 1580 non
3617 1543 3752 1597 sperari

2241 1609 2300 1662 in
2333 1609 2538 1663 incerto
2564 1609 2936 1676 divitiarum;
2969 1609 3064 1664 sed
3094 1611 3152 1664 in
3188 1610 3294 1664 Dco
3337 1613 3472 1676 vivo,
3516 1615 3593 1684 qui
3612 1621 3752 1686 prastat

2241 1696 2395 1752 nobis
2425 1700 2612 1752 omnia
2639 1698 2992 1754 abundanter
3019 1697 3090 1754 ad
3117 1702 3405 1770 fruendum
3433 1701 3474 1771 (Ι
3499 1702 3604 1756 Tim.
3620 1705 3750 1774 mli}.

2312 1806 2340 1835 «
2375 1785 2564 1840 Semel
2597 1784 2827 1843 locutus
2855 1791 2944 1842 est
2998 1787 3156 1843 Deus
3197 1788 3308 1843 duo
3340 1809 3367 1838 n
3421 1790 3553 1860 quod
3578 1791 3750 1846 situmst

2242 1872 2584 1930 ﬁrmitatem
2615 1875 2906 1931 dictorum
2940 1877 3216 1945 ostendit,
3249 1877 3416 1950 quod,
3444 1877 3550 1946 duo,
3575 1878 3672 1934 Novi
3689 1880 3749 1935 Ve.

2240 1961 2498 2034 terisque
2530 1965 2888 2020 Testamenti
2943 1982 3128 2021 unum
3178 1967 3517 2022 demonstrat
3541 1975 3748 2034 auctorem,

2243 2073 2270 2100 ‹‹
2302 2051 2486 2108 Semel
2517 2051 2751 2108 locutus
2782 2061 2867 2109 est
2897 2053 3053 2110 Deus
3084 2055 3221 2123 duo,
3248 2077 3276 2104 ι»
3306 2055 3418 2112 haec
3452 2056 3750 2114 audivian

2241 2156 2358 2194 non
2379 2141 2451 2195 ad
2480 2157 2793 2197 numerum
2815 2143 3187 2200 referendum
3210 2148 3317 2214 est,
3351 2145 3445 2201 sed
3474 2145 3536 2200 ad
3554 2146 3747 2201 sententis

2244 2227 2599 2286 ﬁrmitatem.
2627 2229 2760 2293 Quae
2792 2236 2930 2286 sunt
2959 2237 3160 2288 autem
3215 2249 3338 2304 quis
3385 2235 3489 2290 duo
3513 2235 3670 2306 pariter
3686 2250 3746 2288 au-

2240 2317 2429 2372 divit?
2459 2319 2525 2373 Et
2554 2334 2724 2391 posse
2753 2321 2930 2376 Deum
2962 2322 3186 2389 omnia,
3215 2326 3271 2377 et
3307 2323 3363 2378 in
3408 2323 3492 2378 sui
3527 2321 3746 2393 judiciive-

2239 2405 2410 2461 ritate
2448 2405 2734 2463 misereri.
2788 2408 3039 2474 Quidam
3092 2411 3174 2465 ita
3220 2410 3448 2467 dicunt:
3493 2411 3745 2467 SemetDus

2238 2493 2470 2550 locutus
2500 2501 2590 2551 est
2619 2496 2678 2551 in
2708 2495 2854 2569 lege,
2888 2501 2944 2552 et
2973 2498 3182 2554 eadem
3229 2516 3426 2555 rursus
3469 2500 3519 2554 in
3547 2496 3745 2569 Evangelio

2238 2583 2530 2656 praecipit:
2570 2605 2596 2636 ι
2625 2585 2755 2640 Haec
2803 2586 3020 2650 audivi,
3075 2586 3212 2660 quia
3268 2593 3502 2661 potestas
3547 2587 3624 2644 Dei
3643 2591 3745 2641 est.»

2238 2672 2341 2726 Per
2369 2671 2487 2727 haec
2518 2675 2632 2728 duo
2685 2675 3085 2743 Testamenta,
3138 2682 3484 2749 potestatem,
3526 2676 3746 2731 misericor-

2234 2759 2412 2828 diam,
2433 2761 2849 2834 justitiamque
2880 2763 2981 2820 Dei
3015 2766 3323 2838 cognovit:
3375 2767 3508 2822 sicut
3543 2763 3744 2836 sequitur:

2231 2849 2363 2903 «Et
2410 2849 2535 2916 tibi,
2586 2850 2849 2920 Domine,
2904 2853 3326 2924 misericordia,
3377 2855 3500 2927 quia
3541 2859 3587 2908 tu
3617 2851 3745 2907 reddes

2234 2936 2740 3010 unicuiquejuxta
2770 2957 2947 3012 opera
2977 2958 3108 2999 sua.
3145 2965 3172 2993 ››
3215 2944 3339 3016 Ipse
3385 2944 3519 2999 enim
3556 2938 3746 3007 omneju-

2231 3025 2450 3081 dicium
2472 3027 2694 3100 accepit
2723 3045 2757 3084 a
2788 3029 2953 3085 Patre
2983 3032 3168 3101 (Joan.
3202 3050 3259 3101 ν,
3289 3033 3395 3103 27),
3426 3036 3483 3086 ut
3506 3025 3743 3102 negligenti-

2231 3115 2338 3171 bus
2390 3115 2850 3184 damnationem,
2905 3119 3326 3190 pmnitentibus
3383 3117 3741 3178 misericordias,

475 3202 639 3259 Unde
668 3203 887 3259 dictum
919 3210 1047 3260 est:
1102 3207 1178 3260 De
1233 3211 1480 3262 torrente
1536 3208 1596 3260 in
1653 3207 1742 3262 via
1787 3207 1923 3262 bibit
1947 3207 2115 3277 (Psal.
2153 3208 2194 3272 C
2225 3205 2406 3275 justis
2438 3206 2676 3276 praemia
2705 3214 3006 3280 praeparet,
3042 3211 3145 3282 qui
3194 3227 3296 3266 nos
3343 3227 3374 3265 a
3407 3208 3594 3280 judicio
3616 3202 3742 3259 ωοτίὶε

476 3308 586 3361 CIx,
617 3294 694 3362 7).
729 3293 796 3348 Et
853 3295 1037 3350 sancti
1095 3301 1338 3350 currunt
1392 3301 1448 3350 et
1507 3294 1747 3351 sitiunt:
1784 3302 2028 3353 currunt
2059 3303 2122 3352 ut

473 3381 692 3438 Paulus
735 3383 912 3438 dicit:
966 3383 1197 3438 Cursum
1252 3386 1644 3454 consummavi,
1694 3384 1856 3454 ﬁdem
1909 3389 2122 3443 servavi

475 3473 543 3538 (II
573 3472 705 3525 Tim.
738 3489 811 3540 ιν,
843 3473 920 3540 7).
954 3472 1194 3540 Sitiunt,
1255 3479 1319 3529 ut
1373 3475 1595 3529 dictum
1656 3479 1778 3529 est:
1825 3475 1980 3530 Beati
2016 3478 2116 3547 qui

475 3559 745 3614 esuriunt
774 3565 830 3614 et
859 3560 1067 3616 sitiunt
1087 3563 1383 3632 justitiam
1411 3579 1422 3616 :
1453 3563 1730 3633 quoniam
1762 3564 1871 3635 ipsi
1896 3570 2118 3621 satura-

476 3645 715 3702 buntur.
776 3667 797 3696 ε
849 3647 956 3702 Ore
1013 3665 1118 3704 suo
1176 3650 1614 3723 benedicebant,
1673 3658 1730 3707 et
1786 3655 1958 3709 corde
2009 3672 2116 3710 suo

473 3733 913 3790 maledicebant.
953 3760 980 3785 ››
1035 3737 1406 3794 Proferebant
1454 3741 1524 3794 ad
1574 3741 1973 3798 seducendum
2020 3760 2116 3802 ore

469 3823 724 3879 venefico
751 3824 921 3893 bona,
955 3842 1086 3880 cum
1122 3827 1274 3882 mala
1303 3828 1577 3884 cordibus
1608 3831 1942 3888 retinerent.

545 3935 565 3961 ι
596 3911 1016 3969 Verumtamen
1069 3914 1184 3970 Deo
1231 3916 1494 3986 subjecta
1543 3919 1652 3973 erit
1698 3919 1895 3976 anima
1943 3938 2108 3978 mea:

468 4000 540 4055 ab
569 3999 698 4073 ipso
730 4002 884 4058 enim
934 4002 1190 4059 salutare
1239 4020 1455 4060 meum.
1509 4007 1654 4062 Nam
1701 4013 1758 4062 et
1803 4008 1926 4080 ipse
1959 4011 2110 4068 Deus

467 4106 653 4158 meus,
688 4095 746 4146 et
775 4092 1050 4149 salutaris
1082 4109 1268 4161 meus,
1319 4095 1554 4166 adjutor
1601 4112 1767 4152 meus
1817 4114 1928 4153 non
1963 4101 2108 4155 emi-

465 4179 665 4250 grabo.
723 4181 786 4236 In
839 4181 954 4237 Deo
1008 4183 1262 4239 salutare
1319 4199 1536 4255 meum,
1584 4185 1768 4256 gloria
1799 4204 1928 4244 mea
1959 4194 2109 4247 Deus

465 4268 664 4322 auxilii
696 4270 825 4339 mei,
854 4276 910 4326 et
941 4289 1074 4342 spes
1107 4289 1236 4328 mea
1283 4272 1339 4328 in
1392 4274 1508 4329 Deo
1559 4280 1665 4331 est.
1707 4299 1733 4322 η
1766 4277 1902 4332 Post
1931 4278 2106 4334 inter-

455 4355 770 4426 jectionem
805 4360 1214 4431 Diapsalmatis
1261 4363 1568 4434 profitetur
1616 4381 1678 4420 se
1719 4365 1837 4421 sive
1870 4367 2107 4438 adjuto-

463 4444 638 4516 rium,
672 4445 788 4502 sive
817 4447 1062 4520 gloriam
1107 4453 1178 4507 ab
1224 4453 1356 4524 ipso
1409 4453 1641 4519 habere,
1688 4455 1787 4526 qui
1838 4457 2004 4513 nobis
2034 4459 2106 4514 de

461 4533 554 4591 his
584 4536 858 4592 omnibus
903 4555 937 4592 a
984 4540 1272 4610 passionis
1321 4559 1439 4597 suis
1489 4545 1841 4601 contumelia
1870 4547 2106 4619 reliquit
2136 4577 2182 4641 Π

457 4641 617 4681 exem
626 4625 741 4698 pla.

527 4736 556 4765 ‹‹
590 4715 827 4787 Sperate
857 4719 914 4773 in
939 4735 1026 4786 eo,
1049 4721 1240 4776 omnis
1275 4724 1646 4795 congregatio
1678 4725 1895 4796 populi.
1925 4748 1951 4774 »
1979 4728 2104 4798 Ipse

456 4809 544 4859 est
566 4809 622 4861 et
659 4805 964 4874 auxilium,
998 4813 1055 4864 et
1087 4826 1257 4881 spes:
1306 4811 1361 4865 in
1413 4829 1527 4883 quo
1577 4813 1769 4869 omnis
1799 4818 1984 4870 costus
2015 4831 2103 4871 ec-

454 4894 814 4952 clesiasticus
857 4913 1090 4970 sperare
1139 4900 1310 4954 debet
1357 4917 1424 4955 ac
1473 4901 1786 4973 deprecari,
1828 4903 1981 4958 sicut
2009 4921 2098 4961 se-

454 4983 689 5051 quitur:
725 5008 752 5034 ‹‹
785 4986 1076 5044 Eﬂ‘undite
1106 5005 1300 5044 coram
1334 4989 1432 5044 illo
1475 4990 1649 5045 corda
1681 4996 1908 5048 vestra:
1943 4993 2098 5051 Deus

455 5068 686 5138 adjutor
716 5079 915 5130 noster
943 5075 1000 5130 in
1051 5080 1349 5134 aeternum.
1386 5101 1412 5127 »
1463 5077 1522 5133 Si
1572 5095 1700 5134 cum
1749 5079 1885 5136 fletu
1918 5081 1968 5136 ei
2001 5099 2096 5138 oc-

451 5156 604 5213 culta
633 5162 896 5218 cordium
932 5181 1282 5238 reseramus,
1319 5172 1382 5222 ut
1409 5183 1612 5223 omnes
1647 5169 1865 5225 faciunt
1886 5171 2091 5240 sancti,

449 5245 740 5315 adjutoria
769 5251 896 5320 ejus
928 5253 1340 5325 adipiscemur.
1391 5256 1537 5310 Nam
1584 5257 1721 5328 quia
1743 5257 1861 5313 haec
1890 5276 2093 5330 pecca-

449 5338 605 5390 tores
634 5337 934 5408 omittunt,
980 5343 1192 5413 adjecit
1225 5360 1238 5400 :
1299 5368 1325 5395 «
1359 5345 1775 5401 Verumtamen
1824 5350 1953 5403 vani
1988 5349 2090 5404 filii

447 5422 774 5494 hominum,
809 5430 1119 5487 mendaces
1151 5433 1251 5487 tilii
1304 5433 1612 5490 hominum
1668 5435 1725 5490 in
1759 5438 1995 5492 steteris
2027 5442 2091 5492 ut

2230 3293 2439 3365 eripiat
2467 3312 2479 3349 :
2515 3311 2739 3366 nosque
2766 3295 2878 3351 sibi
2906 3298 3080 3368 quasi
3123 3297 3384 3354 alumnos
3429 3294 3638 3369 proprios
3659 3289 3740 3345 sub-

2230 3382 2348 3447 dat,
2382 3383 2826 3454 conformesque
2872 3386 3105 3458 corpori
3147 3403 3252 3442 suo
3303 3387 3488 3451 factos,
3537 3375 3740 3436 aternitati

2231 3475 2520 3542 perpetuae
2551 3470 2860 3544 dignanter
2891 3473 3201 3532 adsciscat.
3255 3499 3281 3526 ‹‹
3311 3475 3445 3540 Quia
3469 3462 3739 3545 potestast

2226 3564 2333 3614 est.
2371 3582 2398 3609 »
2431 3559 2690 3616 Potestas
2724 3561 2850 3628 fuit,
2877 3562 3014 3634 quia
3037 3580 3244 3620 omnes
3279 3569 3542 3620 creaturas
3563 3552 3738 3614 exnihilo

2226 3648 2458 3704 creavit.
2492 3648 2912 3721 Misericordia,
2943 3651 3000 3706 in
3035 3653 3318 3725 regendo,
3363 3656 3416 3708 et
3455 3639 3741 3723 gubernando-

2224 3740 2489 3792 Potestas
2513 3737 2621 3792 fuit
2643 3737 2700 3792 in
2734 3737 2947 3796 diluvio
2976 3758 2990 3808 ;
3033 3741 3425 3798 misericordia
3460 3727 3741 3793 liberavitNoe

2223 3824 2375 3897 (Gen.
2408 3843 2486 3881 vn
2511 3829 2561 3882 et
2589 3827 2735 3898 vm).
2773 3847 2793 3875 α
2823 3829 2969 3893 Quia
3000 3833 3066 3885 tu
3116 3830 3318 3886 reddes
3364 3821 3741 3896 unicuiquerin

2221 3931 2393 3986 opera
2424 3932 2566 3986 sua;
2605 3937 2632 3965 »
2665 3916 2815 3971 bona
2840 3917 3037 3989 bonis,
3075 3919 3225 3974 mala
3253 3917 3432 3975 malis.
3454 3916 3738 3977 Damnaspec'

2221 4007 2465 4072 catores,
2499 4021 2838 4061 remuneras
2869 4007 3087 4077 justos.

2773 4094 3110 4152 PSALMUS
3156 4096 3314 4152 LXII.

2221 4165 2474 4219 Psalmus
2502 4163 2672 4220 David
2701 4181 2827 4222 cum
2879 4173 3019 4221 esset
3080 4171 3140 4223 in
3192 4168 3388 4224 deserto
3438 4153 3731 4220 Idumaei):-

2287 4235 2380 4313 vid
2414 4236 2662 4313 ligurum
2716 4241 2901 4313 tenet_
2926 4239 3160 4313 Christi.
3185 4237 3389 4313 _Dav_id
3436 4226 3732 4313 inter-prcutit]?

2285 4305 2686 4376 fortis—manu.
2719 4309 2838 4363 sive
2867 4307 3259 4366 desiderabilis.
3297 4310 3521 4364 Idumen
3545 4305 3729 4376 inuti)”:

2285 4365 2461 4454 tatur
2473 4365 2795 4454 sanguinea,
2829 4365 3231 4454 siveterrena.
3248 4365 3554 4454 Desertum,
3571 4371 3646 4425 hoc

2285 4429 2770 4528 deiiélié't’sirili’d"
2783 4429 2903 4517 ἐἑῄ
2923 4429 3078 4528 ’ίὶὲέέ
3095 4429 3730 4528 ’ὖόρεἷιῖιῖ-ίῦᾁέίερειίέἷῗέ

2284 4520 2542 4592 gentilis,
2573 4509 2673 4600 qui
2693 4522 2773 4600 _in
2803 4509 3144 4600 .sa'ng‘uine.
3172 4509 3258 4579 vel
3306 4509 3731 4600 terrenjsﬂjflfﬂ‘ﬂf

2283 4573 3269 4650 saansaan:genusgenus;
3301 4573 3729 4656 Dominicidedmi

2285 4663 2628 4747 mysterium
2659 4681 2671 4719 :
2707 4664 2778 4720 de
2808 4681 2929 4747 quo
2955 4681 3017 4747 se
3049 4666 3321 4747 propheta
3351 4661 3499 4735 quasi
3527 4655 3726 4710 illumina-

2283 4738 2409 4790 tum
2451 4751 2714 4801 cernens,
2747 4736 3000 4792 exsultat
3027 4736 3086 4793 et.
3113 4736 3255 4792 dicit
3280 4753 3293 4790 :

2283 4845 2310 4872 «
2344 4823 2517 4891 Deus,
2550 4823 2705 4880 Deus
2736 4840 2926 4894 meus,
2957 4826 3027 4881 ad
3055 4830 3110 4882 te
3139 4828 3208 4882 de
3234 4825 3355 4881 luce
3388 4817 3556 4893 vigilo-
3585 4805 3726 4905 ibi?”

2209 4928 2413 4968 omnes
2442 4913 2626 4968 sancti
2660 4913 2719 4967 in
2752 4913 2868 4969 Deo
2899 4913 2992 4970 die
3027 4921 3313 4988 noctuque
3334 4907 3566 4982 vigilant:
3595 4895 3724 4988 hitit

2208 5018 2340 5056 men
2376 5001 2430 5056 in
2461 5000 2722 5058 oratione
2753 5019 2881 5071 sua,
2917 5003 3086 5076 pleno
3130 5004 3325 5060 divinis
3352 4997 3484 5056 lucis
3509 4981 3722 5092 εριοξξίξοξξ

2208 5089 2470 5161 refulget.
2505 5112 2533 5139 «
2564 5090 2755 5145 Sitivit
2788 5091 2846 5146 in
2879 5072 2935 5148 te
2965 5092 3160 5148 anima
3189 5108 3331 5159 mea,
3357 5100 3511 5160 quam
3534 5072 3720 5172 {animi}:

2205 5153 2470 5234 citertibi
2495 5195 2626 5234 caro
2680 5179 2845 5235 mea!
2883 5180 2942 5235 In
2992 5187 3144 5237 terra
3195 5153 3423 5242 deserta,
3465 5175 3515 5227 et
3540 5153 3718 5242 invisit!t

2203 5267 2507 5340 inaquosa.
2543 5290 2571 5317 ››
2602 5267 2738 5323 Sitit
2767 5268 2825 5324 in
2864 5275 2994 5338 Deo,
3029 5275 3091 5325 ut
3120 5271 3339 5337 animm,
3370 5270 3422 5320 et
3455 5253 3607 5315 cordis
3627 5241 3714 5299 atie-

2201 5361 2294 5411 ctu
2325 5375 2337 5412 :
2372 5355 2516 5412 nihil
2550 5355 2820 5425 dubium,
2853 5358 2998 5414 nihil
3032 5360 3326 5415 adversum
3357 5355 3406 5409 in
3433 5365 3483 5404 se
3505 5340 3712 5425 retinent:

2200 5445 2299 5501 sed
2334 5445 2484 5501 inter
2530 5444 2834 5502 ariditates
2893 5464 2957 5502 ac
3014 5447 3344 5504 solitudines
3396 5436 3539 5494 istius
3564 5415 3710 5482 seculi,

445 5512 755 5584 decipiant,
790 5516 899 5588 ipsi
932 5517 990 5573 in
1038 5522 1289 5576 vanitate
1347 5523 1405 5577 in
1463 5523 1741 5595 idipsum.
1779 5547 1805 5575 »
1839 5525 1945 5590 Qui
1978 5527 2088 5582 sub

2233 5551 2331 5589 um
2363 5538 2482 5590 tota
2514 5538 2704 5591 mente
2733 5534 3050 5593 desiderat:
3083 5535 3244 5592 illum
3287 5531 3482 5589 habens
3505 5515 3709 5577 ardorem,

435 5602 684 5680 justitis:
712 5607 1129 5682 ponderatione
1185 5614 1362 5686 atque
1414 5611 1760 5687 eloquentia
1812 5616 2086 5694 vanitate,
2196 5640 2311 5698 quo
2331 5623 2567 5698 justitia
2594 5622 2694 5681 Dei
2725 5623 2944 5684 sititur.
2978 5649 3006 5679 «
3032 5624 3216 5684 Sitivit
3251 5623 3306 5680 in
3349 5625 3400 5677 te
3424 5610 3584 5672 enim!
3601 5605 3703 5657 ω’
