3964 6190
191 365 352 432 {Otii
1368 363 1858 427 BREVIAR‘IUM
1877 379 1880 382 ‘

2046 363 2410 425 PSALMOS.
3441 374 3596 434 1062

187 515 370 572 quam
398 495 802 570 multipliciter
826 495 932 552 tibi
964 511 1096 551 caro
1127 511 1275 552 mea.
1306 518 1326 544 υ
1361 496 1571 552 Anima
1597 497 1835 568 quidem
1867 501 1919 566 Α
1949 498 2301 552 conﬁtentur
2324 497 2674 568 adjutorem,
2707 498 2845 570 quia
2873 514 2976 571 per
3008 501 3402 577 integritatem
3436 506 3593 578 ﬁdei,

189 588 486 645 desiderat-
510 587 728 654 Deum;
761 585 862 642 sed
894 586 963 640 ad
995 585 1390 641 desideratum
1424 586 1598 641 tinem
1647 585 1840 640 carnis
1952 583 2240 638 matutina
2283 583 2410 654 ejus
2441 584 2761 640 delectatur
2782 591 3226 647 resurrectione.
3263 593 3517 650 Ultinam
3543 600 3599 650 et

188 676 491 734 laboribus
521 675 872 748 pervenitur.
907 675 1039 730 Ideo
1069 673 1469 746 multipliciter
1494 691 1624 730 caro
1661 676 1840 730 Deum
1951 689 2057 729 nos
2080 689 2181 745 per
2212 672 2582 744 splendorem
2616 674 2743 746 puri
2776 675 3024 746 pectoris
3048 696 3408 738 mereremur
3439 684 3497 738 in
3531 701 3596 740 eo

195 764 406 839 quaerit
439 780 453 818 :
488 763 627 836 quia
674 761 878 818 multis
929 762 1207 835 afflicitur
1251 762 1508 834 injuriis.
1559 763 1844 818 Describit
1954 760 2242 833 spirituali
2273 761 2473 816 laetitia
2503 761 2799 818 delectari.

185 852 338 927 justi
368 852 474 907 viri
505 854 842 926 egestatem,
871 855 1184 918 tormenta,
1215 851 1464 924 vigilias,
1511 851 1842 925 mgrotatio-
2026 874 2053 898 «
2086 851 2154 904 Et
2183 851 2242 904 in
2272 849 2596 906 velamento
2636 852 2862 908 alarum
2908 859 3144 911 tuarum
3193 859 3514 916 exsultabo.
3569 884 3594 911 η

197 959 355 999 nem.
406 941 596 997 Sitivit
648 939 927 996 Dominus
974 940 1150 995 ﬁdem
1196 939 1485 1008 Ecclesiae,
1519 945 1574 996 et
1604 941 1847 996 esurivit
1956 938 2819 1011 leestis,auxiliiprotectione
2841 960 2902 998 se
2923 945 3233 1000 tutandum
3263 952 3447 1019 putat;
3474 949 3599 1004 ideo

197 1031 450 1088 salutem
479 1028 724 1084 humani
757 1027 1006 1100 generis.
1053 1028 1148 1083 Sic
1197 1032 1253 1084 et
1300 1028 1558 1085 Ecclesia
1589 1030 1847 1101 quotidie
1957 1027 2016 1082 in
2047 1044 2113 1084 eo
2139 1028 2412 1084 exsultat.
2453 1049 2478 1079 α
2509 1030 2764 1084 Adhaesit
2793 1033 2989 1088 anima
3026 1050 3156 1089 mea
3208 1041 3338 1106 post
3375 1041 3430 1090 te
3462 1054 3474 1091 :
3511 1053 3602 1092 me

197 1120 322 1177 sitit
366 1118 686 1174 Christum.
732 1115 896 1172 Unde
932 1115 1154 1190 dicitur
1202 1133 1216 1171 :
1253 1119 1416 1172 Beati
1455 1119 1550 1190 qui
1593 1120 1848 1173 esuriant
1957 1117 2216 1188 suscepit
2241 1117 2475 1172 dextera
2503 1122 2622 1171 tua.
2663 1140 2688 1165 ››
2723 1118 2939 1175 Relicto
2972 1123 3205 1192 saculo,
3256 1124 3356 1178 Dei
3408 1125 3601 1180 dexte-

196 1214 254 1266 et‘
305 1209 505 1263 sitiunt
551 1207 829 1278 justitiam
884 1224 902 1260 :
959 1206 1223 1276 quoniam
1278 1207 1386 1277 ipsi
1450 1207 1850 1262 saturabuntur
1958 1223 2042 1271 ra,
2087 1206 2142 1260 id
2175 1210 2263 1260 est
2292 1207 2363 1261 ab
2395 1207 2521 1276 ejus
2553 1205 2818 1278 salutari,
2852 1226 2912 1264 se
2945 1217 3281 1282 susceptum
3333 1218 3602 1269 testatur.

197 1297 415 1369 (Matth.
448 1312 503 1364 v,
531 1297 607 1367 6).
641 1317 668 1344 ‹‹
701 1293 1096 1366 Multipliciter
1123 1310 1276 1362 caro,
1310 1316 1337 1343 »
1373 1293 1510 1366 quia
1536 1295 1670 1367 plus
1716 1311 1846 1350 sus-
2030 1317 2056 1344 «
2094 1295 2207 1365 lpsi
2240 1309 2392 1348 vero.
2422 1312 2448 1344 ι»
2493 1296 2605 1349 Ηοο
2635 1301 2742 1365 est,
2774 1297 3015 1353 inimici.
3058 1320 3083 1350 «
3116 1299 3176 1353 In
3209 1317 3425 1357 vanum
3455 1319 3608 1374 quaa-

201 1388 348 1442 tinet
376 1401 531 1451 caro,
562 1400 738 1456 quam
769 1383 983 1439 anima.
1018 1383 1295 1446 Quamvis
1325 1384 1522 1439 anima
1553 1399 1655 1456 per
1695 1383 1849 1456 cogi-
1959 1381 2186 1437 sierunt
2215 1382 2473 1437 animam
2514 1399 2724 1438 meam.
2763 1407 2789 1432 ››
2813 1385 2957 1450 Quia
2990 1386 3286 1444 incassum
3319 1389 3369 1446 ei
3402 1408 3608 1447 nocere

198 1475 482 1532 tationem
514 1473 803 1529 crucietur
830 1472 888 1526 in
921 1486 1158 1544 corpore
1190 1489 1203 1526 :
1238 1488 1449 1545 corpus
1480 1477 1676 1528 tamen
1718 1489 1852 1528 sus-
1959 1471 2284 1526 voluerunt.
2327 1494 2353 1521 (ι
2387 1471 2713 1527 Introibunt
2743 1473 2800 1527 in
2837 1474 3108 1530 inferiora
3138 1481 3320 1533 terrae.
3354 1499 3380 1530 η
3419 1481 3481 1535 In
3515 1481 3608 1536 in-

200 1565 416 1620 tiuet-a-
438 1562 578 1618 foris
614 1560 1076 1617 tribulationem.
1127 1559 1266 1615 Vult
1312 1561 1546 1616 liberari
1579 1577 1592 1616 :
1627 1561 1686 1616 id
1738 1566 1847 1628 est,
1963 1559 2122 1614 terno
2153 1559 2608 1614 damnabuntur.
2632 1584 2651 1609 ιι
2687 1562 3016 1617 Tradentur
3041 1565 3098 1619 in
3129 1583 3337 1622 manus
3367 1568 3606 1640 gladii.»

203 1654 494 1726 deponere
521 1649 958 1706 mortalitatem.
995 1671 1022 1699 «
1049 1648 1111 1704 In
1144 1653 1298 1705 terra
1329 1650 1580 1722 deserta,
1612 1655 1669 1706 et
1697 1651 1854 1706 invia
1963 1650 2024 1702 In
2059 1649 2502 1720 perpetuitatem
2534 1653 3204 1723 tormentorum,quibus
3225 1655 3609 1713 detruncandi

206 1745 267 1798 et
294 1741 595 1813 inaquosa.
630 1761 659 1789 »
693 1741 756 1794 ln
789 1739 1036 1804 deserto,
1071 1738 1171 1794 ubi
1225 1755 1341 1794 non
1389 1743 1479 1795 est
1524 1739 1617 1794 via
1664 1755 1854 1811 neque
1964 1740 2368 1792 sunt.«Partes
2398 1736 2663 1810 vulpium
2694 1740 3155 1797 erunt.»Sortem
3173 1745 3546 1816 Ilerodis,qui
3580 1763 3614 1801 a

205 1848 383 1904 aqua,
418 1830 677 1885 mundus
705 1827 1070 1900 intelligitur.
1105 1832 1433 1896 Desertum,
1463 1834 1698 1900 propter
1719 1844 1856 1900 pec-
1887 1863 1934 1928 Β
1965 1826 2211 1881 Domino
2241 1825 2444 1896 vulpes
2472 1827 2665 1882 dictus
2695 1833 2806 1894 est,
2838 1831 3168 1900 suscepturi
3197 1834 3613 1902 (Luaxui,3°2.)

208 1927 436 1976 catores
483 1919 716 1974 dicitur.
751 1940 778 1967 «
813 1917 906 1973 Sic
934 1916 995 1971 in
1028 1921 1230 1972 sancto
1276 1917 1520 1990 apparui
1568 1917 1693 1972 tibi.
1734 1940 1760 1967 ››
1797 1918 1856 1972 ln
1889 1913 1934 1928 "
2039 1937 2066 1963 ‹‹
2102 1915 2219 1969 Rex
2266 1930 2396 1968 vero
2444 1913 2734 1969 laetabitur
2782 1916 2838 1970 in
2892 1919 3154 1974 Domino.
3195 1943 3214 1968 ιι
3252 1921 3520 1977 Christus
3553 1923 3613 1977 in

204 2007 458 2065 hacsibi
487 2008 725 2080 degens,
776 2011 1017 2061 sanctus
1066 2006 1356 2078 apparebo
1404 2006 1529 2061 tibi.
1573 2006 1677 2061 Hic
1726 2024 1857 2079 pro-

206 2098 655 2172 pheta-propter
684 2111 847 2167 spem
879 2111 1070 2159 suam,
1115 2095 1380 2148 futurum
1430 2111 1532 2166 pro
1565 2095 1859 2166 praeterito

208 2186 431 2260 posuit.
474 2208 503 2236 «
559 2185 627 2241 Ut
674 2183 928 2238 viderem
971 2182 1248 2237 virtutem
1297 2186 1458 2237 tuam
1507 2187 1565 2237 et
1612 2182 1859 2254 gloriam

206 2281 400 2331 tuam.
440 2295 466 2327 η
519 2272 816 2328 Christum
858 2271 1061 2342 utique
1103 2271 1227 2342 qui,
1267 2271 1442 2340 juxta
1488 2272 1858 2342 Apostolum,

208 2365 406 2421 Patris
436 2368 492 2418 et
520 2362 705 2416 virtus
734 2365 792 2415 et
821 2358 1055 2415 claritas
1085 2364 1174 2414 est
1202 2360 1247 2431 (Ι
1280 2359 1400 2415 Cor.
1434 2376 1588 2427 xxxv,
1621 2360 1860 2431 30).Vir-

210 2459 387 2510 tatem
415 2469 434 2506 :
465 2451 603 2522 quia
628 2449 766 2504 vicit
793 2447 1112 2516 diabolum,
1149 2447 1415 2503 liberavit
1443 2465 1628 2521 genus
1659 2449 1865 2504 huma-

213 2557 387 2597 num.
418 2539 708 2595 Virtutem
740 2537 901 2609 dicit,
934 2537 1074 2610 quia
1102 2537 1253 2608 quod
1280 2538 1566 2607 inﬁrmum
1611 2541 1690 2593 est
1736 2540 1862 2606 Dei,

210 2629 423 2700 fortius
448 2636 527 2684 est
554 2627 863 2683 hminibus
891 2626 1048 2696 (Ibid.
1077 2625 1188 2701 25).
1225 2649 1252 2678 «
1285 2627 1378 2682 Sic
1410 2627 1470 2682 in
1507 2632 1707 2682 sancto
1758 2644 1866 2699 ap-

216 2717 391 2791 parui
423 2716 550 2784 tibi,
579 2736 605 2769 ι
637 2715 696 2770 id
729 2719 820 2771 est
846 2715 906 2769 in
945 2719 1148 2771 sancto
1195 2715 1500 2771 desiderio.
1554 2739 1582 2766 «
1631 2716 1698 2770 Et
1744 2715 1868 2787 glo-

216 2808 373 2864 riam
401 2811 586 2876 tuam,-
637 2827 666 2856 »
719 2805 778 2859 id
821 2808 931 2869 est,
975 2802 1223 2875 gloriam
1264 2804 1622 2876 resurgentis
1653 2822 1686 2859 a
1716 2821 1869 2860 mor-

217 2896 368 2964 tuis,
402 2894 660 2951 sedentis
691 2893 763 2949 ad
795 2893 1091 2949 dexteram
1123 2893 1330 2950 Patris.

313 3005 341 3034 ‹‹
373 2984 519 3048 Quia
542 2982 748 3038 melior
777 2987 865 3038 est
884 2983 1286 3038 misericordia
1316 2989 1417 3038 tua
1437 2999 1614 3056 super
1641 2984 1808 3039 vitas.
1848 3006 1869 3032 ι

221 3073 627 3131 Misericordia
651 3080 748 3127 tua
774 3071 952 3126 vitam
984 3076 1219 3143 praestat
1247 3076 1544 3128 aeternam.
1579 3071 1708 3127 Vita
1736 3089 1878 3145 prae-

222 3179 368 3219 sens
397 3178 550 3234 saepe
581 3165 829 3216 mortem
856 3164 1148 3232 operatur.
1187 3184 1207 3209 ι
1244 3160 1642 3217 Misericordia
1688 3167 1810 3231 tua,
1846 3182 1874 3212 »

1969 2003 2133 2058 Patre
2164 2007 2295 2074 post
2324 2003 2832 2059 resurrectionem.
2869 2029 2895 2054 ‹‹
2933 2006 2999 2061 Et
3050 2007 3449 2064 laudabuntur
3486 2027 3614 2066 om-

1970 2107 2073 2146 nes
2104 2092 2202 2162 qui
2237 2097 2473 2162 sperant
2507 2091 2564 2144 in
2597 2108 2683 2147 eo.
2719 2116 2746 2142 ››
2778 2093 2885 2156 Qui
2921 2101 3194 2168 suscepta
3249 2104 3617 2156 sacramenta

1970 2181 2096 2252 ejus
2126 2179 2538 2235 inviolabiliter
2567 2187 2958 2237 servaverunt.
2995 2206 3021 2232 «
3055 2185 3200 2248 Quia
3244 2187 3612 2242 obstructum

1971 2274 2060 2324 est
2087 2286 2152 2324 os
2182 2268 2548 2339 loquentium
2598 2269 2819 2341 iniqua.
2857 2294 2883 2319 ››
2914 2272 3252 2328 ,Ιυείωονυῐῐι
3305 2281 3362 2330 et
3412 2277 3622 2348 princi-

1973 2373 2112 2429 pum
2146 2357 2514 2412 sacerdotum
2558 2374 2620 2412 os
2677 2366 3014 2432 resurgente
3060 2363 3304 2420 Domino
3336 2365 3620 2437 epilatum

1974 2452 2083 2511 est,
2115 2451 2407 2501 crescente
2437 2447 2771 2502 testimonio
2801 2449 3076 2505 veritatis.
3121 2451 3188 2505 Et
3215 2469 3318 2507 nos
3346 2454 3619 2524 deprece-

1978 2551 2110 2590 mur
2166 2535 2478 2589 Dominum
2514 2551 2525 2587 :
2562 2540 2626 2590 ut
2657 2535 2714 2590 in
2747 2537 2875 2607 ejus
2909 2536 3094 2594 lucem
3153 2541 3483 2612 vigilantes,
3535 2542 3622 2614 ip-

1977 2641 2108 2679 sum
2168 2622 2388 2695 jugiter
2455 2623 2737 2693 sitientes,
2792 2643 3144 2696 mereamur,
3205 2645 3270 2684 eo
3320 2629 3624 2704 largiente,

1979 2714 2148 2770 bonis
2177 2712 2450 2785 operibus
2480 2713 2806 2785 adimpleri.

2528 2803 2864 2858 PSALMUS
2897 2804 3070 2860 LXllI

1983 2896 2041 2950 In
2086 2895 2252 2963 ﬁnem
2305 2894 2564 2947 Psalmus
2592 2893 2780 2948 David.
2817 2893 3084 2950 Psalmus
3123 2913 3318 2952 vocem
3371 2900 3630 2954 continet

2056 2965 2347 3091 propheta
2380 2964 2561 3019 Deum
2583 2965 2804 3036 jugiter
2833 2965 3203 3090 deprecantis
3236 2986 3248 3022 :
3287 2973 3349 3023 ut
3379 2986 3494 3024 non
3536 2986 3630 3024 so-

2082 3053 2177 3090 um
2211 3052 2320 3090 sua
2350 3041 2602 3091 peccata.
2637 3037 2737 3090 sed
2787 3040 2844 3091 et
2887 3038 3001 3091 aia
3050 3037 3338 3091 malorum
3387 3056 3628 3091 venena.

2082 3053 2177 3090 um
2211 3052 2320 3090 sua
2350 3041 2602 3107 peccata,
2637 3037 2737 3090 sed
2787 3040 2844 3091 et
2887 3037 3001 3092 alia
3050 3037 3338 3094 malorum
3387 3056 3628 3106 venena,

2058 3109 2184 3189 ipso
2214 3110 2567 3189 protegente,
2600 3107 2785 3189 possit
2813 3109 3073 3189 evadere.
3106 3112 3214 3165 Sed
3240 3117 3302 3189 et
3332 3129 3437 3189 nos
3468 3112 3634 3168 intel-

2060 3179 2237 3254 ligere
2266 3179 2663 3254 debemus_id
2690 3180 2852 3254 _qu_od
2901 3179 2962 3235 in
3007 3196 3072 3236 eo
3124 3183 3372 3254 canitur,
3406 3183 3464 3238 in
3517 3200 3635 3240 cre-

224 3268 351 3324 qua
379 3229 639 3306 liberasti
670 3266 777 3305 nos
808 3229 1188 3321 deipotestate
1217 3249 1454 3306 diaboli.
1488 3273 1515 3299 «
1544 3250 1721 3305 Labia
1750 3229 1881 3306 mea
1909 3229 1951 3297 α
2061 3229 2544 3321 ngiii'bﬁé'ﬁé'ééé
2565 3229 2814 3320 nifpiéii'.

227 3341 564 3397 laudabunt
587 3337 1029 3408 te,Domine.Sic
1049 3339 1390 3394 benedicam
1404 3343 1459 3394 te
1479 3339 1538 3394 in
1554 3339 1674 3394 vita
1696 3356 1842 3395 mea.
1855 3362 1882 3389 ››

232 3431 388 3486 Bene
418 3429 476 3484 in
505 3429 625 3484 vita
643 3444 752 3484 sua
780 3426 953 3482 labiis
976 3427 1160 3482 Deum
1183 3427 1510 3499 laudat,qui
1533 3428 1590 3482 in
1625 3445 1690 3483 eo
1711 3427 1880 3484 vivit:

232 3519 379 3590 quia
408 3517 519 3573 scit
547 3517 686 3572 alibi
717 3515 938 3571 dictum
965 3532 976 3570 :
1005 3517 1122 3571 Non
1150 3517 1356 3571 mortui
1386 3517 1693 3572 laudabunt
1713 3517 1886 3582 te,Do-

230 3610 390 3663 mine
408 3606 585 3679 (Psal.
613 3621 770 3671 cxiii,
796 3606 903 3677 17).
932 3609 1069 3660 Post
1090 3604 1574 3672 misericordiam,
1598 3605 1729 3661 laus
1753 3623 1766 3662 :
1793 3606 1886 3660 hic

234 3697 480 3765 orando,
516 3695 634 3750 illic
667 3695 979 3750 laudando.
1015 3717 1042 3743 ‹‹
1075 3695 1144 3748 Et
1172 3695 1230 3748 in
1263 3695 1498 3750 nomine
1538 3700 1636 3750 tuo
1686 3694 1886 3750 levabo

238 3801 455 3841 manus
488 3800 667 3840 meas.
703 3804 730 3832 »
762 3783 1004 3838 Perfecti
1039 3783 1230 3854 operis
1262 3783 1412 3838 bono
1445 3788 1560 3838 ate
1605 3784 1888 3839 sublima-

238 3875 378 3942 bor;
409 3873 676 3928 Christus
707 3877 828 3928 tota
858 3872 950 3927 die
980 3871 1257 3944 expandit
1288 3888 1499 3926 manus
1530 3872 1588 3926 in
1620 3888 1790 3927 cruce
1816 3871 1888 3927 ad

239 3961 526 4036 populum
577 3979 691 4017 non
742 3961 1094 4028 credentem,
1140 3964 1197 4015 et
1244 3959 1736 4015 contradicentem
1777 3961 1889 4016 sibi

239 4053 376 4125 (Isa.
411 4068 534 4121 va,
564 4051 640 4123 2).
674 4048 848 4105 Velut
878 4048 1097 4105 Paulus
1129 4049 1188 4104 in
1221 4065 1499 4121 personas
1548 4053 1886 4104 sanctorum

238 4143 446 4198 levans
478 4157 690 4196 manus
712 4155 890 4212 puras
919 4138 1044 4194 sine
1067 4139 1152 4193 ira
1176 4143 1232 4193 et
1258 4136 1729 4210 disceptatione(l
1753 4139 1888 4193 Tim.

242 4248 309 4302 ιι,
339 4231 414 4296 8).
446 4230 552 4284 Per
582 4245 793 4284 manus
827 4245 1004 4299 opera
1032 4226 1443 4300 intelliguntur
1475 4243 1488 4282 :

327 4340 348 4368 ι
391 4319 555 4374 Sicut
600 4317 790 4390 adipe,
841 4320 898 4372 et
944 4316 1298 4389 pinguedine
1350 4315 1644 4388 repleatur
1692 4317 1894 4372 anima

249 4413 464 4474 mea,et
491 4407 664 4464 labiis
684 4404 1089 4461 exsultationis
1117 4405 1382 4460 laudabit
1413 4422 1475 4460 os
1507 4407 1890 4461 meum.»Non

244 4500 306 4553 in
336 4496 506 4569 adipe
535 4512 600 4551 ac
631 4494 984 4568 pinguedine
1015 4493 1311 4548 hircorum
1342 4493 1428 4549 vel
1459 4509 1778 4566 agnorum;
1813 4496 1890 4550 si-

2065 3360 2092 3388 ‹‹
2124 3337 2364 3404 Exaudi,
2393 3337 2885 3406 l)eus,orationem
2919 3355 3110 3395 meam
3141 3357 3276 3396 cum
3308 3343 3587 3413 deprecor
3620 3359 3632 3396 :

1993 3446 2026 3482 a
2054 3427 2263 3482 timore
2294 3425 2516 3480 inimici
2555 3424 2711 3495 eripe
2751 3426 3008 3482 animam
3061 3445 3273 3484 meam.
3311 3452 3338 3480 »
3371 3430 3642 3486 Credenti

1997 3521 2199 3582 Deum,
2231 3514 2417 3569 multa
2438 3518 2576 3569 sunt
2613 3519 2994 3587 tentamenta,
3029 3519 3352 3574 secundum
3392 3522 3640 3591 Aposto-

1994 3605 2119 3660 lum
2156 3621 2166 3658 :
2203 3603 2416 3668 Omnes,
2449 3602 2662 3674 inquit,
2679 3605 2774 3674 qui
2797 3605 2984 3660 volunt
3014 3608 3103 3676 pie
3131 3610 3310 3663 vivere
3344 3609 3400 3662 in
3435 3607 3645 3664 Christo

1993 3694 2139 3759 Jes'u,
2167 3692 2592 3762 persecutionem
2621 3694 2918 3762 patiuntur
2951 3695 3024 3764 (Il
3052 3697 3182 3750 Tim.
3219 3715 3304 3763 Ill,
3339 3697 3449 3769 12).
3483 3696 3646 3754 Unde

1998 3783 2220 3836 intente
2251 3797 2357 3835 nos
2405 3781 2461 3834 in
2511 3781 2875 3837 orationibus
2907 3783 3146 3856 vigilare
3178 3791 3425 3857 oportet,
3460 3791 3524 3842 nt
3557 3802 3647 3842 re-

1999 3885 2260 3944 pugnare
2299 3869 2595 3940 possimus
2651 3869 2828 3926 vitiis.
2861 3874 2898 3927 A
2937 3874 3127 3929 timore
3158 3876 3380 3929 inimici
3406 3894 3424 3928 :
3453 3876 3509 3930 id
3537 3881 3646 3946 est,

1998 3958 2213 4014 diaboli
2248 3957 2634 4029 persecutoris
2663 3976 2675 4014 :
2704 3963 2767 4014 ut
2798 3959 2938 4016 illud
2969 3979 2980 4015 :
3007 3963 3189 4018 Nolite
3218 3965 3412 4018 timere
3440 3979 3528 4018 eos
3551 3965 3652 4035 qui

1996 4048 2250 4104 occidunt
2279 4062 2492 4118 corpus,
2526 4048 2772 4102 animam
2802 4057 2989 4105 autem
3036 4067 3146 4105 non
3185 4055 3409 4122 possunt
3438 4052 3648 4107 occide-

1999 4155 2092 4199 re;
2119 4137 2212 4192 sed
2239 4138 2425 4208 potius
2457 4152 2579 4190 eum
2610 4137 2807 4201 timete,
2841 4139 2937 4207 qui
2973 4145 3150 4208 potest
3192 4156 3386 4210 corpus
3434 4149 3485 4195 et
3531 4142 3652 4195 ani-

1999 4243 2144 4281 mam
2171 4225 2403 4296 perdere
2435 4226 2490 4278 in
2515 4225 2830 4295 gehennam
2853 4226 3056 4297 (Matth.
3091 4245 3146 4294 x,
3179 4229 3290 4299 28).

2076 4337 2104 4364 ‹‹
2136 4313 2440 4368 Protexisti
2466 4330 2558 4368 me
2584 4330 2616 4368 a
2637 4320 2922 4369 conventu
2947 4315 3416 4388 malignantium,
3443 4336 3477 4374 a
3499 4317 3649 4374 mul-

2001 4403 2250 4459 titudine
2298 4402 2664 4474 operantium
2724 4401 3094 4474 iniquitatem
3156 4424 3167 4460 :
3230 4407 3369 4478 quia
3416 4424 3652 4464 exacue-

2002 4495 2142 4547 runt
2180 4495 2246 4545 ut
2276 4488 2797 4562 gladium-linguas
2823 4493 3416 4568 suas.»Malignantur
3439 4496 3647 4566 iniqui,

200 4629 206 4635 .
249 4591 351 4643 cut
379 4586 708 4658 priscorum
739 4581 1282 4638 holocautomatum
1305 4598 1431 4636 mos
1461 4586 1578 4650 est;
1603 4583 1703 4637 sed
1723 4583 1895 4638 corde
1926 4595 1972 4660 ι)
2003 4585 2059 4637 et
2088 4583 2308 4635 acuunt
2338 4578 2571 4647 linguas
2602 4596 2759 4647 suas,
2793 4585 2859 4636 ut
2889 4581 3324 4654 blasphement;
3355 4585 3456 4639 sed
3479 4600 3649 4639 sanc-

253 4678 487 4748 puro,et
507 4690 604 4729 ore
634 4672 853 4728 mundo
873 4671 1177 4727 concinam
1202 4670 1424 4725 nomini
1447 4671 1729 4727 tuo.Sicut
1749 4671 1893 4726 illud

251 4763 660 4820 holocaustum
699 4762 759 4816 in
804 4760 1195 4818 anterioribus
1243 4764 1545 4831 acceptum
1597 4759 1706 4814 tibi
1746 4760 1893 4829 fuit;

250 4853 336 4909 sic
365 4851 660 4924 repleatur
687 4850 886 4906 anima
915 4865 1046 4904 mea
1075 4849 1146 4904 de
1176 4849 1529 4921 pinguedine
1558 4850 1755 4921 gratia
1776 4850 1898 4920 Spi-

249 4940 400 4996 ritus
457 4939 664 4996 sancti.
734 4959 761 4991 ¢
823 4937 1016 4993 Labiis
1063 4935 1471 4993 exsultationis
1524 4936 1786 4992 laudabit
1831 4954 1896 4993 os

252 5045 472 5086 meum.
505 5050 534 5079 ι»
563 5027 666 5083 Hic
697 5027 1009 5096 orationes,
1041 5031 1097 5082 et
1127 5025 1246 5081 illic
1277 5025 1664 5093 laudationes,
1698 5029 1755 5080 et
1801 5024 1896 5080 lae-

249 5117 384 5173 titia
413 5116 790 5189 sempiterna.

329 5229 350 5256 ι
384 5206 478 5262 Sic
509 5221 734 5262 memor
763 5204 845 5259 fui
873 5205 953 5260 tui
988 5221 1167 5278 super
1213 5208 1463 5259 stratum
1516 5219 1734 5259 meum.
1770 5227 1798 5256 »
1833 5205 1896 5260 In

250 5295 464 5354 lectulo
494 5295 786 5368 pudicitiae
815 5299 989 5366 atque
1020 5293 1350 5350 sanctitatis
1381 5308 1607 5347 memor
1635 5310 1766 5348 sum
1789 5295 1894 5348 tui:

254 5385 394 5457 quia
420 5382 733 5440 immemor
761 5399 895 5438 sum
928 5381 1330 5438 delectationis
1371 5381 1680 5436 mundana:
1706 5397 1718 5435 :
1745 5404 1772 5431 ‹‹
1806 5381 1899 5436 Sic

254 5490 481 5530 memor
511 5472 593 5528 fui
623 5471 931 5527 tui.»Dicit
958 5471 1079 5526 haec
1109 5470 1368 5526 Ecclesia
1394 5485 1408 5525 :
1443 5475 1498 5524 et
1528 5469 1588 5523 in
1621 5469 1901 5541 requie,et

252 5561 742 5628 in‘tribulatione,
766 5575 881 5616 non
911 5560 999 5615 tui
1030 5560 1113 5615 l‘ui
1143 5559 1380 5615 oblitus.
1415 5582 1443 5609 «
1480 5559 1541 5614 In
1591 5558 1900 5615 matutinis

257 5651 590 5710 meditabor
617 5649 678 5706 in
708 5654 765 5707 te
799 5666 813 5707 :
847 5648 984 5724 quia
1012 5647 1176 5706 fuisti
1207 5649 1440 5721 adjutor
1469 5662 1659 5706 meus.
1694 5646 1898 5708 Merito

2005 4675 2100 4726 tus
2128 4670 2222 4724 hic
2254 4685 2367 4723 non
2399 4668 2802 4736 conturbatur,
2831 4671 2972 4741 quia
3000 4689 3033 4726 a
3064 4671 3178 4728 Deo
3210 4672 3654 4745 protegitur.«A

2007 4762 2292 4815 conventu
2339 4756 2813 4829 malignantium,
2845 4779 2870 4809 ιι
2910 4760 2966 4815 id
3019 4765 3108 4816 est
3155 4762 3516 4828 Judworum,
3563 4760 3652 4816 vel

2005 4852 2464 4921 persecutorum.
2499 4868 2526 4895 «
2559 4847 2926 4902 Exacuerunt
2983 4853 3046 4904 ut
3102 4849 3366 4922 gladium
3419 4849 3652 4921 linguas

2006 4953 2164 4992 suas.
2200 4958 2228 4986 »
2259 4934 2387 4990 Alio
2418 4933 2542 4990 loco
2573 4934 2714 4990 dicit
2747 4953 2759 4991 :
2792 4938 3007 5007 Lingua
3037 4955 3224 4994 eorum
3254 4938 3473 5008 gladius
3518 4954 3651 4996 acu-

2006 5030 2093 5080 tus
2119 5025 2292 5093 (Psal.
2331 5041 2440 5088 LVI,
2467 5024 2543 5093 5).

2081 5136 2108 5165 ‹‹
2143 5113 2528 5168 lntenderunt
2570 5129 2772 5167 arcum
2804 5131 2998 5169 suum.
3039 5137 3060 5166 ι
3098 5116 3429 5172 Doctrinam
3463 5131 3653 5171 suam.

2014 5226 2032 5252 α
2073 5207 2210 5258 Rem
2243 5201 2643 5257 amaram.»Ut
2664 5202 2947 5258 doctrinis
2969 5203 3187 5260 dolosis
3214 5205 3508 5276 decipiant
3530 5222 3660 5277 par-

2007 5291 2172 5346 vulos
2195 5290 2409 5345 Christi
2443 5307 2455 5345 :
2490 5290 2610 5344 sive
2632 5290 2990 5363 neOphytum
3013 5293 3072 5347 in
3101 5293 3412 5366 baptismo,
3445 5294 3565 5349 sive
3588 5292 3656 5347 il-

2008 5381 2129 5435 lum
2154 5379 2253 5451 qui
2278 5379 2468 5434 adhuc
2485 5379 2714 5449 ignorat
2729 5381 3070 5451 mysterium
3085 5383 3361 5438 doctrinae
3381 5381 3655 5438 caelestis.

2085 5468 2318 5524 «Subito
2349 5467 2713 5538 sagittabunt
2734 5473 2955 5537 eum,et
2977 5487 3089 5525 non
3112 5472 3424 5527 timebunt.
3454 5494 3479 5519 ››
3513 5471 3657 5526 Cum

2007 5574 2142 5614 eum
2173 5556 2372 5612 dolose
2401 5556 2673 5611 venenosi
2706 5557 3007 5630 sagittant.
3027 5560 3240 5627 Subito,
3277 5560 3445 5633 quasi
3466 5576 3534 5615 ex
3554 5559 3658 5613 im-

2008 5647 2258 5723 proviso.
2292 5645 2350 5702 id
2379 5646 2467 5701 est
2495 5643 2554 5701 in
2577 5659 2838 5704 excessu.
2873 5670 2902 5699 «
2945 5648 3015 5706 Et
3047 5664 3162 5708 non
3193 5647 3657 5721 timebunt,»hoc
