3976 6188
339 301 492 361 1063

1824 287 2247 349 APPENDIX.

3585 289 3748 349 1064

337 438 445 499 est,
483 435 659 486 Deum
687 434 741 484 et
762 426 1050 500 judicium
1077 425 1262 496 ejus.«
1281 404 1682 479 Firmaverunt
1712 421 1826 476 sibi
1855 438 1974 477 ser-
2005 423 2061 488 Α
2089 420 2357 494 terpellat
2384 437 2485 492 pro
2513 419 2699 476 nobis.
2732 442 2761 471 »
2793 421 2877 475 Ad
2907 425 2963 476 te
2993 420 3186 477 omnis
3215 437 3346 477 caro
3376 421 3595 478 veniet.
3616 446 3638 470 ι
3667 430 3748 478 Ac

337 538 567 579 monem
601 535 876 590 nequam.
911 518 1302 588 Noarraverunt
1351 518 1415 568 ut
1445 511 1866 568 alisconderent
1896 509 1978 565 la-

338 628 517 683 queos
553 627 566 664 :
601 609 889 671 dixerunt,
923 605 1055 677 quis
1085 603 1301 658 videbit
1331 601 1510 657 eos?»
1536 604 1677 656 Cum
1710 617 1770 654 se
1794 600 1848 654 in
1873 599 1981 654 hac

337 700 561 756 malitia
593 699 847 760 ﬁrmant,
904 698 968 747 ut
1017 692 1124 746 hos
1174 690 1532 762 deceptionis
1575 689 1814 760 laqueos
1845 687 1980 742 huic

337 789 466 844 rudi
500 786 805 842 intendant
835 800 848 836 :
882 799 995 837 non
1031 785 1239 852 putant
1277 780 1386 834 hoc
1433 780 1613 834 Deum
1649 795 1817 850 posse
1847 794 1978 849 cog-

336 892 573 934 noscere
607 893 619 930 :
653 873 744 928 cui
778 871 923 927 nihil
972 869 1266 925 occultum
1319 868 1460 923 latet
1493 887 1505 923 :
1541 868 1637 939 qui
1666 872 1722 921 et
1752 871 1980 922 nostras

338 982 568 1039 quoque
599 963 828 1017 animas
858 965 1062 1032 potens
1093 963 1180 1013 est
1211 975 1244 1012 a
1273 957 1504 1030 sagittis
1551 971 1753 1012 eorum
1802 955 1981 1027 largis

336 1054 567 1128 pietatis
600 1069 717 1107 suae
749 1050 929 1106 armis
958 1049 1285 1103 defendere.

410 1141 688 1197 «Scrutati
722 1143 861 1195 sunt
888 1136 1256 1209 iniquitates;
1290 1135 1623 1190 defecerunt
1653 1135 1983 1206 scrutantes

338 1230 641 1289 scrutinio.
676 1252 701 1278 «
723 1226 988 1282 Hmretici
1021 1241 1251 1296 quoque
1282 1227 1620 1279 scrutantur
1650 1222 1982 1293 Scripturas

330 1324 564 1377 sanctas
599 1335 610 1372 :
644 1324 702 1372 et
732 1333 846 1371 non
879 1312 1266 1386 spiritualiter
1297 1316 1636 1377 tractantes,
1665 1327 1846 1365 vanas
1885 1327 1978 1365 ex-

328 1411 462 1465 inde
496 1407 797 1481 proferunt
828 1402 1196 1477 qumstioues,
1231 1401 1448 1471 quibus
1482 1416 1587 1453 nos
1629 1415 1729 1470 per
1770 1398 1984 1469 iniqui-

329 1503 505 1554 tatem
539 1500 595 1551 et
625 1494 824 1550 dolum
856 1492 1103 1562 cupiunt
1131 1488 1468 1559 illaqueare.
1509 1487 1617 1542 Sed
1652 1486 1730 1541 nil
1766 1504 1979 1558 pracva-

333 1587 540 1650 lentes,
577 1583 772 1656 potius
806 1598 838 1634 a
883 1582 992 1634 Deo
1042 1577 1283 1633 scrutati
1337 1580 1509 1646 atque
1557 1576 1859 1642 exinaniti,
1895 1592 1982 1630 re-

333 1674 457 1730 licti
489 1678 628 1727 sunt
658 1669 842 1724 vacui.

409 1760 682 1814 aAccedct
701 1758 876 1811 homo
899 1756 969 1809 ad
995 1771 1092 1809 cor
1109 1753 1379 1820 altum,et
1400 1752 1750 1808 exaltabitur
1774 1756 1980 1806 Deus.»

333 1852 392 1906 Si
426 1867 560 1904 cum
593 1846 877 1919 sapientia
898 1845 996 1899 Dei
1023 1844 1090 1898 ad
1114 1843 1210 1898 alti
1237 1844 1428 1898 cordis
1463 1841 1819 1898 intellectum
1845 1844 1977 1913 quis

331 1938 610 1994 accedens
642 1937 757 1991 ista
786 1933 1152 1989 discriminet
1186 1951 1197 1988 :
1229 1932 1285 1986 id
1320 1937 1426 2002 est,
1460 1930 1759 1987 veritatem
1784 1948 1849 1984 ac
1876 1930 1976 1985 fal-

329 2029 561 2084 sitatem
593 2025 906 2087 discernat,
939 2027 1076 2076 tunc
1108 2021 1262 2076 Deus
1294 2020 1662 2076 exaltabitur.
1698 2019 1804 2084 Qui
1842 2035 1976 2074 cum

331 2118 407 2173 sit
452 2115 798 2182 altissimus,
833 2118 1027 2166 tamen
1080 2111 1149 2165 de
1198 2127 1263 2165 eo
1313 2111 1547 2181 quando
1588 2114 1742 2164 recte
1796 2108 1978 2164 senti-

333 2224 484 2271 mus,
520 2204 872 2260 sublimatur
905 2201 960 2254 in
995 2199 1184 2255 nobis.

403 2319 430 2346 ‹‹
463 2294 697 2366 Sagittae
729 2289 1102 2362 parvulorum
1163 2289 1322 2342 lactes
1371 2292 1509 2341 sunt
1539 2286 1718 2358 plagae
1750 2303 1974 2341 eorum.

332 2382 725 2452 Intelligentes
756 2378 909 2432 enim
935 2376 1082 2447 justi
1127 2393 1260 2430 cum
1302 2376 1551 2430 viderint
1579 2376 1732 2430 hunc
1773 2393 1978 2446 parvu-

328 2471 450 2525 lum
484 2484 658 2540 quem
691 2465 960 2536 superius
992 2464 1478 2534 exposuimus,ab
1511 2464 1617 2518 hoc
1648 2464 1974 2534 persuasio-

328 2559 421 2613 nis
449 2572 669 2611 veneno
700 2554 857 2608 infici
893 2569 904 2608 :
941 2569 1074 2607 cum
1106 2551 1456 2606 elevaverint
1492 2569 1685 2607 vocem
1722 2569 1888 2610 suam
1912 2557 1977 2608 ut

331 2663 466 2702 eum
498 2641 1088 2716 corrigant,protinus
1119 2646 1291 2695 erunt
1321 2640 1540 2712 iniquis
1568 2642 1742 2696 verba
1773 2658 1973 2696 eorum

330 2734 498 2809 quasi
530 2733 731 2805 plagze.
767 2754 794 2782 «
830 2731 896 2785 Et
924 2730 1222 2785 infirmata
1269 2735 1358 2784 est
1401 2736 1603 2785 contra
1633 2747 1731 2785 eos
1775 2729 1976 2801 lingua

330 2841 554 2880 eorum.
590 2846 618 2874 »
667 2820 900 2876 Nullam
953 2820 1109 2890 capit
1155 2817 1535 2874 stabilitatem
1585 2818 1830 2874 elocutio
1878 2836 1972 2875 eo-

335 2931 464 2969 rum
501 2930 512 2968 :
551 2912 649 2968 sed
683 2909 852 2966 dolus
881 2925 1083 2965 eorum
1118 2909 1324 2963 reddet
1352 2925 1450 2962 eos
1479 2909 1764 2963 intirmos.

402 2999 782 3059 «Conturbati
815 3002 954 3053 sunt
983 3014 1186 3052 omnes
1218 2996 1316 3068 qui
1349 2997 1622 3051 videbant
1649 3013 1805 3052 eos.»
1824 2998 1975 3053 Con-

331 3091 444 3148 fusi
476 3096 533 3146 et
562 3089 890 3145 conturbati
923 3091 1062 3142 sunt
1091 3086 1187 3157 qui
1221 3102 1282 3140 se
1312 3085 1488 3140 simili
1537 3103 1729 3141 errore
1780 3087 1971 3159 impli-

2092 510 2138 565 si
2172 510 2384 566 diceret
2416 528 2428 564 :
2462 509 2546 564 Ad
2573 514 2627 565 te
2659 514 3027 567 convertetur
3052 511 3246 566 omnis
3276 509 3472 566 homo.

2167 619 2188 647 α
2223 599 2412 666 Verba
2442 597 2800 670 iniquorum.
2837 622 2864 648 »
2901 601 3180 672 Dogmata
3226 599 3747 672 philosophorum,

2089 688 2507 760 fatuitatesque
2563 687 2890 760 gentilium.
2939 689 3360 745 Praevaluerunt
3403 706 3573 762 super
3621 707 3747 746 nos.

2089 783 2230 832 Cum
2264 782 2320 832 te
2352 777 2730 843 nesciremus,
2751 778 3043 848 quomodo
3071 778 3356 833 Jeremias
3385 777 3533 833 dixit
3563 795 3578 833 :
3619 779 3753 834 Vere

2088 867 2437 922 mendacium
2464 870 2516 920 et
2545 867 2846 921 vanitatem
2885 867 3051 922 locuti
3079 870 3205 922 sunt
3228 870 3414 938 patre:
3457 871 3671 937 nostri,
3701 877 3754 923 et

2091 973 2200 1010 non
2230 957 2438 1026 pro/uit
2468 957 2546 1009 eis
2577 957 2796 1026 (Jerem.
2830 973 2948 1021 xvr,
2991 957 3098 1023 19).
3153 979 3180 1004 ››
3229 957 3298 1011 Et
3333 955 3753 1028 impietatins

2091 1045 2309 1100 nostris
2333 1049 2390 1099 tu
2415 1043 2842 1116 propitiaberis.
2879 1043 3154 1116 Usquein
3178 1044 3354 1100 ﬁnem
3390 1061 3501 1100 nos
3537 1046 3754 1102 fuisse—

2091 1150 2224 1188 mus
2255 1133 2312 1188 in
2345 1149 2556 1200 errore,
2581 1132 2690 1188 nisi
2715 1138 2776 1188 tu
2803 1121 3092 1205 propitius
3113 1133 3326 1190 fuisses
3347 1134 3539 1189 nostri
3594 1152 3609 1188 :
3649 1137 3754 1208 qui

2091 1239 2198 1277 nos
2229 1221 2514 1294 sanguine
2545 1221 2777 1293 proprio
2809 1226 3099 1278 mercatus
3144 1239 3227 1278 es.
3269 1222 3363 1278 Sic
3411 1229 3473 1279 et
3526 1223 3756 1280 Paulus

2091 1310 2392 1383 apostolus
2424 1310 2504 1366 ait
2536 1327 2548 1364 :
2583 1311 2690 1378 Qui
2716 1327 2817 1366 nos
2853 1311 3234 1367 reconciliavit
3279 1312 3387 1368 Deo
3437 1314 3608 1367 Patri
3655 1329 3758 1382 per

2089 1415 2305 1456 crucem
2336 1401 2382 1470 (ι
2413 1399 2530 1454 Cor.
2564 1417 2617 1465 v,
2653 1400 2760 1468 18).
2797 1423 2825 1450 ‹‹
2859 1399 3069 1455 Beatus
3101 1417 3275 1472 quem
3306 1399 3543 1474 elegisti
3579 1408 3644 1457 et
3673 1421 3758 1460 as-

2092 1488 2401 1560 sumpsisti
2434 1505 2447 1543 :
2481 1488 2831 1561 inhabitabit
2861 1489 2918 1542 in
2952 1489 3116 1543 atriis
3145 1490 3284 1544 tuis.
3320 1513 3346 1538 ››
3379 1489 3570 1545 Vocat
3604 1490 3758 1547 Dens

2091 1593 2295 1632 omnes
2332 1596 2342 1632 :
2381 1593 2482 1632 nec
2513 1575 2698 1632 ullum
2731 1578 2982 1648 spernit;
3015 1578 3117 1632 sed
3167 1579 3339 1650 pauci
3387 1586 3755 1650 sequuntur.

2093 1667 2238 1738 Ergo
2269 1666 2367 1737 qui
2401 1683 2461 1720 se
2491 1666 2734 1737 dignum
2782 1667 2909 1736 ejus
2956 1665 3224 1722 electioni
3274 1667 3628 1739 prwbuerit,
3661 1685 3755 1724 co-

2092 1755 2393 1810 habitat-ei
2439 1771 2572 1810 cum
2622 1754 2899 1827 apostolis
2955 1755 3174 1812 sanctis
3223 1756 3283 1812 in
3341 1757 3752 1814 tabernaculis

2090 1844 2486 1916 sempiternis.

2161 1958 2186 1982 ‹‹
2222 1932 2599 2004 Replebimur
2627 1933 2685 1988 in
2717 1932 2887 1988 bonis
2911 1934 3124 1989 domus
3156 1939 3286 1989 tuae.
3321 1958 3349 1985 ιι
3388 1935 3452 1990 Id
3515 1941 3609 1992 est
3647 1937 3748 1993 Ec-

2089 2021 2298 2091 clesiae,
2325 2039 2451 2093 quae
2473 2023 2718 2078 diversis
2752 2039 3065 2078 numerum
3097 2023 3506 2094 spiritualium
3532 2028 3747 2082 exube-

2091 2116 2176 2167 rat
2207 2111 2394 2166 bonis.
2428 2135 2456 2161 ‹‹
2489 2115 2766 2168 Sanctum
2797 2116 2886 2167 est
2915 2115 3204 2184 templum
3249 2117 3442 2170 tuum.
3485 2139 3516 2166 α
3565 2116 3746 2172 Homo

2088 2200 2184 2256 i‘le
2209 2200 2265 2254 in
2295 2217 2410 2272 quo
2443 2201 2742 2272 plenitudo
2779 2200 3101 2255 divinitatis
3149 2201 3446 2259 inhabitat
3477 2221 3492 2259 :
3530 2205 3604 2260 de
3633 2223 3741 2276 quo

2087 2288 2302 2343 dicitur
2331 2289 2402 2343 ad
2433 2289 2672 2344 Mariam
2709 2307 2722 2344 :
2755 2289 2818 2343 Et
2847 2287 2988 2359 quod
3015 2294 3271 2344 nascetur
3298 2299 3438 2346 exta
3468 2298 3741 2360 sanetum,

2087 2379 2364 2434 vocabit-ur
2393 2380 2569 2434 Filius
2597 2379 2696 2432 Dei
2725 2379 2873 2449 (Luc.
2911 2396 2948 2446 1,
2982 2379 3073 2450 35)
3109 2397 3121 2434 :
3155 2396 3291 2434 cum
3323 2379 3384 2434 in
3426 2398 3503 2436 ea
3551 2382 3742 2439 Domi-

2088 2485 2198 2522 nus
2230 2483 2464 2523 carnem
2496 2472 2912 2540 assumpturus
2943 2467 3360 2524 inhabitabit.«
3395 2469 3673 2526 Mirabile
3689 2475 3741 2527 in

2085 2557 2373 2628 zequitate.
2408 2581 2426 2604 υ
2464 2556 2610 2618 Quia
2642 2573 2756 2610 non
2788 2556 3159 2612 credentibus
3189 2557 3429 2628 Judeis,
3459 2561 3746 2616 mirabili-

2084 2651 2174 2700 ter
2201 2645 2326 2716 ipse
2356 2645 2642 2700 Dominus
2671 2644 2970 2700 veritatem
3002 2647 3250 2717 aperuit.

2158 2755 2186 2783 «
2219 2733 2434 2788 Exaudi
2471 2750 2594 2800 nos,
2632 2738 2783 2788 Deus
2833 2733 3108 2789 salutaris
3148 2743 3342 2791 noster
3374 2754 3388 2792 :
3424 2753 3569 2808 spes
3618 2756 3738 2795 om-

2086 2822 2247 2877 nium
2281 2822 2492 2894 finium
2521 2826 2683 2876 terra:
2733 2826 2790 2876 et
2838 2822 2896 2876 in
2939 2823 3087 2878 mari
3130 2824 3318 2896 longe.
3350 2847 3376 2878 ιι
3417 2828 3740 2884 Providens

2084 2910 2384 2983 propheta,
2412 2915 2599 2976 terrae,
2633 2911 2836 2976 maris,
2866 2928 2931 2966 ac
2968 2912 3174 2968 finium
3228 2915 3524 2982 omnium,
3577 2934 3738 2989 spem

2083 2999 2376 3055 Christum
2407 3016 2534 3055 esse
2565 2999 2953 3056 annuntiavit.
2981 3002 3144 3066 Quod
3188 3007 3386 3058 autem
3432 3021 3500 3059 se
3551 3006 3626 3062 ab
3675 3023 3737 3061 eo

2082 3089 2342 3144 exaudiri
2377 3087 2632 3157 postulat
2665 3105 2677 3143 :
2713 3089 2794 3144 sic
2825 3088 3190 3162 intelligitur,
3246 3108 3312 3146 ac
3360 3092 3410 3147 si
3461 3093 3690 3150 diceret
3723 3113 3736 3150 :

330 3182 476 3236 citos
508 3180 949 3250 recognoscunt.
983 3199 1010 3225 ‹‹
1045 3175 1110 3230 Et
1138 3175 1337 3229 timuit
1367 3174 1559 3230 omnis
1589 3175 1835 3230 homo.»
1869 3177 1971 3232 Ju-
2004 3161 2045 3228 C
2081 3178 2214 3232 Jam
2245 3177 2393 3244 veni,
2429 3182 2494 3231 ut
2527 3194 2627 3248 per
2657 3181 2710 3231 te
2741 3175 2953 3232 salvari
2988 3194 3230 3234 merear.

330 3270 548 3325 dicium
582 3267 695 3323 sibi
727 3267 1031 3321 imminere
1057 3264 1342 3319 divinum.

405 3381 431 3408 ‹‹
464 3359 530 3412 Et
563 3355 1055 3412 annuntiaverunt
1085 3370 1260 3425 opera
1293 3353 1410 3416 Dei,
1445 3357 1500 3408 et
1533 3353 1682 3407 facta
1709 3354 1837 3423 ejus
1887 3354 1974 3409 in-

329 3447 696 3502 tellexerunt.
729 3466 756 3494 »
791 3441 1135 3515 Compuncti
1184 3442 1340 3496 enim
1389 3442 1582 3509 corde,
1614 3441 1972 3513 intelligunt,

330 3535 799 3604 annuntiantque
824 3531 1115 3586 mirabilia
1145 3531 1264 3586 Dei.

400 3647 426 3672 ‹‹
452 3623 762 3678 Laetabitur
786 3621 987 3690 justus
1017 3619 1076 3674 in
1112 3623 1436 3688 Domino,et
1466 3619 1724 3692 sperabit
1754 3620 1810 3674 in
1842 3635 1972 3674 eo.»

330 3713 493 3768 Sicut
513 3709 732 3781 impius
755 3726 856 3780 pro
876 3707 1216 3763 infidelitate
1238 3726 1345 3764 sua
1361 3709 1745 3764 formidatita:
1774 3709 1974 3780 justus

326 3818 428 3873 per
457 3815 623 3872 spem
655 3797 996 3853 mternitatis
1028 3814 1144 3851 sum
1177 3796 1431 3852 exsultat
1461 3798 1518 3851 in
1552 3797 1818 3853 Domino.
1855 3799 1976 3853 «Et

324 3889 725 3950 laudabuntur
755 3901 958 3940 omnes
991 3885 1127 3939 recti
1161 3884 1390 3938 corde.»
1411 3883 1555 3948 Quia
1586 3884 1767 3939 Deum
1794 3884 1973 3940 visuri

325 3982 484 4034 sunt.
519 3977 672 4032 Beati
699 3977 846 4031 enim
878 3973 1079 4028 mundo
1107 3971 1265 4027 corde
1296 3991 1314 4025 :
1342 3974 1605 4041 quoniam
1656 3975 1768 4042 ipsi
1808 3975 1974 4028 Deum

322 4061 1058 4134 videbunt(Matth.v,8).Qui
1091 4061 1260 4115 nobis
1293 4065 1563 4132 praestare
1589 4060 1971 4132 dignetur,ut,

328 4175 360 4212 a
391 4155 622 4227 sagittis
654 4153 1030 4209 inimicorum
1064 4149 1252 4214 liberi,
1285 4150 1356 4205 ab
1387 4166 1521 4204 arcu
1559 4149 1832 4204 falsitatis
1860 4166 1976 4205 ere-

326 4245 430 4317 pti,
467 4260 798 4298 mereamur
829 4243 900 4296 ab
932 4257 997 4296 eo
1029 4239 1250 4312 protegi
1301 4238 1400 4310 qui
1449 4238 1668 4293 sanctis
1701 4239 1974 4294 omnibus

327 4349 433 4406 pro
464 4348 566 4404 spe
597 4330 826 4401 salutis,
855 4329 1098 4402 gloriam
1133 4327 1338 4384 tribuit
1367 4325 1846 4382 immortalitatis.

871 4443 1204 4500 PSALMUS
1245 4443 1430 4498 LXIV.

2158 3290 2185 3316 ‹‹
2221 3267 2557 3338 Praeparans
2583 3270 2811 3321 montes
2844 3265 2901 3320 in
2932 3265 3145 3323 virtute
3174 3270 3610 3337 tua,accinctus
3642 3289 3744 3345 po-

2086 3354 2286 3409 tentia.
2312 3377 2338 3404 ››
2367 3355 2493 3426 Ipse
2524 3354 2807 3409 Dominus
2832 3353 3087 3410 Verbum
3119 3372 3251 3412 caro
3282 3358 3506 3414 factum
3549 3367 3644 3417 est
3684 3362 3740 3416 in

2086 3448 2389 3514 assumpto
2423 3442 2719 3498 hominem
2747 3442 3057 3498 Accinctus
3086 3446 3401 3517 potentia,»
3434 3447 3738 3506 celsitudi-

2085 3548 2217 3587 nem
2250 3531 2540 3586 montium
2570 3531 2867 3587 diabolicae
2899 3533 3316 3590 dominationis
3342 3539 3667 3609 oppressit,
3688 3545 3742 3595 et

2084 3619 2456 3691 sempiternis
2490 3620 2724 3691 ignibus
2757 3622 3442 3694 praeparavitAccinctus
3471 3626 3581 3682 Dei
3603 3644 3740 3684 con-

2083 3707 2262 3763 trahit
2291 3708 2724 3764 vestimentum.
2777 3709 2902 3764 Non
2953 3710 3108 3765 enim
3157 3729 3479 3783 possumus
3522 3733 3711 3789 expan

2083 3814 2208 3852 sam
2243 3797 2602 3852 fortitudinis
2633 3814 2752 3853 sum
2781 3803 2997 3853 vestem
3031 3815 3440 3872 cognoscere.«
3471 3805 3586 3870 Qui
3609 3823 3743 3861 con-

2083 3886 2286 3942 turbas
2309 3887 2666 3958 profundum
2691 3886 2923 3941 maris.»
2949 3889 3154 3944 Saculi
3177 3889 3354 3961 huius
3378 3893 3741 3964 profundam

2074 3975 2446 4045 jactantiam,
2497 3973 2906 4046 praedicatione
2966 3977 3286 4048 apostolica
3331 3996 3739 4040 commovens.

2085 4087 2112 4112 ‹‹
2147 4064 2368 4119 Sonum
2400 4063 2686 4119 ﬂuctuum
2737 4065 2862 4134 ejus
2907 4065 3041 4135 quis
3091 4067 3447 4124 sustinebit?
3481 4070 3549 4125 In
3584 4089 3744 4127 ever-

2083 4154 2245 4209 sione
2275 4153 2430 4208 enim
2463 4152 2917 4208 simulacrorum
2949 4154 3090 4208 dant
3119 4155 3453 4213 daemnonia
3482 4175 3742 4215 sonum:

2084 4241 2391 4296 illicientes
2422 4257 2701 4314 paganos,
2734 4246 2798 4296 ut
2828 4241 3170 4299 interimant
3199 4250 3438 4301 sanctos
3470 4249 3596 4303 Dei.
3631 4249 3743 4305 Sed

2083 4331 2178 4386 hic
2207 4347 2409 4398 sonus,
2437 4330 2537 4384 Dei
2563 4330 2820 4402 potentia
2849 4329 3125 4402 opilatur.

2160 4442 2187 4469 ‹‹
2217 4419 2636 4474 Turbabuntur
2665 4422 2887 4490 gentes.
2925 4441 2950 4468 »
2983 4420 3128 4476 Cum
3159 4422 3378 4479 sanctis
3424 4425 3742 4496 praevalere

322 4541 387 4594 In
413 4538 602 4609 ﬁnem,
633 4537 901 4609 Psalmus‘
919 4532 1118 4602 David,
1145 4533 1434 4609 Canticum
1461 4533 1715 4609 Ieremia:
1764 4540 1813 4609 et
1842 4533 1972 4586 Εῖνε-

2129 4525 2200 4563 on
2233 4506 2551 4580 potuerint.
2590 4508 2692 4562 «Et
2720 4507 3013 4564 timebunt
3038 4509 3272 4565 termini
3303 4516 3472 4568 terra:
3496 4531 3533 4569 a
3555 4516 3743 4588 signis

394 4603 628 4674 chiel,et
654 4606 846 4678 populi
868 4605 934 4658 de
963 4606 1302 4678 captivitate.
1338 4603 1450 4657 Iste
1483 4604 1745 4678 psalmus
1768 4603 1824 4678 in
1849 4619 1975 4678 per-

397 4697 541 4737 sona
571 4674 783 4733 Christi
810 4683 1100 4742 cantatur,
1124 4679 1179 4729 et
1202 4675 1270 4729 de
1299 4675 1624 4729 reversione
1649 4674 1973 4742 Babylonize

396 4753 455 4808 in
475 4751 888 4816 Jerusalem,et
909 4749 978 4802 de
1003 4753 1198 4802 nostra
1221 4747 1291 4801 ad
1315 4747 1605 4801 cmlestem
1622 4745 1971 4800 Jerusalem.

397 4891 422 4916 ‹‹
459 4868 538 4922 Te
567 4865 736 4922 decet
764 4861 1229 4936 hymnus,Deus,
1254 4861 1310 4914 in
1333 4861 1468 4914 Sion
1496 4877 1506 4913 :
1541 4865 1596 4913 et
1629 4859 1734 4914 tibi
1766 4859 1975 4914 redde-

327 4959 424 5010 tur
452 4960 649 5010 votum
684 4955 741 5008 in
772 4951 1115 5018 Jerusalem,
1165 4971 1188 5002 υ
1228 4949 1352 5004 Non
1381 4947 1766 5003 theatralibus
1790 4964 1975 5019 neque

325 5043 774 5097 simulacrorum
810 5040 1064 5112 templis.
1101 5040 1201 5094 sed
1247 5038 1375 5108 tibi,
1409 5037 1810 5108 Omnipotens,
1845 5037 1975 5092 laus

331 5147 396 5186 ac
429 5136 623 5186 votum
646 5131 871 5204 jugiter
901 5136 989 5185 est
1020 5129 1380 5184 reddendum
1415 5127 1474 5181 in
1505 5127 1660 5192 Sion,
1695 5126 1751 5180 id
1778 5132 1884 5189 est,
1916 5127 1972 5181 in

328 5218 606 5287 Ecclesia,
640 5225 803 5274 tuam
835 5218 1079 5290 gloriam
1129 5215 1466 5289 speculante
1500 5232 1512 5272 :
1544 5214 1632 5270 vel
1659 5216 1718 5280 in
1759 5215 1974 5271 cmlesti

323 5307 647 5364 Jerusalem
678 5308 891 5378 dignus
922 5305 1398 5362 commemoraris
1429 5304 1806 5360 inhabitator.
1830 5305 1971 5360 Bed-

327 5399 502 5453 detur
530 5411 666 5466 ergo
699 5396 802 5450 tibi
837 5396 984 5463 laus,
1019 5396 1157 5467 quia
1187 5396 1340 5450 Deus
1369 5411 1432 5449 es
1468 5410 1478 5447 :
1514 5395 1858 5465 votum,quia
1891 5410 1975 5449 re-

331 5489 600 5559 demptor
630 5501 711 5540 es.
745 5507 771 5534 «
809 5485 1026 5540 Exaudi
1058 5484 1381 5540 orationem
1417 5499 1627 5538 meam.
1665 5504 1691 5532 »
1723 5483 1827 5537 Per
1849 5483 1974 5556 Spi-

325 5577 506 5640 ritum
537 5578 808 5632 sanctum
855 5574 954 5647 qui
986 5571 1303 5647 gemitibus
1351 5571 1841 5630 inenarrabilibus
1889 5573 1973 5628 in-

2083 4597 2308 4651 tuis.nA
2344 4597 2554 4650 virtute
2583 4596 2927 4666 crucis,quae
2955 4597 3040 4652 eis
3072 4598 3233 4670 prius
3263 4598 3521 4657 stultitia
3568 4610 3698 4660 erat
3726 4621 3740 4659 :

2083 4685 2169 4741 vel
2203 4685 2275 4740 ab
2307 4685 2398 4739 his
2433 4684 2799 4740 mirabilibus
2831 4693 3372 4758 compunguntur.«
3393 4689 3605 4748 Exitus
3627 4709 3744 4748 ma-

2083 4773 2279 4842 tutini,
2312 4777 2369 4828 et
2397 4790 2632 4845 vespere
2662 4772 3000 4830 delectabis.
3036 4797 3062 4824 ››
3097 4772 3400 4833 Μειυὶὶηἰε
3458 4781 3742 4853 vesperti-

2084 4863 2293 4935 nisque
2345 4862 2580 4934 hymnis
2625 4861 2888 4918 Ecclesiae
2920 4862 3241 4920 delectatur
3268 4865 3445 4936 Deus,
3479 4883 3586 4938 per
3616 4869 3736 4925 ani-

2085 4968 2243 5007 mam
2276 4951 2505 5006 ﬁdelem
2541 4967 2553 5006 ε
2589 4968 2736 5022 quae,
2765 5023 2767 5026 Q
2798 4951 2998 5007 relicto
3049 4951 3311 5008 inanium
3363 4957 3737 5027 superstitio-

2085 5056 2225 5095 num
2261 5040 2399 5106 ritu,
2429 5055 2563 5094 eum
2596 5040 2796 5095 devote
2830 5037 3172 5096 laudaverit.
3210 5042 3313 5097 Per
3359 5059 3556 5112 mane,
3594 5045 3732 5101 laeti-

2086 5129 2166 5184 tia
2203 5146 2215 5184 :
2253 5146 2354 5200 per
2385 5122 2713 5200 vesperum,
2747 5129 3006 5184 tristitia.
3046 5153 3066 5178 ι
3097 5129 3362 5187 Visitasti
3410 5137 3657 5189 terram.
3707 5157 3733 5182 ι»

2083 5216 2354 5272 Visitavit
2383 5217 2586 5289 utique
2617 5221 2831 5272 terram
2864 5217 3047 5272 nostri
3079 5219 3358 5290 corporis,
3379 5222 3736 5278 assumenda

2083 5305 2388 5362 materiam
2440 5304 2652 5361 carnis.
2684 5330 2710 5355 «
2747 5306 2814 5360 Et
2853 5305 3158 5362 inebriasti
3189 5323 3342 5363 eam.
3379 5331 3406 5358 »
3441 5308 3571 5364 Non
3605 5312 3735 5366 vino

2083 5395 2345 5464 luxuriae,
2378 5394 2478 5449 sed
2508 5395 2797 5451 infusione
2828 5395 3080 5467 Spiritus
3111 5396 3354 5452 sancti.«
3383 5397 3733 5472 Multiplice-

2084 5486 2155 5541 sti
2181 5483 2533 5556 locupletare
2550 5500 2738 5541 eam.»
2767 5483 3137 5540 Diversarum
3159 5486 3729 5558 opibusgratiarum.

2153 5597 2181 5626 ‹‹
2224 5573 2464 5631 Flumen
2491 5573 2589 5631 Dei
2611 5572 2895 5647 repletum
2917 5578 3007 5632 est
3031 5573 3218 5650 aquis.
3242 5596 3273 5627 »
3297 5575 3562 5652 Denique
3591 5575 3729 5637 dicit
