3976 6188
200 355 358 419 1065

1379 351 1871 415 BR'EVIARIUM
1914 352 1994 413 IN
2043 355 2426 417 PSALMOS.

3452 360 3609 421 1066

197 487 486 545 Dominus
515 486 575 542 in
608 487 917 559 Evangelio
951 502 963 541 :
999 487 1105 555 Qui
1133 485 1435 541 crediderit
1479 487 1539 540 in
1583 502 1688 550 me,
1738 487 1844 554 ﬂu-
1881 485 1929 552 A
1965 486 2172 542 saltem
2203 487 2431 544 veniam
2464 489 2782 559 consecuti,
2813 505 2982 561 pinna
3041 505 3346 547 careamus
3404 490 3605 547 aeterni

193 580 353 632 mina
371 577 435 632 de
463 579 774 648 ventreejus
799 578 969 645 fluent
991 593 1145 647 aquae
1192 576 1518 645 vivaL’ann.
1572 593 1674 639 v11,
1724 575 1836 644 38).

195 667 426 722 Attende
472 667 869 736 evangelistam
898 683 916 720 :
951 665 1051 720 hoc
1081 667 1232 720 enim
1289 664 1504 719 diccbat
1534 665 1600 720 de
1626 665 1843 734 Spiritu

195 765 380 812 sancto
411 772 572 826 quem
601 756 878 826 accepturi
907 757 1067 809 erant
1105 753 1379 809 credentes
1409 756 1471 807 in
1500 771 1631 809 eum
1678 753 1843 824 (Ibid,

199 846 315 916 39).
346 845 458 902 Nm.
492 859 629 914 ergo
661 843 762 914 qui
795 843 1109 908 credimus,
1144 845 1269 913 jam
1331 844 1549 898 flumen
1608 843 1709 898 Dei
1757 860 1851 898 su-

200 951 357 990 mus.
394 932 710 1004 Replemur
739 948 911 1002 aqua,
945 948 1078 987 cum
1113 932 1406 1003 baptismo
1447 930 1766 999 abluimur,
1796 936 1853 988 et

201 1025 250 1079 si
285 1022 445 1096 digni
478 1038 686 1077 sumus
717 1026 781 1075 ut
811 1021 1030 1093 Spiritu
1080 1027 1280 1077 sancto
1340 1021 1713 1093 impleamur.
1745 1023 1854 1077 Lo-

201 1113 576 1185 cupletamur
605 1111 676 1166 ab
709 1110 911 1166 eodem
943 1110 1266 1182 Spiritualis
1299 1110 1612 1165 infusionis
1644 1111 1854 1182 imbre,

204 1219 364 1272 cum,
395 1201 524 1256 vita:
556 1200 826 1271 perennis
861 1201 1016 1254 fonte
1045 1199 1270 1271 repleti,
1329 1200 1502 1254 donis
1537 1199 1856 1271 spirituali-

203 1291 317 1347 bus
350 1288 684 1360 irrigamur.
719 1312 745 1336 ‹‹
781 1288 1003 1344 Parasti
1037 1289 1232 1343 cibum
1282 1287 1542 1356 illorum,
1574 1289 1854 1359 quoniam

205 1380 290 1435 ita
319 1383 408 1434 est
440 1376 781 1450 praeparatio
812 1377 959 1447 ejus.
995 1401 1021 1426 ››
1058 1377 1420 1448 Praeparasti,
1454 1377 1717 1448 inquam,
1750 1377 1857 1433 Do-

204 1469 384 1538 mine,
418 1466 614 1523 cibum
647 1470 914 1522 nostrum
946 1466 1004 1520 in
1037 1466 1448 1522 communione
1479 1466 1631 1521 beati
1663 1483 1861 1538 corpo-

205 1557 288 1614 ris
320 1574 384 1612 ac
444 1555 752 1627 sanguinis
812 1555 936 1610 tui:
975 1556 1130 1626 quod
1163 1555 1209 1609 si
1270 1554 1444 1626 digne
1507 1555 1854 1611 hauriemus

198 1646 493 1718 judicium
527 1644 734 1700 mortis
762 1645 1097 1717 effugimus.
1131 1645 1213 1699 Tu
1247 1661 1310 1699 es
1341 1644 1497 1699 enim
1530 1644 1701 1716 panis
1731 1645 1858 1700 vitae

204 1735 566 1792 descendens
597 1734 668 1789 de
698 1733 842 1789 cmlo
875 1751 887 1789 :
924 1738 981 1789 et
1010 1733 1187 1788 vitam
1220 1733 1551 1788 retribuens
1575 1735 1818 1789 mundo.

1944 575 2172 644 jadicii,
2210 580 2418 632 Amen.

2519 667 2846 723 PSALMUS
2882 667 3046 722 LXV.

1955 755 2017 808 In
2047 755 2231 822 ﬁnem,
2258 758 2542 811 Canticum
2577 757 2785 811 Psalmi
2814 759 3266 812 resurrectionis.
3328 759 3435 814 Per
3468 777 3608 815 can-

2030 827 2232 911 ticum,
2264 827 2649 900 intelligentia
2679 829 3004 911 spiritualis
3065 827 3442 911 intelligitur.
3504 836 3612 911 Per

2033 898 2350 973 psalmum,
2381 898 2527 970 opus
2562 898 3053 973 resurrectionis:
3087 898 3227 973 quia
3271 898 3396 955 iste
3457 903 3610 973 psal-

2012 986 2166 1025 .mus
2196 971 2266 1024 ad
2299 971 2783 1027 resurrectionem
2815 970 3029 1026 Christi
3061 970 3329 1042 pertinet.

2043 1057 2342 1114 «lubilate
2396 1059 2534 1125 Deo,
2594 1059 2786 1114 omnis
2842 1063 3042 1116 terra:
3077 1060 3376 1131 psalmum
3435 1061 3608 1116 dicite

1965 1147 2189 1202 nomini
2217 1149 2366 1219 ejus.
2405 1171 2429 1198 ιι
2473 1149 2634 1212 Quod
2667 1148 2767 1214 ait,
2823 1151 3003 1205 omnis
3059 1157 3225 1217 terra,
3273 1166 3447 1206 omne
3505 1149 3610 1206 hu-

1965 1251 2209 1290 manum
2243 1252 2422 1306 genus
2454 1241 2752 1292 terrenum
2784 1253 2911 1292 esse
2966 1238 3352 1294 demonstrat.
3387 1239 3487 1294 Cui
3513 1240 3612 1310 ju-

1965 1324 2116 1396 giter
2140 1324 2550 1395 jubilationem
2584 1327 2654 1380 ad
2691 1331 2868 1382 Deum
2902 1331 3128 1398 oportet
3167 1327 3450 1394 emittere,
3484 1331 3548 1384 ut
3577 1346 3610 1384 a

1967 1413 2244 1485 nequitiis
2273 1412 2638 1486 spiritalibus
2694 1417 2951 1470 eruatur.
2990 1437 3017 1466 «
3078 1415 3384 1472 Psalmum
3436 1417 3613 1474 dicite

1968 1501 2191 1557 nomini
2224 1503 2370 1572 ejus.
2405 1524 2432 1554 υ
2494 1502 2656 1557 Multi
2717 1503 2978 1572 laudant,
3040 1506 3141 1561 sed
3195 1523 3308 1561 non
3365 1505 3616 1578 implent

1969 1607 2159 1662 opere.
2197 1615 2216 1640 α
2259 1593 2394 1646 Date
2423 1591 2669 1664 gloriam
2701 1591 2860 1648 laudi
2893 1594 3040 1664 ejus.
3077 1616 3105 1642 »
3156 1594 3228 1649 Ut
3257 1595 3412 1650 sicut
3440 1595 3492 1650 ei
3521 1611 3618 1650 vo-

1969 1679 2136 1734 cibus
2206 1680 2500 1750 jubilatis,
2557 1680 2616 1735 in
2671 1696 2806 1736 eum
2839 1698 2943 1752 pro
3002 1682 3172 1737 bonis
3232 1683 3460 1739 actibus
3491 1683 3615 1755 glo-

1974 1768 2203 1824 riamini
2257 1771 2372 1825 :Ut
2422 1770 2663 1825 videntes
2706 1769 2952 1825 homines
3001 1787 3165 1842 opera
3215 1779 3404 1827 vestra.
3451 1773 3611 1841 bona,

281 1842 488 1897 «itivos
517 1841 645 1911 ejus
668 1839 1708 1912 inebrians,multiplicansgenimina
1730 1841 1859 1910 ejus

1988 1857 2274 1926 yloriﬁcent
2320 1860 2539 1914 Patrem
2589 1867 2829 1914 vestrum
2886 1861 2981 1930 qui
3027 1839 3198 1915 estin
3226 1861 3376 1918 cretis
3405 1839 3613 1933 (Matth.

209 1933 270 1986 in
304 1929 619 1986 stillicidiis
649 1930 810 2019 ejus.
835 1951 862 1978 ››
896 1929 1019 1984 Rivi
1051 1929 1208 1984 enim
1239 1928 1298 1983 in
1351 1928 1520 1984 nobis
1551 1947 1584 1984 a
1617 1929 1856 1985 flumine
1965 1964 2022 2010 ν,
2057 1948 2144 2017 16)
2176 1947 2276 2001 νει
2309 1946 2450 2001 illud
2487 1964 2498 2001 ε
2532 1947 2656 2001 Non
2688 1928 2907 2014 nobis;
2937 1947 3198 2015 nomine,
3254 1967 3367 2006 non
3413 1928 3613 2019 ’Ποδίῇ

207 2019 338 2089 illo,
397 2019 454 2074 id
487 2023 576 2076 est
601 2036 635 2073 a
664 2018 884 2091 Spiritu
917 2023 1142 2084 sancto,
1184 2019 1589 2090 emanant,qui
1634 2036 1741 2074 nos
1762 2019 1856 2073 di-

203 2108 392 2164 versis
422 2109 738 2178 gratiarum
775 2107 946 2162 donis
968 2105 1348 2161 inebriantmt
1369 2105 1467 2160 alii
1491 2107 1664 2161 detur
1683 2123 1858 2162 sermo

203 2199 519 2269 sapientiae,
545 2197 650 2250 alii
678 2195 990 2266 prophetia,
1015 2195 1120 2249 alii
1147 2196 1380 2264 curatio,
1405 2195 1508 2248 alii
1540 2195 1860 2267 interpreta-

204 2287 307 2352 tio,
338 2287 419 2342 vel
462 2286 685 2354 reliquae
731 2283 1050 2338 donationes
1078 2303 1098 2337 ,ο
1129 2299 1263 2353 quas
1303 2291 1562 2354 operatur
1591 2300 1736 2338 unus
1767 2289 1856 2338 at-

197 2390 318 2446 que
347 2373 492 2429 idem
521 2373 780 2441 Spiritus,
812 2371 1058 2427 dividens
1093 2373 1391 2442 unicuique
1435 2377 1598 2444 prout
1644 2371 1768 2427 vult
1817 2373 1864 2443 (Ι

205 2464 336 2516 Cor.
369 2478 468 2515 xu.
501 2462 678 2528 6-11).
713 2460 820 2516 Per
849 2477 978 2532 quae
1001 2459 1386 2516 donationum
1443 2477 1673 2532 genera,
1710 2460 1860 2515 mul-

201 2549 553 2621 tiplicantur
581 2549 847 2604 Ecclesiae
879 2551 1012 2614 Quae
1072 2548 1330 2620 primum
1386 2549 1627 2620 quidem
1689 2550 1861 2621 quasi

204 2637 510 2694 stillicidia
541 2639 599 2692 in
632 2638 799 2692 nobis
833 2638 1118 2702 deﬂuunt,
1154 2637 1362 2692 dehinc
1392 2637 1494 2692 rivi
1528 2639 1691 2693 fiunt.
1727 2639 1865 2695 Post

206 2727 333 2782 hinc
367 2725 838 2797 multiplicantur
869 2725 925 2780 in
958 2726 1433 2798 generationibus
1467 2743 1479 2780 :
1517 2732 1581 2782 ut
1613 2726 1859 2784 afferant

205 2818 492 2882 fructum,
528 2814 685 2869 aliud
718 2815 1124 2870 centesimum:
1185 2815 1343 2870 aliud
1403 2817 1860 2889 sexagesimum,

206 2905 371 2960 aliud
405 2904 768 2960 tricesimum
801 2903 1262 2975 (Malth.xm,8).«
1300 2903 1620 2960 Laetabitur
1644 2907 1862 2978 germi-

214 3010 386 3048 nans.
425 3015 445 3042 ι
481 2993 658 3047 Terra
690 2992 912 3047 scilicet
941 2991 1234 3048 laetabitur
1258 2993 1385 3063 (Isa.
1420 3011 1576 3064 Lvm,
1611 2995 1864 3065 1/1),cum

215 3086 279 3138 in
305 3098 373 3138 ea
401 3081 494 3136 hic
527 3083 749 3136 fructus
781 3079 1107 3152 epiritualis
1136 3080 1445 3136 exorietur.

291 3189 663 3245 «'Benedices
702 3205 976 3244 coronam
1028 3187 1165 3243 anni
1225 3189 1602 3260 benignitatis
1663 3196 1798 3246 tute.
1835 3214 1863 3241 ››
1897 3210 1940 3277 C

219 3282 346 3346 Qua
374 3283 607 3335 sanctos
639 3278 913 3350 praemiis,
944 3282 1002 3334 et
1033 3278 1410 3350 temetipsum
1442 3295 1643 3334 eorum
1677 3281 1867 3352 agmi-

218 3369 397 3424 nibus
426 3366 752 3423 coronabis.
788 3368 1014 3421 Annum
1045 3383 1177 3421 vero
1209 3366 1649 3438 acceptabilem,
1671 3369 1867 3440 ipsum

204 3472 340 3513 esse
380 3455 687 3512 Dominum
721 3454 874 3510 alius
931 3454 1215 3526 propheta
1253 3463 1677 3512 commemorat
1712 3475 1724 3513 :
1760 3459 1867 3514 Be-

208 3545 446 3602 nedices
469 3561 742 3601 coronam
775 3543 914 3598 anni
966 3543 1109 3613 ejus.
1169 3543 1465 3599 Circulum
1520 3550 1575 3600 et
1637 3562 1870 3618 semper

211 3638 274 3691 in
311 3652 373 3691 se
404 3635 697 3690 currentia
753 3633 888 3689 anni
944 3637 1228 3704 tempora,
1279 3650 1556 3688 coronam
1618 3637 1863 3691 vocavit.

216 3728 521 3780 Autcerte
569 3721 708 3794 quia
760 3722 818 3776 in
875 3721 1147 3793 passione
1204 3721 1437 3778 Domini
1497 3723 1740 3779 victoria
1797 3726 1868 3781 de

219 3817 342 3869 toto
376 3812 514 3868 orbe
545 3815 818 3882 suscepta
847 3815 956 3866 est.
995 3834 1014 3858 α
1051 3810 1120 3865 Et
1178 3811 1366 3881 campi
1411 3812 1491 3866 tui
1554 3812 1866 3883 repleban-

215 3907 317 3958 tur
344 3902 628 3957 ubertate.
662 3923 689 3950 »
728 3899 946 3970 Campi,
977 3897 1121 3970 legis
1153 3899 1253 3970 qui
1304 3899 1541 3954 nullum
1582 3901 1863 3970 jucundi-

215 3990 357 4046 tatis
393 3990 646 4044 fructum
676 3988 734 4042 in
773 3987 968 4043 littera
1026 3989 1398 4058 protulerunt
1430 4005 1443 4042 :
1479 4005 1633 4044 nunc
1694 3990 1866 4062 spiri-

212 4077 455 4136 tualiter
508 4075 808 4142 intellecti,
879 4077 1102 4132 fructus
1172 4076 1487 4149 evangelici
1575 4079 1866 4151 dogmatis

215 4163 490 4225 ubertate
521 4165 906 4238 complentur.

289 4279 320 4308 κ
352 4255 742 4328 Pinguescent
769 4253 1031 4326 speciosa
1061 4254 1295 4310 deserti.
1333 4277 1360 4304 »
1395 4255 1650 4312 Ecclesia
1709 4257 1868 4312 scili-

212 4350 328 4414 cet,
362 4362 487 4416 quae
518 4344 714 4399 divina
743 4343 843 4400 Dei
876 4341 1064 4416 gratia
1103 4343 1251 4398 fluit.
1287 4367 1314 4392 ‹‹
1351 4344 1417 4398 Et
1475 4343 1866 4402 exsultatione

215 4433 404 4491 colles
435 4433 836 4505 accinguntur.
873 4455 901 4481 »
934 4432 1235 4503 Martyres,
1271 4432 1389 4487 sive
1419 4432 1624 4503 reliqui
1658 4435 1864 4490 sancti:

215 4523 344 4596 qui,
376 4522 684 4578 immensis
716 4537 750 4575 a
780 4520 894 4576 Deo
926 4521 1182 4592 praemiis
1214 4521 1505 4590 honorati,
1570 4523 1867 4593 perpetuis

214 4611 458 4686 gaudiis
499 4611 897 4682 aceingentur.

296 4724 325 4750 α
361 4699 555 4756 lnduti
586 4703 726 4755 sunt
755 4699 966 4754 arietes
995 4699 1211 4754 ovium.
1250 4723 1270 4747 ι
1339 4699 1708 4767 Patriarcba,
1741 4717 1873 4771 pro-

220 4790 438 4864 phetaa,
491 4790 608 4845 sive
667 4787 914 4860 apostoli
949 4807 962 4844 :
996 4789 1094 4860 qui
1154 4789 1335 4845 duces
1392 4789 1629 4844 fuerunt
1682 4789 1876 4845 ovium

222 4879 423 4953 gregis
454 4878 853 4943 ecclesiastici,
903 4877 1170 4933 translati
1230 4895 1263 4933 a
1313 4883 1500 4933 morte
1558 4879 1615 4932 in
1647 4878 1874 4933 vitam:

227 4970 562 5025 induuntur
616 4966 1060 5023 immortalitate
1115 4972 1414 5039 perpetua.
1475 4990 1501 5017 «
1580 4967 1642 5022 El
1701 4968 1879 5023 valles

224 5058 619 5115 abundabunt
648 5058 995 5113 frumento.»
1032 5057 1382 5112 Clamabunt
1413 5058 1599 5112 sancti
1635 5057 1879 5112 minoris

227 5147 446 5212 meriti,
482 5152 538 5202 et
568 5163 844 5203 coronam
878 5164 990 5202 non
1034 5146 1263 5218 capient
1297 5164 1309 5201 :
1347 5147 1634 5202 fructibus
1683 5151 1878 5202 tamen

231 5241 460 5292 aeterna:
491 5237 621 5292 vita:
652 5235 900 5291 alentur.
928 5258 955 5285 «
1016 5235 1385 5305 Clamabunt,
1443 5235 1660 5290 etenim
1711 5235 1878 5306 hym-

236 5342 381 5381 num
414 5326 624 5380 dicent.
661 5346 689 5374 »
722 5324 937 5379 Omnes
969 5324 1297 5395 promiscue
1355 5322 1520 5378 electi
1552 5340 1656 5394 pro
1687 5324 1877 5378 diver-

231 5431 434 5470 sorum
470 5429 782 5468 munerum
815 5413 1004 5479 donis,
1039 5414 1154 5468 Deo
1191 5416 1502 5485 perpetuas
1559 5413 1882 5467 concinunt

233 5503 460 5559 laudes.
493 5505 753 5569 Quorum
781 5506 849 5556 ut
903 5518 1324 5574 congregemur
1383 5501 1626 5567 meritis,
1679 5501 1879 5573 depre-

232 5597 436 5649 cantes
463 5609 721 5659 oramus,
778 5596 844 5647 ut
892 5591 1218 5662 jungamur
1275 5591 1554 5662 praemiis,
1588 5595 1654 5646 ut
1685 5591 1732 5646 si
1767 5607 1882 5646 non

233 5699 530 5742 meremur
559 5679 836 5737 honorari
881 5679 1158 5754 praemiis,
1218 5679 1305 5738 vel
1365 5680 1560 5761 ornari
1623 5680 1877 5754 coronis,

519 5810 784 5874 PATROL.
833 5806 1046 5876 XXVI.

1969 2037 2068 2092 sed
2101 2036 2320 2090 nomini
2355 2040 2454 2090 tuo
2485 2036 2560 2090 da
2589 2033 2832 2106 gloriam
2867 2036 3042 2106 (Psal.
3077 2053 3233 2108 cxm,
3271 2040 3342 2108 1).

2040 2149 2068 2175 ‹‹
2103 2124 2284 2180 Dicite
2316 2125 2452 2193 Deo,
2487 2140 2665 2194 quam
2725 2123 3008 2179 terribilia
3065 2130 3204 2180 sunt
3259 2143 3435 2198 opera
3489 2132 3613 2197 tua,

1972 2213 2232 2281 Domine,
2270 2236 2294 2260 n
2325 2213 2555 2268 Scilicet
2586 2217 2648 2268 ut
2681 2229 2795 2268 non
2846 2217 3179 2270 creaturam
3234 2214 3444 2284 colant,
3508 2217 3610 2273 sed

1971 2302 2258 2356 Creatoris
2314 2302 2588 2357 virtutem
2644 2302 2702 2356 in
2767 2300 2858 2356 his
2906 2319 3031 2374 quae
3110 2305 3608 2376 contemplantur,

1972 2390 2318 2461 intelligant.
2353 2412 2379 2440 ‹‹
2414 2389 2598 2453 Quam
2630 2389 2915 2445 terribilia
2974 2396 3113 2446 sunt
3169 2409 3344 2464 opera
3401 2399 3504 2449 tua
3537 2395 3548 2449 Ι
3585 2415 3615 2444 »δ

1972 2478 2252 2534 Terribile
2277 2482 2365 2534 est
2395 2480 2547 2549 quod
2583 2479 2826 2550 potestis
2858 2479 3078 2534 mirari.
3113 2484 3170 2536 et
3200 2498 3314 2536 non
3374 2483 3620 2554 potestis

1973 2568 2484 2639 comprehendere,
2516 2567 2572 2622 id
2605 2572 2710 2638 est,
2746 2569 2816 2623 de
2848 2568 3062 2640 populo
3111 2570 3354 2627 Judaico
3412 2571 3618 2641 electo,

1973 2662 2028 2711 et
2059 2663 2260 2726 postea
2293 2657 2599 2728 reprobate
2628 2661 2684 2712 et
2711 2662 2913 2729 gentes
2945 2659 3219 2728 primitus
3258 2661 3620 2716 condemna-

1971 2751 2081 2814 tas,
2117 2751 2173 2800 et
2207 2751 2405 2818 postea
2437 2745 2781 2801 electas.Vel
2813 2747 2913 2816 qui
2937 2747 3383 2816 videnturquasi
3405 2752 3617 2815 sancti,
3647 2757 3652 2760 ’

1973 2839 2029 2890 et
2060 2835 2376 2906 reprobati;
2409 2840 2464 2890 et
2497 2835 2566 2889 de
2598 2834 3129 2906 peccatoribus,qui
3155 2835 3426 2893 videntur
3446 2839 3619 2910 quasi

1974 2923 2288 2995 reprobati,
2350 2927 2406 2977 et
2464 2921 2651 2978 electi.
2725 2921 2963 2978 Occulta
3022 2929 3164 2979 sunt
3213 2925 3437 2993 judicia
3466 2926 3612 2982 Dei:

1975 3012 2280 3075 terribilia,
2315 3012 2370 3066 id
2403 3016 2491 3067 est
2521 3011 2838 3066 timenda.«
2873 3012 2935 3066 In
2983 3012 3363 3070 multitudine
3384 3015 3621 3071 virtutis

1976 3107 2086 3156 tuae
2119 3101 2474 3156 mentientur
2501 3099 2606 3154 tibi
2639 3100 2859 3155 inimici
2892 3100 3030 3156 tui;
3066 3101 3309 3165 Quando
3341 3104 3618 3160 viderunt

1975 3190 2035 3246 in
2067 3190 2308 3262 {Egypto
2337 3189 2600 3260 virtutes,
2633 3193 2690 3244 et
2717 3190 2924 3262 signa:
2958 3195 3016 3246 et
3073 3190 3133 3246 in
3192 3193 3340 3247 mari
3399 3193 3619 3249 Rubro.

1978 3279 2199 3334 Mentiti
2232 3283 2368 3334 sunt
2404 3279 2638 3348 quando
2687 3279 2997 3335 dixerunt:
3036 3279 3234 3335 Omnia
3291 3299 3625 3354 quaecunque

1975 3369 2291 3440 praeceperit
2320 3368 2475 3423 nobis
2501 3368 2782 3433 Dominus,
2839 3370 3109 3439 faciemus
3164 3371 3360 3440 (Exod.
3396 3389 3512 3437 xxv,
3545 3372 3625 3443 7).

1979 3457 2142 3512 Unde
2173 3457 2314 3511 dicit
2346 3473 2358 3511 ε
2393 3457 2664 3526 lniquitas
2693 3458 2924 3511 mentita
2951 3460 3110 3525 est,et
3157 3458 3377 3514 inimici
3406 3460 3628 3516 Domini

1975 3548 2196 3602 mentiti
2219 3549 2348 3600 sunt
2376 3545 2426 3599 ei
2455 3546 2624 3615 (Psal.
2661 3562 2812 3610 xxvx,
2850 3547 2955 3616 12).

2049 3659 2076 3685 ‹‹
2111 3635 2315 3690 Omnis
2342 3638 2464 3688 tera
2494 3634 2694 3689 adoret
2744 3639 2820 3700 te,
2860 3635 3028 3700 Deus,
3087 3640 3143 3690 et
3203 3635 3415 3708 psallat
3471 3637 3575 3691 tibi
3611 3653 3626 3692 :

1977 3724 2273 3796 psalmum
2307 3723 2462 3799 dicat
2513 3722 2734 3777 nomini
2792 3728 2912 3778 tuo.
2954 3745 2974 3774 ι
3040 3745 3067 3773 ››
3127 3726 3207 3780 Te
3257 3726 3476 3793 adoret,
3513 3748 3540 3775 »
3571 3730 3630 3781 te

1976 3817 2282 3869 veneretur
2315 3830 2326 3867 :
2361 3812 2464 3867 tibi
2498 3811 2787 3880 concinat,
2812 3829 2927 3866 non
2961 3818 3258 3881 creaturis,
3293 3831 3471 3885 quam
3494 3816 3624 3884 eius

1979 3903 2188 3957 usibus
2217 3900 2540 3970 subjecisti.
2575 3900 2676 3954 Hic
2710 3901 3028 3973 interponit
3079 3903 3426 3974 diapsalma,
3459 3907 3524 3957 ut
3549 3903 3622 3957 ad

1978 4008 2084 4046 nos
2114 3991 2284 4045 verba
2313 3992 2626 4054 convertat,
2659 3988 2861 4045 dicens
2903 4008 2916 4046 :

2048 4102 2074 4128 ‹‹
2110 4078 2332 4145 Venite,
2367 4083 2424 4133 et
2477 4077 2666 4132 videte
2712 4093 2888 4150 opera
2945 4079 3198 4146 Domini,
3229 4078 3508 4135 terribilis
3563 4079 3623 4134 in

1978 4166 2240 4224 consiliis
2271 4183 2448 4238 super
2479 4165 2628 4221 filios
2660 4165 2990 4222 hominum.
3029 4191 3049 4216 ι
3098 4166 3309 4222 Gentes
3341 4183 3468 4238 quae
3521 4167 3624 4223 diu

1977 4255 2034 4310 in
2066 4273 2258 4312 errore
2289 4256 2539 4310 fanatico
2566 4255 2853 4321 vixerunt,
2885 4255 3038 4310 sicut
3079 4256 3376 4327 quondam
3427 4261 3626 4328 patres

1979 4349 2184 4414 nostri,
2218 4345 2287 4398 ad
2322 4343 2504 4397 Deum
2539 4343 3012 4414 cognoscendum
3064 4343 3292 4399 invitat.
3323 4345 3431 4410 Qui
3456 4346 3626 4401 terri-

1982 4433 2201 4488 bilibus
2233 4431 2496 4486 consiliis
2530 4431 2788 4486 humano
2819 4432 3015 4504 generi
3065 4433 3385 4502 consuluit,
3420 4439 3484 4489 ut
3531 4452 3631 4489 co-

1984 4525 2330 4592 gnoscentes
2362 4520 2648 4575 Creatoris
2680 4537 2875 4592 opera,
2922 4521 3138 4577 scirent
3194 4539 3438 4595 operum
3493 4540 3631 4578 con-

1907 4581 1952 4644 D
1984 4581 2254 4665 ditorem.
2287 4633 2314 4658 ‹‹
2347 4608 2572 4678 Venite,
2606 4612 2663 4664 et
2691 4581 2879 4666 videte
2909 4627 3084 4684 Opera
3119 4581 3409 4666 Domini.»
3449 4612 3631 4666 Venite

1987 4700 2249 4764 credite,
2313 4697 2527 4764 videte,
2587 4696 2932 4770 intelligite.
2996 4699 3115 4754 Vox
3189 4700 3635 4770 praedicatorum

1994 4811 2014 4839 ι
2051 4788 2232 4851 Quam
2254 4786 2552 4857 terribilis,
2588 4787 2644 4840 in
2704 4787 2966 4842 consiliis
2998 4804 3175 4860 super
3232 4787 3387 4843 filios
3446 4787 3637 4843 homi-

1991 4895 2131 4932 num
2164 4877 2175 4930 l
2217 4899 2236 4926 ι
2271 4876 2578 4944 Terribilis,
2606 4875 2713 4932 hoc
2747 4881 2854 4943 est,
2889 4877 3183 4947 quomodo
3232 4893 3387 4931 unus
3439 4892 3637 4948 repro-

1990 4967 2162 5021 batur
2219 4970 2274 5020 et
2325 4964 2472 5020 alter
2526 4963 2781 5036 eligitur.
2844 4966 3257 5036 Reprobantur
3310 4965 3521 5034 Judaai,
3583 4968 3640 5020 et

1989 5055 2289 5127 eliguntur
2317 5057 2517 5127 gentes
2553 5071 2566 5120 ;
2601 5053 2755 5108 sicut
2785 5053 2931 5108 dixit
2962 5055 3019 5108 in
3055 5054 3360 5127 Evangelio
3397 5070 3408 5108 :
3443 5055 3560 5110 Duo
3582 5055 3643 5109 in

1987 5162 2162 5216 agro:
2207 5161 2348 5199 unus
2395 5153 2721 5209 assumetur,
2771 5153 2822 5199 et
2874 5159 3020 5198 unus
3079 5145 3440 5217 relinquetur.
3500 5145 3641 5200 Duae

1988 5236 2248 5291 molentes
2279 5252 2296 5288 :
2330 5250 2441 5287 una
2472 5241 2799 5301 assumetur,
2834 5240 2884 5288 et
2911 5234 3024 5288 alia
3047 5233 3398 5306 relinquetur
3427 5233 3641 5304 (Matth.

1989 5339 2141 5392 xxiv,
2193 5324 2284 5389 40,
2334 5322 2440 5392 fit).
2496 5323 2608 5376 Duo
2655 5322 2713 5374 in
2752 5319 2887 5376 tecto
2936 5340 2955 5377 :
3012 5338 3155 5376 unus
3213 5327 3548 5394 assumetur,
3594 5325 3649 5378 et

1990 5430 2132 5469 unus
2162 5413 2514 5483 relinquetur
2544 5411 2694 5482 (Luc.
2729 5427 2862 5474 xvu,
2895 5411 3005 5481 34).
3038 5411 3329 5467 Terribile
3359 5417 3466 5482 est,
3493 5412 3639 5466 dum

1993 5505 2064 5558 de
2095 5519 2211 5556 una
2243 5517 2441 5555 massa
2495 5501 2731 5554 fuerunt
2779 5499 2981 5571 creati,
3021 5505 3078 5554 et
3125 5499 3222 5555 alii
3269 5501 3652 5574 eliguntur,et

1992 5591 2094 5648 alii
2129 5590 2536 5662 reprobantur.

2069 5703 2090 5732 ι
2122 5679 2230 5755 Qui
2253 5679 2534 5738 convertit
2564 5693 2723 5739 mare
2754 5677 2814 5735 in
2846 5677 3070 5737 aridam
3103 5695 3117 5738 :
3152 5679 3212 5735 in
3247 5677 3495 5735 ﬂumine
3523 5687 3653 5754 pere

3285 5805 3366 5896 3.4.
