3976 6188
1942 368 2363 434 APPENDIX.

3605 355 3713 421 l068

439 523 776 603 transibunt
807 518 972 592 pede.
1006 538 1033 567 ››
1098 517 1296 588 Ipsum
1355 511 1596 568 adorare
1649 509 1815 565 docet
1860 505 1962 577 qui
2012 505 2083 560 ad
2113 508 2170 574 Α
2197 519 2325 576 quae
2357 505 2414 557 et
2442 497 2847 556 holocaustum
2876 493 3176 563 acceptum
3208 486 3382 544 effecti
3410 490 3540 559 sunt,
3577 504 3714 560 perve-

1463 600 1472 603 -
1623 597 1655 603 --
1730 597 1787 603 ι-
1881 595 1895 603 .
2241 593 2253 603 .
2410 591 2431 603 .
2519 588 2530 599 .
2740 589 2750 603 .
2817 598 2954 603 ψη,
2994 578 3257 603 ,ιη-μή
3322 577 3456 603 τηε,
3499 579 3711 603 ,-_,_,,__

445 600 755 672 transitum
796 605 1047 674 lsraelis,
1099 607 1155 658 et
1212 617 1370 657 mare
1428 597 1667 656 siccavit
1723 595 1914 669 (Exod.
1970 611 2087 658 xw,

439 705 554 776 22),
584 706 641 758 et
693 697 966 756 Jordanis
1024 694 1215 749 undas
1273 689 1551 762 appendit
1604 691 1806 756 (Iosue,

443 794 552 849 Sed
585 796 642 848 et
668 791 793 862 ipse
824 784 1108 842 Dominus
1142 782 1279 848 dux,
1312 779 1434 834 haec
1478 775 1647 849 quasi
1680 775 1823 847 pede
1853 776 2091 844 praeter-

444 883 531 946 iit,
565 878 780 953 populo
812 875 1219 949 proSequente.
1251 870 1401 941 Ergo
1433 867 1587 923 sicut
1616 869 1757 920 tunc
1790 863 1877 917 ha:
1922 877 2089 932 aquae

444 972 572 1044 ipso
604 970 753 1025 duce
782 965 980 1022 divisae
1021 960 1234 1035 populo
1292 958 1446 1015 viam
1496 957 1554 1011 in
1613 961 1829 1010 terram
1888 966 2089 1022 repro-

446 1056 748 1116 missionis
790 1054 1145 1127 aperuerunt
1185 1065 1199 1103 :
1234 1048 1315 1102 ita
1354 1062 1509 1101 nunc
1568 1041 1757 1110 nobis,
1791 1040 1841 1096 si
1898 1038 2089 1110 bapti-

445 1163 644 1205 smum
675 1161 791 1201 non
823 1141 1175 1215 polluamus,
1212 1152 1313 1208 per
1344 1135 1539 1206 ipsum
1570 1129 1773 1197 abluti,
1798 1129 2090 1200 praeeunte

445 1254 533 1306 eo,
565 1236 624 1290 in
656 1251 771 1306 quo
824 1230 1009 1286 renati
1064 1243 1292 1290 sumus,
1353 1225 1413 1277 in
1474 1221 1769 1293 regionem
1828 1218 2089 1273 vivorum

446 1304 891 1398 ingredimur.»
950 1318 1049 1375 Vel
1104 1312 1545 1389 pertransibunt
1597 1310 1761 1381 pede,
1823 1329 1851 1355 ››
1902 1304 2089 1361 sancti

448 1393 855 1487 pradicatores
885 1408 1110 1463 fortiter
1165 1402 1615 1459 ambulaverunt
1672 1393 2084 1469 praedicando:

444 1485 584 1576 quia
612 1504 765 1558 Deus
797 1500 1082 1571 praeparat
1111 1494 1227 1549 illis
1271 1492 1445 1546 viam.
1481 1489 1642 1543 Unde
1700 1485 1919 1540 dictum
1951 1486 2040 1537 est
2070 1497 2082 1536 :

447 1570 685 1648 Dalciate
729 1570 888 1661 pedes
935 1593 1143 1640 “vestros
1194 1584 1253 1635 in
1311 1578 1727 1650 praeparatione
1798 1570 2090 1639 Evangelii

439 1683 594 1754 pacis
623 1660 835 1750 (ΕρΙιεε.
866 1692 943 1729 x1.
972 1674 1078 1742 1.5).
1116 1693 1142 1720 ις
1186 1669 1263 1724 Ibi
1300 1665 1629 1722 laetabimur
1686 1664 1744 1729 in
1776 1660 2037 1732 idipsum
2071 1674 2085 1713 :

447 1769 550 1841 qui
598 1766 978 1823 dominantur
1024 1762 1085 1815 in
1136 1759 1347 1812 virtute
1414 1771 1522 1810 sua
1587 1752 1646 1807 in
1703 1755 2006 1805 aeternum.
2060 1769 2087 1796 ››

450 1836 483 1911 ἆ
514 1857 578 1911 In
608 1855 891 1925 idipsum,
922 1852 1032 1906 hoc
1064 1852 1154 1904 est
1209 1846 1269 1901 in
1329 1844 1559 1900 Christo
1619 1859 1630 1897 :
1666 1839 1801 1912 quia
1832 1838 1935 1911 qui
1996 1836 2089 1891 hic

445 1946 557 2003 fuit
607 1942 979 2009 humiliatus,
1037 1939 1162 2009 ipse
1220 1935 1557 1991 dominatur
1628 1930 1687 1985 in
1743 1926 2084 1984 aeternitate.

445 2035 609 2092 Sicut
633 2033 789 2090 enim
820 2032 946 2102 ejus
976 2026 1205 2084 virtulis
1237 2022 1556 2080 dominatio
1585 2019 1744 2076 nullo
1794 2016 2089 2073 clauditur

445 2125 562 2181 ﬁne
596 2124 723 2192 ;‘ita
751 2126 950 2176 nostra
981 2115 1197 2184 laetitia,
1232 2132 1349 2186 qua
1394 2116 1441 2167 ei
1477 2110 1805 2166 conformes
1867 2103 2088 2161 efﬁcie-

447 2230 602 2283 mur,
637 2215 911 2284 perpetuo
947 2204 1329 2279 permanebit.

470 2360 473 2365 ,
517 2326 545 2353 ‹‹
579 2282 902 2370 ΟὸυὶίίθᾹυε
950 2312 1127 2367 super
1184 2297 1383 2365 gentes
1442 2288 1781 2360 respiciunt.
1845 2305 1872 2333 »
1899 2282 1971 2338 Ut
2001 2298 2087 2336 re-

388 2468 391 2471 }
446 2392 770 2466 probentur
786 2385 993 2455 Judaei,
1027 2389 1083 2439 et
1128 2382 1419 2454 eligantur
1474 2376 1719 2449 gentiles
1754 2392 1766 2443 ;
1803 2378 1867 2428 ut
1897 2371 2042 2426 illud
2072 2385 2085 2424 :

451 2457 557 2551 Qui
585 2481 751 2552 ﬁnxit
780 2478 1020 2544 oculum,
1061 2489 1172 2527 non
1217 2468 1520 2525 considerat
1569 2464 1740 2536 [Psat.
1790 2478 1947 2526 xcni,
1976 2460 2031 2530 9)
2064 2457 2092 2511 ?

448 2549 942 2641 contemplatione
973 2564 1176 2617 sancta
1201 2557 1437 2628 inspicit
1467 2552 1713 2627 populos
1745 2549 2088 2605 credituros:

449 2677 587 2718 nam
635 2635 815 2714 nullis
857 2652 1092 2726 penitus
1148 2645 1530 2718 distinguitur
1588 2639 1886 2697 membris.
1928 2659 1953 2690 α
1983 2635 2090 2700 Qui

453 2750 819 2821 exasperant,
852 2725 968 2798 non
999 2738 1325 2795 exalteutur
1356 2735 1415 2789 in
1459 2729 1814 2803 semetipsis.
1850 2750 1878 2779 »
1908 2725 2091 2782 Judaei

451 2815 697 2908 scilicet,
731 2836 874 2890 dum
904 2847 1006 2903 per
1035 2827 1186 2884 fellis
1216 2823 1669 2882 amaritudinem
1733 2819 1792 2874 in
1850 2815 2093 2872 Abrahae

453 2927 759 2987 nativitate
790 2918 1031 2985 carnali,
1066 2916 1164 2973 Dei
1202 2914 1448 2988 gloriam
1496 2911 1804 2978 collocant,
1863 2921 2097 2977 semper

454 3015 863 3075 humiliantur.
892 3006 1219 3079 Interjectio
1248 3001 1655 3075 diapsalmatis
1710 2996 1975 3055 ordinem
2007 2993 2094 3049 di-

456 3112 684 3163 ctorum
714 3102 1011 3166 immutat,
1070 3100 1135 3151 ut
1189 3113 1223 3150 a
1274 3089 1611 3165 prophetica
1662 3084 2092 3150 vaticinatione,

453 3196 527 3252 ad
559 3188 938 3265 apostolicam
968 3188 1229 3243 transeat
1257 3180 1737 3237 exhortationem.

525 3324 554 3353 ‹‹
587 3297 937 3363 Benedicite,
971 3296 1192 3367 gentes,
1225 3289 1540 3346 Dominum
1588 3285 1774 3340 Deum
1806 3283 2095 3347 nostrum,

456 3397 515 3448 et
543 3389 805 3447 auditam
839 3385 1010 3441 facite
1048 3398 1246 3437 vocem
1296 3377 1490 3433 laudis
1546 3376 1693 3445 ejus.
1754 3394 1783 3422 »
1840 3367 2098 3441 Apostoli

459 3482 582 3538 haec
611 3477 947 3551 praedicant,
981 3473 1253 3544 utipsum
1282 3465 1629 3523 benedicant
1658 3463 1859 3535 gentes
1885 3461 2096 3525 Deum;

462 3548 639 3642 quem
669 3567 847 3623 iidem
880 3559 1128 3634 apostoli
1156 3552 1377 3613 dicunt
1420 3569 1616 3620 suum,
1667 3548 2100 3617 obaudiantque

459 3662 655 3733 ipsum
688 3657 747 3711 in
779 3668 954 3725 quem
985 3652 1124 3705 sunt
1159 3646 1342 3702 renati
1389 3660 1491 3716 per
1537 3640 1920 3713 baptismum.
1959 3636 2100 3691 Hinc

460 3751 675 3806 iterum
707 3742 992 3817 prOpheta
1022 3737 1304 3810 loquitur.

532 3863 559 3891 ‹‹
589 3837 698 3903 Qui
729 3833 925 3908 posuit
955 3830 1211 3886 animam
1245 3841 1435 3881 meam
1468 3824 1539 3879 ad
1567 3822 1766 3877 vitam.
1802 3842 1830 3869 »
1861 3819 1944 3876 Ne
1973 3832 2102 3873 eam

462 3932 747 4003 perpetua
774 3922 1144 3979 consumeret
1175 3932 1353 3972 mors.
1386 3915 1540 3969 Mors
1584 3911 1798 3968 occidit
1827 3912 2102 3973 mortem,

455 3998 518 4076 id
548 3998 659 4085 est,
692 4030 851 4071 mors
880 4009 1091 4067 Christi
1122 4006 1331 4063 occidit
1364 4007 1609 4059 mortem
1659 4005 1941 4055 nostram.
1980 4016 2007 4049 ¢
2036 3998 2105 4052 Et

458 4127 577 4168 non
608 4105 768 4163 dedit
800 4104 857 4158 in
891 4097 1342 4157 commotionem
1376 4094 1552 4166 pedes
1584 4106 1764 4146 meos.
1791 4112 1820 4139 ››
1842 4088 1952 4143 Sed
1985 4091 2103 4143 sta-

463 4198 651 4254 bilivit
681 4212 773 4251 me
801 4193 862 4248 in
922 4185 1434 4264 prmdicationibus
1494 4198 1641 4253 quas
1695 4179 1969 4251 gentibus
2015 4177 2102 4230 in-

466 4289 596 4343 tuli.
629 4287 776 4340 Hinc
807 4280 1067 4337 succedit
1093 4294 1204 4333 vox
1233 4279 1576 4345 martyrum.

536 4418 563 4446 ‹‹
600 4391 885 4457 Quoniam
912 4376 1233 4458 reprobasti
1276 4399 1404 4450 nos,
1436 4381 1590 4436 Deus
1646 4379 1780 4450 igne
1837 4392 1944 4432 nos
1973 4390 2103 4430 exa-

465 4484 726 4555 minasti,
762 4481 915 4538 sicut
945 4475 1313 4532 examinatur
1350 4475 1682 4543 argentum,
1715 4472 1771 4524 et
1824 4464 2104 4522 induxisti

465 4596 572 4641 nos
604 4576 663 4631 in
694 4574 969 4644 laqueum
1006 4586 1017 4622 :
1054 4564 1302 4639 posuisti
1356 4560 1763 4618 tribulationes
1820 4558 1878 4611 in
1932 4557 2105 4611 dorso

468 4672 665 4725 nostro
700 4681 713 4719 :
748 4659 1084 4734 imposuisti
1116 4655 1384 4711 homines
1406 4668 1584 4723 super
1614 4649 1805 4720 capita
1834 4649 2052 4702 nostra.
2079 4665 2106 4695 ››

465 4757 527 4813 Id
557 4760 665 4812 est.
700 4749 1022 4817 diabolum,
1055 4750 1118 4801 ut
1148 4759 1323 4816 super
1353 4759 1458 4797 nos
1500 4739 1843 4812 exigeretur,
1878 4735 1947 4790 ad
1976 4750 2108 4806 pro-

463 4842 855 4903 bandum.Vel
887 4840 1058 4895 aliter
1091 4854 1102 4891 :
1139 4852 1252 4889 non
1284 4832 1427 4887 dixit
1457 4832 1526 4885 de
1558 4827 1801 4900 angelis,
1831 4840 2018 4895 neque
2040 4823 2109 4879 de

467 4935 707 5001 sanctis,
743 4932 843 4989 sed
877 4931 947 4984 de
976 4923 1401 4999 peccatoribus,
1432 4918 1491 4973 id
1525 4922 1631 4982 est,
1667 4919 1994 4988 peccatores
2028 4914 2104 4967 fe-

465 5025 593 5082 cisti
627 5040 755 5079 esse
784 5037 961 5092 super
982 5018 1116 5083 Tios,
1147 5018 1211 5069 ut
1267 5029 1373 5067 nos
1432 5008 1827 5065 sustineamus
1860 5020 1961 5075 per
2006 5018 2108 5072 pa-

463 5115 749 5174 tientiam.
784 5111 858 5166 Ut
890 5108 1030 5164 illud
1067 5123 1078 5161 :
1114 5107 1221 5159 Per
1248 5102 1455 5156 multas
1486 5096 1861 5152 tribulationes
1902 5095 2111 5163 oportet

461 5221 560 5261 nos
588 5204 823 5259 introire
852 5203 907 5255 in
941 5212 1171 5266 regnum
1199 5193 1300 5248 Dei
1327 5191 1461 5260 (Act.
1494 5204 1609 5258 xxv,
1640 5185 1750 5252 21).

538 5316 566 5345 ‹‹
598 5290 1005 5348 Transivimus
1037 5302 1137 5357 per
1165 5283 1359 5353 ignem
1393 5283 1449 5333 et
1503 5291 1738 5348 aquam,
1772 5277 1829 5328 et
1857 5269 2109 5328 eduxisti

464 5399 572 5439 nos
604 5382 661 5435 in
696 5378 1083 5451 refrigerium,
1122 5398 1147 5422 ››
1184 5374 1499 5441 Martyrum
1535 5366 1630 5421 hic
1656 5362 1912 5420 ostendit
1936 5361 2109 5415 victo-

464 5470 605 5537 rias,
638 5486 785 5541 quas
815 5468 871 5521 in
896 5464 1139 5520 diversis
1168 5458 1540 5533 passionibus
1564 5455 1921 5521 meruerunt,
1957 5453 2014 5504 et
2035 5449 2104 5504 ad

466 5577 652 5616 unum
684 5575 783 5613 eos
849 5556 1010 5610 ducit
1075 5549 1461 5622 retrigeriurn,
1529 5544 1587 5598 id
1656 5548 1745 5598 est
1810 5540 2105 5598 Christum

466 5649 777 5709 Dominum
813 5664 825 5700 :
862 5662 963 5717 per
992 5644 1252 5713 laqueos,
1302 5654 1402 5708 per
1458 5650 1679 5701 cruces,
1716 5647 1816 5703 per
1845 5631 2104 5696 verbera,

470 5757 570 5819 per
601 5739 787 5825 ignes,
821 5741 1116 5807 aestusque
1146 5733 1201 5787 et
1232 5726 1347 5784 alia
1402 5722 1629 5779 diversa
1658 5718 1963 5795 supplicia,
2006 5733 2109 5793 per

2198 593 2377 649 uisse.
2410 588 2566 663 Ignis
2595 589 2779 651 vorat,
2812 598 2964 655 aqua
2992 578 3278 635 absorbet.
3321 577 3474 649 Ignis,
3499 579 3712 634 tentatio:

2198 700 2352 754 aqua
2383 676 2758 753 prosperitas.
2792 671 2896 728 Vel
2916 670 3112 743 ignem
3157 666 3396 739 Spiritus
3426 666 3595 721 sancti.
3617 692 3632 714 ι
3655 667 3716 722 in-

2198 770 2414 829 duxisti
2447 786 2554 825 nos
2583 767 2643 822 in
2676 761 3062 836 refrigerium.
3101 779 3128 808 »
3160 757 3265 813 hoc
3293 759 3375 813 est
3414 756 3464 810 in
3491 755 3715 812 beatitudi-

2199 878 2333 917 nem
2367 863 2666 915 aeternam.

2269 974 2299 1002 «
2334 947 2588 1006 Introibo
2620 946 2678 1000 in
2701 944 2939 999 domum
2972 942 3136 994 tuam
3170 935 3229 991 in
3259 933 3586 991 holocaustis.
3613 956 3629 985 ι
3655 935 3716 990 llic

2199 1041 2482 1115 prOpheta
2510 1053 2626 1092 non
2657 1034 2727 1089 de
2773 1047 2836 1087 se
2879 1031 3111 1085 tantum
3158 1023 3424 1097 loquitur,
3472 1024 3555 1079 sed
3592 1024 3717 1078 dehis

2198 1112 2345 1203 quos
2376 1126 2647 1200 superius
2678 1118 3042 1186 memoravit,
3092 1114 3194 1186 qui
3250 1112 3557 1168 introierunt
3594 1112 3636 1167 in
3655 1112 3717 1168 do-

2200 1236 2364 1275 mum
2393 1216 2513 1273 Dei:
2550 1218 2615 1270 ut
2637 1229 2751 1268 non
2770 1208 2962 1266 solum
2986 1223 3048 1262 se
3070 1203 3402 1261 exhiberent
3430 1203 3524 1257 Deo
3545 1201 3719 1257 hostiam

2196 1311 2405 1376 vivam,
2440 1305 2542 1362 sed
2572 1308 2628 1359 et
2656 1301 2787 1357 illos
2819 1298 2919 1372 qui
2950 1311 3153 1352 corum
3184 1289 3431 1364 exempla
3456 1308 3540 1363 pro
3562 1290 3719 1346 nomine

2200 1396 2429 1455 Domini
2462 1392 2620 1467 passi
2651 1394 2791 1447 sunt
2821 1406 2833 1444 :
2889 1407 2916 1439 α
2945 1385 3021 1440 Ut
3051 1384 3287 1440 reddam
3334 1380 3430 1436 tibi
3454 1384 3564 1434 vota
3605 1395 3716 1433 mea:

2200 1506 2327 1561 quze
2358 1466 2751 1541 distinxerunt
2778 1475 2933 1533 labia
2982 1490 3133 1528 mea.
3160 1493 3187 1521 n
3221 1472 3347 1535 Qum
3392 1472 3506 1524 vota
3529 1466 3717 1523 dixtinxe-

2198 1555 2354 1643 runt,
2388 1573 2503 1630 nisi
2535 1575 2599 1627 ut
2631 1570 2775 1626 alios
2806 1565 2920 1622 sibi
2949 1564 3009 1620 in
3043 1560 3383 1633 martyrium
3431 1555 3717 1629 copularent?

2196 1667 2298 1723 Vel
2324 1663 2704 1739 promissum,
2729 1660 2793 1713 ut
2821 1655 3006 1711 Deum
3038 1650 3422 1716 laudemus,et
3448 1646 3719 1702 conﬁtemur

2195 1734 2363 1812 illum
2397 1757 2735 1810 creatorem.
2770 1749 3053 1802 Locutum
3086 1745 3177 1795 est
3217 1755 3280 1795 os
3333 1752 3507 1792 meum
3532 1735 3576 1789 in
3599 1734 3717 1788 tribu-

2196 1844 2409 1901 latione
2437 1858 2586 1897 mea.
2626 1861 2646 1887 ι
2681 1833 2883 1892 Locuti
2914 1834 3056 1888 sunt
3085 1828 3263 1896 enim,
3308 1830 3369 1881 ut
3395 1839 3632 1896 nunquam
3652 1837 3715 1877 eos

2198 1935 2493 2006 separaret
2516 1948 2549 1985 a
2577 1926 2859 1984 charitate
2886 1919 3106 1978 Christi
3139 1916 3258 1973 ulla
3285 1913 3586 1989 persecutio.

2268 2001 2295 2074 i.
2328 2021 2678 2078 Holocausta
2707 2011 3028 2069 medullata
3081 2008 3315 2064 otleram
3366 2002 3480 2059 tibi.
3526 2022 3548 2055 ι
3592 2001 3714 2057 Fidem

2197 2112 2427 2180 animai,
2458 2107 2544 2164 vel
2576 2102 2835 2177 corporis
2863 2100 3161 2162 ati‘ectum,
3216 2093 3302 2151 vel
3349 2109 3531 2165 corpus
3569 2086 3715 2145 Christi

2197 2204 2345 2258 Ossa
2372 2197 2648 2254 inferiora
2677 2191 2837 2248 carni
2871 2208 2884 2246 :
2917 2192 2975 2245 et
3004 2184 3285 2253 medulla,
3308 2181 3522 2239 inferior
3543 2177 3712 2235 ossibus.

2197 2291 2514 2359 Meduttata,
2543 2286 2653 2341 hoc
2684 2286 2795 2347 est,
2823 2280 3112 2336 viscerata
3132 2290 3264 2331 cum
3308 2285 3519 2343 corpore
3536 2272 3579 2323 et
3592 2266 3713 2322 anima

2201 2405 2229 2433 «
2259 2384 2404 2437 Cum
2433 2377 2691 2431 incenso.
2724 2390 2749 2420 η
2788 2372 2931 2424 Cum
2961 2360 3300 2436 acceptabili
3330 2354 3711 2415 orationisodore.

2206 2495 2226 2522 α
2261 2471 2330 2525 Et
2360 2466 2589 2532 arietes,
2615 2484 2643 2513 »
2678 2455 2960 2532 Apostoli,
2991 2454 3083 2510 vel
3115 2453 3369 2508 doctores
3412 2444 3710 2503 Ecclesiarum.

2201 2586 2228 2612 ‹‹
2263 2560 2512 2615 Ott‘eram
2543 2530 2649 2608 tibi
2694 2530 2890 2605 boves.
2954 2567 2982 2594 »
3039 2542 3148 2608 Qui
3206 2541 3408 2611 rejecta
3456 2530 3713 2591 contumacia

2200 2649 2364 2722 legis,
2394 2647 2536 2717 jugo
2564 2638 2793 2697 Domini
2825 2634 3080 2691 cervices
3119 2646 3277 2697 suas,
3308 2626 3450 2701 quod
3498 2637 3627 2679 suave
3647 2621 3716 2685 est,

2202 2714 2609 2796 subdiderunt.
2646 2752 2674 2779 ‹‹
2707 2732 2849 2782 Cum
2878 2722 3087 2779 hircis.
3122 2743 3151 2771 »
3183 2718 3288 2785 Qui
3343 2719 3461 2789 post
3506 2714 3714 2796 peccatum

2202 2823 2483 2893 conversi,
2516 2817 2767 2875 ﬁdeliter
2823 2815 2884 2868 in
2941 2809 3227 2883 martyrio
3283 2802 3618 2879 perstiterunt.
3658 2794 3717 2850 llic

2203 2920 2400 2973 autem
2429 2923 2633 2967 omnes
2663 2902 2909 2961 Domino
2933 2916 3043 2973 per
3079 2897 3465 2954 holocaustum
3505 2885 3716 2962 paciﬁcum

2204 2972 2528 3063 offeruntur
2560 3016 2573 3054 :
2607 2995 2681 3052 ad
2710 2972 3026 3066 quosnunc
3050 2986 3327 3062 propheta
3354 2985 3469 3057 post
3493 2972 3717 3049 diapsalma

2204 3089 2487 3153 convertit
2515 3097 2866 3146 sermonem,
2899 3078 3108 3135 dicens
3143 3094 3156 3133 :

2330 3147 2560 3247 'Venite,
2590 3179 2649 3230 et
2678 3170 2896 3240 audite,
2942 3171 2999 3223 et
3028 3164 3303 3231 narrabo,
3359 3173 3532 3217 omnes
3574 3149 3644 3247 qui
3676 3147 3719 3200 ῑί·

2208 3271 2379 3329 metis
2410 3275 2613 3330 Deum,
2645 3264 2869 3334 quanta
2900 3256 3037 3313 fecit
3070 3256 3274 3312 animm
3304 3266 3449 3307 meae.
3486 3245 3555 3301 Ad
3595 3241 3718 3334 ipsum

2207 3378 2305 3417 ore
2336 3375 2464 3414 meo
2495 3350 2834 3418 clamavi,et
2864 3343 3152 3403 exsultavi
3182 3342 3288 3398 sub
3316 3339 3495 3411 lingua
3515 3324 3718 3388 meum

2209 3449 2309 3523 qui
2341 3445 2654 3503 Dominum
2679 3432 3307 3504 metuitis,accedite,et
3332 3421 3624 3514 considerate
3637 3426 3721 3523 qut

2210 3496 2342 3594 liter
2370 3534 2626 3590 animam
2662 3541 2854 3583 meam
2904 3523 2963 3578 in
3014 3518 3422 3578 beatitudinem
3469 3496 3720 3594 constituerit

2210 3623 2628 3696 sempiternam
2654 3635 2667 3672 :
2703 3631 2806 3688 pro
2833 3629 2899 3669 eo
2931 3612 3091 3683 quod
3124 3626 3235 3666 non
3262 3606 3438 3664 solum
3463 3613 3542 3657 ore
3566 3585 3714 3696 pastilli)

2211 3671 2627 3696 “‘“"r"'""'"“
2659 3671 2664 3672 ⁷
2703 3671 2722 3688 ι
2948 3671 2967 3683 ι

2211 3716 2312 3772 sed
2344 3709 2604 3768 etiamin
2637 3703 2865 3760 arcanis
2895 3699 3093 3756 cordis
3125 3697 3251 3770 puri
3279 3688 3497 3751 clamavi
3522 3684 3575 3741 ad
3596 3671 3719 3772 Βοφί·

2211 3820 2375 3859 num.
2412 3822 2440 3851 «
2464 3799 2542 3855 Ad
2572 3796 2770 3868 ipsum
2805 3808 2903 3847 ore
2935 3806 3067 3845 meo
3100 3783 3353 3852 clamavi,
3406 3802 3431 3831 ››
3474 3763 3717 3856 manifestis-

2212 3894 2360 3950 sime
2388 3887 2719 3946 declaratur
2737 3881 2797 3936 in
2829 3880 2938 3936 hoc
2966 3877 3095 3935 loco
3118 3875 3419 3932 clamorem
3437 3867 3484 3921 in
3504 3857 3720 3928 Scriptum

2212 3999 2327 4037 non
2358 3977 2514 4035 vocis
2540 3969 2945 4045 accipiendum
2976 3982 3127 4033 esse,
3160 3963 3257 4020 sed
3279 3957 3471 4017 cordis.

2291 4094 2312 4120 ιι
2348 4065 2722 4138 Iniquitatem
2789 4058 2840 4115 si
2906 4055 3109 4129 aspexi
3174 4053 3234 4108 in
3295 4046 3450 4106 corde
3504 4037 3724 4138 meant“)?

2295 4117 2312 4120 _.
2348 4117 2600 4138 ---πη-μ
2977 4117 2997 4129 ι

2213 4157 2483 4217 exaudiet
2509 4150 2818 4210 Dominus.
2864 4148 3179 4217 Propterea
3218 4133 3485 4196 exaudivit
3524 4140 3598 4217 itif
3631 4117 3723 4213 De.”

2216 4264 2403 4315 meus,
2424 4248 2480 4299 et
2506 4238 2761 4297 intendit
2788 4236 2912 4293 voci
2945 4231 3224 4290 orationis
3272 4242 3421 4283 meas.
3449 4242 3474 4271 ››
3497 4211 3599 4270 νίάί
3626 4211 3722 4304 εἶωω

2215 4311 2527 4411 puritatem
2559 4326 2776 4385 mentis
2805 4341 2965 4380 meaa.
2996 4323 3132 4378 Ideo
3162 4324 3349 4393 petere
3379 4311 3665 4411 praesurnpt-

2287 4450 2314 4477 ‹‹
2347 4420 2695 4479 Benedictus
2724 4410 3138 4484 Deminus,qui
3160 4425 3271 4465 non
3296 4397 3487 4461 amovit
3503 4387 3719 4484 entiam}

2174 4529 2429 4582 'meam,
2461 4515 2519 4566 et
2564 4502 3027 4563 misericordiam
3085 4513 3250 4556 suam
3312 4511 3343 4549 a
3394 4502 3536 4544 me.»
3587 4471 3721 4582 Ριειιιιὶ⁵

2144 4615 2185 4680 ι)
2218 4597 2639 4665 misericordia,
2675 4611 2789 4650 non
2824 4590 3043 4647 amovit
3081 4581 3530 4680 deprecationem!
3558 4564 3723 4680 mea“

2219 4655 2502 4762 sevi‘quia
2534 4655 2663 4759 quae
2687 4686 2854 4756 justa
2876 4682 3062 4746 erant,
3094 4655 3464 4762 postulabam.
3492 4655 3721 4762 mefg

2219 4722 2281 4752 δυ
2313 4722 2325 4748 ὲ
2361 4722 2502 4762 quau.
2534 4722 2663 4759 qua:
2687 4722 2854 4756 Juuvu
2877 4722 3062 4746 νιυιη,
3094 4722 3385 4750 r---_-__-,

2219 4801 2322 4857 per
2351 4780 2460 4853 piae
2491 4790 2665 4832 aures
2695 4773 2823 4844 ejus
2853 4771 3146 4842 iustorum
3178 4760 3430 4836 precibus
3467 4743 3635 4823 patent

3492 4839 3540 4857 --ι
3584 4837 3655 4857 ..ω

2220 4817 2311 4857 μοι
2351 4817 2460 4853 νιυλ
2491 4817 2665 4832 ιιι-μω
2696 4817 2823 4844 vd"
2853 4817 3146 4842 ,_---__,_
3178 4817 3232 4836 Γ
3254 4817 3268 4820 ,
3467 4817 3483 4823 _
3677 4817 3684 4825 _

2220 4889 2326 4928 nos
2355 4865 2695 4939 suppliciter
2727 4861 3037 4916 Dominum
3070 4858 3447 4928 deprecemur,
3490 4839 3543 4891 ut
3583 4817 3721 4939 apati:

2221 4907 2326 4928 ιιυε.
2356 4907 2685 4939 sanum.-.
2727 4907 3037 4916 ..-....___
3075 4907 3228 4928 --τη
3435 4907 3441 4910 τ

2220 4976 2391 5018 aures
2424 4972 2563 5012 suas
2594 4953 2665 5008 ad
2700 4965 2901 5024 preces
2956 4952 3206 5010 nostras,
3238 4943 3292 4996 et
3341 4936 3451 5007 ipse
3502 4935 3599 4983 ωε,

2220 5001 2391 5018 an“...
2426 5001 2562 5012 νην
2595 5001 2665 5008 __
2700 5001 2896 5024 ru"
2959 5001 2992 5003 ﬁ
3017 5001 3059 5003 γὴ
3195 5001 3205 5010 ι
3362 5001 3379 5007 _

2218 5051 2590 5124 peccatorum
2624 5037 2986 5105 remissione,
3019 5036 3089 5090 de
3147 5022 3494 5124 prasentibu:
3535 5001 3717 5124 famur:

2218 5093 2426 5209 gripiat
2458 5152 2469 5189 :
2505 5131 2735 5202 sibique
2766 5126 3168 5183 holocaustum
3201 5127 3396 5193 parum
3423 5093 3718 5209 edeploi,mn:;'

2219 5180 2731 5209 u..,......_-__1_-
3030 5180 3037 5181 ί
3201 5180 3220 5193 ⁸

2218 5228 2389 5285 etatis
2418 5221 2596 5291 vitiis,
2628 5219 2967 5274 sanctorum
3002 5208 3323 5285 agminibus
3351 5190 3544 5271 jungat.
3585 5180 3716 5234 Αωϐπ·
3818 5266 3819 5283 Χ

2774 5305 2896 5360 PSA
2906 5302 3090 5359 LMUS
3120 5295 3291 5354 LXVI.

2215 5412 2279 5465 ιη
2309 5407 2472 5477 ﬁnem
2514 5402 2574 5454 ίη
2599 5353 3163 5477 ama-EIEJW
3209 5353 3593 5477 autem

2289 5451 2567 5550 ima"?
2599 5451 2737 5524 “iet
2791 5451 3001 5550 PM?
3056 5462 3152 5550 sit.
3208 5451 3712 5550 maestas

2289 5505 2551 5549 pauuuua
2601 5505 2737 5524 ιιυυυ
2791 5505 2885 5538 γωδ
2908 5505 3001 5519 πυυ
3056 5505 3152 5525 υ.-.
3213 5505 3263 5512 ν..
3285 5505 3338 5508 μί
3429 5505 3470 5523 ,-
3685 5505 3690 5507 _

2289 5545 2823 5621 prophetarumque
2848 5535 3101 5592 continet
3127 5541 3330 5589 vocem,
3356 5529 3442 5589 qui
3467 5505 3710 5603 aettem":

2290 5623 2385 5646 -..ι
2416 5619 2729 5646 ..η-ειηπηηη
2764 5608 3073 5646 Πηπιίηιιπὶ
3106 5598 3357 5646 cantibus
3382 5568 3677 5642 nuntm‘ewu

2289 5598 2661 5677 aut‘venturu
2676 5598 2745 5664 ω’
2764 5608 3076 5665 Dominum
3106 5598 3357 5677 gentibus
3382 5598 3631 5677 {tun-“‘1‘:

3374 5669 3501 5735 dicat
3535 5649 3672 5737 n99“:

2291 5731 2318 5768 α
2346 5708 2496 5767 Deus
2530 5701 2874 5760 misereatur
2902 5693 3111 5786 nostri.
3144 5694 3199 5781 et
3243 5686 3371 5779 bene
