3976 6188
304 340 460 400 1069

1481 336 1979 399 BREVIARIUM
2024 337 2102 397 ΙΝ
2146 334 2532 397 PSALMOS.

3556 334 3710 397 ΙΟἹο

300 471 498 527 Prima
545 469 873 542 deprecatio
923 474 1012 527 est
1058 473 1122 525 ut
1176 469 1642 526 misericordiam
1702 471 1955 542 praebeat
1981 470 2036 537 Α
2063 471 2216 525 Iesus
2259 468 2492 523 dicitur.
2529 465 2787 538 Denique
2843 471 2902 523 et
2954 467 3195 540 angelus
3244 468 3353 526 hoc
3399 468 3710 541 loquitur:

303 566 518 616 Deus:
589 558 799 615 deinde
861 558 1348 615 benedictionem.
1415 559 1749 614 Benedictio
1816 575 1953 632 ergo

303 667 430 722 quae
462 646 722 704 succedit
754 647 1186 714 misericordiae,
1221 647 1356 702 talis
1395 648 1492 715 sit,
1527 652 1591 703 ut
1620 665 1956 720 compressa

302 734 702 792 dominatione
745 733 988 804 carnali,
1020 733 1295 806 spiritum
1348 733 1522 790 faciat
1567 733 1952 806 triumphare.

302 827 428 882 Non
458 823 644 879 nostri
685 823 864 894 judex
906 822 1003 894 sit,
1043 823 1141 878 sed
1194 823 1547 879 misericors.
1602 848 1628 874 «
1666 829 1814 878 Deus
1845 823 1954 876 mi-

305 917 566 971 sereatur
593 912 792 966 nostri.
827 934 854 961 ››
879 911 1002 966 Vox
1029 911 1426 983 apostolorum
1453 916 1562 978 est,
1588 911 1955 983 loquentium

307 1004 378 1060 ad
425 1001 655 1074 plebem
706 1001 777 1056 de
825 1001 1099 1072 gentibus
1149 1005 1578 1072 congregatum.
1615 999 1956 1056 Credidistls

307 1091 548 1164 quidem
606 1090 674 1145 ad
736 1105 931 1144 vocem
993 1093 1275 1144 nostram.
1322 1090 1462 1144 Ecce
1521 1089 1642 1144 haec
1701 1087 1959 1144 Ecclesia

305 1181 656 1253 congregata
685 1182 772 1234 est
801 1177 860 1232 in
893 1177 1128 1232 nomine
1177 1177 1410 1232 Domini
1444 1194 1456 1232 :
1510 1182 1817 1250 propterea
1849 1193 1955 1230 nos

305 1268 558 1325 dicimus
591 1286 604 1323 :
660 1289 680 1316 ε
721 1271 869 1323 Deus
920 1265 1270 1322 misereatur
1318 1265 1526 1333 nostri,
1558 1273 1614 1322 et
1653 1265 1958 1321 benedicat

308 1358 497 1414 nobis.
526 1377 554 1407 »
588 1354 1053 1411 Maledictionem
1089 1355 1340 1426 primam
1373 1356 1428 1409 in
1462 1354 1698 1410 homine
1728 1371 1835 1409 sua
1867 1354 1957 1408 be-

306 1445 637 1503 nedictione
667 1443 970 1500 dissolvat.
1007 1467 1034 1493 ‹‹
1071 1443 1368 1500 Illuminet
1397 1443 1624 1498 vultum
1657 1459 1831 1498 suum
1865 1459 1959 1497 su-

308 1553 410 1608 per
439 1551 565 1590 nos.
601 1557 623 1586 »
661 1533 787 1589 Non
819 1532 984 1588 illum
1019 1533 1245 1587 tristem
1277 1533 1580 1588 videamus
1612 1532 1670 1587 in
1701 1532 1957 1604 peccatis

308 1623 544 1695 nostris,
578 1623 678 1679 sed
729 1623 1082 1694 gaudentem
1144 1622 1199 1676 in
1261 1621 1594 1677 virtutibus.
1637 1622 1762 1676 Non
1820 1636 1956 1675 eum

307 1711 630 1769 sentiamus
645 1710 929 1782 judicem,
954 1711 1056 1766 sed
1082 1714 1330 1766 Patrem.
1361 1733 1388 1760 ‹‹
1415 1709 1710 1765 Illuminet
1731 1709 1956 1764 vultum

305 1817 480 1857 suum
540 1815 718 1872 super
770 1816 898 1854 nos.
938 1822 958 1847 ι
1017 1799 1111 1854 Dei
1162 1799 1338 1854 facies
1393 1816 1519 1870 quae
1568 1803 1656 1854 est
1675 1798 1702 1852 ‘l
1747 1798 1958 1869 Utique

303 1891 500 1961 imago
549 1888 698 1960 ejus.
736 1887 882 1943 Dicit
935 1887 1091 1943 enim
1144 1893 1199 1944 et
1247 1887 1580 1961 Apostolus,
1635 1887 1952 1959 imaginem

303 1978 494 2035 Patris
542 1993 672 2033 esse
723 1976 933 2032 Filium
983 1977 1158 2048 (Rom.
1191 1994 1316 2043 vm,
1345 1977 1458 2048 29).
1503 1978 1651 2048 Ergo
1699 1975 1956 2048 imagine

307 2085 416 2124 sua
441 2083 549 2122 nos
571 2065 883 2129 illuminet,
908 2065 1015 2120 hoc
1037 2069 1146 2129 est,
1172 2065 1490 2136 imaginem
1526 2081 1692 2120 suam
1718 2064 1952 2118 Filium.

274 2196 278 2200 η
313 2179 334 2205 ο
375 2155 670 2211 Illuminet
691 2171 869 2224 super
891 2170 1018 2218 nos,
1045 2175 1072 2201 ››
1105 2158 1169 2207 ut
1198 2153 1322 2224 ipse
1354 2170 1461 2208 nos
1492 2153 1804 2208 illuminet.
1835 2153 1956 2206 Lux

306 2245 463 2299 enim
496 2242 707 2306 Patris,
736 2241 837 2296 lux
887 2241 1013 2296 Filii
1047 2246 1155 2296 est.
1187 2242 1293 2310 Qui
1325 2243 1482 2297 videt
1513 2243 1763 2307 Patrem,
1796 2241 1957 2296 videt

306 2337 364 2388 et
400 2331 631 2387 Filium.
666 2329 774 2385 Ubi
810 2327 972 2385 nulla
1001 2334 1090 2384 est
1120 2330 1398 2385 distantia
1430 2330 1580 2386 inter
1623 2330 1868 2402 gloriam
1900 2333 1958 2384 et

307 2420 574 2492 gloriam,
608 2425 853 2490 uterque
900 2423 989 2474 est
1037 2418 1242 2490 gloria.
1284 2419 1598 2474 Precantur
1645 2419 1765 2474 haec
1810 2437 1954 2491 apo-

310 2509 445 2564 stoli
502 2512 560 2565 et
615 2507 930 2580 prophetae,
979 2512 1064 2574 ut,
1114 2507 1274 2563 vultu
1329 2508 1424 2564 Dei
1479 2508 1822 2579 illuminati,
1855 2508 1957 2564 fiat

305 2597 639 2670 praedicatio
665 2613 866 2652 eorum
901 2595 1097 2651 lumen
1124 2596 1386 2652 omnium
1419 2597 1704 2668 gentium.

380 2691 513 2740 «Ut
560 2702 984 2758 cognoscamus
1031 2685 1091 2740 in
1140 2689 1294 2740 terra
1350 2685 1502 2740 viam
1560 2691 1742 2755 tuam,
1785 2690 1841 2742 et
1894 2686 1952 2741 in

306 2775 581 2831 omnibus
612 2775 884 2847 gentibus
912 2773 1168 2830 salutare
1201 2780 1384 2828 tuum.
1416 2794 1443 2826 ι
1485 2775 1578 2829 Sic
1607 2775 1763 2830 enim
1794 2775 1954 2830 inva-

306 2863 490 2920 lescat
518 2861 851 2935 praedicatio
878 2866 1098 2931 nostra,
1124 2866 1188 2916 ut
1218 2862 1310 2917 via
1331 2863 1450 2918 sive
1481 2862 1734 2918 salutare
1760 2867 1950 2938 tuum,

311 2953 369 3008 id
402 2957 492 3008 est
520 2951 786 3008 Christus
817 2951 1121 3017 Dominus,
1154 2951 1212 3005 in
1244 2950 1337 3006 his
1377 2951 1478 3022 qui
1522 2969 1674 3006 nunc
1726 2956 1955 3007 terrena

310 3042 573 3113 sapiunt,
605 3044 662 3096 et
713 3041 772 3095 in
819 3038 1168 3111 gentilitatis
1215 3044 1525 3095 versantur
1569 3057 1782 3109 errore,
1833 3057 1953 3096 cer-

311 3133 546 3186 nantur.
603 3133 634 3179 «'
663 3129 735 3184 Ut
762 3145 1186 3202 cognoscamus
1217 3129 1275 3184 in
1307 3133 1460 3184 terra
1499 3129 1653 3184 viam
1705 3133 1889 3184 tuam.
1923 3150 1951 3177 »

1988 1842 2034 1906 Β

2062 561 2124 613 Et
2173 559 2389 613 vocabis
2437 573 2634 612 nomen
2680 557 2797 628 ejus
2841 561 3034 613 Jesum
3082 559 3313 628 (Matth.
3360 576 3399 624 ι,
3447 560 3560 627 21).
3613 557 3717 613 Hic

2064 647 2220 703 enim
2254 647 2503 702 salvabit
2533 644 2816 718 populum
2857 663 3052 700 suum.
3109 669 3138 695 «
3173 647 3234 700 In
3267 647 3544 703 omnibus
3572 663 3714 718 gen-

2065 737 2223 791 tibus
2255 735 2511 791 salutare
2540 739 2730 790 tuum.
2769 757 2796 784 »
2845 735 2988 789 Ecce
3019 733 3374 805 completum
3410 738 3520 800 est,
3554 735 3711 807 quod

2064 823 2310 896 apostoli
2341 823 2633 895 deprecati
2665 826 2847 878 sunt:
2902 825 2964 878 In
3009 823 3261 877 omnibus
3309 825 3562 890 gentibus
3610 840 3710 879 no-

2063 917 2182 968 tum
2224 922 2302 968 est
2346 915 2596 968 salutare
2643 914 2758 984 ejus
2805 913 2939 980 (Act.
2973 928 3165 981 xxvm,
3209 911 3322 982 28).
3355 911 3710 984 Quocunque

2065 1002 2362 1056 humanus
2394 1018 2584 1057 sermo
2615 1017 2744 1057 esse
2774 1005 2983 1072 potest,
3015 1000 3096 1055 ibi
3125 1001 3300 1056 Jesus
3331 1004 3582 1056 resonat.

2139 1113 2167 1140 «
2200 1090 2598 1145 Conﬁteantur
2649 1089 2754 1144 tibi
2803 1088 3022 1160 populi,
3069 1089 3264 1144 Deus:
3321 1089 3717 1144 confiteantur

2065 1178 2171 1232 tibi
2201 1178 2398 1250 populi
2429 1195 2653 1234 omnes.
2690 1199 2719 1227 »
2769 1201 2797 1227 «
2830 1179 3232 1234 Confiteantur
3269 1178 3375 1233 tibi
3430 1177 3651 1250 populi,
3690 1199 3718 1227 ››

2066 1267 2451 1322 Judaaorum?
2485 1267 2609 1324 Non
2646 1285 2658 1322 :
2706 1268 2834 1336 sed,
2872 1289 2892 1316 α
2927 1265 3127 1338 populi
3161 1283 3363 1322 omnes
3395 1267 3720 1322 confitean-

2067 1360 2183 1411 tur.
2215 1374 2241 1406 ι)
2297 1357 2596 1423 Quomodo
2647 1371 2852 1410 omnes
2899 1360 3122 1425 gentes,
3155 1355 3238 1410 sic
3278 1361 3335 1409 et
3377 1371 3583 1410 omnes
3612 1370 3721 1426 po-

2067 1444 2210 1516 puli.
2247 1466 2274 1493 ‹‹
2305 1444 2707 1499 Conﬁteantur
2737 1443 2842 1498 tibi
2874 1444 3098 1516 populi,
3133 1445 3302 1499 Deus.
3340 1465 3367 1492 »
3402 1443 3550 1509 Quid
3582 1459 3718 1498 con-

2068 1533 2387 1588 ﬁteantur?
2441 1533 2650 1605 Utique
2709 1537 2947 1604 peccata
2998 1549 3152 1587 sua:
3205 1532 3294 1587 vel
3341 1535 3498 1588 certe
3535 1532 3720 1587 confl-

2067 1625 2304 1677 teantur
2355 1622 2670 1694 imaginem
2723 1627 2886 1676 tuam
2934 1637 3063 1676 esse
3116 1621 3174 1676 in
3231 1625 3306 1676 te.
3357 1621 3423 1676 In
3471 1620 3614 1676 Filio
3661 1624 3719 1675 te

2067 1711 2477 1780 conﬁteantur,
2510 1710 2570 1765 in
2599 1710 2698 1765 illo
2730 1717 2785 1766 te
2815 1711 3052 1766 videant
3083 1727 3096 1766 :
3143 1709 3200 1764 in
3232 1708 3331 1765 illo
3361 1714 3419 1764 te
3449 1710 3712 1765 adorent.

2141 1822 2170 1850 ‹‹
2205 1803 2490 1854 Laetentur
2537 1806 2593 1854 et
2641 1799 2931 1854 exsultent
2978 1803 3199 1870 gentes.
3235 1820 3264 1847 »
3313 1797 3598 1862 Quoniam
3643 1798 3715 1854 de

2065 1888 2398 1960 captivitate
2445 1887 2660 1942 diaboli
2708 1887 2964 1943 liberatae
3014 1891 3198 1943 sunt:
3255 1887 3534 1958 quoniam
3581 1903 3710 1957 quae

2064 1982 2197 2033 ante
2248 1977 2706 2031 incurvabantur
2751 1976 2822 2030 ad
2873 1976 3170 2032 adoranda
3215 1976 3391 2046 idola,
3443 1975 3603 2048 ligna
3654 1979 3716 2031 et

2064 2065 2308 2138 lapides,
2335 2082 2491 2120 nunc
2514 2070 2699 2120 erecto
2730 2064 2895 2119 vultu
2927 2063 3101 2120 cmlos
3134 2064 3473 2136 respiciunt.
3503 2087 3530 2116 «
3557 2064 3711 2128 Quo-

2065 2154 2224 2210 niam
2264 2155 2500 2225 judicas
2547 2153 2795 2225 populos
2846 2153 2904 2208 in
2959 2153 3251 2224 aequitate.
3309 2175 3336 2202 »
3369 2153 3715 2225 Ubicunque

2065 2244 2310 2315 aequitas
2357 2248 2446 2298 est
2492 2247 2666 2314 atque
2706 2242 3022 2313 judicium,
3057 2242 3138 2297 ibi
3189 2258 3306 2297 non
3355 2241 3578 2309 laetitia,
3612 2242 3714 2298 sed

2067 2332 2316 2388 formido
2347 2336 2436 2386 est
2466 2335 2860 2402 peccatorum.
2893 2332 2960 2385 Et
2989 2333 3284 2402 quomodo
3331 2331 3476 2386 dixit
3509 2349 3521 2385 :
3573 2332 3718 2387 Deus

2063 2423 2394 2476 misereatur
2421 2423 2614 2488 nostri,
2645 2429 2696 2476 et
2738 2420 3018 2476 benedicat
3058 2437 3175 2488 nos,
3209 2425 3266 2476 et
3314 2437 3469 2476 nunc
3523 2420 3668 2476 dixit
3703 2437 3717 2476 :

2071 2534 2090 2559 α
2129 2511 2421 2565 Laetentur
2451 2514 2506 2565 et
2535 2508 2831 2565 exsultent
2859 2513 3062 2581 gentes
3097 2525 3110 2564 :
3167 2509 3445 2581 quoniam
3479 2509 3718 2580 judicas

2065 2597 2311 2670 populos
2332 2598 2390 2653 in
2417 2599 2686 2669 aequitate
2703 2599 2730 2652 ‘I
2754 2621 2782 2647 »
2810 2599 3053 2654 Videtur
3079 2598 3190 2653 sibi
3215 2615 3342 2655 esse
3365 2598 3714 2655 contrarius.

2065 2687 2123 2742 Si
2154 2687 2311 2742 enim
2354 2686 2752 2742 misericordia
2799 2686 3085 2759 indigent,
3119 2687 3411 2759 quomodo
3442 2687 3715 2743 latantur

2064 2780 2120 2830 et
2147 2775 2462 2843 exsultant,
2515 2797 2542 2824 ‹‹
2576 2774 2852 2846 quoniam
2887 2775 3124 2845 judicas
3157 2774 3407 2847 populos
3438 2775 3496 2830 in
3529 2775 3711 2848 inqui-

2063 2864 2226 2920 tate?
2256 2888 2283 2915 »
2337 2863 2680 2935 Ubicunque
2719 2862 2874 2918 enim
2909 2863 3310 2919 misericordia
3338 2868 3445 2932 est,
3480 2863 3560 2918 ibi
3593 2881 3709 2920 non

2063 2958 2151 3010 est
2172 2954 2468 3024 judicium
2502 2971 2514 3008 :
2569 2953 2670 3008 ubi
2716 2957 2911 3008 autem
2935 2953 3227 3023 judicium
3258 2957 3347 3008 est
3377 2957 3434 3008 et
3461 2953 3710 3024 aequitas

2054 3043 2286 3113 judicii,
2311 3043 2389 3097 ibi
2422 3041 2619 3113 procul
2646 3046 2735 3098 est
2767 3041 3185 3098 misericordia.
3219 3043 3328 3097 Sed
3359 3041 3468 3097 iste
3499 3058 3709 3098 sensus

2063 3137 2154 3188 est
2203 3149 2215 3186 :
2278 3155 2305 3181 «
2350 3132 2642 3187 Lactentur
2697 3135 2755 3186 et
2807 3130 3099 3187 exsultent
3154 3136 3373 3203 gentes.
3411 3154 3440 3180 ››
3501 3131 3709 3201 Quare,

303 3223 425 3275 Hoc
452 3223 646 3274 autem
672 3217 948 3290 petimus,
968 3222 1032 3272 ut
1054 3217 1353 3274 illumines
1375 3217 1601 3272 vultum
1625 3223 1815 3284 tuum,
1845 3217 1953 3272 hoc
1986 3207 2029 3273 C
2073 3243 2098 3274 οι
2129 3221 2441 3277 laetentur?
2475 3243 2500 3269 »
2533 3221 2818 3285 Quoniam
2841 3220 3078 3292 judicas
3111 3219 3358 3293 populos
3387 3222 3446 3275 in
3477 3219 3716 3292 aequita-

271 3376 276 3380 _
303 3312 395 3364 est
423 3307 742 3380 imaginem
785 3311 970 3378 tuam,
1003 3324 1182 3379 super
1209 3324 1338 3373 nos,
1370 3324 1496 3380 quae
1527 3307 1680 3379 apud
1710 3311 1768 3362 te
1797 3324 1950 3362 sem-

301 3411 408 3468 per
455 3395 799 3451 abscondita
847 3394 977 3463 fuit,
1007 3402 1064 3450 et
1119 3395 1289 3467 quasi
1337 3395 1396 3452 in
1446 3399 1666 3451 secreto
1709 3401 1766 3450 et
1793 3399 1951 3450 tene-

299 3484 427 3541 bris
474 3489 600 3540 erat
645 3485 1060 3556 mysteriorum
1112 3488 1346 3539 tuorum
1384 3501 1396 3540 :
1452 3485 1776 3540 secundum
1808 3483 1952 3538 illud

303 3574 461 3645 quod
521 3573 807 3644 scriptum
864 3577 953 3628 est
1007 3589 1019 3627 :
1088 3575 1281 3628 Posuit
1344 3574 1592 3629 tenebras
1659 3574 1956 3629 latibulum

300 3679 467 3718 suum
521 3663 693 3734 (Psal.
746 3678 887 3728 xvn,
949 3662 1056 3732 1'2).
1119 3666 1236 3718 Hoc
1297 3663 1571 3734 petimus,
1622 3666 1687 3718 ut
1734 3661 1954 3717 illumi-

305 3767 413 3807 nes
481 3768 660 3824 super
724 3767 863 3819 nos,
920 3755 985 3805 ut
1043 3751 1388 3823 mysterium
1457 3753 1610 3824 quod
1678 3769 1711 3806 a
1774 3767 1954 3824 gene-

304 3840 636 3896 rationibus
733 3839 1145 3895 absconditum
1231 3840 1378 3905 fuit,
1463 3843 1627 3911 juxta
1708 3841 1952 3911 Aposto-

303 3929 454 3996 lum,
488 3930 776 3985 reveletur
829 3929 886 3983 in
940 3928 1109 3984 nobis
1161 3930 1210 4000 (Ι
1240 3931 1367 3984 Cor.
1414 3947 1475 3997 ιι,
1526 3930 1627 3997 1Ο;
1678 3930 1880 3986 Coloss.
1913 3946 1952 3995 1,

298 4020 418 4090 26).
451 4022 570 4074 Hoc
621 4021 818 4074 autem
861 4022 1050 4073 totum
1083 4034 1264 4089 quare
1294 4017 1612 4089 poscimus,
1648 4034 1827 4090 quare
1858 4018 1953 4073 de-

301 4107 685 4164 sideramus?
740 4105 865 4161 Nisi
933 4105 1356 4162 illuminaveris
1423 4106 1739 4179 imaginem
1792 4111 1955 4162 tuam

301 4211 482 4267 super
531 4213 659 4261 nos,
691 4195 844 4250 viam
895 4199 1081 4262 tuam,
1116 4201 1172 4252 et
1223 4195 1526 4252 scientiam
1575 4200 1738 4251 tuam
1784 4213 1956 4252 nosse

298 4301 421 4340 non
469 4301 810 4356 possumus,
842 4287 906 4338 ut
947 4285 1312 4355 majestatem
1347 4288 1508 4340 tuam
1543 4302 1667 4357 quae
1704 4285 1761 4340 in
1797 4284 1954 4340 castis

302 4377 444 4428 nota
489 4376 597 4441 est,
629 4375 830 4428 notam
883 4372 1207 4428 habeamus
1252 4377 1309 4428 et
1353 4373 1412 4428 in
1459 4379 1632 4430 terra.
1670 4376 1731 4430 Ut
1759 4390 1954 4443 cogno-

275 4477 518 4528 __scamus
565 4463 623 4516 in
675 4468 822 4517 terra
868 4462 1015 4516 viam
1043 4469 1222 4518 tuam.
1257 4463 1373 4533 Ego
1406 4479 1562 4529 sum,
1594 4463 1805 4534 inquit,
1843 4463 1954 4530 via,

301 4551 424 4606 vita
471 4555 528 4606 et
584 4550 800 4606 veritas
858 4550 1042 4621 (Joan.
1076 4567 1190 4617 xw,
1221 4551 1299 4619 6).
1360 4553 1421 4607 Ut
1463 4567 1852 4621 cognoscamus
1899 4554 1957 4606 in
1987 4577 2034 4642 D

300 4646 460 4696 terra
496 4642 652 4696 viam
698 4643 874 4694 tuam.
907 4639 971 4694 In
1001 4643 1155 4694 terra
1183 4655 1608 4712 cognoscamus
1642 4657 1655 4695 :
1706 4642 1828 4695 Fiat
1859 4657 1958 4697 vo-

304 4731 489 4785 luntas
538 4737 632 4784 tua
676 4729 822 4784 sicut
865 4730 925 4782 in
970 4729 1103 4782 ca’lo
1146 4731 1194 4782 et
1226 4728 1280 4782 in
1314 4733 1464 4784 terra
1494 4729 1697 4800 (Matth.
1729 4746 1806 4796 vr,
1842 4731 1950 4798 10),

303 4823 371 4874 ut
401 4835 575 4890 quem
606 4816 798 4890 angeli
831 4817 1078 4872 adorant
1108 4817 1166 4871 in
1207 4816 1390 4885 cmlis,
1422 4817 1692 4874 homines
1722 4834 1953 4889 quoque

305 4908 551 4963 adorent
606 4906 666 4961 in
723 4911 898 4961 terra.
945 4905 1055 4962 Sed
1115 4906 1267 4961 dicet
1318 4906 1577 4978 aliquis:
1635 4905 1772 4978 quia
1820 4913 1956 4962 nota

304 5001 432 5053 erat
458 4995 552 5052 via
582 4995 678 5051 Dei
714 5012 726 5049 :
773 4997 945 5050 Notus
974 4996 1123 5050 enim
1151 4997 1210 5049 in
1238 4995 1442 5051 Judwa
1472 4997 1613 5050 Deus
1639 5014 1657 5051 :
1697 4999 1757 5050 in
1785 4997 1953 5051 Israel

303 5100 570 5154 magnum
616 5098 812 5138 nomen
859 5084 977 5154 ejus
1025 5084 1192 5155 (Psal.
1245 5101 1406 5150 Lxxv,
1453 5087 1528 5155 2).
1590 5085 1773 5140 Notus
1829 5091 1953 5142 erat

303 5173 480 5242 Deus,
514 5173 615 5228 sed
664 5171 764 5227 Dei
817 5171 910 5228 via
962 5189 1077 5228 non
1123 5177 1246 5228 erat
1290 5178 1426 5228 nota
1454 5173 1512 5228 in
1543 5174 1766 5230 Judaea.
1801 5178 1952 5241 Quo-

304 5262 467 5317 niam
511 5276 648 5333 ergo
685 5260 778 5315 via
805 5260 905 5315 Dei
938 5260 1126 5316 Patris
1157 5278 1270 5316 non
1301 5266 1424 5318 erat
1455 5267 1591 5318 nota
1621 5263 1677 5317 in
1709 5263 1950 5333 Judaais,

299 5354 612 5422 prOpterea
649 5364 803 5403 nunc
854 5347 994 5404 dicit
1028 5366 1040 5404 :
1095 5372 1121 5400 «
1158 5350 1218 5404 In
1252 5351 1524 5406 omnibus
1555 5353 1829 5424 gentibus
1860 5371 1952 5408 sa-

303 5436 495 5494 lutare
525 5443 716 5492 tuum.
752 5459 780 5485 »
838 5435 961 5493 Non
993 5438 1052 5493 in
1086 5455 1201 5494 uno
1231 5439 1468 5512 populo,
1502 5441 1604 5496 sed
1636 5440 1694 5495 in
1728 5442 1955 5497 cunctis

307 5526 600 5598 gentibus.
642 5548 669 5574 «
705 5525 769 5579 In
804 5524 1078 5581 omnibus
1109 5527 1381 5598 gentibus
1413 5528 1672 5584 salutare
1700 5533 1890 5586 tuum.
1921 5552 1949 5582 »

306 5613 418 5701 Ubi
464 5632 571 5674 nos
618 5613 904 5672 habemus
953 5612 1014 5670 in
1063 5615 1266 5674 Latino
1311 5615 1582 5696 salutare,
1615 5618 1675 5675 in
1714 5619 1953 5680 Hebraeo

2061 3317 2153 3380 et;
2183 3335 2209 3361 ››
2234 3311 2512 3384 quoniam
2544 3325 2917 3382 nequaquam
2950 3310 3166 3382 accipis
3197 3325 3508 3382 personam
3539 3311 3719 3364 unius

2065 3401 2278 3472 gentis,
2310 3401 2410 3455 sed
2461 3399 2725 3454 omnium
2777 3399 2928 3454 Deus
2975 3415 3057 3454 es.
3093 3398 3215 3456 Non
3246 3398 3353 3453 tibi
3386 3398 3496 3454 soli
3525 3397 3717 3454 Judaei

2065 3489 2318 3562 placent,
2348 3490 2448 3544 sed
2473 3489 2666 3544 omnis
2693 3489 2952 3544 mundus
2977 3493 3116 3543 tuus
3139 3490 3246 3543 est.
3277 3487 3442 3543 Dicat
3462 3486 3675 3558 aliquis
3704 3503 3719 3543 :

2067 3579 2197 3633 Vim
2248 3577 2389 3632 facis
2437 3577 2770 3648 Scripturae,
2803 3593 2917 3631 non
2966 3575 3076 3631 hoc
3124 3592 3301 3632 sensu
3333 3575 3497 3633 dixit.
3532 3577 3714 3631 Inter-

2065 3671 2325 3740 pretatur
2373 3666 2567 3738 seipsa
2610 3665 2932 3737 Scriptura,
2966 3682 3092 3738 quae
3142 3665 3448 3736 loquitur:
3501 3687 3528 3714 «
3564 3666 3718 3731 Quo-

2064 3757 2224 3812 niam
2261 3755 2498 3826 judicas
2543 3753 2788 3825 populos
2818 3753 2877 3808 in
2911 3754 3202 3826 aequitate.
3239 3775 3269 3803 »
3319 3756 3474 3820 Quos
3521 3770 3710 3825 popu-

2065 3844 2198 3901 los?
2251 3865 2277 3896 α
2305 3845 2375 3899 Et
2422 3848 2623 3915 gentes
2679 3843 2738 3898 in
2795 3847 2949 3898 terra
2997 3842 3223 3915 dirigis.
3263 3865 3284 3893 ι
3340 3843 3556 3898 Gentes
3585 3859 3714 3914 quas

2064 3936 2197 3989 ante
2250 3949 2364 3988 non
2413 3936 2567 3986 recto
2614 3932 2759 4003 pede
2806 3930 3243 4004 gradiebantur,
3278 3930 3465 3986 fecisti
3503 3946 3602 3985 eas
3649 3933 3718 3986 ut

2065 4021 2434 4078 ambularent
2482 4019 2540 4074 in
2588 4020 2741 4075 viam
2791 4024 2975 4075 tuam.
3010 4020 3084 4075 Ut
3131 4035 3616 4092 cognosceremus
3647 4017 3710 4074 in

2064 4115 2218 4166 terra
2264 4110 2415 4165 viam
2466 4113 2651 4179 tuam,
2708 4111 2773 4163 ut
2822 4108 3262 4163 ambularemus
3311 4107 3368 4160 in
3428 4107 3542 4173 via,
3593 4121 3711 4161 non

2065 4200 2122 4254 in
2156 4199 2350 4266 inviis,
2383 4202 2439 4253 et
2486 4214 2589 4269 per
2631 4213 2808 4251 unam
2852 4196 3006 4250 viam
3055 4194 3392 4251 veniremus
3433 4195 3504 4250 ad
3535 4199 3612 4264 te,
3645 4196 3717 4251 de

2065 4305 2180 4360 quo
2231 4286 2494 4342 nascitur
2531 4285 2644 4340 via.
2678 4284 2802 4338 Non
2835 4283 2992 4339 enim
3021 4283 3179 4339 imus
3210 4285 3282 4340 ad
3314 4288 3569 4356 Patrem,
3600 4283 3718 4340 nisi

2066 4393 2168 4448 per
2198 4375 2431 4430 Filium.
2467 4375 2632 4428 Dicat
2662 4372 2878 4444 aliquis
2913 4390 2924 4428 :
2975 4374 3327 4429 Arianorum
3360 4374 3576 4447 dogma
3607 4377 3720 4429 est.

2068 4467 2214 4537 Ergo
2248 4481 2350 4536 per
2380 4461 2588 4518 Filium
2619 4462 2851 4518 venitur
2881 4462 2953 4517 ad
2985 4466 3236 4518 Patrem.
3273 4463 3388 4535 Ego
3415 4463 3522 4518 hoc
3553 4463 3718 4530 dico,

2068 4554 2348 4626 quoniam
2392 4569 2494 4624 per
2525 4551 2841 4623 imaginem
2876 4552 3032 4606 imus
3063 4552 3134 4606 ad
3166 4552 3372 4606 faciem
3401 4569 3414 4619 ;
3447 4556 3503 4606 et
3533 4551 3592 4605 in
3626 4549 3720 4605 lu-

2070 4645 2226 4699 mine
2283 4643 2548 4698 videmus
2606 4641 2824 4711 lumen,
2859 4641 2918 4696 in
2966 4641 3108 4695 Filio
3156 4640 3424 4696 videmus
3467 4641 3716 4695 Patrem.

2061 4732 2404 4804 Mysterium
2450 4735 2506 4784 et
2552 4730 2912 4801 dispensatio
2945 4735 3034 4785 est
3063 4747 3191 4801 quae
3222 4728 3500 4800 loquitur.
3532 4731 3718 4782 Caete-

2062 4837 2192 4875 rum
2252 4820 2301 4875 si
2360 4819 2491 4890 quis
2549 4821 2715 4889 putat
2770 4835 2896 4874 esse
2950 4817 3388 4890 blasphemum,
3429 4815 3708 4889 quoniam

2060 4910 2212 4964 viam
2244 4907 2500 4962 diximus
2530 4923 2657 4962 esse
2686 4907 2916 4972 Filium,
2942 4912 3000 4962 et
3030 4901 3130 4978 per
3158 4907 3311 4962 viam
3346 4907 3501 4961 imus
3532 4906 3705 4977 quasi

2062 4999 2131 5053 ad
2157 4997 2363 5062 Deum,
2386 4996 2687 5051 videamus
2718 4995 2839 5050 haec
2871 4996 2998 5067 ipsa
3023 4997 3114 5050 via
3139 4996 3280 5066 quid
3307 4996 3498 5051 dicat:
3532 4998 3704 5050 Nemo

2060 5087 2207 5141 venit
2253 5085 2321 5140 ad
2366 5102 2472 5150 me,
2504 5085 2614 5139 nisi
2644 5089 2806 5140 Pater
2849 5100 3001 5139 meus
3042 5084 3341 5140 adduxerit
3366 5101 3492 5141 eum
3520 5084 3589 5140 ad
3619 5101 3706 5140 me

2061 5177 2239 5245 (Joan.
2274 5191 2347 5241 v1,
2382 5175 2491 5241 44).
2543 5174 2664 5236 Quo
2716 5173 2888 5228 modo
2927 5188 3062 5244 ergo
3096 5172 3273 5229 Filius
3303 5174 3465 5229 ducit
3491 5175 3563 5230 ad
3595 5174 3703 5230 Pa-

2060 5270 2227 5332 trem,
2262 5264 2345 5319 sic
2391 5268 2450 5320 et
2499 5263 2664 5318 Pater
2712 5262 2874 5317 ducit
2919 5263 2990 5317 ad
3022 5263 3254 5320 Filium.
3287 5265 3415 5321 lith
3445 5265 3705 5324 humana

2062 5353 2236 5408 verba
2285 5356 2441 5408 sunt.
2475 5352 2757 5406 Caeterum
2790 5355 2846 5406 et
2898 5351 3075 5407 Filius
3123 5353 3282 5408 ducit
3329 5355 3400 5410 ad
3451 5355 3702 5428 Patrem,

2062 5448 2120 5498 et
2169 5442 2332 5496 Pater
2383 5441 2543 5495 ducit
2591 5439 2663 5495 ad
2712 5440 2944 5510 Filium,
2978 5447 3035 5498 et
3078 5459 3194 5498 una
3240 5448 3470 5512 natura,
3500 5451 3558 5502 et
3589 5462 3710 5503 una

2062 5529 2394 5587 substantia
2427 5533 2534 5585 est.

2135 5641 2163 5671 ‹‹
2197 5618 2594 5678 Conﬁteantur
2648 5619 2753 5676 tibi
2811 5619 3030 5694 populi,
3091 5625 3263 5696 Deus,
3319 5623 3710 5709 confiteantur
