3976 6188
413 330 560 392 1071

1903 326 2322 391 APPENDIX.

3561 336 3665 402 l0?!

410 465 515 521 tibi
546 463 747 536 populi
776 479 999 520 omnes.
1038 484 1065 512 »
1111 466 1243 519 Jam
1274 478 1454 534 supra
1483 461 1726 534 dixerat,
1759 466 1818 519 et
1846 463 1904 518 in
1936 462 2050 519 isto
2079 465 2135 531 Α
2164 462 2540 535 prehensum.
2573 486 2602 515 ‹‹
2625 466 2805 521 Terra
2833 463 2994 521 dedit
3020 464 3264 520 fructum
3293 478 3456 522 suum.
3480 490 3496 518 ι
3524 468 3573 525 Ιιι
3595 471 3671 529 isto

407 552 647 628 parvulo
671 552 917 626 psalmo,
945 557 1051 608 hoc
1073 553 1221 608 duos
1242 552 1563 608 versiculos
1583 552 1797 607 iterum
1825 552 2051 625 repetit.

407 643 641 698 Dixerat
692 643 848 698 enim
902 658 1127 714 supra:
1184 664 1212 692 ‹‹
1244 642 1643 698 Conﬁteantur
1688 641 1793 697 tibi
1828 641 2052 713 populi,

406 737 560 788 Deus
591 748 605 785 :
657 731 1046 787 conﬁteantur
1091 730 1223 786 tibi-
1249 730 1450 803 populi
1483 747 1689 786 omnes
1722 747 1735 785 :
1786 731 2055 786 laetentur

404 826 463 877 et
490 818 781 877 exsultent
811 824 1037 892 gentes,
1072 842 1099 869 »
1149 825 1206 875 et
1237 824 1443 874 caetera
1476 836 1488 874 :
1544 825 1603 875 et
1641 836 1797 874 nunc
1846 836 2054 875 rursus

405 909 616 981 repetit
673 908 781 964 hos
839 907 1177 975 versiculos,
1220 908 1388 979 quasi
1438 908 1686 981 apostoli
1735 910 2055 980 praecinunt

298 1008 309 1016 '
406 997 634 1054 cunctis
664 997 955 1070 gentibus.
988 997 1145 1068 Saepe
1171 1002 1623 1069 expugnaverunt
1650 1014 1739 1054 me
1781 1016 1816 1053 a
1850 999 2049 1069 juven~

408 1092 519 1144 tute
544 1104 689 1156 mea,
719 1087 863 1143 dicat
889 1103 1037 1143 nunc
1067 1088 1253 1143 Israel.
1299 1088 1449 1159 Saepe
1485 1093 1937 1160 expugnaverunt
1963 1103 2055 1142 me

405 1194 440 1233 α
477 1178 766 1248 juventute
800 1192 919 1231 mea
949 1175 1126 1247 (Psal.
1161 1192 1395 1243 cxxvm,
1431 1176 1542 1247 12).
1573 1175 1776 1232 Videte
1806 1193 2050 1249 quomo-

407 1267 481 1320 do
528 1265 611 1320 illi
662 1265 1003 1338 praecinunt,
1040 1270 1098 1320 et
1146 1266 1412 1321 omnium
1460 1266 1724 1337 gentium
1758 1266 1931 1321 turba
1963 1282 2050 1321 re-

404 1357 671 1428 spondet.
708 1354 801 1411 Sio
831 1359 888 1410 et
918 1371 1073 1410 nunc
1103 1353 1430 1409 dicentibus
1460 1354 1579 1410 illis
1609 1354 1667 1409 in
1713 1354 1999 1426 principio
2033 1370 2045 1409 :

406 1466 435 1496 «
464 1445 861 1501 Conﬁteantur
886 1444 993 1498 tibi
1025 1443 1224 1515 populi
1267 1460 1490 1513 omnes,
1527 1467 1553 1492 ››
1606 1450 1661 1498 et
1711 1444 2048 1514 praecipien-

400 1533 560 1589 tibus
592 1533 893 1605 apostolis,
927 1536 979 1586 et
1010 1532 1340 1586 dicentibus
1377 1549 1388 1586 :
1444 1553 1471 1581 «
1503 1532 1900 1587 Conﬁteantur
1942 1532 2050 1589 tibi

400 1622 621 1696 populi,
656 1627 845 1687 Deus;
892 1622 1283 1675 conﬁteantur
1338 1621 1443 1675 tibi
1496 1620 1693 1692 populi
1755 1638 1979 1688 omnes,
2019 1643 2047 1670 »

400 1711 677 1783 quoniam
733 1708 865 1764 illos
919 1708 1117 1764 vident
1179 1708 1537 1777 reticescere,
1595 1714 1904 1782 propterea
1959 1710 2046 1766 id-

397 1799 595 1871 ipsum
619 1797 847 1864 iterant,
875 1800 932 1852 et
951 1796 1156 1852 dicunt
1179 1814 1192 1852 :
1219 1820 1246 1847 ‹‹
1271 1798 1675 1854 Conﬁteantur
1696 1799 1796 1854 tibi
1822 1798 2045 1871 populi,

401 1892 576 1959 Deus,
606 1887 997 1943 confiteantur
1022 1886 1128 1942 tibi
1163 1886 1360 1959 populi
1390 1903 1613 1944 omnes.
1652 1910 1679 1936 ››
1735 1888 1926 1944 Semel
1957 1888 2043 1943 di-

398 1978 615 2045 ximus,
650 1992 765 2033 non
816 1974 1102 2043 audistis;
1138 1976 1350 2031 iterum
1401 1975 1675 2045 dicimus,
1708 1980 1770 2031 ut
1800 1977 2041 2033 sanatis.

398 2072 520 2124 Hoc
566 2070 758 2123 autem
802 2070 991 2123 totum
1039 2081 1219 2136 quare
1262 2065 1538 2131 diximus,
1571 2070 1627 2122 et
1657 2065 1836 2122 semel
1865 2070 1921 2122 et
1951 2083 2043 2122 se-

399 2159 610 2228 cundo,
643 2159 709 2212 ut
736 2156 1121 2211 conﬁteantur
1150 2154 1346 2226 populi
1382 2159 1493 2210 Deo
1514 2154 1541 2209 ?
1588 2158 1775 2221 Quare
1820 2155 1928 2212 hoc
1956 2156 2043 2210 di-

398 2246 630 2303 cimus?
660 2261 840 2317 quare
862 2244 971 2299 hoc
996 2243 1368 2315 praecipimus
1388 2244 1416 2297 ‘I
1448 2267 1475 2294 «
1500 2245 1786 2310 Quoniam
1810 2245 2041 2314 judicas

395 2336 646 2407 populos
673 2333 735 2387 in
764 2332 1056 2403 aequitate.
1092 2353 1119 2382 »
1157 2332 1411 2403 Judzeos,
1443 2332 1564 2403 qui,
1595 2349 1709 2404 prae
1743 2324 2042 2389 nimietate

396 2422 653 2492 malitiae,
685 2419 885 2492 populi
942 2420 1328 2491 accipiuntur,
1376 2422 1544 2490 juxta
1597 2420 1789 2478 illud:
1841 2423 2043 2493 Populi

394 2511 644 2568 meditati
688 2513 814 2565 sunt
870 2509 1065 2564 inania
1119 2508 1289 2579 (Psal.
1325 2525 1388 2576 ιι,
1423 2509 1497 2581 1).
1554 2532 1582 2558 ‹‹
1618 2514 1683 2563 Et
1730 2515 1933 2582 gentes
1981 2511 2039 2566 in

393 2605 550 2657 terra
579 2598 804 2672 dirigis.
838 2619 866 2648 »
898 2597 1118 2670 Diriget
1147 2613 1245 2652 eas
1276 2598 1336 2651 in
1370 2598 1462 2652 via
1491 2598 1640 2669 vitae,
1672 2599 1809 2654 data
1842 2616 2039 2671 pecca-

392 2693 587 2746 torum
640 2686 1001 2744 remissione.
1035 2687 1180 2742 Cum
1220 2686 1435 2742 dicitur
1462 2702 1666 2757 omnes,
1701 2705 1815 2744 non
1848 2688 2037 2745 solum

392 2796 497 2855 pro
544 2779 808 2853 gentium
864 2776 1098 2850 populo,
1153 2777 1252 2832 sed
1307 2776 1484 2832 etiam
1541 2793 1643 2849 pro
1700 2777 2036 2834 Judaeorum

396 2875 544 2939 orat,
594 2872 660 2924 ut
712 2871 769 2923 et
822 2866 935 2938 ipsi
993 2866 1252 2922 conversi
1300 2867 1689 2923 conﬁteantur
1741 2867 2037 2925 Christum

396 2960 608 3019 Filium
642 2957 762 3014 Dei.
814 2979 835 3006 α
871 2957 1050 3012 Terra
1079 2956 1240 3012 dedit
1269 2956 1522 3011 fructum
1554 2974 1750 3013 suum.
1783 2979 1810 3008 »
1856 2959 2034 3030 Terra,

397 3054 600 3109 sancta
647 3046 849 3113 Maria,
880 3046 952 3100 de
1000 3049 1199 3100 nostra
1245 3048 1419 3116 terra,
1454 3047 1524 3101 de
1563 3052 1760 3102 nostro
1791 3048 2034 3116 semine,

396 3141 468 3196 de
511 3139 621 3194 hoc
667 3135 811 3207 luto,
845 3135 916 3190 de
962 3134 1071 3189 hoc
1121 3133 1280 3203 limo,
1314 3135 1385 3189 de
1422 3135 1627 3190 Adam.
1663 3142 1833 3193 Terra
1880 3153 1952 3208 es,
1984 3142 2037 3193 et

2167 552 2381 619 fructu,
2410 553 2711 611 Trinitatis
2742 554 3080 627 mysterium
3113 554 3427 611 continetur.
3455 580 3477 606 ιι
3498 558 3675 615 Benedi-

2165 646 2257 697 cat
2287 659 2391 698 nos
2421 647 2572 699 Deus
2606 645 2756 700 Deus
2788 648 3002 700 noster.
3035 665 3063 694 »
3097 644 3198 709 Qui
3226 644 3365 700 Deus
3390 650 3465 701 est
3486 650 3675 704 omnium

2164 746 2267 802 per
2295 735 2588 801 naturam,
2613 738 2811 791 noster
2841 733 3070 806 proprie
3103 733 3276 789 factus
3303 737 3381 789 est
3406 734 3541 791 Deus.
3570 757 3589 788 ι
3613 738 3679 793 Be-

2164 819 2393 876 nedicat
2435 838 2541 877 nos
2586 827 2757 878 Deus.
2793 845 2822 873 »
2871 821 3130 894 Expellat
3155 825 3382 877 veterem
3414 822 3679 880 maledictio-

2162 925 2317 964 nem.
2351 909 2679 967 Maledictio
2713 928 2820 968 nos
2867 911 3036 981 ejecit
3077 911 3145 967 de
3190 908 3470 982 paradiso:
3514 911 3678 969 reducat

2162 997 2506 1055 benedictio.
2543 1021 2571 1050 ι(
2593 1001 2661 1055 Et
2691 1005 2956 1057 metuant
2984 1017 3115 1057 eum
3147 1015 3336 1056 omnes
3363 1001 3485 1056 ﬁnes
3507 1004 3675 1056 terre.-

2161 1086 2285 1143 Non
2320 1088 2465 1144 dixit
2497 1105 2510 1143 :
2547 1089 2803 1163 Diligant
2830 1106 2965 1146 eum
2996 1105 3195 1146 omnes
3222 1089 3354 1145 ﬁnes
3379 1092 3532 1145 tarrae.
3560 1091 3681 1145 Paris

2161 1179 2253 1229 rta
2298 1177 2513 1249 quippe
2559 1178 2811 1250 dilectio,
2846 1180 2999 1235 foras
3039 1178 3498 1235 mittit‘timorem.
3524 1179 3679 1234 Timere

2161 1264 2570 1337 incipientium
2602 1270 2727 1335 est;
2761 1267 3022 1340 diligere,
3048 1267 3428 1340 perfectorum.
3451 1265 3537 1329 Oui
3552 1266 3679 1321 adhuc

2158 1354 2344 1425 timet,
2377 1355 2436 1409 in
2469 1355 2633 1411 initio
2664 1360 2752 1412 est
2782 1356 3025 1429 positus,
3049 1373 3163 1413 non
3194 1356 3356 1411 habet
3380 1356 3623 1427 perfectam
3642 1362 3685 1411 et

2159 1443 2392 1515 plenam
2444 1444 2639 1500 ﬁdem.
2674 1445 2781 1511 Qui
2829 1449 3024 1502 autem
3074 1445 3259 1518 diligit
3290 1449 3467 1515 Deum,
3489 1445 3681 1500 omniaei

2159 1533 2511 1605 proveniant,
2546 1534 2602 1588 in
2654 1535 2894 1590 bonum.
2929 1535 3165 1591 Videtur
3208 1535 3384 1590 brevis
3425 1540 3473 1590 et
3513 1534 3682 1606 simplex

2158 1637 2287 1678 esse
2339 1622 2706 1680 sententiola.
2736 1626 2845 1680 Sed
2894 1624 3242 1682 ventilemus
3287 1640 3423 1694 eam,
3452 1628 3499 1679 et
3534 1622 3577 1678 in
3601 1623 3681 1678 istis

2157 1711 2524 1783 simplicibus
2556 1714 2747 1770 verbis
2778 1714 3039 1786 ingentia
3092 1715 3357 1788 mysteria
3397 1713 3675 1785 reperiemus.

2156 1802 2524 1858 Inveniemus
2574 1802 2986 1871 instrinsecus,
3044 1804 3197 1877 quod
3256 1803 3534 1859 forinsecus
3572 1799 3679 1855 latet.

2158 1890 2522 1958 Diligentibus
2577 1895 2762 1947 autem
2818 1893 3132 1960 Dominum,
3190 1894 3369 1949 omnia
3420 1892 3678 1963 conparantur

2154 1980 2216 2033 in
2245 1979 2445 2035 bonum
2490 1980 2664 2050 (Rom.
2696 1997 2818 2049 vm,
2848 1982 2960 2053 28).
2993 1983 3105 2038 Job
3146 1981 3234 2037 vir
3261 1983 3477 2037 sanctus
3499 1981 3676 2034 tentatus

2154 2073 2263 2137 est,
2295 2068 2548 2140 perdidit
2595 2068 2745 2125 ﬁlios
2794 2074 2851 2125 et
2891 2069 3066 2139 ﬁlias,
3101 2071 3305 2127 domus
3333 2069 3496 2142 ipsius
3519 2066 3676 2129 corruit.

2153 2156 2422 2212 universa
2481 2157 2756 2228 perdidit,
2803 2158 3004 2214 omnia
3058 2164 3287 2232 repente
3340 2156 3576 2230 perdidit;
3611 2168 3676 2209 nec

2153 2251 2335 2316 pater,
2367 2261 2472 2301 nec
2522 2246 2838 2309 dominus:
2892 2247 3038 2303 nihil
3089 2247 3241 2303 enim
3286 2245 3361 2301 illi
3403 2243 3612 2302 remansit
3634 2241 3672 2295 in

2152 2352 2389 2407 corpore
2437 2334 2729 2403 sanitatis,
2763 2336 2876 2392 nisi
2922 2336 3050 2393 sola
3080 2337 3277 2409 lingua
3305 2352 3398 2408 per
3423 2350 3562 2406 quam
3584 2331 3677 2386 blas-

2152 2423 2428 2495 phemare
2474 2428 2674 2496 posset
2723 2426 2857 2497 (Job.
2910 2441 2950 2493 ι,
2993 2428 3059 2481 14
3089 2427 3258 2498 seqq.)
3304 2425 3482 2480 Videte
3516 2423 3676 2478 tentato

2151 2529 2273 2569 rem
2322 2512 2642 2569 diabolum.
2693 2517 2739 2570 A
2785 2514 3007 2587 planta,
3041 2516 3254 2588 inquit,
3284 2514 3434 2587 pedis
3466 2526 3605 2583 usque
3633 2508 3675 2563 ad

2147 2602 2419 2658 verticem
2469 2603 2757 2675 percussit
2784 2619 2919 2660 eum
2967 2604 3208 2661 vulnere
3237 2601 3483 2677 pessimo,
3508 2599 3589 2656 hoc
3608 2598 3675 2663 est,

2148 2690 2480 2763 elephantis.
2532 2693 2648 2763 (Job
2698 2710 2761 2757 ιι,
2804 2694 2881 2761 7).
2930 2694 3071 2749 Inde
3119 2698 3237 2751 toto
3283 2704 3491 2765 corpore
3529 2699 3678 2745 vermes

2148 2780 2441 2847 fluebant;
2491 2785 2548 2835 et
2595 2782 2859 2852 putredo.
2892 2782 3092 2839 Solam
3133 2783 3383 2856 linguam
3410 2780 3630 2851 integram
3647 2772 3678 2828 ei

2146 2866 2477 2938 reservavit,
2502 2872 2567 2924 ut
2596 2873 2792 2941 posset
2814 2870 3132 2927 Dominum
3156 2887 3323 2928 suum
3351 2865 3674 2940 blasphemus.

2145 2960 2211 3011 In
2263 2957 2515 3012 omnibus
2571 2957 2657 3013 his
2712 2973 2820 3014 non
2846 2961 3093 3031 peccavit
3148 2960 3241 3017 Job
3295 2958 3444 3015 labiis
3484 2954 3573 3010 sui:
3606 2950 3677 3016 (Job

2145 3063 2183 3113 ι,
2233 3047 2349 3117 22).
2400 3045 2604 3102 Videte
2663 3047 3135 3119 magnitudinem
3190 3045 3513 3110 temtationis,
3554 3038 3677 3094 videte

2147 3134 2614 3208 magnitudinem
2647 3134 2900 3192 virtutis.
2924 3136 3156 3201 Videte,
3188 3141 3243 3193 et
3272 3133 3579 3193 considerate
3599 3138 3679 3181 sen-

394 3233 455 3287 in
507 3230 716 3284 terram
762 3226 871 3279 ibis
916 3224 1067 3296 (Gen.
1101 3239 1186 3295 ιιι,
1222 3223 1329 3294 19).
1386 3246 1413 3271 ‹‹
1448 3225 1626 3279 Terra
1672 3225 1829 3297 (ista)
1876 3227 2037 3282 dedit
2068 3211 2110 3276 (Ι
2150 3225 2385 3283 tentiam
2426 3223 2683 3296 Apostoli
2714 3240 2842 3281 esse
2870 3225 3223 3299 completam
3256 3243 3269 3280 :
3300 3221 3597 3295 Diligenlibu:
3613 3229 3677 3269 al-

393 3321 646 3376 fruetum
676 3330 874 3370 suum.
905 3335 932 3362 »
959 3312 1117 3376 Quod
1144 3312 1395 3385 perdidit
1415 3313 1473 3367 in
1502 3314 1793 3386 paradiso,
1817 3315 2045 3384 invenit
2148 3325 2253 3373 tem
2280 3317 2594 3383 Dominum,
2624 3317 2811 3370 omnia
2856 3320 3222 3386 coaperantur
3266 3316 3324 3371 in
3368 3313 3538 3368 bonum
3565 3306 3677 3379 (801l-

390 3408 454 3465 in
487 3406 653 3464 Filio.
690 3427 717 3456 ‹‹
748 3404 929 3459 Terra
957 3403 1118 3458 dedit
1148 3404 1440 3457 fructuum
1475 3420 1671 3458 suum.
1706 3425 1734 3453 »
1777 3406 2039 3464 Primum

389 3497 552 3554 dedit
580 3496 802 3550 florem.
838 3491 983 3546 Dicit
1010 3496 1067 3547 et
1096 3492 1153 3546 in
1186 3491 1423 3547 Cantico
1467 3492 1830 3549 canticorum
1866 3511 1878 3551 ε
1932 3498 2039 3569 Ego

391 3589 489 3657 ﬂos
534 3584 733 3653 campi,
766 3588 816 3636 et
864 3581 1047 3635 lilium
1088 3582 1419 3635 convallium
1463 3582 1641 3653 (Cant.
1690 3600 1749 3650 ιι,
1800 3584 1871 3656 1).
1923 3585 2038 3642 Iste

391 3674 572 3747 igitur
617 3668 724 3726 ﬂos
771 3670 997 3724 fructus
1041 3669 1230 3725 factus
1260 3675 1369 3737 est,
1404 3675 1469 3725 ut
1500 3688 1607 3727 nos
1639 3670 1806 3728 illum
1838 3690 2037 3730 come-

392 3764 695 3831 deremus,
747 3762 813 3813 ut
878 3774 985 3812 nos
1051 3758 1546 3814 manducaremus
1612 3778 1817 3818 carnes
1883 3766 2031 3834 ejus.

387 3850 581 3907 Vultis
611 3849 759 3904 scire
781 3845 915 3919 quis
946 3846 1023 3900 sit
1050 3846 1160 3901 iste
1184 3847 1407 3901 fructus
1428 3847 1455 3901 ?
1487 3849 1658 3921 Virgo
1683 3851 1753 3905 de
1772 3851 2031 3924 virgine:

388 3940 675 3998 Dominus
729 3938 802 3992 de
858 3935 1115 3992 ancilla:
1167 3935 1321 3990 Deus
1373 3950 1438 3990 ex
1486 3936 1739 4005 homine,
1775 3939 1933 3996 ﬁlius
1965 3958 2033 3997 ex

383 4033 591 4101 matre,
623 4029 850 4083 fructus
906 4042 975 4081 ex
1030 4029 1202 4080 terra.
1246 4024 1453 4080 Videte
1513 4026 1650 4097 quid
1708 4027 1861 4083 dicat
1906 4030 2030 4101 ipse

382 4121 606 4176 fructus
640 4135 652 4174 :
707 4118 829 4172 Nisi
868 4131 1106 4185 granum
1133 4116 1401 4186 frumenti
1430 4115 1685 4171 ceciderit
1714 4118 1773 4171 in
1803 4126 2026 4187 terram,

380 4215 434 4265 et
474 4215 757 4264 mortuum
801 4206 1000 4280 fuerit,
1032 4221 1142 4260 non
1182 4207 1351 4276 potest
1376 4219 1563 4275 facere
1590 4200 1807 4275 fructus
1826 4210 2027 4264 multos

379 4300 565 4371 (Joan.
598 4313 701 4363 x11,
732 4296 821 4359 24,
854 4296 967 4365 25).
1026 4314 1048 4343 ι
1081 4294 1255 4349 Terra
1287 4294 1447 4349 dedit
1477 4294 1730 4350 fructum
1762 4313 1959 4364 suum,
1996 4320 2024 4348 »

379 4385 540 4444 dedit
570 4400 816 4459 granum
848 4384 1144 4438 frumenti.
1168 4383 1330 4445 Quod
1354 4398 1604 4455 granum
1634 4384 1911 4441 frumenti
1938 4402 2025 4442 ce-

355 4477 519 4533 cidit
568 4476 629 4530 in
684 4480 919 4541 terram,
961 4476 1017 4526 et
1065 4477 1363 4526 mortuum
1414 4476 1520 4539 est,
1555 4477 1611 4528 et
1642 4473 1771 4529 ideo
1803 4476 2020 4533 multos

2146 3423 2247 3468 vn,
2278 3404 2390 3476 28).
2426 3404 2501 3459 Eo
2531 3407 2793 3475 tempore
2843 3419 2959 3474 quo
3016 3404 3292 3476 perdebat
3334 3418 3416 3458 res
3461 3403 3678 3462 θυαε,φο

2149 3493 2298 3550 ﬁlios
2345 3492 2687 3558 amittebat;
2739 3491 3092 3549 videbantur
3138 3492 3366 3565 quidem
3400 3489 3442 3546 ei
3473 3500 3571 3543 esse
3592 3493 3677 3536 con-

2144 3582 2324 3638 traria
2352 3599 2481 3654 quae
2512 3580 2900 3637 accidissent:
2934 3582 3039 3638 sed
3071 3564 3342 3654 quoniam
3371 3564 3679 3660 diligebat

2146 3650 2394 3739 minum,
2427 3668 2530 3724 illa
2577 3667 2733 3724 mala
2781 3686 2908 3741 quae
2940 3662 3008 3725 'ei
3062 3650 3254 3737 infert,
3286 3664 3605 3739 cooperantur

2145 3761 2316 3816 bona.
2374 3758 2464 3814 Illi
2510 3773 2644 3813 vero
2691 3774 2919 3814 vermes
2976 3758 3236 3832 corporis
3290 3749 3616 3830 praeparabant
3646 3749 3677 3795 ei

2144 3848 2271 3904 caeli
2303 3863 2600 3903 coronam.
2634 3848 2960 3919 Antequam
2995 3851 3335 3912 tentaretur,
3365 3845 3495 3900 Deus
3518 3837 3557 3894 ei
3582 3844 3677 3889 nun-

2142 3954 2319 4009 quam
2341 3936 2572 3992 locutus
2599 3935 2787 3990 fuerat
2810 3953 2823 3991 :
2854 3939 3167 4007 postquam
3190 3940 3373 3992 autem
3390 3930 3594 3987 tentatus
3608 3920 3676 4013 est,

2138 4026 2296 4081 venit
2325 4027 2395 4081 ad
2428 4041 2562 4082 eum
2597 4030 2769 4090 Deus,
2798 4027 2856 4080 et
2884 4024 3255 4081 familiariter
3302 4020 3541 4095 loquitur.
3566 4020 3677 4104 qu“?

2139 4115 2557 4170 amicus'cum
2611 4112 2796 4169 amico
2845 4130 2973 4169 suo.
3030 4113 3280 4169 Veniant
3334 4109 3509 4183 plagae,
3545 4108 3677 4157 0mm

2136 4219 2437 4275 poenarum
2469 4218 2701 4275 genera,
2734 4202 2875 4257 dum
2904 4208 3038 4275 post
3071 4202 3292 4276 plagas,
3317 4196 3545 4255 Christus
3568 4185 3677 4276 adve-

2135 4274 2275 4347 niat.
2309 4274 2541 4364 Egressi
2576 4307 2787 4347 sumus
2820 4292 2891 4347 de
2910 4274 3296 4364 psalmo,ised
3326 4302 3428 4344 non
3454 4274 3674 4365 inutiliter.

2132 4380 2270 4454 quia
2316 4381 2695 4462 dixeramus:
2754 4381 2883 4436 «Et
2927 4384 3195 4438 metuant
3238 4394 3364 4435 eum
3392 4364 3557 4432 omnes
3580 4364 3674 4462 ﬁt!!!

2130 4451 2384 4543 terram.»
2436 4475 2492 4527 et
2521 4470 2877 4538 dixeramus,
2912 4471 3193 4541 quoniam
3223 4471 3457 4526 metuere
3483 4448 3675 4543 PW‘FIO'

375 4567 601 4623 fructus
632 4563 818 4620 atl‘ert.
851 4539 1302 4633 Multiplicatum
1349 4565 1439 4616 est
1490 4562 1548 4617 in
1602 4563 1764 4634 spica
1796 4580 1809 4619 :
1865 4567 2022 4636 quod
2055 4576 2100 4641 D
2131 4576 2265 4615 rum
2295 4539 2385 4616 est
2417 4577 2431 4616 :
2482 4563 2755 4616 caeterum
2797 4539 3062 4632 diligere,
3096 4559 3477 4641 perfectorum,
3503 4539 3673 4641 et

372 4673 559 4711 unum
592 4654 898 4721 ceciderat,
923 4651 981 4704 in
1016 4624 1218 4705 multis
1249 4651 1584 4706 resurrexit.
1620 4624 1839 4708 Decidit
1866 4624 2023 4710 enim
2055 4624 2099 4641 υ
2134 4665 2334 4704 ramus
2366 4647 2435 4704 ad
2484 4648 2593 4704 hoc
2636 4648 3138 4720 comprobandum
3169 4647 3239 4702 de
3264 4635 3507 4716 Apostolo
3533 4624 3673 4721 :th"

373 4760 620 4820 granum
650 4741 916 4798 triticiin
948 4744 1188 4805 terram,
1213 4743 1269 4794 et
1299 4755 1465 4810 seges
1487 4739 1722 4811 copiosa
1747 4743 2015 4797 surrexit.

373 4860 401 4887 «
433 4837 608 4891 Terra
639 4833 799 4889 dedit
830 4831 1082 4885 fructum
1117 4845 1313 4883 suum.
1346 4848 1372 4880 ι)
1412 4829 1738 4899 Propterea,
1776 4852 1804 4881 ‹‹
1835 4832 2015 4886 conﬁ-

371 4928 607 4980 teantur
635 4922 740 4977 tibi
772 4919 992 4992 populi,
1030 4923 1216 4985 Deus;
1261 4920 1646 4973 conﬁteantur
1675 4919 1780 4974 tibi
1816 4919 2014 4992 populi

370 5028 595 5068 omnes.
626 5012 806 5066 Terra
837 5009 998 5065 dedit
1029 5009 1279 5063 fructum
1312 5023 1508 5062 suum.
1547 5029 1572 5055 ››
1617 5007 1755 5071 Quis
1786 5013 1875 5064 est
1905 5009 2015 5065 iste

371 5101 600 5156 fructus
620 5101 648 5154 ?

369 5196 372 5200 ’
446 5211 472 5238 ‹‹
504 5189 816 5245 Benedicat
846 5205 953 5243 nos
982 5193 1129 5243 Deus
1156 5192 1305 5241 Deus
1332 5189 1547 5252 noster,
1580 5186 1886 5242 benedicat
1906 5204 2013 5243 nos

367 5282 540 5336 Deus.
578 5302 599 5327 ι»
649 5300 677 5327 ‹‹
709 5283 882 5343 Deus,
915 5300 942 5327 »
989 5277 1155 5332 Pater
1188 5294 1200 5331 :
1252 5299 1272 5323 α
1310 5276 1462 5331 Deus
1493 5280 1708 5341 noster,
1742 5298 1769 5325 »
1805 5276 2007 5332 Filius.

368 5370 497 5442 Ipse
529 5368 687 5425 enim
734 5372 883 5422 Deus
916 5370 1132 5421 noster.
1168 5366 1233 5419 Et
1263 5364 1521 5430 vocabis,
1552 5364 1763 5435 inquit,
1797 5382 2009 5421 nomen

364 5460 496 5531 ejus
556 5455 918 5523 Emmanuel,
979 5456 1033 5509 id
1091 5458 1181 5510 est
1237 5455 1523 5510 nobiscum
1578 5455 1735 5509 Deus.
1802 5477 1822 5506 α
1863 5460 2009 5510 Deus

365 5552 564 5606 noster
618 5546 925 5603 benedicat
982 5561 1168 5600 nos.»
1231 5543 1385 5598 Deus
1439 5543 1692 5615 Spiritus
1747 5549 2006 5601 sanctus.

359 5630 509 5699 Vide
541 5636 882 5731 mysterium
930 5632 1232 5691 Trinitatis
1277 5631 1333 5688 in
1382 5649 1499 5688 uno
1531 5631 1813 5691 versiculo
1844 5648 2007 5691 com-

2125 4738 2374 4809 gentibus
2411 4747 2600 4793 autem
2631 4738 2951 4807 Dominum,
2985 4739 3175 4793 omnia
3203 4730 3526 4805 cooperantur
3546 4713 3672 4809 inf?

2124 4798 2279 4882 itum.
2337 4850 2358 4876 α
2393 4831 2462 4882 Et
2493 4827 2741 4883 timeant
2772 4841 2904 4882 eum
2938 4841 3145 4883 omnes
3193 4824 3331 4879 ﬁnes
3357 4823 3516 4875 terra.
3546 4832 3563 4857 ι
3600 4798 3671 4858 Μ’

2124 4931 2422 4987 quaquam
2474 4915 2600 4972 sola
2646 4915 2868 4987 Judaea,
2902 4915 3003 4972 sed
3044 4929 3245 4970 omnes
3274 4910 3408 4965 ﬁnes
3435 4910 3581 4959 terra
3604 4889 3670 4946 5⁸·

2123 5005 2383 5060 cundum
2410 5003 2793 5078 tropologiam
2820 5008 3046 5060 autem:
3070 5026 3099 5053 ‹‹
3123 5002 3328 5059 Omnes
3349 4996 3475 5051 ﬁnes
3492 4990 3668 5078 terra?”

2123 5111 2240 5149 non
2274 5093 2555 5149 medietas
2584 5076 2773 5161 terrae,
2806 5110 2920 5149 non
2951 5091 3036 5147 illi
3069 5092 3167 5163 qui
3198 5090 3257 5144 in
3286 5092 3425 5143 terra
3450 5077 3561 5135 sunt
3582 5076 3667 5163 me:

2123 5183 2238 5253 dia,
2271 5182 2370 5238 sed
2420 5182 2520 5254 qui
2568 5182 2629 5237 in
2687 5153 2798 5237 ﬁne
2856 5185 3020 5237 terrze
3071 5153 3228 5245 sunt,
3270 5173 3362 5248 qui
3407 5153 3669 5254 relinquunf

2120 5275 2360 5339 terram,
2391 5275 2447 5326 et
2477 5272 2547 5326 ad
2579 5271 2754 5327 caelos
2786 5272 2869 5327 ire
2900 5271 3192 5327 festinant.
3241 5265 3350 5321 Hoc
3384 5256 3610 5348 igiturflu

2122 5360 2365 5433 apostoli
2417 5360 2691 5416 dixerunt
2731 5361 2790 5415 in
2824 5359 3128 5433 principio,
3162 5372 3267 5412 nos
3293 5349 3520 5409 dicamus

2119 5421 2193 5505 ne
2225 5468 2237 5505 :
2288 5473 2314 5500 «
2350 5450 2502 5506 Deus
2544 5421 2890 5506 misereatur
2920 5421 3101 5505 nostri
3133 5449 3190 5502 et
3217 5435 3484 5499 benedicat
3508 5421 3660 5483 nobis;

2119 5538 2412 5595 illuminet
2459 5536 2681 5594 vultum
2737 5554 2912 5594 suum
2964 5551 3140 5610 super
3168 5548 3287 5598 nos.
3318 5510 3659 5610 “misewa

2118 5627 2298 5687 nostri
2326 5645 2339 5703 ;
2373 5649 2400 5678 »
2431 5631 2714 5686 etnotam
2746 5627 2917 5686 faciet
2946 5627 3005 5686 in
3033 5586 3184 5685 terra
3209 5620 3353 5680 viam
3379 5619 3536 5672 suam.
3554 5586 3655 5658 ϐω
