3976 6188
302 370 460 438 ιωθ

1477 371 1981 441 BREVIARIUM
2021 373 2104 438 IN
2149 374 2529 440 PSALMOS.

3426 318 3449 346 .
3551 374 3705 445 1014

299 503 663 566 manifestus
693 502 753 564 in
798 505 1060 565 claritate
1085 507 1310 567 venerit
1339 507 1627 578 Christus,
1660 514 1803 565 tunc
1832 525 1957 565 om-
1988 509 2045 575 Α
2074 525 2209 566 men
2224 508 2746 579 estilli.nDocetut,
2765 510 3116 583 compressis
3130 511 3348 585 peccati
3361 511 3713 582 tumoribus,

300 598 479 654 nibus
536 600 744 653 notum
793 596 965 653 faciet
1008 616 1113 654 cur
1168 603 1331 655 tanta
1379 599 1572 655 carnis
1622 598 1954 656 humilitate

303 685 692 743 descenderit.
721 708 742 735 ι
775 686 954 742 Terra
982 686 1143 743 dedit
1171 687 1430 744 fructum
1480 703 1679 755 suum,
1717 709 1736 736 ιο
1774 686 1956 742 Maria

300 772 508 848 genuit
533 772 924 831 Salvatorem.

826 864 1162 921 PSALMUS
1213 864 1426 921 LXVII.

296 956 364 1011 In
437 969 584 1008 nem.
615 953 871 1008 Psalmus
902 955 1128 1010 Cantici
1155 955 1349 1010 David.
1401 953 1669 1011 Psalmus
1740 972 1772 1010 o
1817 944 1951 1009 era:

373 953 703 1080 ganticum.
735 1023 1126 1080 intelligentia
1157 1025 1373 1080 mentis
1400 999 1746 1080 sniritualis.
1779 971 1951 1080 gexa-

420 1024 703 1099 anticum,
735 1023 1126 1099 intelligentia
1157 1025 1385 1099 mentis
1400 1023 1746 1099 spiritualis.
1779 1023 1953 1099 Sexa-

372 1095 637 1169 gesimus
669 1095 955 1169 septimus
980 1097 1251 1169 psalmus
1293 1097 1340 1153 si
1374 1095 1733 1169 intelligatur
1782 1097 1953 1169 spiri-

368 1167 633 1242 tualiter,
681 1167 930 1242 refertus
978 1167 1148 1242 legis»
1180 1167 1740 1242 Evangeliorumque
1789 1167 1950 1241 repe-

372 1240 537 1311 ritur
576 1239 992 1310 sacramentis,
1045 1239 1153 1311 qui
1209 1241 1296 1296 sic
1344 1239 1607 1298 'inchoat
1648 1239 1750 1296 “ex
1818 1239 1954 1296 voce

358 1309 718 1383 prophetica
741 1327 754 1364 :

370 1422 399 1451 «
430 1401 685 1473 Exurgat
727 1399 905 1469 Deus,
931 1405 989 1457 et
1043 1400 1411 1473 dissipentur
1463 1401 1689 1457 inimici
1749 1403 1951 1472 ejus.»

300 1490 374 1546 Et
403 1488 736 1561 specialiter
762 1488 1119 1563 intelligitur
1144 1491 1255 1547 iste
1286 1490 1573 1563 psalmus,
1602 1496 1659 1547 et
1711 1507 1950 1563 genera-

301 1578 453 1635 liter.
485 1577 824 1651 Specialiter
871 1579 944 1635 de
1000 1579 1128 1652 ipso
1181 1579 1450 1647 Domino,
1510 1584 1576 1636 ut
1621 1582 1890 1651 resurgat
1919 1595 1953 1633 a

304 1667 573 1738 mortuis,
606 1670 664 1722 et
685 1667 992 1739 disperdat
1019 1667 1291 1725 inimicos
1330 1686 1491 1735 suos,
1554 1669 1663 1725 hoc
1690 1673 1798 1739 est,
1827 1667 1949 1722 dia-

304 1755 506 1823 bolum
529 1759 587 1814 et
616 1755 935 1813 exercitum
965 1758 1115 1829 ejus,
1159 1762 1259 1814 aut
1287 1759 1540 1815 Judascs.
1594 1756 1952 1815 Generaliter

304 1849 520 1944 autem,
551 1846 788 1944 quando
820 1846 880 1903 in
912 1845 1285 1944 tribulatione
1314 1865 1524 1944 sumus
1568 1851 1624 1904 et
1654 1846 1948 1944 angustia,
1983 1879 2028 1944 Β

286 1940 363 1991 'et
395 1933 679 1991 dicimus:
712 1935 959 2007 Exurge,
994 1936 1205 2008 utquid
1239 1936 1545 2003 dormites,
1579 1936 1825 1993 Domine
1848 1935 1876 1990 ‘I

300 2023 527 2096 Exurge
556 2027 614 2080 et
643 2023 860 2095 adjnva
911 2041 1019 2081 nos
1062 2026 1236 2096 (Psal.
1284 2042 1444 2094 xmu,
1511 2026 1588 2097 6).
1648 2024 1951 2093 Quomodo

301 2116 362 2169 et
390 2112 641 2185 apostoli
661 2113 721 2168 in
755 2112 1025 2169 navicula
1044 2114 1300 2170 excitant
1325 2114 1640 2170 Dominum
1660 2113 1953 2170 dormien-

302 2205 444 2272 tem,
477 2201 773 2259 dicentes:
808 2201 1082 2273 Magister,
1114 2203 1268 2259 salva
1286 2219 1405 2271 nos,
1453 2204 1699 2275 perimus
1742 2201 1951 2272 (Matth.

305 2306 431 2358 νιιι,
490 2291 606 2361 25).
670 2292 800 2345 «Et
854 2290 1085 2364 fugiant
1132 2292 1232 2363 qui
1276 2292 1523 2348 oderunt
1580 2308 1716 2347 eum
1749 2309 1783 2347 a
1813 2291 1957 2347 facie

310 2378 460 2449 ejus.
491 2399 520 2427 ››
551 2377 679 2433 Non
711 2377 880 2450 dixit,
916 2383 1176 2451 pereant,
1211 2380 1334 2445 sed,
1361 2382 1615 2451 fugiant:
1679 2380 1777 2452 qui
1830 2396 1957 2452 pec-

313 2468 538 2523 catores
562 2465 621 2521 in
652 2471 969 2539 conspectu
1002 2468 1102 2524 Dei
1133 2485 1249 2525 non
1280 2473 1531 2541 possunt
1584 2473 1755 2526 stare.
1811 2472 1956 2525 Prae-

308 2552 515 2608 videns
546 2554 828 2626 propheta
858 2561 985 2613 orat
1032 2560 1115 2628 ut,
1167 2574 1234 2614 eo
1274 2562 1607 2629 exurgente,
1658 2558 1956 2615 diabolicae

310 2639 744 2699 dominationes
775 2643 1080 2717 etl'ugiant,
1112 2645 1251 2718 quia
1280 2651 1338 2702 et
1369 2664 1523 2703 nunc
1552 2646 1958 2703 indubitanter

313 2730 670 2788 credendum
701 2737 810 2802 est,
842 2734 999 2804 quod
1030 2735 1103 2791 ad
1130 2735 1557 2793 invocationem
1589 2737 1717 2808 ejus
1771 2737 1956 2792 nonni-

310 2819 405 2875 nis
433 2822 589 2876 stare
618 2837 734 2877 non
766 2827 1035 2894 possunt.

380 2907 598 2964 «Sicut
652 2909 850 2967 deficit
910 2911 1133 2981 fumus,
1193 2914 1487 2971 deﬁciant.
1514 2937 1544 2965 ››
1594 2915 1720 2971 Non
1770 2918 1834 2970 ut
1892 2914 1953 2971 in

312 2996 563 3053 nihilum
595 2998 972 3069 reducantur,
1033 3002 1134 3059 sed
1189 3006 1253 3058 ut
1305 3002 1610 3074 quiescant
1641 3022 1674 3059 a
1701 3004 1954 3076 peccatis

311 3085 455 3143 suis.
486 3108 514 3136 ‹‹
544 3086 704 3144 Sicut
733 3089 865 3144 ﬂuit
896 3106 1029 3147 cera
1059 3108 1094 3146 a
1134 3091 1280 3148 facie
1335 3092 1512 3164 ignis.
1537 3113 1566 3142 »
1617 3093 1781 3150 Sicut
1823 3111 1955 3150 cera

306 3175 569 3245 solvitur,
592 3181 650 3233 et
680 3194 797 3234 non
831 3179 1023 3251 perdit
1052 3184 1326 3239 naturam
1356 3199 1547 3251 suam,
1601 3184 1702 3239 sed
1749 3182 1951 3240 molle-

2064 598 2305 672 planam
2332 599 2473 656 ei.in
2507 600 2783 657 cordibus
2815 600 3030 657 nostris
3061 602 3212 658 viam
3267 620 3370 675 per
3413 603 3711 675 justitiam

2063 705 2499 763 praeparemus:
2530 691 2631 763 qui
2662 708 2841 764 super
2870 708 3146 747 occasum
3177 692 3381 749 mortis
3403 694 3709 764 accedens,

2064 778 2248 835 victor
2277 780 2557 835 remeavit
2583 796 2653 836 ex
2709 781 2931 837 inferis.
2995 779 3055 838 Si
3114 797 3229 836 non
3270 782 3438 839 nobis
3486 783 3713 840 occidat

2064 868 2148 924 sol
2178 867 2534 941 iniquitatis,
2571 887 2687 926 non
2719 874 2911 942 potest
2940 870 3111 927 nobis
3164 870 3302 926 oriri
3329 870 3414 928 sol
3435 872 3708 945 justitiae,

2062 960 2234 1031 cujus
2265 959 2487 1016 sanitas
2518 959 2576 1014 in
2607 958 2768 1016 ccelis
2797 964 2904 1016 est.

2135 1071 2163 1098 ‹‹
2195 1048 2459 1104 Exultate
2490 1048 2548 1104 in
2582 1053 2898 1121 conspectu
2929 1049 3077 1120 ejus.
3107 1070 3136 1099 »
3163 1051 3227 1104 In
3247 1049 3376 1120 ejus
3406 1047 3563 1104 enim
3594 1066 3706 1105 nos

2062 1138 2476 1210 conspectibus
2524 1139 2779 1210 gaudere
2836 1142 3084 1210 oportet,
3144 1143 3201 1193 et
3251 1154 3368 1193 non
3418 1138 3479 1194 in
3527 1137 3710 1209 hujus

2063 1225 2261 1280 saeculi
2306 1224 2595 1282 illecebris
2646 1226 2940 1283 delectari.
2970 1248 2995 1275 ››
3052 1226 3471 1282 Turbabuntur
3501 1243 3535 1282 a
3564 1226 3710 1283 facie

2063 1314 2192 1384 ejus
2221 1319 2420 1386 patres
2477 1314 2898 1385 orphanorum,
2947 1319 3004 1370 et
3041 1315 3277 1385 judices
3318 1315 3651 1373 viduarum.
3677 1338 3707 1365 κ

2062 1401 2151 1457 Illi
2184 1404 2284 1474 qui
2316 1420 2379 1459 se
2410 1420 2567 1459 nunc
2596 1408 2817 1460 tutores
2848 1407 2906 1459 et.
2925 1405 3159 1476 judices
3207 1404 3430 1477 dicunt,
3482 1409 3540 1461 et
3596 1405 3707 1463 hac

2060 1492 2369 1548 occasione
2416 1492 2717 1564 decipiunt
2763 1509 2857 1550 res
2914 1493 3192 1565 inopum;
3252 1494 3705 1565 confundantur,

2061 1596 2198 1637 cum
2231 1581 2519 1654 respicere
2549 1582 2725 1653 cwpit
2740 1581 3097 1638 Altissimus.

2132 1693 2160 1720 ‹‹
2194 1670 2347 1726 Deus
2402 1671 2459 1726 in
2511 1669 2637 1727 loco
2684 1675 2888 1727 sancto
2926 1688 3053 1727 suo.
3084 1694 3103 1720 υ
3159 1674 3222 1727 In
3277 1673 3477 1728 anima
3522 1671 3702 1729 fideli.

2059 1763 2300 1833 Semper
2329 1760 2485 1817 Deus
2516 1761 2576 1816 in
2608 1760 2827 1816 sanctis
2875 1760 3000 1816 suis
3048 1760 3296 1816 habitat.
3359 1761 3706 1835 Ubicunque

2061 1850 2344 1906 sanctitas
2375 1854 2482 1918 est,
2517 1850 2597 1905 ibi
2628 1849 3028 1905 habitaculum
3072 1850 3169 1906 Dei
3201 1855 3310 1906 est.
3334 1874 3361 1900 «
3396 1851 3555 1907 Deus
3602 1851 3704 1925 qui

2060 1939 2388 1995 inhabitare
2417 1940 2555 1995 facit
2584 1938 2762 1995 unius
2806 1938 2985 1995 moris
3012 1939 3074 1994 in
3096 1940 3289 1995 domo.
3320 1963 3340 1989 ιο
3396 1942 3461 1995 ln
3509 1941 3704 2003 Eccle-

2062 2029 2169 2096 sia,
2203 2028 2260 2083 in
2292 2045 2411 2100 qua
2442 2028 2692 2084 ﬁdeliter
2720 2027 3179 2085 consistentibus
3207 2028 3481 2101 spiritum
3513 2029 3705 2087 chari-

2061 2118 2201 2174 tatis
2227 2116 2506 2187 infundit,
2535 2117 2639 2189 qui
2674 2117 2851 2173 unius
2882 2116 3065 2173 moris
3113 2123 3274 2185 sunt,
3326 2121 3384 2174 et
3425 2135 3539 2175 non
3580 2135 3707 2175 mu-

2061 2209 2287 2262 tantur.
2329 2205 2631 2277 Siquidem
2642 2208 2845 2277 justus
2878 2223 2993 2262 non
3015 2210 3309 2263 mutatur:
3344 2207 3484 2278 quia
3503 2208 3706 2278 semel,

2058 2293 2347 2365 judicavit
2400 2294 2460 2349 in
2511 2294 2749 2365 justitia
2786 2311 3150 2367 permanere.
3202 2296 3469 2353 Peccator
3510 2300 3708 2355 autem

2066 2388 2351 2439 mutatur.
2384 2384 2650 2455 Insipiens
2678 2385 2831 2440 enim
2857 2386 2995 2439 sicut
3027 2386 3170 2441 luna.
3214 2389 3466 2441 mutatur
3522 2386 3709 2457 (Eccli.

2063 2490 2240 2542 xxvu,
2272 2474 2381 2544 t2).
2418 2474 2479 2527 In
2507 2474 2744 2529 Hebraeo
2778 2476 2975 2529 autem
3019 2473 3228 2529 habet:
3255 2497 3283 2523 ‹‹
3314 2474 3601 2533 Dominus
3630 2474 3714 2531 in-

2063 2562 2331 2619 habitare
2361 2561 2497 2618 facit
2526 2562 2846 2618 monachos
2875 2562 2936 2624 in
2966 2563 3163 2633 domo,
3192 2585 3220 2613 υ
3248 2563 3306 2619 id
3326 2567 3436 2633 est,
3472 2564 3532 2619 in
3581 2563 3713 2638 qui-

2064 2652 2176 2708 bus
2198 2668 2314 2707 non
2345 2651 2644 2709 cohabitat
2674 2656 2997 2724 peccatum.

2134 2763 2163 2791 «
2199 2742 2306 2806 Qui
2338 2741 2534 2798 educit
2552 2742 2779 2798 vinctos
2807 2741 2867 2797 in
2916 2742 3331 2798 fortitudine.»
3372 2743 3503 2814 Ipse
3556 2743 3706 2800 Deus

2061 2847 2174 2888 sua
2225 2830 2435 2887 virtute
2479 2830 2676 2887 educit
2721 2847 2820 2887 eos
2873 2831 2974 2902 qui
3027 2830 3191 2903 ligati
3235 2834 3375 2886 sunt
3405 2833 3439 2886 ξι
3468 2830 3703 2891 diabolo

2063 2920 2123 2975 in
2157 2920 2446 2992 peccatis:
2481 2920 2636 2976 sicut
2666 2918 2766 2975 illa
2795 2919 3008 2976 mulier
3062 2919 3122 2974 in
3172 2918 3512 2991 Evangelio:
3574 2935 3706 2990 qua:

2060 3009 2244 3083 ligata
2300 3010 2490 3066 fuerat
2545 3010 2746 3064 decem
2823 3013 2881 3065 ct
2953 3013 3080 3065 octo
3155 3009 3327 3065 annis
3378 3026 3413 3064 a
3467 3007 3701 3066 diabolo

2064 3100 2215 3172 (Luc.
2248 3116 2371 3165 x111,
2439 3100 2515 3169 6).
2541 3120 2563 3147 α
2596 3098 2879 3154 Similiter
2906 3114 3005 3154 eos
3052 3097 3154 3170 qui
3198 3101 3563 3170 exasperant,
3603 3097 3705 3170 qui

2063 3186 2335 3243 habitant
2363 3187 2423 3243 in
2455 3186 2760 3260 sepulcris.
2789 3210 2810 3235 ιι
2848 3192 2999 3244 Deus
3020 3190 3231 3243 natura
3255 3186 3445 3243 dulcis
3463 3190 3571 3244 est.
3595 3186 3705 3251 Qui

307 3264 451 3321 scit:
483 3264 568 3321 sic
599 3270 656 3322 et
682 3266 780 3323 isti
814 3249 928 3324 non
961 3274 1222 3341 pereant,
1284 3272 1385 3355 sed
1439 3249 1735 3345 deponant
1783 3272 1950 3329 mali-
1982 3249 2025 3317 (ἶ
2065 3281 2259 3333 autem
2281 3277 2354 3332 ad
2382 3249 2833 3333 amaritudinem
2855 3293 2991 3332 eum
3023 3277 3343 3347 adducunt,
3377 3249 3708 3348 peccatores

305 3354 452 3419 tiam
480 3370 673 3423 suam,
704 3360 763 3412 et
806 3357 890 3413 sic
947 3362 1359 3416 convertantur
1403 3361 1475 3416 ad
1525 3361 1950 3433 pmnitentiam,

308 3445 366 3498 et
384 3442 700 3502 salvantur.
727 3468 755 3496 ‹‹
789 3446 883 3503 Sic
912 3452 1154 3519 pereant
1182 3454 1516 3521 peccatores
1538 3470 1572 3506 a
1599 3451 1743 3507 facie
1772 3451 1894 3508 Dei.
1922 3450 1978 3501 ››’

309 3530 455 3597 Quia
474 3538 805 3605 peccatores
844 3552 959 3592 non
992 3540 1132 3593 sunt
1161 3537 1322 3611 digni
1350 3538 1544 3596 videre
1569 3544 1772 3596 Deum.

377 3643 408 3671 «
443 3621 510 3678 Et
543 3622 693 3694 justi
750 3623 1079 3696 epulentur.
1108 3650 1128 3675 ι
1189 3627 1297 3693 Qui
1348 3633 1691 3701 permanent
1733 3629 1793 3685 in
1844 3645 1954 3685 sua

299 3710 556 3782 justitia,
588 3711 692 3784 qui
715 3713 858 3770 vitia
885 3730 1002 3771 non
1034 3714 1271 3785 habent,
1316 3716 1678 3775 delectentur
1733 3719 1791 3774 in
1836 3718 1949 3775 Do-

304 3798 487 3857 mino.
529 3800 635 3857 Vel
684 3801 898 3859 aliter:
932 3820 1103 3875 pcena
1135 3822 1233 3862 eos
1282 3806 1492 3877 judicii
1544 3810 1949 3879 persequatur,

305 3893 371 3949 ut
400 3888 569 3961 quasi
603 3889 750 3947 furni
782 3892 1037 3948 tenuitas
1086 3894 1382 3966 deﬁciant,
1427 3900 1483 3951 et
1535 3904 1595 3950 ut
1644 3911 1774 3952 cera
1816 3900 1949 3953 ante

298 3976 455 4052 ignis
484 3978 694 4035 faciem
726 3979 1144 4052 dissolvantur,
1187 3982 1567 4055 epulantibus
1625 3985 1843 4041 sanctis
1888 3985 1947 4039 in

296 4066 636 4125 cwlestibus
668 4067 861 4125 bonis.
891 4092 912 4119 ι
944 4069 1222 4128 Exultant
1252 4072 1311 4128 in
1358 4076 1671 4146 conspectu
1720 4073 1845 4144 Dei,
1894 4078 1953 4130 et

297 4155 662 4213 delectentur
690 4156 751 4213 in
806 4157 1084 4215 laetitia.»
1118 4160 1368 4218 Grandis
1424 4163 1640 4219 fiducia
1684 4168 1793 4234 est,
1853 4181 1949 4220 ex-

302 4243 522 4303 sultare
568 4246 628 4302 in
687 4253 1001 4320 conspectu
1047 4249 1301 4307 Domini.
1373 4252 1536 4309 Sicut
1582 4253 1953 4326 dispensator

305 4334 588 4395 creditam
619 4335 731 4395 sibi
762 4354 797 4394 a
818 4337 1062 4395 Domino
1076 4340 1467 4397 substantiam
1493 4342 1542 4397 si
1567 4341 1717 4398 male
1738 4346 1952 4399 tracta-

306 4423 453 4479 verit
479 4427 535 4479 et
567 4424 903 4496 perdiderit,
936 4427 1104 4483 timet
1151 4428 1381 4485 Domini
1427 4431 1820 4502 praesentiam,
1872 4430 1954 4486 ita

308 4516 364 4568 et
393 4512 495 4585 qui
526 4514 675 4570 bene
704 4514 1153 4588 dispensaverit,
1183 4517 1403 4574 exultat
1433 4518 1490 4573 in
1534 4519 1765 4575 Domini
1813 4537 1951 4591 pra:-

2064 3370 2224 3433 sunt,
2247 3370 2305 3422 et
2334 3364 2557 3421 faciunt
2585 3365 2696 3421 sibi
2729 3382 2998 3422 amarum
3040 3370 3242 3422 Deum.
3270 3365 3396 3421 Non
3427 3368 3700 3420 naturam

2062 3473 2232 3512 suam
2261 3458 2511 3521 mutant,
2535 3456 2635 3510 sed
2662 3454 2773 3527 ipsi
2795 3454 2905 3511 sibi
2931 3458 3262 3526 peccatores
3291 3453 3512 3510 faciunt
3549 3470 3707 3509 ama-

2062 3562 2195 3601 rum
2222 3546 2426 3601 Deum.
2460 3567 2480 3593 ι
2507 3544 2613 3608 Qui
2637 3543 2981 3599 habitantia
3003 3543 3310 3615 sepulcris.
3339 3565 3366 3592 ››
3388 3542 3705 3615 Alligatum

2061 3634 2218 3689 intra
2241 3635 2484 3690 domum
2516 3650 2683 3689 suam
2717 3633 2940 3699 fortem,
2973 3631 3030 3687 id
3082 3635 3173 3688 est
3220 3630 3543 3699 diabolum,
3583 3631 3704 3703 qui,

2060 3722 2315 3795 peccatis
2344 3722 2519 3777 vincti
2579 3723 2948 3795 tenebantur,
2994 3720 3262 3788 absolvit,
3315 3724 3373 3776 et
3414 3719 3547 3777 illos
3581 3718 3705 3792 qui,

2060 3791 2234 3868 idolis
2264 3811 2464 3878 dediti,
2500 3810 2684 3867 Deum
2706 3791 3093 3876 irritaverant,
3126 3814 3183 3866 et
3210 3813 3490 3881 tanquam
3526 3809 3585 3864 in
3616 3825 3706 3865 se-

2062 3901 2285 3974 pulcris
2305 3900 2583 3972 jacebarit
2614 3900 2853 3967 mortui,
2910 3898 3213 3956 liberavit:
3250 3898 3404 3955 sicut
3450 3897 3593 3953 illud
3640 3898 3699 3952 in

2059 3978 2408 4063 Evangelia:
2444 3990 2535 4046 Var:
2560 3989 2724 4057 vobis,
2751 3990 2959 4045 Scriba?
2991 3997 3042 4044 et
3068 3990 3348 4045 Pharisaei
3374 4005 3390 4041 :
3442 3987 3706 4057 quoniam

2059 4081 2271 4136 similes
2305 4080 2436 4135 estis
2466 4080 2735 4151 sepulcris
2790 4078 3060 4134 dealbatis
3112 4077 3327 4147 (Matth.
3378 4092 3540 4143 xxm,
3588 4075 3703 4147 27).

2061 4169 2227 4226 Sicut
2255 4175 2496 4224 sanctus
2526 4166 2811 4240 templum
2844 4167 2941 4222 Dei
2976 4170 3083 4231 est,
3118 4165 3201 4220 sic
3233 4163 3568 4235 sepulcrum
3592 4163 3706 4220 sibi

2060 4258 2333 4316 efficitur.

2135 4370 2162 4397 ‹‹
2183 4351 2355 4412 Deus,
2380 4362 2514 4401 cum
2532 4343 2891 4417 egredereris
2916 4342 2975 4398 in
2998 4345 3313 4415 conspectu
3336 4340 3535 4414 populi
3548 4342 3655 4399 tui.
3676 4361 3704 4391 ι

2062 4436 2177 4491 Hoc
2192 4435 2516 4491 secundum
2543 4432 2872 4499 historiam,
2898 4434 3133 4504 quando
3156 4437 3309 4488 Deus
3330 4431 3711 4488 antecedebat

2062 4523 2346 4598 populum
2407 4540 2583 4578 suum
2639 4521 3035 4594 egredientem
3081 4522 3151 4576 de
3198 4525 3443 4594 zEgypto
3509 4520 3706 4590 (Exod.

309 4601 524 4659 sentia.
551 4626 580 4654 «
612 4603 885 4661 Exultent
914 4605 973 4663 in
1001 4610 1334 4679 conspectu
1386 4607 1505 4677 Dei,
1554 4612 1611 4664 et
1666 4609 1955 4665 delecten-
1987 4624 2033 4688 D
2063 4630 2178 4681 XIV,
2214 4613 2321 4684 19).
2352 4631 2379 4663 α
2409 4612 2554 4667 Cum
2585 4610 2971 4682 pertransires
2995 4610 3052 4665 in
3076 4611 3325 4666 deserto.
3351 4632 3378 4658 ››
3404 4609 3558 4663 Deus
3590 4624 3706 4664 non

310 4693 409 4746 tur
436 4689 497 4747 in
528 4690 758 4748 laetitia:
792 4710 908 4749 non
938 4693 1131 4751 solum
1179 4695 1252 4752 de
1298 4695 1573 4766 vindicta,
1624 4698 1725 4754 sed
1777 4698 1955 4753 etiam

311 4779 383 4837 de
413 4779 773 4838 beatitudine
795 4784 1170 4856 sempiterna.

388 4890 411 4919 ι
448 4868 689 4925 Cantate
746 4875 880 4939 Deo,
930 4871 1227 4945 psalmum
1275 4874 1449 4930 dicite
1500 4874 1725 4930 nomini
1785 4876 1950 4948 ejus:

313 4960 566 5026 Cantate,
594 4958 651 5014 in
683 4959 947 5018 theorica
992 4978 1226 5035 semper
1271 4962 1563 5035 signiﬁcat
1616 4964 1954 5037 Scriptura:

311 5046 425 5104 hoc
457 5052 572 5117 est,
608 5048 978 5107 considerare
1008 5052 1307 5124 mysteria,
1351 5055 1408 5107 et
1462 5069 1701 5110 sensum
1750 5054 1957 5112 divinae

316 5136 652 5210 Scriptum.
685 5137 935 5196 Psallere
966 5145 1162 5197 autem
1193 5141 1253 5197 in
1284 5142 1436 5199 bono
1466 5158 1638 5214 opere
1667 5143 1961 5217 signiﬁcat

317 5226 663 5299 Scriptura:
722 5228 881 5284 verbi
940 5230 1147 5303 gratia,
1205 5234 1270 5285 ut
1307 5231 1542 5288 auditus
1586 5250 1761 5289 suun:
1811 5250 1959 5305 opus

317 5319 574 5389 praestet.
607 5316 891 5375 Similiter
946 5323 1003 5374 et
1039 5335 1126 5387 os,
1185 5322 1243 5374 et
1284 5319 1456 5391 oculi,
1505 5325 1560 5376 ct
1614 5338 1848 5390 manus,
1906 5326 1963 5377 et

321 5406 521 5463 omnia
551 5408 835 5474 membra,
868 5408 917 5463 si
949 5407 1342 5475 consentiunt,
1400 5413 1457 5465 et
1503 5409 1584 5465 ita
1630 5411 1964 5483 percutiunt

314 5495 670 5567 psalterium
704 5497 762 5552 in
791 5497 1128 5553 virtutibus.
1163 5498 1445 5570 Largitori
1504 5499 1713 5556 laetitia:
1746 5501 1962 5574 sempi-

312 5589 504 5641 ternae
535 5587 725 5642 canite
750 5603 764 5641 :
797 5602 1051 5657 eumque
1078 5586 1319 5643 vocibus
1347 5588 1647 5646 honorate.
1676 5612 1704 5640 «
1733 5588 1847 5645 lter
1875 5590 1960 5645 fa-

322 5673 435 5732 cite
465 5674 517 5731 ei
548 5675 648 5748 qui
679 5675 942 5734 ascendit
963 5692 1140 5749 super
1186 5692 1459 5735 occasum
1485 5697 1497 5734 :
1531 5678 1816 5737 Dominus
1861 5696 1970 5764 no:

2065 4703 2413 4775 immoratur
2441 4700 2501 4755 in
2534 4701 2786 4767 deserto,
2817 4701 2917 4755 sed
2951 4699 3285 4771 pertransit.
3317 4699 3496 4754 Terra
3549 4700 3709 4753 mota

2065 4797 2175 4860 est,
2198 4790 2410 4848 etenim
2428 4789 2555 4846 θεειὶ
2605 4788 3038 4845 distillaverunt
3066 4806 3101 4844 a
3140 4787 3284 4843 facie
3312 4787 3415 4843 Dei
3461 4784 3640 4855 Sinai,
3674 4804 3708 4842 a

2069 4880 2213 4936 facie
2248 4881 2339 4936 Dei
2375 4879 2625 4935 Israel.»
2664 4902 2684 4928 α
2722 4877 2860 4934 ϐωΙὶ
2904 4876 3352 4933 distillaverunt.
3381 4899 3403 4926 ι»
3463 4876 3576 4932 hoc
3619 4879 3708 4932 est

2068 4969 2503 5038 manna(E.r-od.
2525 4985 2638 5037 xv1,
2670 4969 2778 5039 16).
2810 4966 2970 5023 Sinai
3011 4968 3428 5039 interpretatur
3482 4967 3711 5022 tentatio

2071 5061 2221 5133 Ergo
2251 5059 2405 5116 Deus
2434 5058 2491 5114 in
2515 5058 2600 5113 eis
2641 5057 2888 5123 habitat,
2949 5057 3050 5128 qui
3093 5059 3394 5112 tentantur
3437 5059 3497 5112 et
3545 5070 3715 5128 supe-

2071 5153 2223 5205 rant.
2260 5148 2320 5203 In
2356 5149 2440 5204 eis
2474 5151 2668 5203 autem
2700 5147 2800 5219 qui
2832 5146 2888 5201 in
2922 5145 3146 5201 deliciis
3175 5150 3332 5217 sunt,
3380 5162 3494 5201 non
3543 5145 3715 5202 inha-

2072 5237 2240 5292 bitat.
2269 5236 2545 5291 «Etenim
2568 5234 2695 5292 cceli
2722 5234 3198 5290 distillaverunta
3219 5234 3362 5290 facie
3405 5233 3503 5291 Dei
3532 5233 3715 5302 Sinai,

2072 5343 2106 5381 a
2135 5325 2281 5381 facie
2314 5326 2410 5381 Dei
2438 5325 2633 5381 Israel.
2668 5347 2695 5374 »
2728 5324 2917 5379 Unum
2953 5324 3092 5380 Novi
3132 5324 3475 5397 Veterisque
3517 5328 3715 5381 Testa-

2075 5414 2257 5471 menti
2288 5415 2381 5471 hic
2413 5415 2682 5488 designat
2712 5418 3025 5469 auctorem.
3061 5415 3206 5469 Nam
3230 5415 3329 5486 qui
3357 5432 3551 5470 coram
3572 5416 3716 5470 Isra-

2071 5503 2265 5560 elitico
2284 5503 2571 5576 pepuloin
2595 5505 2823 5559 deserto
2838 5503 3150 5576 praecessit,
3171 5503 3296 5575 ipse
3316 5503 3376 5559 in
3405 5502 3713 5576 Evangelia

2076 5593 2306 5648 deserta
2355 5593 2618 5666 gentium
2650 5592 2924 5648 visitavit.
2969 5597 3036 5647 Et.
3083 5610 3185 5665 per
3230 5609 3404 5664 quem
3465 5595 3606 5647 tunc
3652 5592 3712 5645 in

2030 5758 2037 5763 ί
2078 5682 2219 5738 Sina
2240 5681 2376 5740 huic
2405 5683 2767 5757 generationi
2798 5700 3015 5740 manna
3062 5682 3328 5739 deﬂuxit:
3378 5680 3505 5754 ipse
3550 5676 3715 5736 Chri-
