3976 6188
327 363 485 433 1075

1818 361 2237 430 APPENDIX.

3509 373 3619 437 1016

327 509 531 567 stianze
562 504 722 580 genti
756 504 1015 578 corporis
1046 503 1468 578 sanguinisque
1514 503 1606 561 sui
1641 520 1858 560 manna
1914 503 1973 558 in
2004 506 2060 568 Α
2090 503 2337 576 apostoli
2369 505 2632 563 dividum
2665 507 2724 563 in
2751 505 3021 563 Ecclesiis
3053 502 3252 580 spolia,
3291 521 3402 579 quas
3440 523 3624 583 accepe-

339 596 598 656 Ecclesia
629 596 1057 652 subministrat.

401 710 430 737 «
461 685 722 742 Pluviam
754 685 1142 741 voluntariam
1172 685 1532 757 segregabis,
1564 685 1739 752 Deus,
1793 685 1975 741 haere-

335 775 568 833 reditati
600 779 733 830 tua.
765 796 791 822 »
843 773 1314 829 Praedicationem
1366 778 1651 841 sanctam,
1702 791 1826 845 quae
1875 791 1978 845 per

332 864 627 938 apostolos
656 863 717 919 in
754 863 927 918 corda
947 862 1256 918 hominum
1280 863 1506 934 proﬂua
1526 863 1861 935 irrigatione
1884 865 1979 919 de-

340 954 584 1013 scendit.
618 953 723 1009 Vel
755 953 825 1008 de
854 952 979 1024 lege
1006 952 1165 1022 dicit,
1202 970 1328 1024 quae
1379 953 1513 1007 data
1543 957 1631 1007 est
1677 968 1779 1024 per
1818 954 1975 1022 Moy-

332 1062 458 1103 sen.
489 1067 509 1093 ι
546 1042 775 1099 Etenim
806 1042 1102 1097 infirmata
1157 1045 1263 1097 est.
1292 1065 1318 1090 »
1347 1041 1448 1096 Vel
1480 1058 1613 1097 eum
1644 1041 1859 1098 Paulus
1885 1043 1978 1113 ju-

334 1134 556 1190 dicium
609 1131 815 1186 mortis
866 1131 924 1185 in
985 1147 1045 1185 se
1103 1130 1344 1185 habuit:
1404 1130 1490 1186 vel
1561 1148 1695 1186 cum
1770 1136 1978 1187 Petrus

336 1222 648 1278 Dominum
681 1224 768 1276 ter
799 1220 1060 1292 negavit:
1095 1221 1212 1276 sive
1272 1238 1405 1275 cum
1438 1221 1649 1292 reliqui
1707 1220 1976 1292 apostoli,

336 1311 536 1369 relicto
585 1311 644 1364 in
698 1310 968 1382 passione
1015 1310 1279 1378 Domino,
1331 1311 1624 1382 fugerunt.
1686 1313 1982 1380 Inﬁrmata

337 1405 416 1457 est
443 1399 573 1455 lex:
609 1400 889 1472 quoniam
924 1415 1095 1454 nemo
1128 1399 1318 1470 potuit
1375 1398 1617 1470 implere
1663 1417 1813 1465 eam,
1868 1399 1980 1453 nisi

338 1490 625 1547 Dominus
658 1489 757 1560 qui
790 1487 969 1543 dixit:
1003 1489 1115 1543 Non
1152 1490 1275 1543 veni
1300 1487 1515 1543 solvere
1545 1489 1732 1559 legem,
1765 1488 1856 1543 sed
1884 1488 1982 1542 ad-

342 1580 571 1651 implere
599 1579 805 1650 (Matth.
839 1595 890 1644 v,
930 1578 1033 1643 17).
1097 1581 1162 1631 Et
1219 1577 1540 1632 secundum
1594 1576 1976 1648 Apostolum:

341 1666 882 1740 Impossibilitatem
906 1666 1062 1720 enim
1096 1665 1243 1737 legis
1275 1666 1335 1720 in
1395 1683 1510 1738 quo
1543 1667 1978 1730 inﬁrmabatur,

343 1757 499 1813 Deus
514 1755 725 1810 Filium
749 1771 924 1809 suum
947 1754 1128 1821 misit,
1153 1754 1373 1809 factum
1397 1772 1463 1810 ex
1481 1755 1746 1823 muliere,
1768 1756 1983 1810 factum

343 1844 458 1938 spb
487 1843 648 1916 lege:
685 1847 748 1898 ut
803 1859 902 1898 eos
950 1843 1048 1914 qui
1103 1844 1211 1897 sub
1272 1843 1396 1916 lege
1419 1848 1628 1938 ‘erant,
1677 1845 1988 1938 redimeret
2017 1874 2064 1938 B

345 1932 544 2006 (Galat.
578 1950 658 2000 1v,
716 1933 769 2003 4,
815 1933 890 2000 5).
918 1953 947 1982 ‹‹
992 1937 1074 1987 Tu
1122 1948 1256 2009 vero
1308 1933 1597 2006 perfecisti
1643 1951 1810 1989 eam:
1871 1935 1989 1990 ani-

345 2021 523 2078 malia
551 2025 653 2078 tua
688 2020 1030 2077 habilabunt
1061 2022 1118 2076 in
1142 2038 1228 2077 ea.
1258 2045 1286 2070 »
1320 2023 1684 2079 Resurrectio
1702 2023 1856 2078 enim
1887 2028 1990 2079 tua

344 2112 499 2184 quod
531 2111 824 2166 titubabat
851 2116 1137 2180 avertens,
1197 2112 1279 2166 ita
1322 2112 1473 2168 hanc
1520 2113 1988 2184 praedicationem

344 2203 415 2257 ad
447 2201 765 2273 perfectum
799 2199 963 2254 duxit
987 2216 1000 2253 :
1035 2204 1100 2255 ut
1130 2200 1189 2255 in
1212 2216 1278 2254 ea
1301 2205 1507 2271 gentes
1531 2218 1657 2273 quze
1683 2201 1846 2273 prius
1867 2207 1991 2257 tan-

345 2306 526 2362 quam
561 2287 986 2344 irrationabilia
1015 2288 1386 2344 habebantur
1417 2290 1714 2358 animalia,
1740 2308 1994 2346 commo-

345 2382 637 2434 rarentur.
673 2399 700 2426 ‹‹
736 2376 1027 2431 Animalia
1059 2381 1161 2431 tua
1216 2377 1567 2433 habitabunt
1614 2379 1670 2432 in
1721 2396 1847 2445 ea,»
1883 2380 1992 2434 hoc

347 2466 524 2522 estin
554 2464 910 2520 haereditate.
946 2464 1238 2520 Animalia
1288 2470 1483 2521 autem
1543 2467 1687 2521 dixit
1735 2484 1833 2522 eos
1891 2468 1992 2539 qui

348 2555 409 2609 in
445 2555 559 2609 Deo
587 2552 807 2614 vivunt.
841 2552 950 2608 hoc
980 2558 1068 2608 est
1098 2559 1352 2609 sanctos.
1404 2555 1503 2610 Vel
1563 2555 1756 2611 aliter:
1793 2579 1820 2606 «
1854 2555 1991 2610 Plu-

348 2642 502 2698 viam
535 2639 922 2697 voluntariam
955 2642 1310 2715 segregabis.
1330 2664 1358 2691 »
1384 2665 1412 2693 ‹‹
1443 2642 1702 2699 Pluviam
1735 2644 1994 2701 volunta-

347 2736 574 2800 riam,»
605 2734 706 2787 aut
734 2737 1040 2803 praecepta,
1097 2737 1198 2788 aut
1254 2749 1472 2788 manna
1517 2734 1798 2790 debemus
1843 2733 1990 2790 acci-

348 2838 504 2894 pere.
529 2843 558 2871 «
579 2821 652 2876 Et
685 2820 986 2875 infirmata
1015 2827 1138 2877 est:
1174 2825 1236 2876 tu
1269 2839 1402 2878 vero
1449 2823 1740 2894 perfecisti
1791 2841 1990 2879 eam.»

345 2911 478 2978 Lex,
515 2926 641 2980 quae
700 2925 803 2980 per
847 2910 1374 2982 transgressionem
1422 2911 1757 2966 Judzeorum
1806 2912 1993 2969 fuerat

348 2999 665 3065 inﬁrmata,
699 2997 996 3071 Evangelii
1025 2998 1212 3070 gratia
1240 3000 1507 3056 veniente
1537 3001 1826 3072 completa
1879 3008 1988 3058 est.

425 3111 446 3138 α
482 3087 704 3144 Parasti
735 3087 793 3142 in
838 3087 1146 3144 dulcedine
1190 3093 1293 3144 tua
1341 3089 1601 3162 pauperi,
1653 3091 1826 3146 Deus.
1878 3092 1991 3146 Do-

348 3177 550 3232 minus
571 3177 986 3232 dabitverbum
1002 3178 1368 3250 evangelizan
1379 3179 1536 3234 tibus
1549 3180 1760 3236 virtute
1774 3197 1826 3236 m
1838 3181 1990 3236 ulta»

2086 599 2223 648 runt
2254 596 2325 650 de
2357 595 2545 657 idolis.

2159 706 2186 732 «
2219 684 2275 739 Si
2310 685 2615 742 dormiatis
2647 687 2796 743 inter
2848 687 3068 742 medios
3127 685 3318 757 cleros,
3364 703 3527 758 penna
3558 706 3629 746 co-

2087 771 2298 828 lumbae
2321 776 2726 847 deargentatae,
2742 780 2799 831 et
2818 776 3136 847 posteriora
3157 776 3304 832 dorsi
3330 777 3440 847 ejus
3470 778 3515 831 in
3547 779 3626 849 pal-

2087 861 2208 917 lore
2241 864 2390 920 auri.
2415 887 2441 913 »
2473 865 2618 920 Cum
2665 865 2897 921 duobus
2944 864 3253 920 credideris
3304 868 3626 936 Testamentis,

2087 949 2346 1009 invenies
2366 954 2424 1008 in
2459 959 2708 1025 utroque
2738 954 3018 1026 Spiritum
3059 959 3335 1009 sanctum.
3366 958 3420 1008 Et
3454 953 3558 1009 licet
3576 955 3629 1010 sit

2090 1039 2460 1111 pulchritudo
2492 1043 2667 1099 etiam
2692 1045 2862 1116 juxta
2890 1042 3162 1110 lilteram,
3195 1041 3331 1098 scire
3359 1059 3465 1114 quae
3500 1042 3630 1114 leges,

2087 1135 2282 1186 tamen
2315 1133 2401 1186 vis
2449 1134 2676 1189 decoris
2730 1132 2924 1189 omnis
2974 1133 3032 1187 in
3079 1148 3250 1188 sensu
3300 1135 3394 1188 est.
3442 1133 3633 1187 Exterior

2089 1219 2284 1292 itaque
2311 1221 2616 1277 verborum
2674 1227 2915 1278 ornatus
2963 1223 3022 1276 in
3071 1220 3290 1294 argenti
3338 1220 3534 1275 nomine
3565 1221 3633 1275 de-

2092 1313 2488 1367 monstratur:
2518 1311 2837 1366 occultiora
2866 1327 2999 1366 vero
3030 1310 3301 1382 mysteria
3327 1309 3378 1364 in
3400 1309 3638 1364 reconditis

2092 1397 2216 1452 auri
2249 1399 2593 1455 muneribus
2637 1401 3033 1454 continentur.
3063 1422 3091 1449 «
3123 1399 3178 1452 Si
3227 1397 3496 1453 dormiatis
3535 1398 3642 1451 inter

2095 1487 2318 1542 medios
2349 1487 2554 1556 eleros,
2581 1511 2609 1537 »
2634 1489 2742 1544 hoc
2773 1494 2882 1559 est,
2919 1489 2968 1544 si
2998 1487 3306 1560 quiescatis
3325 1487 3456 1542 inter
3479 1486 3639 1542 Novum

2095 1579 2391 1647 Vetusque
2419 1579 2862 1633 Testamentum
2888 1593 2901 1632 :
2935 1576 3241 1632 invenietis
3269 1576 3325 1630 in
3353 1575 3543 1630 duobus
3564 1575 3641 1628 Te-

2096 1666 2403 1722 stamentis
2432 1667 2681 1739 gratiam
2712 1667 2966 1739 Spiritus
3008 1666 3218 1721 sancti.
3265 1664 3400 1721 Cleri
3441 1664 3644 1718 dicuntur

2097 1755 2314 1827 singuli
2349 1756 2480 1810 libri
2509 1774 2520 1810 :
2547 1757 2655 1813 hoc
2702 1762 2810 1824 est,
2841 1757 3106 1827 Genesis,
3139 1755 3374 1820 Exodns,
3417 1753 3636 1820 Judicum,

2095 1845 2424 1916 Evangelia,
2457 1847 2786 1918 Apostolus.
2811 1870 2839 1897 «
2875 1847 3080 1901 Pennze
3111 1843 3379 1900 columbae
3429 1843 3638 1912 deargen-

2097 1937 2248 1989 tatee.
2276 1957 2305 1982 »
2338 1937 2735 2007 Deargentatae,
2769 1935 2992 1991 clarum
3011 1935 3250 1990 verbum
3280 1933 3296 1967 ¹
3322 1931 3562 2003 significat
3580 1929 3638 1981 di-

2099 2023 2242 2078 vina:
2274 2024 2605 2095 Scripturae.
2631 2048 2659 2075 «
2693 2026 2761 2079 Et
2790 2024 3115 2096 posteriora
3143 2021 3290 2078 dorsi
3323 2021 3436 2092 ejus
3483 2019 3528 2073 in
3565 2017 3643 2089 pal-

2100 2113 2219 2168 lore
2249 2113 2451 2184 auri,»
2507 2113 2616 2168 hoc
2656 2118 2744 2169 est
2796 2114 2854 2168 in
2908 2111 3303 2176 interioribus,
3349 2105 3640 2180 spiritualiter

2102 2203 2378 2274 mysteria
2403 2202 2827 2274 intelliguntur.
2861 2202 2919 2256 Si
2952 2217 3142 2274 usque
3173 2200 3242 2256 ad
3283 2194 3639 2255 consummatio-

2104 2308 2236 2346 nem
2269 2292 2396 2346 vitae
2429 2291 2748 2363 praesentis,
2781 2308 2908 2362 quae
2941 2307 3097 2361 saepe
3145 2305 3379 2344 somnus
3419 2284 3639 2354 accipitur,

2100 2380 2253 2436 inter
2278 2381 2393 2436 duo
2423 2381 2815 2446 Testamenta,
2849 2380 2906 2434 id
2939 2385 3033 2434 est
3061 2379 3278 2434 Novum
3307 2375 3556 2445 Vetusque
3586 2374 3648 2424 Te-

2101 2473 2484 2535 stementum,
2519 2469 2873 2540 quiescatis;
2907 2467 3219 2524 invenietis
3248 2467 3303 2520 in
3333 2463 3416 2519 his
3441 2460 3644 2532 Spiritum

2101 2563 2394 2627 sanctum,
2428 2559 2596 2629 cujus
2628 2575 2830 2630 pennae
2861 2559 2920 2613 in
2955 2554 3418 2630 praedicatoribus
3445 2553 3643 2620 deargen-

2099 2651 2252 2713 tatas,
2312 2664 2414 2718 pro
2471 2647 2687 2719 eloquii
2744 2644 3190 2719 pulchritudine
3238 2641 3556 2715 respondent.
3605 2636 3643 2689 In

2101 2737 2423 2808 posteriora
2459 2753 2612 2806 vero,
2663 2753 2790 2807 qua)
2835 2734 3095 2807 scapula:
3142 2733 3417 2798 dicuntur,
3465 2745 3516 2784 eo
3541 2722 3644 2797 quod

2101 2829 2304 2897 pectus
2337 2825 2619 2896 operiant,
2653 2826 2816 2880 bonae
2849 2824 3222 2880 conscientia
3268 2823 3466 2876 fructus
3506 2820 3645 2871 osten-

2102 2914 2294 2971 ditur:
2328 2931 2454 2986 quae
2478 2918 2608 2986 post
2628 2917 2925 2986 peractum
2947 2911 3343 2985 Evangelium,
3366 2910 3418 2963 in
3441 2905 3540 2961 auri
3558 2916 3646 2973 spe-

2102 3003 2206 3071 cie,
2242 3003 2299 3058 id
2331 3007 2439 3074 est,
2475 3003 2533 3058 in
2564 3003 2783 3060 honore
2815 3002 2972 3075 regio
3001 3003 3439 3058 commutantur.

2177 3114 2204 3142 «
2235 3093 2385 3148 Dum
2419 3093 2708 3148 descernit
2739 3092 3017 3163 caelestis,
3054 3107 3216 3164 reges
3244 3105 3405 3161 super
3429 3099 3531 3141 eam
3565 3079 3650 3133 nive

2106 3181 2535 3237 dealbabuntur
2580 3181 2636 3236 in
2693 3180 2950 3236 Selmon.
2980 3202 3008 3229 »
3065 3182 3247 3253 Reges
3294 3176 3421 3233 dicit
3466 3173 3648 3231 sanctos,

346 3267 410 3322 In
434 3266 669 3321 Hebraeo
700 3259 876 3321 habet
903 3284 916 3322 :
955 3289 976 3316 α
1011 3243 1653 3340 Quaahvangelizantur,
1675 3293 1694 3317 ιι
1744 3269 1853 3325 hoc
1883 3275 1990 3338 est,
2033 3243 2076 3309 δ
2105 3271 2205 3342 qui
2240 3275 2566 3342 repugnant
2587 3271 2711 3326 suis
2743 3243 3267 3342 passionibusflsti
3295 3282 3416 3338 ergo
3439 3256 3583 3318 sancti
3597 3254 3652 3308 di-

348 3353 696 3410 mulieribus
729 3371 859 3426 quae
888 3355 1361 3428 evangelizabant
1390 3358 1672 3428 apostolis
1699 3375 1711 3413 :
1737 3359 1836 3413 ubi
1859 3360 1996 3414 dici-

349 3448 485 3499 tur:
521 3446 724 3500 Eunles
752 3445 921 3500 dicite
949 3446 1215 3516 fratribus
1262 3448 1420 3512 meis,
1454 3451 1509 3501 et
1539 3452 1746 3502 caatera
1775 3448 1991 3518 (Matth.

347 3550 544 3599 xxvm,
607 3532 716 3601 40).
779 3535 894 3586 Aut
939 3533 1167 3589 animas
1219 3533 1512 3607 signiﬁcat
1559 3551 1685 3606 quae
1740 3537 1995 3592 credide-

351 3624 492 3675 runt
515 3619 572 3674 in
604 3619 855 3675 Christo.
882 3621 1216 3677 Secundum
1255 3623 1640 3696 Septuaginta
1671 3629 1867 3680 autem
1900 3626 1992 3680 In-

345 3711 650 3778 terpretes,
674 3709 746 3762 ad
771 3709 1068 3779 apostolos
1090 3710 1304 3766 dicitur
1327 3730 1339 3767 :
1367 3712 1506 3782 quia
1529 3713 1813 3768 Dominus
1835 3715 1995 3770 dedit

346 3795 430 3850 eis
458 3794 733 3850 virtutem
765 3797 1117 3867 pradicandi
1142 3798 1537 3870 Evangelium.
1587 3805 1717 3856 Haec
1749 3801 1994 3859 dulcedo

349 3883 578 3956 pluvias,
615 3901 742 3956 qua:
778 3883 969 3940 mellis
1000 3901 1064 3940 ac
1097 3886 1206 3940 favi
1241 3904 1508 3958 saporem
1541 3889 1736 3956 vincit,
1771 3891 1826 3945 in
1851 3909 1994 3964 pau-

348 3973 611 4046 peribus,
648 3973 702 4028 id
731 3977 822 4029 est
851 3973 909 4028 in
943 3973 1164 4029 sanctis
1201 3974 1316 4040 Dei,
1351 3976 1612 4046 deﬂuxit,
1640 3995 1765 4050 quae
1797 3981 1869 4034 ab
1900 3997 1996 4036 ore

349 4061 777 4134 apostolorum,
799 4063 1045 4134 jubente
1075 4063 1212 4131 Deo,
1246 4081 1377 4120 cum
1404 4065 1590 4121 multa
1620 4067 1830 4124 virtute
1871 4087 1999 4140 pro-

361 4150 556 4206 cessit.

425 4262 453 4289 α
478 4241 594 4295 Rex
626 4241 908 4296 virtutum
944 4240 1140 4297 dilecti
1198 4241 1463 4300 dilecti.»
1505 4245 1761 4301 Virtutes
1803 4247 1996 4304 dilecti

355 4327 478 4396 Dei,
513 4328 570 4382 id
600 4332 689 4383 est
729 4329 962 4397 Christi,
1021 4331 1272 4403 apostoli
1323 4337 1479 4389 sunt.
1529 4335 1812 4392 Dominus
1861 4355 1996 4410 ergo

355 4417 457 4488 qui
481 4421 680 4473 estrsx
719 4418 1004 4474 virtutum
1027 4419 1249 4488 dilecti,
1289 4422 1452 4478 dabit
1468 4425 2000 4496 evangelizantibus

354 4506 628 4562 virtutem
663 4506 908 4563 multam
939 4509 997 4563 in
1031 4510 1433 4580 praedicando:
1467 4516 1551 4583 ut,
1585 4515 1849 4571 Ecclesia:
1896 4518 1996 4572 de-

2102 3359 2384 3414 viduntur
2437 3360 2495 3414 in
2539 3358 2832 3428 Ecclesiis,
2873 3357 3030 3412 sicut
3084 3355 3293 3413 Paulus
3338 3353 3390 3408 in
3433 3345 3648 3423 gentibus,

2105 3448 2307 3504 Petrus
2337 3449 2395 3503 in
2427 3446 2889 3504 circumcisione.
2923 3445 3189 3502 Caelestis
3236 3441 3504 3505 Dominus,
3536 3445 3649 3502 sepa-

2105 3543 2261 3595 ratos
2297 3538 2403 3593 hos
2451 3538 2524 3592 ab
2565 3535 2888 3592 idololatris
2936 3552 3088 3608 quos
3141 3531 3400 3606 superius
3451 3523 3650 3608 diximus,

2105 3626 2413 3682 constituit
2442 3625 2501 3680 iu
2531 3624 2691 3680 illius
2712 3625 2923 3680 domus
2954 3605 3380 3696 pulchritudine
3409 3605 3651 3696 reges.

2103 3718 2268 3788 prius
2300 3715 2427 3770 nive
2458 3713 2886 3770 dealbabuntur
2917 3693 2977 3767 in
3011 3711 3267 3769 Selmon.
3299 3713 3407 3764 Hoc
3431 3708 3506 3761 est
3540 3693 3645 3788 quod

2106 3781 2265 3876 dicit,
2299 3805 2431 3860 licet
2461 3803 2646 3859 sancti
2676 3801 2956 3870 sint;sed
3017 3807 3212 3857 tamen
3263 3798 3318 3854 in
3361 3796 3460 3851 isto
3503 3781 3650 3845 seculo

2106 3899 2244 3951 sunt
2265 3893 2432 3966 quasi
2455 3892 2738 3962 membra,
2758 3909 2826 3947 ex
2837 3895 2998 3963 parte
3021 3890 3436 3962 cognoscentes.
3463 3877 3649 3970 ἓθὶιξξοῐξν

2106 3963 2302 4040 umbra
2326 3983 2754 4054 interpretatur.
2788 3981 2931 4036 Cum
2964 3980 3144 4051 igitur
3176 3995 3270 4033 rex
3295 3969 3514 4061 caelestis
3539 3963 3650 4061 Chri-

2108 4081 2235 4130 stus
2262 4073 2318 4128 in
2341 4070 2601 4128 Ecclesia
2629 4086 2737 4125 sua
2767 4068 3004 4140 cmperit
3034 4065 3325 4140 apostolos
3360 4066 3412 4118 et
3438 4056 3653 4132 principes

2108 4161 2460 4218 constituere
2493 4164 2667 4230 atque
2698 4157 2990 4213 dividere:
3023 4174 3138 4212 non
3171 4154 3447 4211 habebunt
3487 4143 3653 4218 plenam

2107 4251 2319 4316 lucem,
2355 4249 2456 4304 sed
2491 4253 2713 4320 partem
2763 4246 3022 4318 aliquam
3075 4242 3349 4301 scientiae:
3397 4235 3514 4310 quia
3547 4239 3652 4320 nunt

2108 4358 2176 4395 ex
2232 4312 2394 4412 parte
2459 4312 2749 4403 videmus,
2807 4312 2878 4391 et—
2919 4352 2989 4390 ex
3044 4339 3205 4407 parte
3251 4312 3655 4404 prophetatum“

2110 4430 2230 4484 Cor.
2261 4446 2385 4498 xm,
2418 4428 2495 4498 9).

2185 4541 2204 4567 α
2241 4518 2405 4572 Mons
2451 4514 2570 4584 Dei,
2633 4530 2802 4570 mons
2851 4512 3118 4586 pinguis;
3158 4526 3321 4567 mons
3363 4498 3650 4586 maguum?”

356 4596 523 4652 victis
563 4596 854 4664 hostibus,
913 4577 1153 4667 Judaeis,
1206 4599 1327 4654 sive
1375 4577 1760 4673 daemonibus,
1814 4606 2001 4677 spolia
2030 4614 2077 4678 Π
2111 4623 2282 4663 mons
2303 4577 2600 4678 pinguis.»
2639 4603 2749 4660 lste
2777 4577 2868 4658 est
2887 4577 3056 4658 mons
3087 4577 3158 4657 ad
3190 4613 3354 4673 quem
3383 4596 3431 4650 et
3458 4591 3506 4645 in
3551 4577 3656 4678 lsaia

354 4685 700 4758 partiantur.
734 4685 1113 4742 Pulchritudo
1136 4687 1368 4754 domus,
1403 4689 1659 4748 Ecclesia
1677 4697 1767 4748 est
1790 4712 1802 4748 :
1827 4697 1997 4766 cujus

355 4774 541 4831 divisa
569 4774 904 4830 referuntur
927 4774 1144 4847 spolia:
1181 4776 1237 4830 id
1270 4782 1377 4847 est,
1412 4795 1545 4834 cum
1578 4781 1878 4839 credentes
1911 4785 1999 4839 di-

356 4863 463 4920 visi
495 4864 567 4919 ab
601 4863 794 4934 idolis,
819 4863 1078 4919 diversos
1112 4864 1570 4923 ministeriorum
1590 4871 1809 4942 gradus
1839 4872 1897 4927 in
1931 4889 1998 4928 ea

358 4951 548 5007 sortiti
581 4957 762 5009 sunt:
825 4953 1213 5009 distribuente
1264 4954 1390 5026 ipso
1433 4956 1642 5012 dilecto
1693 4960 1901 5029 Patris,
1947 4968 2003 5016 et

360 5046 702 5112 cooperante
776 5043 1084 5100 Paracleto.
1117 5065 1143 5096 α
1202 5045 1319 5099 Rex
1374 5047 1658 5102 virtutum
1727 5049 2001 5106 dilecti.»

361 5133 494 5196 Rex,
519 5135 721 5200 pater;
750 5134 1038 5201 virtutum,
1072 5134 1181 5189 hoc
1220 5139 1309 5190 est
1363 5139 1718 5194 sanctorum.
1782 5141 2000 5210 Dilecti,

362 5217 510 5273 Filii.
537 5223 669 5275 Ecce
687 5221 858 5276 Filius
895 5238 1048 5277 meus
1070 5223 1324 5289 dilectus,
1377 5228 1557 5296 ipsum
1577 5229 1761 5284 audite
1791 5231 2001 5296 (Matth.

363 5325 499 5378 xvu,
532 5309 607 5377 5).
634 5311 846 5364 Dilecti.
880 5312 937 5366 Si
972 5312 1107 5383 quis
1135 5312 1390 5384 aliquem
1425 5316 1634 5388 diligit,
1682 5335 1914 5392 semper
1942 5321 1999 5376 in

2111 4702 2167 4753 et
2196 4697 2252 4751 in
2286 4673 2547 4763 lilio-haee,
2579 4698 2644 4748 ut
2673 4692 3054 4748 ascendentes
3094 4691 3346 4762 pergant,
3377 4699 3431 4739 se
3471 4673 3654 4733 invicem

2109 4786 2486 4842 cohortantur
2515 4784 2646 4856 (Isa.
2679 4800 2739 4850 11,
2770 4785 2841 4849 2;
2891 4780 3048 4836 Mich.
3103 4796 3177 4844 1v,
3210 4778 3278 4847 1).
3328 4768 3470 4839 Quod
3513 4763 3654 4862 ante?

2111 4879 2218 4931 ait:
2246 4847 2602 4943 coagulatas:
2635 4847 2892 4944 Apostoli
2925 4868 3189 4942 congruit
3215 4862 3410 4929 verbis.
3463 4851 3545 4926 (Ιυί
3576 4847 3654 4944 aii:

2111 4969 2220 5020 Lac
2273 4931 2422 5018 vehis
2458 4965 2650 5034 potum
2687 4931 2844 5025 ‘dcdi,
2893 4975 3002 5014 non
3035 4931 3230 5012 "escam
3272 4953 3317 5025 (Ι
3363 4931 3659 5037 Cor._.1u,2l.

2110 5053 2213 5109 Vel
2262 5032 2586 5123 mons'qui
2639 5049 2696 5103 in
2755 5046 3046 5103 Ezechiele
3101 5043 3355 5100 vulnerat
3403 5032 3653 5123 principe?

2107 5107 2239 5216 Tyri
2295 5107 2520 5213 (Ezech:
2567 5155 2768 5207 xxvm,
2829 5138 2937 5210 16).
2999 5139 3249 5190 Montem
3320 5129 3494 5216 autem

2113 5203 2310 5305 ipsum
2356 5230 2690 5286 Dominum.
2750 5250 2777 5277 ‹‹
2827 5225 3042 5298 thuid
3089 5203 3656 5305 suspicamini-IIIEOFl-lfi‘I

2115 5282 2542 5392 ng-alato};
2720 5317 2789 5372 ad
2821 5282 3053 5370 Judazos
3097 5282 3252 5379 dicit,
3282 5305 3373 5378 qui
3397 5282 3656 5392 existimat!t

364 5413 461 5452 ore
516 5413 651 5452 eum
710 5398 899 5454 habet.
961 5401 1107 5472 Ergo
1166 5403 1416 5473 Spiritus
1466 5386 1705 5462 sanctus
1772 5386 2008 5480 propter
2119 5386 2353 5481 Movsen
2387 5412 2443 5464 et
2473 5406 2785 5479 prophetas
2815 5402 3034 5458 similes
3065 5417 3191 5456 esse
3220 5386 3488 5481 Salvatori:

365 5503 621 5541 amorem
654 5503 827 5558 quem
879 5488 1055 5544 habet
1103 5490 1158 5542 in
1217 5489 1449 5562 Filium,
1500 5495 1838 5567 frequenter
1879 5501 2007 5569 ejus

365 5575 652 5632 meminit.
681 5599 701 5625 ι
737 5580 804 5631 Et
834 5577 1271 5649 specieidomus
1303 5580 1556 5639 dividere
1593 5586 1799 5657 spolia.
1833 5611 1859 5637 »
1887 5588 2001 5661 Ipsi

2195 5473 2492 5552 «'Monsin-
2518 5473 2631 5568 quo
2663 5491 3016 5565 complacuit
3046 5493 3156 5545 Deo
3188 5483 3427 5568 habitare
3469 5473 3518 5526 in
3554 5476 3654 5568 ei:

2117 5593 2334 5644 Sensus
2366 5587 2474 5642 iste
2504 5555 2625 5642 est:
2657 5583 2783 5639 Non
2797 5555 3028 5638 debetis
3047 5575 3363 5635 existimare
3381 5565 3543 5640 plures
3564 5555 3654 5606 955°

437 5683 451 5717 ¹
483 5683 695 5742 Confer
721 5683 955 5754 Hieron,
988 5684 1049 5740 in
1072 5699 1196 5756 cap.
1220 5684 1279 5741 in
1309 5685 1472 5746 Isaize
1502 5695 1558 5747 et
1583 5692 1641 5747 in
1669 5711 1846 5751 serm.
1882 5698 1907 5751 1
1934 5699 1992 5752 et
2030 5694 2119 5754 10.
