3976 6188
265 330 426 421 1077

1437 334 1937 403 BBEVIARIUM
1980 334 2062 400 IN
2108 334 2493 400 PSALMOS.
2548 362 2551 363 ν

3518 337 3677 406 1018

265 465 559 529 Ecclesiae
587 482 716 544 qua:
747 467 1003 531 habeant
1029 472 1210 531 ubera
1237 473 1660 545 doctrinarum,
1693 479 1748 531 et
1788 492 1921 548 pos-
1951 473 2008 542 Α
2036 493 2291 541 carnem.
2323 480 2426 538 Vel
2458 480 2631 540 etiam
2656 482 2740 539 eis
2760 481 3117 542 ministravit
3161 484 3336 553 bona,
3381 482 3483 558 qui
3513 486 3683 545 erant

263 561 392 620 sint
420 561 723 619 credentes
754 561 1007 619 scientiae
1039 564 1185 620 lacte
1227 563 1470 619 nutrire.
1525 564 1648 620 Una
1697 568 1788 621 est
1819 565 1919 620 Ec-

265 649 469 719 clesia,
501 656 559 705 et
588 667 744 706 unus
770 650 1039 709 Christus
1069 670 1320 726 sponsus
1353 651 1638 709 Ecclesiae.
1673 654 1735 709 In
1759 652 1920 709 nullo

267 740 429 797 enim
463 737 946 797 alioinhabitabit
965 743 1190 815 jugiter
1213 743 1464 815 Spiritus
1511 747 1772 810 sanctus,
1807 742 1921 797 nisi

264 829 331 886 in
362 827 686 900 Salvatore,
711 829 937 887 Joanne
968 830 1195 888 dicente
1220 848 1233 886 :
1267 834 1331 888 In
1359 847 1519 905 quem
1565 832 1767 889 videris
1796 831 1920 903 Spi-

260 921 441 975 ritum
469 916 879 975 descendentem
909 924 962 976 et
990 925 1301 978 manentem
1331 924 1392 977 in
1422 938 1482 978 eo
1506 922 1682 994 (Joan.
1717 939 1757 992 1,
1788 921 1879 993 33)
1900 938 1921 983 ,-

264 1007 396 1079 ipse
427 1008 517 1061 est
542 1006 642 1077 qui
675 1007 906 1064 excisus
936 1008 1061 1065 sine
1094 1009 1387 1076 manibus,
1433 1010 1697 1083 implevit
1724 1009 1921 1065 latitu-

271 1094 473 1151 dinem
542 1094 733 1151 omnis
798 1100 1002 1154 terrea:
1061 1098 1119 1154 id
1177 1102 1267 1155 est
1322 1100 1693 1155 Dominicum
1731 1099 1927 1155 homi-

265 1200 404 1241 nem
425 1187 465 1239 ¹.
503 1205 532 1234 ‹‹
562 1184 791 1240 Etenim
824 1186 1108 1243 Dominus
1139 1187 1429 1243 habitabit
1476 1189 1533 1244 in
1568 1189 1765 1245 ﬁnem.
1803 1210 1829 1237 »
1860 1189 1922 1242 In

269 1288 533 1346 corpore,
567 1274 724 1345 quod
751 1277 975 1348 accepit
1004 1278 1076 1333 de
1124 1282 1329 1333 sancta
1373 1278 1571 1350 Maria,
1623 1278 1759 1351 quia
1786 1295 1921 1334 cum

268 1379 337 1419 eo
367 1367 456 1419 est
485 1366 718 1419 evectus
748 1364 806 1419 in
837 1365 1069 1422 coelum.

346 1474 373 1502 ‹‹
398 1454 616 1508 Currus
635 1452 738 1508 Dei
764 1454 964 1510 decem
985 1454 1246 1511 millibus
1269 1456 1594 1530 multiplex.
1635 1479 1656 1508 α
1702 1462 1921 1529 Hyper-

266 1539 454 1614 police
482 1538 624 1596 dicit
651 1541 1183 1600 administratorias
1214 1550 1528 1618 potestates
1573 1550 1629 1601 et
1665 1549 1918 1609 sanctos,

268 1628 409 1701 quia
439 1629 899 1687 innumerabiles
930 1637 1092 1704 sunt,
1144 1634 1299 1690 sicut
1350 1635 1495 1690 dixit
1554 1636 1611 1690 in
1643 1634 1875 1691 Daniele
1905 1652 1918 1690 :

264 1717 413 1773 Mille
440 1718 625 1773 millia
655 1721 1049 1778 ministrabant
1095 1724 1186 1779 illi
1212 1729 1266 1779 et
1315 1726 1491 1780 decies
1536 1729 1763 1781 centena
1790 1726 1919 1780 mil-

270 1807 354 1862 lia
409 1804 740 1863 assistebant
785 1812 843 1865 ei
896 1812 1056 1884 (Dan.
1115 1831 1216 1883 v11,
1278 1814 1387 1884 10).
1437 1813 1591 1869 Etin
1628 1813 1921 1869 Ezechiele

268 1896 639 1965 describitur,
676 1896 991 1956 Cherubim
1023 1907 1277 1973 quatuor
1303 1920 1652 1976 pennarum,
1679 1904 1734 1958 in
1770 1920 1918 1975 qua-

265 1986 403 2040 tuor
428 1985 661 2058 angulis
690 1986 905 2045 habere
935 1995 1190 2062 quatuor
1234 2009 1552 2064 personas;
1602 1992 1772 2062 cuius
1816 2009 1919 2047 au-

266 2071 395 2146 riga
424 2073 579 2130 Deus
612 2080 702 2131 est
731 2078 943 2149 (Επειδὴ.
996 2097 1037 2150 1,
1084 2082 1119 2134 6
1163 2083 1317 2152 seq.).
1376 2080 1692 2137 Cherubim
1723 2085 1919 2137 autem

263 2160 707 2235 interpretatur,
764 2187 792 2216 α
850 2168 1105 2224 scientiae
1159 2169 1482 2241 plenitudo.
1540 2192 1568 2219 υ
1623 2170 1922 2243 Significat

268 2254 468 2306 autem
499 2268 753 2323 persona
782 2253 986 2324 leonis,
1019 2257 1274 2329 regalem
1304 2276 1316 2313 :
1363 2258 1473 2314 hoc
1520 2264 1627 2330 est,
1678 2274 1921 2332 regnare

262 2338 646 2410 passionibus
670 2356 683 2396 :
709 2358 958 2414 persona
1010 2345 1291 2415 hominis,
1316 2347 1720 2403 rationabilem
1749 2366 1762 2416 ;
1799 2365 1921 2420 per-

268 2442 417 2481 sona
445 2426 634 2496 vituli,
668 2429 727 2485 in
759 2448 966 2504 opere:
1001 2450 1253 2506 persona
1308 2436 1513 2508 aquilae
1570 2438 1631 2492 in
1671 2441 1924 2492 contem-

268 2514 552 2587 platione,
587 2515 697 2574 hoc
724 2526 813 2575 est
842 2521 900 2577 in
932 2522 1177 2595 theoria,
1210 2541 1334 2596 quas
1358 2542 1465 2582 nos
1495 2527 1707 2582 exaltat
1734 2526 1795 2581 in
1816 2527 1925 2581 vir-

264 2602 518 2659 tutibus.
550 2606 739 2663 Simul
769 2615 964 2667 autem
1023 2617 1088 2667 ut
1146 2613 1447 2669 dicamus:
1508 2615 1779 2670 Thronus
1821 2615 1923 2671 Dei

267 2690 331 2746 in
360 2693 584 2749 sanctis
605 2700 716 2751 est.
744 2720 764 2746 α
795 2698 1002 2755 Decem
1038 2700 1299 2757 millibus
1330 2702 1654 2775 multiplex.
1684 2725 1712 2753 »
1740 2702 1925 2758 Multa

270 2779 430 2836 enim
454 2781 642 2839 millia
664 2801 945 2843 curruum
968 2789 1359 2860 saecularium,
1388 2791 1724 2847 devicerunt
1749 2808 1922 2847 evan-

270 2866 592 2941 gelizantes
623 2873 919 2932 Christum
965 2880 1025 2934 in
1076 2878 1348 2937 universo
1395 2882 1636 2936 mundo.
1679 2904 1705 2930 «
1739 2881 1925 2937 Millia

272 2956 920 3030 laetantium,Dominus
950 2966 1010 3022 in
1033 2967 1172 3024 illis.
1196 2989 1225 3019 ››
1252 2968 1574 3025 ministeria
1603 2970 1799 3025 divina
1829 2970 1924 3026 hic

273 3061 405 3103 esse
451 3046 694 3109 indicat.
734 3073 762 3105 «ι
797 3055 861 3109 In
912 3054 1094 3125 Sinai,
1144 3057 1206 3112 in
1255 3062 1477 3114 sancto.
1515 3081 1544 3109 »
1577 3059 1692 3113 Hoc
1719 3062 1828 3127 est,
1860 3060 1920 3114 in

267 3137 492 3194 sanctis
520 3143 612 3195 est
638 3146 793 3199 Deus
824 3146 1059 3216 quando
1087 3150 1408 3216 tentantur,
1458 3152 1513 3203 et
1560 3153 1690 3220 post
1738 3152 1921 3204 tenta-

2032 575 2158 631 sine
2187 591 2290 647 spe
2310 574 2463 646 quod
2488 574 2543 629 in
2566 573 2825 630 Ecclesia
2845 574 2972 645 ejus
3004 575 3330 632 inhabitare
3361 575 3607 649 possint.

2109 713 2131 742 α
2167 695 2510 751 Benedictus
2531 693 2815 750 Dominus
2846 693 2940 748 die
2985 692 3265 765 quotidie.
3304 715 3324 741 ι
3362 694 3468 759 Qui
3500 695 3675 765 profi-

2032 783 2127 850 cit,
2154 782 2411 855 quotidie
2458 787 2648 854 potest
2698 782 3040 838 benedicere
3087 781 3291 837 Deum.
3345 782 3491 845 Quid
3523 784 3681 841 enim

2031 873 2176 928 mihi
2206 874 2465 944 prodest,
2489 872 2537 927 si
2581 871 2707 927 heri
2753 870 3021 927 benedixi
3046 887 3059 925 :
3102 873 3158 926 et
3187 870 3361 926 hodie
3392 888 3508 926 non
3538 889 3681 944 pos-

2032 979 2165 1018 sum
2187 962 2527 1017 benedicere
2545 962 2572 1016 ?
2596 961 2661 1015 Et
2683 977 2784 1032 pro
2824 959 3225 1031 superioribus
3273 959 3593 1027 beneficiis,
3627 963 3684 1017 et

2032 1053 2183 1123 quod
2206 1068 2361 1107 nunc
2391 1050 2559 1107 nobis
2591 1052 2663 1106 ad
2695 1067 2757 1106 se
2784 1049 3053 1105 veniendi
3103 1049 3344 1122 planum
3394 1053 3682 1121 przeparat

2031 1142 2162 1207 iter,
2196 1141 2431 1197 assidue
2481 1144 2571 1195 est
2616 1140 3072 1195 benedicendus.
3106 1162 3134 1190 «
3166 1140 3516 1211 Prosperum
3563 1138 3677 1195 iter

2032 1231 2202 1286 faciet
2223 1230 2393 1285 nobis
2417 1234 2563 1285 Deus
2585 1228 2929 1285 salutarium
2965 1232 3321 1284 nostrorum.
3359 1250 3380 1277 ι
3426 1228 3573 1293 Quia
3602 1227 3675 1283 ab

2032 1320 2160 1392 ipso
2183 1319 2501 1388 salvamur,
2532 1340 2561 1368 «
2594 1318 2941 1389 Prosperum
2971 1318 3082 1372 iter
3112 1317 3283 1373 faciet
3323 1318 3491 1373 nobis
3521 1318 3679 1373 Deus

2033 1408 2378 1465 salutarium
2412 1411 2767 1473 nostrorum,
2805 1430 2831 1455 η
2877 1408 3132 1463 Securus
3181 1411 3326 1472 esto,
3372 1412 3682 1478 peccator:

2033 1497 2151 1554 noli
2173 1497 2441 1552 dubitare
2462 1497 2614 1567 quod
2639 1496 2897 1567 quotidie
2910 1496 3683 1568 possisbenedicereDeum.

2035 1588 2174 1642 Ecce
2232 1586 2387 1641 enim
2447 1584 2626 1640 dicit:
2658 1607 2686 1633 «
2720 1585 3068 1655 Prosperum
3125 1585 3238 1640 iter
3295 1586 3468 1641 faciet
3515 1586 3686 1644 nobis

2032 1681 2203 1731 Deus.
2237 1698 2265 1726 »
2298 1676 2447 1747 Ergo
2478 1679 2629 1730 Deus
2661 1675 2898 1743 adjuvat
2926 1692 3054 1740 nos,
3103 1679 3160 1730 et
3207 1679 3548 1746 cooperatur
3582 1693 3685 1732 no-

2031 1765 2143 1820 bis.
2174 1787 2203 1814 ‹‹
2239 1764 2594 1820 Salutarium
2627 1769 2983 1820 nostrorum.
3020 1785 3047 1811 υ
3080 1765 3234 1818 Bene
3263 1764 3409 1820 dixit
3438 1763 3681 1835 plurali-

1950 1850 1997 1915 B
2030 1859 2138 1921 ter,
2160 1855 2495 1909 salutarium
2519 1870 2532 1908 :
2558 1854 2711 1925 quod
2737 1856 2955 1924 quanta
2972 1857 3207 1924 peccata
3244 1852 3675 1921 commisimus,

2026 1946 2114 1999 tot
2142 1946 2199 1998 et
2237 1942 2457 1999 salutes
2502 1942 2809 1998 habemus.
2843 1943 3160 2013 Diapsalma
3211 1942 3271 1997 in
3302 1943 3542 1999 Hebraeo
3572 1942 3681 1999 ha-

2027 2033 2124 2088 bet
2151 2048 2280 2087 SELA
2337 2017 2535 2103 (n50):
2596 2031 2704 2086 hoc
2762 2036 2852 2086 est
2906 2047 3121 2102 semper
3167 2035 3225 2087 et
3244 2032 3479 2102 jugiter.
3525 2032 3675 2104 Ergo

2027 2120 2183 2176 Deus
2214 2136 2448 2192 semper
2475 2137 2582 2176 nos
2614 2121 2872 2190 adjuvat,

2104 2250 2130 2277 ‹‹
2166 2232 2316 2283 Deus
2348 2232 2563 2284 noster.
2593 2250 2619 2276 ››
2642 2227 2784 2292 Quia
2816 2230 3022 2297 praeter
3050 2227 3245 2297 ipsum
3278 2227 3460 2283 alium
3484 2227 3672 2284 nesci-

2030 2332 2184 2371 mus.
2200 2339 2227 2366 «
2243 2317 2397 2372 Deus
2414 2317 2605 2373 salvos
2622 2316 2894 2378 faciendi,
2913 2320 2971 2371 et
2991 2315 3215 2370 Domini
3235 2316 3465 2371 Domini
3486 2317 3676 2371 exitus

2032 2405 2302 2461 mortis.»
2325 2410 2539 2461 Prmsto
2570 2409 2659 2461 est
2689 2405 2845 2460 enim
2876 2408 2943 2459 ut
2988 2405 3179 2460 salvos
3224 2404 3400 2461 faciat
3429 2421 3677 2477 pereun-

2031 2499 2157 2549 tes:
2205 2495 2344 2565 quia
2390 2512 2492 2566 pro
2550 2493 2949 2567 redemptione
3007 2498 3208 2549 nostra
3255 2497 3428 2548 natus
3480 2495 3546 2549 Et
3574 2495 3677 2549 Do-

2031 2585 2176 2639 mini
2203 2586 2425 2640 Domini
2449 2587 2527 2639 est
2554 2586 2734 2639 exitus
2782 2587 3015 2638 mortis:
3074 2583 3213 2655 quia
3269 2582 3428 2654 prior
3470 2583 3679 2638 mortis

2032 2673 2251 2728 exitum
2311 2673 2602 2745 patefecit,
2664 2673 2888 2728 dicente
2964 2671 3276 2742 Apostolo:
3338 2674 3530 2726 Factus
3580 2675 3678 2742 est,

2032 2762 2244 2832 inquit,
2277 2764 2674 2833 primogenitus
2704 2772 3065 2831 mortuorum,
3100 2761 3378 2832 quoniam
3431 2760 3557 2831 ipse
3587 2777 3681 2816 re-

2034 2849 2284 2903 surrexit
2315 2866 2348 2903 a
2377 2850 2649 2919 mortuis,
2682 2854 2739 2903 ot
2797 2866 2903 2903 nos
2964 2848 3141 2903 simul
3197 2847 3334 2903 fecit
3378 2863 3681 2919 resurgere

2032 2936 2327 3008 (Coloss.1,
2365 2939 2468 2999 18;
2490 2940 2650 3010 Apoc.
2696 2957 2734 3003 ι,
2783 2938 2858 3006 5).
2911 2937 3119 2993 Aliter:
3172 2935 3451 2993 Diabolus
3482 2936 3682 2992 introi-

2030 3030 2127 3081 tus
2156 3030 2245 3082 est
2274 3027 2481 3082 mortis
2511 3046 2523 3082 :
2564 3027 2842 3082 Dominus
2870 3042 3003 3081 vero
3033 3025 3246 3081 educit.

2105 3165 2133 3192 «
2162 3142 2577 3198 Verumtamen
2608 3143 2763 3199 Deus
2810 3142 3136 3214 confringet
3181 3142 3375 3214 capita
3411 3141 3677 3197 inimico-

265 3224 490 3282 tionem
515 3231 785 3302 sequitur
809 3213 1112 3289 sanctitas.
1136 3213 1505 3307 Impossibile
1525 3213 1613 3292 est
1631 3236 1787 3292 enim
1812 3236 1917 3292 ali-
1949 3213 1991 3279 C
2031 3248 2161 3286 rum
2195 3249 2456 3287 suorum.
2481 3254 2509 3283 »
2543 3233 2628 3287 Ab
2676 3231 2928 3287 exitibus
2977 3213 3186 3288 mortis
3235 3247 3509 3303 egressus
3538 3248 3677 3286 con-

270 3328 475 3384 quem,
497 3315 633 3374 licet
652 3325 894 3377 sanctus
923 3323 1021 3392 sit,
1071 3324 1200 3379 sine
1233 3325 1552 3381 tentatione
1582 3326 1831 3382 transire
1862 3326 1921 3381 in

269 3400 383 3458 hoc
408 3407 640 3476 saeculo,
664 3412 985 3468 secundum
1007 3412 1115 3468 Job
1140 3430 1153 3468 :
1187 3414 1427 3471 Tentatio
1455 3423 1535 3470 est
1576 3417 1685 3471 vita
1745 3416 1923 3471 homi-

266 3492 362 3546 nis
389 3509 555 3566 super
583 3500 794 3555 terram
823 3502 958 3570 (Job.
991 3518 1090 3558 vn.
1123 3502 1201 3574 4).

351 3583 682 3643 Ascendisti
750 3588 813 3644 in
881 3590 1086 3658 altum,
1147 3591 1350 3664 cepisti
1420 3592 1833 3665 captivitatem.
1895 3617 1918 3647 ι

267 3676 602 3734 Ascendisti
622 3676 684 3732 in
701 3677 913 3735 caelos:
947 3681 1251 3752 captivasti
1272 3699 1398 3749 nos,
1446 3682 1546 3754 qui
1586 3684 1797 3755 captivi
1840 3689 1923 3739 te-

272 3766 567 3822 nebamur
596 3783 631 3822 a
659 3767 909 3824 diabolo.
930 3769 1035 3835 Qui
1065 3771 1361 3841 quondam
1394 3771 1454 3829 in
1485 3771 1640 3829 Sinai
1686 3773 1926 3828 descen-

271 3856 444 3927 dens,
468 3855 685 3929 populo
706 3855 890 3928 legem
915 3856 1235 3927 distribuit,
1268 3859 1394 3932 ipse
1422 3878 1580 3916 nunc
1609 3861 1670 3916 in
1702 3867 1924 3928 sancto,

272 3944 470 4011 idest,
501 3944 561 3999 in
612 3950 920 4017 assumpto
970 3946 1207 4003 homine
1254 3949 1348 4017 (de
1395 3965 1511 4021 quo
1568 3949 1812 4022 angelus
1853 3951 1926 4006 ad

274 4032 558 4091 Mariam:
592 4034 742 4103 Quod
788 4041 1045 4091 nascetur
1093 4052 1163 4092 ea;
1216 4043 1285 4102 te,
1344 4047 1591 4095 sanctam
1645 4041 1928 4095 vocabitur

270 4123 426 4195 (Luc.
458 4139 500 4189 ι,
533 4122 650 4192 35),
682 4123 962 4180 ccelorum
993 4125 1219 4181 excelsa
1250 4129 1671 4196 conscendens,
1693 4145 1792 4185 eos
1822 4129 1924 4200 qui

267 4211 332 4267 in
372 4210 704 4284 captivitate
735 4213 952 4270 diaboli
983 4215 1352 4285 tenebantur,
1387 4216 1671 4274 absolvit:
1696 4236 1761 4273 ac
1792 4222 1927 4288 post

269 4316 338 4356 se
367 4304 650 4372 tanquam
685 4303 944 4374 captivos
973 4304 1254 4361 deductos
1304 4309 1532 4362 aeternae
1581 4306 1711 4361 vitae
1756 4308 1924 4364 resti-

271 4387 408 4444 tuit.
441 4388 535 4445 Sic
564 4394 621 4446 et
681 4407 915 4447 carnem
975 4398 1364 4465 assumptam,
1423 4395 1591 4466 quasi
1631 4397 1921 4468 captivam

270 4476 462 4534 evexit
489 4479 561 4534 ad
595 4478 807 4535 sidera.
842 4501 871 4530 «
909 4481 1195 4554 Accepisti
1227 4484 1379 4539 dona
1405 4483 1464 4538 in
1497 4484 1857 4541 hominibus.
1893 4510 1915 4539 ι

2034 3321 2237 3393 fringit
2268 3321 2459 3392 capita
2489 3321 2726 3388 diaboli,
2777 3326 2833 3376 et
2889 3338 3093 3376 omnes
3148 3321 3392 3377 virtutes
3422 3322 3571 3392 ejus.
3605 3322 3679 3375 Tu

2033 3411 2357 3481 confregisti
2375 3412 2555 3481 capita
2573 3410 2825 3465 draconis
2868 3412 2927 3465 in
2960 3428 3103 3480 aqua
3132 3411 3303 3478 (Psal.
3336 3427 3532 3474 LXXIII,
3566 3409 3675 3476 12).

2034 3501 2184 3565 Quot
2248 3502 2485 3571 peccata
2550 3503 2707 3564 sunt,
2775 3503 2860 3553 tot
2921 3501 3113 3571 capita
3170 3498 3344 3554 habet
3389 3497 3679 3554 diabolus.

2036 3587 2404 3659 Principatus
2417 3593 2471 3642 et
2496 3592 2835 3659 potestates.
2864 3606 2990 3659 quae
3018 3592 3298 3658 tanquam
3320 3591 3496 3659 caput
3516 3604 3687 3643 cunc-

2036 3678 2115 3732 tis
2177 3677 2537 3741 eminebant,
2606 3677 2713 3732 hoc
2784 3683 2894 3747 est,
2962 3676 3282 3732 diabolicae
3334 3675 3684 3731 dominatio-

2038 3784 2161 3822 nes.
2191 3788 2218 3815 »
2251 3767 2542 3821 Verticem
2566 3765 2762 3837 capilli
2787 3765 3324 3837 perambulantium
3367 3765 3427 3819 in
3460 3764 3687 3820 delictis

2038 3851 2184 3911 auis.
2221 3876 2249 3904 »
2282 3855 2691 3910 Summitatem
2724 3854 3071 3910 cxtollentim
3114 3872 3315 3911 eorum
3369 3853 3467 3925 qui
3500 3853 3687 3924 poeni—

2036 3943 2280 3999 tentiam
2299 3942 2680 4014 negligentes,
2704 3944 3025 4013 perdurant
3054 3944 3109 3997 in
3145 3940 3418 4013 peccatis.
3464 3940 3527 3993 1n
3556 3944 3683 3995 tan-

2036 4037 2162 4088 tum
2198 4031 2351 4088 enim
2375 4031 2761 4104 confringitur
2780 4036 2954 4102 caput
2975 4033 3123 4100 ejus,
3148 4034 3212 4084 ut
3242 4045 3356 4083 non
3388 4030 3686 4083 remaneat

2034 4120 2091 4176 in
2123 4138 2188 4177 eo
2220 4120 2419 4191 aliqua
2447 4120 2633 4175 virtus
2691 4137 2807 4191 qua
2854 4117 3118 4174 stimulet
3148 4119 3474 4188 peccantes.
3508 4115 3681 4169 Sum-

2036 4226 2199 4263 mum
2233 4208 2463 4281 capitis,
2496 4207 2743 4279 capillus
2774 4212 2882 4273 est,
2916 4211 2973 4260 et
3021 4204 3238 4275 capilli,
3288 4206 3498 4258 vertex.
3532 4203 3679 4275 Ergo

2032 4297 2142 4352 hoc
2169 4297 2328 4364 dicit,
2354 4297 2508 4367 quod
2533 4313 2636 4351 nec
2659 4295 2969 4349 minimum
3002 4296 3301 4348 remaneat
3332 4292 3390 4347 in
3423 4290 3678 4361 diabolo,

2034 4387 2187 4458 quod
2220 4402 2333 4440 non
2368 4386 2687 4455 frangatur.

2105 4515 2131 4540 ‹‹
2171 4491 2321 4545 Dixit
2352 4491 2663 4545 Dominus:
2689 4490 2769 4544 Ex
2819 4490 3006 4544 Basan
3054 4492 3408 4556 convertam,
3443 4502 3683 4543 conver-

272 4567 427 4623 Bene
453 4567 619 4639 dixit,
650 4569 925 4640 accepisti.
978 4574 1026 4623 A
1078 4571 1245 4625 Patre
1291 4572 1550 4642 accepit;
1602 4574 1825 4645 accepit
1862 4580 1926 4629 ut
1958 4586 2005 4649 D
2038 4584 2155 4635 tam
2190 4580 2249 4634 in
2280 4580 2637 4651 profundum
2668 4578 2868 4633 maris.
2922 4579 2993 4633 Ut
3040 4578 3367 4649 intingatur
3415 4593 3516 4648 pes
3543 4580 3684 4630 tuus

269 4656 475 4721 homo,
507 4656 609 4712 dat
639 4662 706 4712 ut
736 4658 932 4726 Deus;
983 4663 1041 4714 et
1087 4660 1240 4730 quod
1294 4660 1537 4733 accepit,
1588 4660 1929 4719 hominibus

270 4743 520 4817 accepit,
544 4750 610 4801 ut
629 4746 745 4803 det.
769 4747 900 4819 Ipse
926 4746 1083 4803 enim
1104 4747 1317 4820 plenus
1350 4754 1458 4821 est,
1506 4753 1563 4806 et
1601 4750 1747 4806 nihil
1777 4751 1927 4807 indi-

268 4836 391 4905 get.
456 4832 625 4889 Dedit
681 4834 835 4890 dona
888 4834 1285 4907 spiritualium
1353 4838 1678 4909 gratiarum
1738 4839 1925 4895 homi-

272 4920 454 4978 nibus
480 4939 495 4999 :
522 4923 620 4994 qui
648 4939 752 4996 per
772 4924 946 4979 fidem
970 4925 1042 4980 ad
1066 4941 1200 4980 eum
1226 4926 1500 4999 deinceps
1532 4933 1923 4985 accesserunt.

342 5032 373 5062 ‹‹
406 4998 636 5068 Etenim
698 5030 816 5070 non
868 5014 1191 5085 credentes,
1241 4998 1569 5073 inhabitare
1609 5017 1925 5075 Dominum

271 5103 480 5156 Deum.
520 5120 541 5149 ι
584 5102 653 5157 Et
683 5102 776 5157 his
831 5102 1207 5160 hominibus:
1268 5104 1327 5160 id
1389 5110 1500 5174 cst,
1556 5122 1624 5161 ex
1652 5107 1924 5179 gentibus

269 5189 490 5263 populo
519 5189 769 5264 largitus
817 5196 907 5249 est
954 5192 1259 5250 Christus:
1313 5194 1410 5266 qui
1462 5212 1578 5251 non
1608 5197 1923 5253 credebant

268 5282 456 5335 Deum
485 5278 814 5337 inhabitare
845 5299 1016 5354 posse
1038 5282 1418 5339 mortalibus:
1444 5288 1500 5339 et
1529 5284 1638 5341 hos
1659 5284 1920 5355 salvasti,

268 5367 371 5440 qui
402 5386 518 5426 non
550 5370 866 5427 credebant
895 5372 1051 5443 quod
1082 5372 1360 5444 possibile
1409 5379 1497 5429 est
1543 5374 1726 5430 Deum
1760 5375 1922 5431 babi-

263 5459 393 5515 tare
437 5459 498 5515 in
550 5458 934 5517 hominibus:
976 5459 1093 5518 hoc
1135 5465 1226 5518 est
1270 5461 1622 5519 Salvatorem
1663 5464 1922 5537 accipere

2038 4670 2097 4724 in
2130 4669 2436 4742 sanguine,
2471 4668 2672 4740 lingua
2703 4686 2912 4724 canum
2948 4673 3181 4723 tuorum
3209 4684 3277 4722 ex
3326 4663 3581 4721 inimicis
3610 4665 3684 4720 ab

2038 4758 2187 4829 ipso,
2241 4779 2268 4807 ››
2320 4763 2529 4829 Basan,
2580 4758 2826 4828 confusio
2874 4759 3307 4828 interpretatur.
3358 4759 3437 4809 De
3478 4752 3686 4808 confu-

2037 4846 2199 4902 sione
2250 4846 2431 4918 igitur
2461 4864 2567 4902 nos
2614 4846 2895 4901 convertit
2938 4851 3107 4900 Deus.
3160 4845 3276 4899 Hoc
3306 4846 3502 4898 autem
3534 4841 3682 4909 ideo,

2037 4935 2176 5007 quia
2205 4952 2437 4991 crucem
2471 4935 2769 5002 sustinuit,
2804 4940 2860 4989 et
2884 4922 3004 5005 ‘pes
3052 4936 3179 5005 ejus
3212 4932 3446 5004 proprio
3479 4946 3683 4986 cruore

2034 5024 2427 5096 perfususest,
2452 5023 2842 5079 clamantibus
2866 5028 3070 5078 contra
3090 5039 3223 5078 eum
3253 5020 3475 5076 Judzeis
3504 5023 3680 5093 atque

2033 5114 2400 5169 dicentibus:
2435 5114 2723 5183 Cruci/igc,
2758 5112 3031 5183 crucifige,
3063 5128 3189 5166 eum
3222 5111 3401 5183 (Joan.
3451 5126 3566 5175 x1x,
3597 5108 3677 5178 6).

2031 5202 2138 5266 Qui
2189 5202 2371 5257 Judaei
2421 5201 2706 5257 stimulati
2758 5202 2993 5255 fuerunt
3040 5201 3111 5255 ab
3152 5199 3411 5255 inimicis
3439 5196 3675 5267 Christi,

2030 5291 2139 5346 hoc
2172 5296 2261 5347 est
2291 5310 2324 5346 a
2353 5291 2742 5353 daemonibus,
2776 5290 2846 5345 Ut
2877 5294 3069 5345 autem
3111 5290 3218 5344 hoc
3268 5292 3457 5344 totum
3489 5287 3673 5355 ﬁeret,

2029 5378 2219 5451 ipsius
2245 5379 2557 5435 Salvatoris
2589 5379 2859 5434 voluntas
2892 5378 3001 5433 fuit
3028 5378 3128 5450 qui
3161 5378 3281 5433 haec
3329 5393 3542 5451 passus
3586 5377 3676 5430 est

2032 5469 2177 5524 ﬁeri.
2212 5468 2314 5524 Vel
2347 5470 2417 5525 de
2471 5468 2811 5525 confusione
2865 5468 3043 5539 hujus
3095 5468 3289 5524 seaculi
3339 5470 3670 5524 convertam

345 5657 362 5691 ί
392 5656 539 5715 Vide
569 5673 695 5731 qua
724 5658 1104 5717 observamus
1132 5658 1205 5717 ad
1234 5658 1337 5718 lib.
1391 5661 1457 5719 de
1509 5660 1728 5735 Spiritu
1766 5666 1974 5737 sancto,
2004 5665 2146 5721 tom.
2182 5664 2251 5722 II.
