3976 6188
375 308 379 313 “
423 340 588 410 ams

1934 356 2357 422 APPENDIX‘.

3586 368 3695 435 l080

419 477 739 540 humanam
779 497 1001 557 genus:
1054 482 1164 541 hoc
1211 489 1301 543 est
1349 502 1451 560 per
1483 487 1825 561 passionum
1854 498 2070 561 meam,
2101 493 2157 560 Α
2188 515 2218 544 ‹‹
2249 493 2561 551 Dominum
2592 495 2663 554 de
2684 496 2941 555 fontibus
2971 492 3169 557 Israel.
3202 517 3227 545 υ
3258 494 3383 566 Quia
3404 497 3522 557 salus
3562 517 3616 558 ex
3633 506 3697 561 lu-

420 578 481 628 et
510 566 767 639 crucem,
800 568 928 645 quis
961 568 1059 630 isti
1093 579 1305 647 putant
1336 576 1647 634 stultitiam
1699 584 1756 635 et
1785 581 2078 638 confusio-

421 677 577 718 nem.
610 685 638 712 ‹‹
671 661 1014 718 Convertam
1066 664 1278 733 Basan,
1329 666 1610 739 populum
1660 685 1878 725 meum.
1933 674 2077 726 Con-

419 754 643 807 vertam
675 750 733 806 in
766 751 1121 823 profundum
1157 754 1362 821 maris,
1397 776 1424 803 ››
1458 755 1515 811 id
1562 764 1672 823 est,
1731 759 1803 814 de
1833 760 2077 830 profun-

421 839 515 896 dis
544 839 720 907 vitiis,
754 845 811 895 et
867 841 1117 913 peccatis
1175 844 1369 900 saeculi
1428 845 1643 903 istius:
1692 848 1764 902 de
1820 865 2078 905 commo-

422 928 602 994 tione,
632 932 690 984 et
723 929 1006 986 ﬂuctibus
1036 936 1372 988 convertam
1423 935 1705 1006 populum
1765 952 1981 992 meum.
2019 939 2083 994 Ut

423 1017 732 1089 inungatur
758 1034 855 1088 pes
886 1021 1014 1074 tuus
1039 1021 1100 1074 in
1128 1023 1419 1092 sanguine.
1443 1023 1741 1097 Quoniam
1759 1041 1861 1095 pes
1891 1026 2079 1097 ipsius

424 1104 710 1162 intinctus
740 1111 830 1164 est
859 1107 916 1162 in
953 1110 1240 1180 sanguine
1289 1128 1415 1167 suo.
1476 1113 1731 1168 Torcular
1757 1115 1966 1170 calcavi
1993 1131 2078 1172 so-

427 1195 977 1265 lus,eldegenlibus
1005 1199 1096 1253 vir
1153 1215 1260 1254 non
1317 1203 1432 1271 fuit
1487 1218 1701 1257 mecum
1756 1204 1880 1275 (Isa.
1922 1222 2078 1271 LXIII,

425 1282 505 1356 3).
538 1285 605 1339 Et
633 1284 843 1341 iterum
870 1304 883 1342 :
934 1286 1063 1355 Quis
1094 1297 1176 1344 est
1206 1291 1308 1344 iste
1336 1292 1436 1361 qui
1455 1291 1695 1347 ascendit
1744 1308 1815 1348 ex
1860 1292 2081 1350 Edam?

423 1373 641 1445 [uivida
667 1376 989 1431 vestimenta
1037 1379 1155 1448 ejus
1212 1394 1282 1434 ea:
1342 1381 1509 1435 Bosor
1560 1381 1719 1451 (Ibid.
1755 1382 1849 1453 l)?
1878 1385 2079 1454 Edom,

424 1460 843 1535 interpretatur
883 1468 1149 1537 sanguis:
1202 1468 1401 1539 Bosor,
1451 1484 1597 1527 caro.
1650 1472 1849 1543 Ipsum
1892 1472 2080 1528 Domi-

425 1568 570 1608 num
612 1558 878 1609 nostrum
936 1554 1231 1626 signiﬁcat
1279 1557 1642 1613 cruciﬁxum.
1676 1582 1697 1608 a
1734 1559 1958 1632 Lingua
1986 1558 2081 1617 c'a-

336 1628 341 1633 ’
424 1658 570 1701 num
589 1646 823 1697 tuorum
842 1659 910 1699 ex
934 1643 1189 1698 inimicis
1207 1646 1278 1700 ab
1315 1646 1464 1717 ipso.
1484 1668 1510 1696 ι)
1532 1646 1717 1704 Canes
1748 1649 1889 1704 dicit
1920 1650 2083 1718 ipsos

426 1730 684 1799 Judaeos,
721 1733 786 1784 ut
812 1731 1087 1801 superius
1117 1748 1129 1786 :
1165 1733 1261 1803 qui
1323 1733 1743 1808 clamaverunt,
1799 1739 2080 1810 cruciﬁge,

426 1818 682 1888 crucifige
710 1817 882 1874 talem
911 1837 924 1874 :
956 1836 1065 1875 non
1098 1821 1358 1878 habemus
1415 1840 1593 1896 regem
1649 1828 1766 1882 nisi
1813 1828 2081 1885 Caesarem

429 1905 605 1977 (Joan.
637 1923 751 1961 xxx.
786 1908 840 1974 6,
892 1909 1001 1977 15).
1052 1910 1135 1964 Ex
1184 1909 1441 1967 inimicis
1489 1917 1687 1970 autem
1736 1915 2020 1972 submissi
2049 1934 2083 1972 a

428 1994 796 2052 daemonibus
854 2012 1065 2068 negare
1121 1999 1503 2070 Salvatorem,
1562 2008 1619 2059 et
1674 2005 2083 2078 blasphemare

427 2100 584 2140 eum.
618 2084 834 2141 Aliter:
870 2087 1158 2152 Quoniam
1207 2090 1334 2161 ipse
1381 2095 1483 2147 tua
1532 2091 1829 2150 voluntate
1873 2095 2081 2151 venisti

427 2177 485 2230 et
513 2190 724 2245 passus
752 2191 852 2230 es:
883 2180 940 2231 et
989 2181 1093 2232 tua
1137 2177 1435 2235 voluntate
1484 2183 1796 2239 cruciﬁxus
1829 2200 1891 2240 es
1916 2202 1950 2240 a
1978 2184 2081 2240 Ju-

428 2262 590 2318 dseis.
624 2262 867 2320 Tinctus
898 2270 988 2321 est
1035 2266 1190 2321 enim
1243 2284 1345 2339 pes
1394 2269 1626 2325 Domini
1673 2272 1730 2328 in
1772 2274 2078 2346 sanguine,

426 2367 560 2407 cum
586 2368 721 2407 caro
743 2358 1051 2425 assumpta
1075 2354 1131 2409 in
1164 2372 1281 2427 qua
1312 2356 1587 2413 divinitas
1608 2360 1844 2428 latebat,
1880 2362 2080 2419 lancea

424 2441 785 2497 verberatur.
822 2443 909 2495 Ab
941 2443 1068 2514 ipso
1102 2443 1282 2515 igitur
1311 2447 1623 2518 sanguine,
1651 2454 1709 2504 et
1737 2466 1937 2505 eorum
1970 2452 2080 2507 lin-

424 2546 541 2603 gua
571 2527 758 2584 tincta
806 2533 914 2598 est,
968 2532 1068 2602 qui
1118 2532 1426 2590 dixerunt:
1462 2538 1544 2590 En
1582 2541 1811 2608 sanguis
1857 2542 1971 2612 ejus
1996 2558 2085 2598 su-

423 2635 523 2691 per
549 2634 669 2686 nos,
701 2622 754 2674 et
810 2635 977 2691 super
1032 2621 1177 2691 ﬁlios
1230 2626 1447 2680 noslros
1504 2626 1710 2694 (Matth.
1762 2646 1934 2696 χχχιι,
1965 2631 2078 2704 25).

424 2708 539 2764 Sed
570 2712 703 2780 post
742 2707 1066 2781 gloriosum
1119 2711 1428 2768 Dominicae
1480 2717 1842 2774 ascensionis
1871 2719 2081 2776 trium-

424 2795 633 2871 phum,
658 2795 882 2853 ultione
909 2798 1216 2856 Dominica
1244 2806 1301 2856 et
1331 2801 1591 2860 hostium
1623 2822 1725 2876 pes
1757 2807 1817 2861 in
1877 2824 2080 2865 eorum

427 2886 718 2960 sanguine
740 2886 964 2945 tinctus
985 2893 1074 2944 est
1098 2906 1110 2945 :
1137 2893 1194 2945 et
1213 2892 1426 2948 canina
1457 2893 1679 2951 scilicet
1707 2895 2081 2954 inimicorum

427 2974 621 3031 rabies
653 2976 725 3031 ab
754 2993 821 3032 eo
852 2981 940 3033 est
970 2978 1203 3037 satiata.

504 3085 533 3115 «
563 3063 851 3121 Viderunt
879 3066 1184 3138 ingressus
1217 3075 1369 3136 tuos,
1403 3072 1579 3138 Deus,
1632 3073 1937 3147 ingressus
1980 3078 2081 3134 Dei

428 3152 565 3223 mei,
593 3152 747 3225 regis
768 3154 881 3209 mei
923 3156 1023 3229 qui
1060 3163 1151 3213 est
1182 3158 1241 3213 in
1272 3165 1494 3217 sancto.
1531 3183 1554 3213 ι
1591 3163 1635 3218 Ο
1684 3181 1861 3236 quam
1893 3168 2081 3223 admi-

428 3239 690 3298 rabiliter
716 3241 776 3298 in
824 3243 935 3301 hoc
969 3246 1193 3317 psalmo
1243 3248 1422 3308 Vetus
1469 3246 1907 3310 Testamentum
1946 3274 2080 3313 cum

427 3330 878 3404 Evangeliorum
933 3336 1108 3392 dictis
1167 3340 1521 3396 concordat!
1568 3340 1707 3397 Visa
1758 3348 1897 3399 sunt
1923 3346 2080 3402 enim

426 3418 638 3476 itinera
657 3421 871 3478 Christi
906 3423 966 3479 in
991 3424 1263 3497 ingressu
1303 3428 1485 3484 maris
1525 3430 1707 3485 Rubri
1740 3434 1932 3502 (Exod.
1964 3451 2077 3504 x1v,

425 3508 517 3579 21)
542 3526 555 3563 :
589 3509 718 3565 visa
746 3515 885 3565 sunt
906 3518 963 3566 et
991 3513 1048 3567 in
1074 3515 1399 3587 Evangeliis
1425 3516 1613 3588 ipsius
1645 3521 1798 3593 regis
1857 3523 2078 3578 nostri:

428 3613 564 3652 cum
597 3597 656 3651 in
687 3603 890 3655 sancto
913 3600 1153 3658 homine
1176 3603 1460 3676 elevatus,
1502 3608 1663 3664 omlis
1701 3610 1966 3668 invectus
1994 3616 2083 3669 est

429 3683 580 3754 (Luc.
614 3702 766 3751 xxiv,
796 3688 904 3756 50;
938 3690 1055 3746 Act.
1086 3708 1128 3757 ι,
1153 3692 1230 3759 9).

502 3794 532 3822 ‹‹
562 3776 975 3833 Prmvenerunt
996 3780 1291 3852 principes
1313 3785 1610 3854 conjuncti
1658 3788 2040 3858 psallentibus
2064 3808 2078 3847 :

433 3860 493 3917 in
522 3862 715 3919 medio
745 3864 1192 3932 iuvencularum
1216 3873 1786 3944 tympanistriarum.
1812 3901 1839 3929 ››
1865 3879 1930 3934 Et
1955 3880 2082 3951 qui-

431 3950 566 4007 dem
599 3951 659 4008 in
691 3951 789 4009 illo
821 3955 1001 4012 maris
1030 3957 1286 4014 transitu
1319 3969 1722 4029 praevenerunt
1751 3950 2079 4039 principes:

426 4038 486 4094 id
521 4045 630 4111 est,
662 4042 829 4115 prius
859 4047 1076 4117 egressi
1129 4052 1268 4102 sunt
1317 4047 1404 4103 vel
1453 4049 1703 4124 Moyses,
1751 4053 1837 4109 vel
1877 4038 2086 4129 reliqui

429 4131 714 4200 seniores,
741 4136 799 4189 et
842 4135 1141 4205 conjuncti
1192 4144 1332 4194 sunt
1371 4140 1708 4211 juvenculis
1750 4144 1969 4202 caelesti
1998 4146 2088 4203 iti-

430 4235 589 4290 nere,
624 4243 652 4271 ι(
684 4222 1093 4280 Prmvenerunt
1121 4226 1440 4300 principes,
1475 4252 1497 4281 ι
1552 4231 1894 4303 angelorum
1926 4252 2088 4291 sanc—

433 4309 632 4362 torum
666 4308 915 4382 animas,
948 4313 1048 4384 qui
1081 4314 1287 4372 laudes
1320 4318 1549 4373 Domini
1582 4322 1930 4379 mortiﬁcato
1961 4342 2085 4380 cor-

430 4410 569 4466 pore
627 4397 1032 4468 concinebant,
1091 4403 1394 4461 dicentes:
1460 4408 1646 4464 Tollite
1689 4415 1876 4480 portas
1925 4415 2086 4484 prin-

428 4484 577 4554 cipes
609 4487 811 4541 vestras
867 4490 1042 4554 (Psal.
1101 4509 1268 4558 xxm,
1318 4495 1372 4565 7,
1430 4496 1527 4567 9):
1576 4498 1714 4568 quia
1756 4500 1884 4570 jam
1938 4501 2088 4557 redit

2186 583 2325 640 desis
2351 589 2431 640 est
2459 586 2630 652 (Joan.
2666 603 2742 656 1v,
2773 586 2908 657 22):
2939 590 2995 642 et
3025 586 3158 642 inde
3201 587 3624 658 prima'Ecclesia.
3645 594 3696 649 Ex

2188 672 2633 730 adumbratione
2662 676 2819 731 enim
2868 675 3033 747 legis,
3085 676 3334 731 Ecclesia
3377 677 3586 734 doctrina
3609 697 3697 753 pro-

2188 762 2403 818 cessit:
2438 763 2495 817 in
2529 778 2647 836 qua
2697 780 2852 820 nunc
2883 764 3186 830 Dominus,
3242 764 3330 836 qui
3376 780 3435 821 ex
3468 768 3697 825 Israelitica

2188 850 2392 923 stirpis
2424 852 2741 925 propagine
2770 868 3004 910 carnem
3036 854 3303 925 suscepit,
3329 854 3632 912 benedicitur.

2262 958 2751 1031 «lbi’Benjamin.
2787 981 2814 1009 »
2850 961 3060 1017 Paulus
3081 960 3384 1033 apostolus,
3428 962 3509 1033 qui
3534 979 3585 1018 ex
3604 965 3699 1021 tribu

2188 1045 2495 1117 Benjamin
2542 1050 2860 1105 descendit.
2907 1050 3020 1118 Ibi,
3073 1049 3134 1104 in
3162 1048 3416 1105 Ecclesia.
3440 1049 3702 1109 Adolescenta-

2190 1135 2294 1190 lus.
2328 1136 2693 1195 Novissimus
2725 1138 2988 1195 omnium
3015 1136 3413 1210 apostolorum.
3442 1162 3465 1190 «
3491 1140 3542 1195 In
3564 1143 3703 1200 mentis

2191 1241 2453 1281 excessu.
2490 1248 2518 1277 »
2549 1229 2731 1293 Quem
2764 1227 3003 1300 pertulit
3045 1227 3105 1282 in
3155 1228 3474 1284 Damascum
3505 1245 3605 1285 cum
3626 1231 3702 1286 iret

2262 1355 2290 1382 ‹‹
2324 1333 2624 1407 Principes
2662 1335 2817 1390 Juda
2865 1334 3045 1391 duces
3092 1350 3310 1390 eorum.
3341 1356 3367 1385 »
3397 1337 3601 1406 Apostoli
3622 1342 3702 1393 sunt

2192 1421 2485 1495 principes
2514 1424 2701 1479 Juda:
2734 1422 2844 1479 hoc
2897 1427 2987 1480 est
3034 1423 3287 1488 Domini,
3333 1424 3700 1495 quemadmodum

2193 1509 2333 1565 dicit
2359 1512 2536 1567 Jacob
2567 1529 2579 1566 :
2609 1512 2769 1584 Iuda,
2825 1521 2876 1569 te
2933 1512 3237 1568 laudabunt
3286 1514 3469 1582 fratres
3512 1514 3701 1583 laudm

2188 1616 2342 1669 xux,
2373 1602 2449 1672 8).
2512 1624 2542 1651 ‹‹
2574 1600 2855 1671 Zabulon,
2887 1606 2946 1658 et
2974 1601 3267 1674 principes
3296 1601 3587 1673 Nephtalim.
3613 1625 3628 1650 ι
3648 1602 3701 1657 Ζᾶο

2194 1686 2370 1743 bulon
2395 1689 2813 1762 interpretatur
2854 1692 3042 1761 ﬂuxus
3070 1696 3261 1746 noctis.
3309 1689 3597 1762 Nephtalim,
3629 1691 3703 1745 lati-

2194 1776 2343 1833 tudo.
2377 1778 2620 1844 Quando
2650 1778 2877 1834 liberati
2910 1779 3200 1834 fuerimus
3229 1779 3299 1834 de
3340 1778 3567 1851 passione
3584 1778 3704 1835 libidi-

2112 1865 2160 1930 B
2193 1867 2322 1923 nis:
2357 1866 2463 1922 hoc
2484 1868 2605 1937 'ést,
2637 1866 2799 1924 illius
2850 1872 3081 1927 ﬂuxus:
3131 1872 3270 1924 tunc
3299 1867 3567 1939 incipimus
3588 1866 3706 1922 latitu-

2191 1957 2357 2012 dines
2401 1955 2705 2012 virtutum.
2758 1955 2859 2013 Vel
2910 1956 3112 2013 aliter:
3152 1978 3173 2008 ι
3207 1956 3480 2028 Principes
3522 1954 3701 2019 Zabulon,

2191 2050 2248 2107 et
2277 2044 2570 2118 principes
2591 2044 2947 2119 Nephtalim.
2976 2067 3005 2095 »
3024 2046 3260 2102 Petrum
3289 2050 3343 2102 et
3367 2045 3600 2101 Andream
3618 2059 3703 2115 apt»

2189 2134 2473 2190 stolorum
2506 2134 2801 2208 principes
2831 2138 3157 2191 monstrat:
3193 2135 3291 2208 qui
3343 2132 3398 2189 in
3434 2131 3702 2188 crassitudine

2188 2224 2587 2289 tenebrarum,
2619 2223 2780 2280 illius
2836 2225 3031 2281 lucem
3091 2239 3356 2291 magnam
3386 2223 3698 2284 annuntiantes.

2189 2313 2454 2368 doctores
2512 2318 2652 2369 sunt
2723 2313 3025 2387 Evangelii
3081 2312 3559 2383 constituti,juxta
3588 2307 3699 2363 illud:

2195 2403 2363 2458 Terra
2388 2400 2658 2469 Zabulon,
2693 2406 2745 2457 et
2774 2405 2930 2457 terra.
2959 2402 3290 2475 Nephtalim,
3329 2402 3414 2456 via
3455 2400 3591 2455 maris
3609 2404 3699 2452 rana

2187 2490 2477 2547 Jordanem
2508 2489 2751 2548 Galilazse
2792 2493 3062 2561 gentium,
3102 2490 3328 2563 populus
3378 2490 3461 2561 qui
3501 2485 3701 2542 sabbatis

2191 2580 2446 2646 tenebris,
2478 2579 2622 2635 vidit
2648 2580 2821 2635 lucem
2849 2596 3113 2649 magnam
3146 2580 3276 2651 (Isa.
3308 2596 3379 2646 1x,
3411 2576 3536 2649 1,2).

2266 2685 2541 2751 «Munda,
2560 2690 2729 2752 Deus,
2747 2684 2949 2740 virtuti
2970 2690 3111 2742 tuae.
3138 2707 3166 2735 »
3206 2685 3417 2742 Christo
3442 2687 3539 2738 tuo.
3568 2677 3706 2735 (buli:-

2196 2790 2293 2830 ma
2317 2774 2448 2846 hoc,
2474 2778 2644 2845 Deus,
2671 2775 2826 2845 quod
2849 2779 3131 2847 operatus
3177 2791 3238 2831 es
3266 2774 3322 2830 in
3350 2772 3512 2829 nobis.
3538 2792 3560 2820 ι)
3582 2767 3632 2823 Ut
3647 2766 3707 2820 do-

2195 2880 2270 2920 nu
2280 2880 2335 2918 m
2351 2863 2631 2936 baptismi
2644 2865 2796 2936 quod
2814 2863 3336 2937 contulit,Spiritus
3348 2861 3507 2918 sancti
3517 2855 3709 2913 inlusione

2194 2954 2518 3009 conﬁrmet.
2547 2974 2575 3003 «
2608 2952 2900 3009 Conﬁrma
2933 2952 3068 3025 hoc,
3096 2955 3262 3023 Deus,
3294 2951 3435 3024 quod
3460 2950 3709 3022 cperatuses

2195 3043 2254 3099 in
2274 3042 2442 3099 nobis
2463 3060 2476 3111 ;
2501 3064 2529 3091 ››
2543 3042 2654 3098 hoc
2674 3046 2786 3111 est,
2809 3041 3069 3100 salutare
3087 3043 3241 3116 quod
3272 3038 3477 3098 donasti
3513 3034 3635 3092 nobis
3652 3045 3711 3102 pa

2196 3137 2360 3188 tuam
2415 3131 2750 3204 passionem
2810 3132 3117 3201 conﬁrma,
3174 3136 3232 3188 et
3254 3131 3325 3187 da
3353 3126 3600 3191 auxilium,
3622 3134 3708 3192 quo-

2112 3232 2156 3300 α
2196 3221 2356 3276 niam
2388 3220 2658 3277 homines
2688 3236 2917 3289 sumus,
2948 3224 3007 3276 et
3059 3238 3177 3278 non
3225 3232 3511 3294 possumus
3539 3208 3710 3300 incedere

2192 3312 2254 3366 in
2290 3309 2633 3377 virtutibus,
2692 3310 2744 3365 si
2809 3326 2926 3365 non
2985 3311 3188 3383 adepti
3244 3307 3500 3366 fuerimus
3522 3296 3707 3360 auxilium

2187 3405 2378 3457 tuum.

2263 3528 2291 3556 υ
2322 3509 2371 3559 Α
2400 3503 2618 3577 templo
2650 3508 2749 3559 tuo
2776 3505 2933 3585 quod
2965 3510 3058 3561 est
3086 3505 3145 3560 in
3173 3501 3501 3560 Jerusalem:
3527 3486 3707 3587 tibi

2189 3597 2322 3650 rent
2342 3608 2507 3666 reges
2532 3609 2796 3648 munera.
2823 3615 2852 3643 ››
2875 3579 3064 3665 Reges
3083 3594 3245 3664 dicit,
3268 3591 3362 3664 qui
3395 3586 3592 3661 regni!!!t
3621 3576 3708 3672 libif

2191 3682 2479 3753 metipsis,
2531 3682 2855 3738 secundum
2904 3683 3063 3753 quod
3094 3682 3366 3754 scriptum
3394 3681 3502 3734 est:
3529 3672 3709 3733 σθησιν

2191 3773 2257 3827 in
2283 3787 2456 3825 manu
2486 3771 2583 3826 Dei
2606 3770 2792 3842 (Prov.
2824 3787 2939 3841 xxx,
2994 3772 3072 3843 1).
3129 3770 3243 3843 Ipsi
3280 3768 3496 3825 offerent
3533 3765 3709 3843 Deum“-

2194 3876 2354 3915 nera.
2380 3838 2638 3915 Virtutes
2666 3838 3039 3926 sanctorum,
3064 3838 3307 3915 munera
3333 3858 3457 3912 sunt
3482 3848 3578 3906 Dei.
3608 3838 3673 3896 Vel
3690 3851 3709 3889 ⁸

2192 3947 2411 4020 templo
2434 3946 2533 4003 illo
2582 3946 2888 4019 corporali,
2923 3949 3081 4019 quod
3114 3949 3257 4003 bene
3285 3943 3499 4001 vivendo
3531 3934 3708 3993 sanciam

2191 4036 2477 4092 iecerunt.
2503 4037 2686 4108 Reges
2716 4035 2775 4090 in
2808 4036 3025 4108 quibus
3078 4039 3371 4109 peccatum
3413 4028 3539 4087 ultra
3560 4035 3641 4078 non
3660 4028 3711 4110 rt-

2194 4130 2355 4197 gnat,
2385 4126 2627 4181 oil‘erent
2652 4125 2712 4179 in
2767 4124 2986 4181 cmlesti
3040 4123 3379 4192 Jerusalem,
3431 4132 3536 4189 qus
3554 4112 3711 4206 saluari:

2197 4192 2533 4269 mitivorum
2565 4214 2840 4279 Ecclesia,
2872 4230 3120 4271 munera
3163 4213 3279 4286 regi
3322 4215 3538 4266 aeterno:
3570 4192 3712 4288 scllwf‘

2198 4302 2423 4374 seipsos
2440 4304 2749 4360 offerentes
2772 4303 3024 4360 hostiam
3047 4303 3259 4370 vivam,
3276 4300 3557 4374 placean
3579 4287 3657 4343 Deo
3675 4287 3709 4330 ιιι

2197 4396 2581 4464 conspectum
2614 4392 2877 4448 omnium
2907 4390 3267 4464 angelorum.

2268 4521 2296 4549 «
2330 4498 2571 4571 lncrepa
2599 4499 2817 4556 bestias
2872 4499 3103 4555 calami.
3137 4522 3159 4549 ι»
3195 4495 3381 4555 Bestia
3432 4476 3711 4571 celauit}?

427 4571 828 4645 triumphator
856 4576 1072 4633 inferni
1104 4581 1273 4650 (Psal.
1305 4565 1490 4654 χχιιι).
1532 4565 1666 4642 Ideo
1725 4565 1919 4645 autem
1953 4595 2165 4663 lym—‘D
2198 4604 2401 4643 mones
2434 4565 2591 4655 ﬁll-nt,
2626 4588 2847 4661 fragilis
2878 4589 3238 4661 inﬁrmaque
3287 4579 3510 4640 Vi’tmis'
3549 4565 3711 4663 vel”:

426 4664 837 4733 panistriarum
888 4667 1167 4737 quoniam
1214 4676 1513 4728 mortuum
1562 4679 1651 4730 est
1696 4693 1907 4747 corpus
1936 4678 2088 4750 ipso-

430 4766 563 4807 rum
594 4757 850 4824 peccato,
886 4755 956 4811 Et
1009 4756 1194 4813 Maria
1243 4776 1407 4816 soror
1453 4762 1634 4835 Moysi
1686 4768 1743 4820 et
1785 4767 1973 4840 Aaron
2007 4772 2086 4823 te-

430 4857 576 4899 nens
608 4847 957 4915 tympanum
990 4846 1049 4901 in
1098 4849 1302 4914 exodo,
1344 4853 1723 4910 antecedebat
1770 4855 2085 4926 psallentes

429 4935 487 4986 et
515 4931 784 4989 dicebat:
820 4933 1114 4991 Cantemus
1162 4938 1411 5005 Domino,
1455 4941 1697 5013 gloriose
1740 4945 1888 5000 enim
1917 4945 2085 5001 hono-

430 5019 674 5089 riﬁeatus
701 5030 778 5078 est
831 5024 1024 5094 (Exod.
1086 5041 1172 5081 xv.
1210 5028 1282 5097 1).
1346 5028 1564 5086 Aliter:
1600 5054 1628 5081 ‹‹
1679 5033 2084 5091 Prmvenerunt

426 5107 721 5181 principes
744 5112 938 5182 juncti
972 5113 1363 5187 psallentibus
1408 5118 1465 5173 in
1518 5121 1712 5177 medio
1736 5123 2080 5192 juvencula-

425 5211 557 5250 rum
611 5200 1183 5271 tympanistriarum.
1222 5228 1250 5254 »
1282 5207 1544 5277 Apostoli
1596 5225 1729 5266 cum
1783 5211 2079 5280 Ecclesiis,

416 5284 626 5355 juncto
652 5288 870 5359 pariter
896 5300 1323 5363 praecesserunt
1354 5297 1562 5368 gradu.
1606 5298 1758 5355 Bene
1804 5317 1903 5357 eos
1939 5319 2080 5372 prae-

425 5373 656 5430 venisse
690 5381 976 5436 testatur:
1010 5383 1149 5452 quia
1206 5384 1499 5463 principes
1554 5388 1689 5443 ﬁdei
1745 5389 1816 5445 de
1862 5390 2083 5446 Judaeis

426 5468 587 5518 sunt.

506 5572 535 5606 ιι
564 5552 628 5609 ΙΙΙ
677 5553 952 5613 Ecclesiis
1002 5558 1324 5617 benedicite
1372 5562 1709 5621 Dominum.
1749 5589 1769 5615 ιι
1816 5567 2088 5624 Manifes-

426 5640 551 5699 tius
574 5646 663 5701 est
679 5643 930 5719 locutus,
965 5664 1113 5720 quas
1160 5665 1339 5721 supra
1384 5651 1593 5710 dixerit
1619 5657 2081 5727 tympanistrias.

2198 4675 2360 4731 retici
2394 4680 2555 4745 sunt,
2578 4650 2685 4747 qui
2712 4650 2998 4748 iractant,
3048 4682 3105 4734 et
3146 4650 3400 4734 scribunt
3439 4667 3600 4724 contra
3621 4659 3656 4709 le
3673 4650 3710 4748 ξιτ

2196 4764 2489 4836 decipiant
2544 4782 2671 4821 nos.
2704 4765 2942 4838 Oportet
2998 4767 3152 4822 enim
3184 4769 3239 4821 et
3290 4763 3509 4818 hereses
3548 4759 3642 4841 888°.
3674 4749 3709 4841 ίξ

2195 4826 2383 4909 nobis.
2415 4855 2568 4910 Feras
2623 4826 2780 4911 enim
2842 4856 3120 4912 dicuntur
3170 4855 3240 4911 ab
3280 4869 3341 4909 eo
3390 4840 3521 4921 quod
3552 4826 3711 4921 οιρίυξί

2194 4942 2446 5009 animas,
2471 4947 2527 4997 et
2557 4942 2938 5000 interﬁciunt.
2993 4944 3095 5001 Vel
3150 4944 3370 5012 increpa
3410 4936 3537 4990 feras
3556 4912 3712 4980 υσυαλ·

2194 5031 2315 5088 nis:
2341 5032 2679 5088 Judaeorum
2713 5031 3032 5089 belluinam
3064 5029 3402 5106 superbiam.
3429 5046 3455 5074 «
3482 5016 3706 5106 Cong-“9'

2192 5120 2271 5176 tio
2304 5125 2607 5176 taurorum
2640 5123 2698 5177 in
2758 5123 2948 5178 vaccis
3001 5121 3354 5195 populorum.
3379 5136 3404 5165 »ι
3445 5097 3709 5195 11339313”?

2192 5209 2337 5265 ticos
2369 5210 2700 5282 signiﬁcat:
2735 5211 2875 5283 quia
2932 5187 3220 5268 neminem
3272 5202 3488 5280 possimt
3530 5187 3707 5283 ἷθ

2193 5298 2307 5353 ﬂigi
2340 5278 2754 5371 Sililpliciores,
2786 5304 2843 5356 et
2874 5317 3080 5373 parvos
3106 5318 3119 5356 :
3147 5299 3252 5354 hoc
3269 5298 3369 5364 est,
3396 5278 3706 5407 vaccam?

2342 5389 2439 5407 "‘*'
2476 5406 2497 5407 η
2612 5406 2619 5407 ί
2682 5390 2743 5407 ἠ
3270 5380 3490 5407 sum..."

2192 5404 2306 5443 res.
2342 5389 2571 5445 Tauros
2601 5390 2758 5445 enim
2792 5407 2907 5445 non
2967 5394 3212 5462 possunt
3262 5380 3506 5471 deciperis
3554 5365 3632 5471 hﬁc

2196 5493 2463 5548 magnos.
2499 5501 2527 5527 «
2557 5479 2629 5533 Ut
2657 5451 2986 5535 excludant.
3022 5495 3119 5536 eos
3150 5475 3243 5576 qui
3297 5451 3703 5585 prqbfﬁéﬁlb:

2193 5542 2388 5637 gen—to.
2430 5586 2458 5674 σιΙ
2483 5567 2553 5665 Et
2582 5573 2889 5674 propterea
2946 5542 3314 5674 simplicipres
3358 5542 3696 5674 ἐξ

2197 5634 2304 5722 est,
2337 5634 2805 5727 multitudinem,
2863 5660 2930 5714 ut
2985 5634 3215 5714 veniant
3260 5634 3615 5719 usqueld'm
