3976 6188
226 379 375 447 1081

226 608 404 663 duces
427 604 762 660 Judzsorum
803 622 816 660 :
849 604 948 676 qui
979 603 1439 676 persecutionem
1473 603 1528 657 in
1564 602 1874 658 Dominum

223 695 312 753 vel
341 696 400 750 in
433 697 668 750 sanctos
715 694 844 764 ejus
893 693 1237 760 intulerunt,
1290 692 1507 748 indicat
1541 710 1553 748 :
1588 696 1652 747 ut
1680 691 1822 747 illud
1861 709 1874 749 :

227 785 390 841 Tauri
430 787 666 856 pingues
713 783 1031 840 obsederunt
1091 799 1178 838 me
1238 783 1408 854 (Psat.
1464 800 1575 847 xxi,
1641 781 1746 851 13).
1812 781 1872 834 In

223 873 414 930 vaccis
456 889 589 928 vero
638 871 851 928 stultas
903 872 1098 945 populi
1148 873 1448 943 sequentis
1495 871 1723 926 animas
1773 870 1876 924 de-

224 965 533 1020 monstrat.
568 961 731 1025 Quod
767 961 847 1017 ibi
878 960 1226 1026 ostenditur,
1260 977 1394 1016 cum
1424 977 1630 1016 vaccas
1669 975 1875 1014 aureas

222 1052 284 1108 in
337 1050 603 1107 Samaria
653 1052 761 1106 sub
813 1051 1123 1107 Jeroboam
1175 1051 1432 1106 adoravit
1474 1051 1566 1121 (III
1613 1052 1740 1119 Reg.
1772 1064 1873 1117 xu,

222 1142 335 1213 28).
372 1145 517 1212 Ergo
547 1140 856 1197 consilium
883 1156 1084 1196 eorum
1114 1142 1268 1212 quod
1291 1140 1509 1195 habent
1548 1144 1610 1194 ut
1641 1142 1876 1194 sanctos

225 1232 296 1286 de
328 1229 418 1284 via
440 1228 685 1300 justitiaa
719 1229 1020 1284 retrabant
1054 1248 1066 1286 :
1103 1229 1161 1284 in
1193 1246 1392 1284 eorum
1443 1227 1753 1284 animabus
1787 1243 1875 1281 re-

224 1319 506 1391 quiescat,
541 1319 712 1389 juxta
757 1317 902 1372 illud
940 1333 952 1372 :
990 1317 1218 1373 Gladius
1264 1334 1451 1374 eorum
1502 1320 1668 1372 intret
1699 1317 1760 1370 in
1787 1331 1880 1370 cor

226 1409 476 1480 ipsorum
506 1408 677 1479 (Psal.
712 1425 902 1473 xxxxx,
938 1408 1048 1478 15),
1083 1413 1144 1462 ut
1175 1407 1232 1462 hi
1267 1425 1381 1463 non
1413 1406 1800 1463 excludantur
1846 1421 1880 1460 a

225 1514 408 1569 regno
438 1497 562 1564 Dei,
600 1497 699 1569 qui
734 1513 836 1569 per
869 1497 1086 1553 multas
1142 1496 1548 1553 tribulationes
1596 1500 1876 1566 tanquam

225 1590 536 1658 argentum
571 1587 820 1658 probati,
877 1586 1090 1642 inventi
1141 1590 1279 1642 sunt
1318 1587 1486 1656 justi.
1521 1585 1660 1642 Tale
1691 1584 1878 1639 consi-

220 1674 370 1730 lium
423 1676 776 1748 prazvidebat
823 1676 1003 1732 Jacob
1053 1693 1188 1731 cum
1241 1676 1503 1731 diceret:
1537 1679 1600 1730 In
1650 1674 1876 1729 consilio

222 1781 418 1821 eorum
449 1781 560 1820 nou
591 1766 827 1822 introeat
856 1768 1053 1823 anima
1084 1781 1201 1822 mea
1233 1766 1390 1837 (Gen.
1427 1782 1575 1833 xux,
1605 1764 1681 1835 6).

305 1896 334 1924 ‹‹
365 1873 598 1945 Dissipa
626 1878 831 1945 gentes
863 1891 990 1946 quas
1022 1873 1174 1930 bella
1222 1873 1446 1929 volunt.
1482 1894 1509 1923 »
1545 1871 1875 1940 Haereticos,
1911 1885 1958 1948 Β

216 1962 311 2018 vel
341 1962 595 2028 Judmos,
629 1963 729 2034 qui
761 1963 1110 2035 plerumque
1149 1967 1350 2018 contra
1398 1960 1714 2017 Ecclesiam
1755 1976 1877 2014 cer-

219 2052 448 2108 tamina
470 2053 983 2124 parant.«Venient
1010 2051 1186 2124 legati
1208 2068 1275 2106 ex
1293 2054 1527 2122 [Egypto
1553 2065 1565 2103 :
1590 2047 1879 2119 Ethiopia

216 2141 538 2215 praeveniet
570 2157 780 2196 manus
813 2143 943 2212 ejus
973 2141 1108 2195 Deo.
1146 2162 1172 2188 ι)
1208 2140 1272 2193 In
1302 2137 1784 2194 tribulationibus
1814 2152 1880 2191 ac

218 2229 528 2285 erroribus
557 2228 896 2284 idololatria
931 2229 1125 2300 positi,
1162 2227 1248 2284 vel
1298 2228 1399 2299 qui
1447 2227 1697 2298 peccatis
1728 2225 1879 2296 nigri

219 2319 353 2373 sive
383 2316 674 2373 tenebrosi
705 2326 839 2373 sunt
875 2334 887 2372 :
923 2317 1221 2372 credentes
1270 2317 1425 2388 quod
1474 2315 1741 2371 Christus
1774 2319 1881 2368 Do-

221 2407 431 2462 minus
460 2406 585 2477 ipse
615 2410 704 2461 est
732 2407 888 2462 Deus
919 2405 1100 2460 Filius
1121 2405 1251 2473 Dei;
1283 2406 1535 2460 offerunt
1585 2403 1636 2459 ei
1684 2419 1884 2458 mune-

220 2511 316 2563 ra,
350 2494 408 2549 id
440 2500 530 2550 est
559 2499 784 2550 mentes
816 2511 1018 2566 puras,
1067 2511 1209 2550 auro
1257 2499 1612 2567 argentoque
1636 2491 1881 2547 lucidio-

226 2599 357 2650 res;
409 2583 548 2655 quia
593 2583 690 2639 ubi
744 2584 1045 2639 abundavit
1087 2586 1390 2656 peccatum,
1421 2581 1884 2654 superabundavit

221 2674 417 2742 gratia
445 2674 617 2744 (Rom.
652 2692 704 2744 v,
736 2674 849 2744 20).
1133 2659 1146 2671 ’

306 2803 333 2829 ‹‹
370 2780 570 2850 Regna
608 2785 798 2848 terrae,
834 2784 1061 2836 cantate
1114 2781 1224 2834 Deo
1275 2779 1503 2850 psallite
1550 2779 1811 2836 Domino.
1855 2801 1883 2827 »

221 2869 342 2924 Vos
375 2869 575 2940 utique
607 2869 707 2939 qui
742 2869 906 2941 prius
935 2873 1233 2924 terrenum
1287 2884 1532 2940 regnum
1577 2867 1884 2938 diligentes

222 2958 595 3030 ignorabatis
625 2962 808 3014 Deum
840 2973 853 3011 :
887 2974 1044 3013 nunc
1074 2955 1255 3013 evicto
1286 2955 1505 3012 carnali
1534 2956 1732 3026 livore,
1766 2975 1882 3013 cce-

220 3046 407 3104 lestia
437 3063 617 3120 regna
645 3046 980 3118 penetratis.

305 3177 333 3202 «
369 3153 606 3210 Psallite
641 3155 754 3210 Deo
785 3152 885 3224 qui
919 3153 1184 3208 ascendit
1213 3169 1389 3225 super
1413 3151 1589 3209 oculos
1635 3152 1762 3208 coeli
1813 3154 1884 3208 ad

221 3242 536 3300 orientem.
573 3265 600 3292 »
634 3241 722 3298 Illi
756 3243 958 3314 utique
989 3242 1089 3313 qui
1112 3242 1406 3313 quondam
1436 3241 1642 3297 mortis
1671 3258 1882 3297 occasu
1911 3255 1955 3322 α
2161 3241 2527 3340 ξξξέῐέξιξᾶξ

222 3332 572 3388 ascenderat
620 3332 679 3386 in
728 3347 983 3401 crucem,
1037 3330 1300 3387 invectus
1355 3335 1446 3387 est
1501 3347 1660 3386 nunc
1705 3347 1881 3403 super

221 3420 444 3487 sidera,
505 3420 802 3491 victorque
859 3420 1066 3475 mortis
1136 3420 1349 3475 residet
1414 3419 1724 3490 gloriosus.
1792 3421 1880 3475 Ad

223 3509 513 3565 orientem
543 3512 741 3564 autem
774 3524 961 3580 usque
989 3524 1002 3562 :
1038 3507 1157 3564 sive
1187 3508 1328 3579 quia
1381 3508 1506 3579 ipse
1553 3509 1758 3564 Oriens
1806 3509 1883 3565 sit

227 3597 429 3653 dictus
465 3615 477 3652 :
513 3596 630 3652 sive
662 3596 802 3669 quia
830 3612 933 3668 per
963 3613 1098 3652 eum
1129 3614 1334 3652 omnes
1365 3598 1632 3652 oriantur
1677 3599 1749 3652 ad
1797 3598 1880 3653 vi-

225 3691 375 3743 tam.

305 3817 334 3844 «
366 3797 507 3849 Ecce
539 3792 702 3848 dabit
733 3793 852 3849 voci
885 3809 1005 3848 suae
1034 3808 1231 3849 vocem
1276 3792 1510 3849 virtutis
1541 3811 1678 3850 suae.
1711 3817 1738 3844 »
1771 3795 1882 3850 Vo-

229 3883 287 3938 ci
319 3883 546 3938 Domini
577 3886 718 3937 tunc
748 3881 982 3938 dabitur
1009 3898 1117 3937 vox
1141 3882 1532 3953 virtutis,cum
1565 3884 1720 3954 quod
1745 3901 1886 3956 prae-

227 3971 376 4044 cipit
414 3971 671 4027 efficitur
703 3987 715 4025 :
747 3987 923 4043 quam
977 3970 1190 4026 mortui
1242 3988 1376 4026 cum
1427 3972 1739 4039 audierint,
1795 3990 1883 4028 re-

227 4065 498 4133 surgent.
529 4084 557 4110 ‹‹
591 4063 728 4116 Date
763 4059 1012 4133 gloriam
1055 4060 1169 4115 Deo
1199 4077 1378 4132 super
1408 4061 1603 4116 Israel.
1639 4084 1667 4110 ››
1699 4062 1885 4136 Magis

226 4154 414 4206 Deum
447 4165 624 4221 quam
657 4149 948 4205 carnalem
983 4149 1157 4206 Israel
1190 4150 1489 4205 honorate.
1524 4151 1733 4208 Aliter:
1758 4153 1884 4208 Non

223 4238 422 4306 labiis,
456 4243 522 4294 ut
551 4239 748 4307 Israel,
782 4240 879 4296 sed
916 4240 1086 4296 corde
1117 4239 1398 4296 honorate
1429 4245 1632 4295 Deum.

305 4369 332 4396 «
367 4345 796 4418 Magniﬁcentia
825 4346 977 4417 ejus,
1009 4350 1064 4401 et
1091 4346 1276 4402 virtus
1307 4348 1434 4417 ejus
1463 4347 1522 4402 in
1556 4347 1831 4404 nubibus.
1857 4372 1883 4398 ››

233 4436 296 4492 [ιι
325 4435 604 4508 apostolis
635 4438 691 4490 et
723 4434 1040 4507 prophetis.
1074 4435 1237 4490 Unde
1268 4435 1408 4490 dicit
1439 4454 1450 4490 :
1486 4436 1736 4492 Mandant
1776 4455 1884 4492 nu-

234 4526 392 4581 bibus
421 4527 576 4597 meis,
606 4528 669 4580 ut
691 4526 894 4597 pluant
939 4539 1101 4596 super
1147 4526 1318 4580 Israel
1368 4526 1601 4580 imbrem
1650 4527 1777 4597 (lsa.
1827 4545 1882 4595 ν,

226 4615 309 4686 6).

307 4727 334 4753 «
368 4701 651 4760 Mirabilis
677 4703 832 4759 Deus
861 4701 919 4758 in
953 4702 1173 4758 sanctis
1222 4702 1366 4758 suis.
1411 4725 1439 4752 ››
1473 4703 1534 4758 In
1565 4703 1675 4759 hoc
1707 4703 1882 4759 mira-

230 4792 372 4850 bilis
401 4797 489 4849 est
520 4797 671 4848 Deus
705 4810 717 4844 :
753 4791 1032 4864 quoniam
1064 4791 1142 4846 ita
1171 4791 1370 4848 dilexit
1399 4791 1724 4848 humanum
1785 4809 1882 4866 ge-

233 4899 371 4948 nus,
403 4886 468 4938 ut
498 4882 667 4955 signa
699 4881 873 4939 faciat
901 4881 960 4936 in
992 4881 1211 4937 sanctis
1244 4881 1388 4937 suis.
1424 4882 1486 4936 In
1516 4881 1646 4938 istis
1696 4883 1884 4956 magis

232 4969 528 5028 mirabilis
558 4974 647 5028 est
673 4971 826 5028 Deus
860 4988 1038 5044 quam
1069 4971 1128 5026 in
1160 4972 1384 5027 caeteris
1413 4972 1883 5043 creaturis,quod

225 5078 334 5118 eos
359 5065 493 5134 post
518 5060 736 5117 multas
761 5059 1171 5117 tribulationes
1219 5059 1403 5116 evexit
1448 5060 1507 5115 in
1552 5060 1882 5118 sublimita-

234 5155 355 5207 tem
389 5149 684 5207 ccelorum.
719 5170 748 5201 «
780 5149 934 5206 Deus
965 5149 1144 5206 Israel
1174 5149 1299 5223 ipse
1330 5149 1494 5206 dabit
1522 5150 1798 5206 virtutem
1831 5156 1888 5208 et

232 5239 636 5296 fortitudinem
669 5239 821 5312 plebi
854 5257 994 5297 suae.
1031 5263 1058 5289 ››
1087 5241 1168 5295 Ad
1203 5240 1535 5296 tolerandas
1582 5241 1888 5312 passiones

239 5328 594 5400 mundanas,
622 5328 710 5384 vel
741 5327 1078 5399 spirituales
1126 5327 1438 5400 nequitias.
1475 5351 1502 5378 «
1536 5328 1887 5385 Benedictus

237 5417 415 5472 Deus.
453 5441 480 5464 ››
511 5416 620 5484 Qui
648 5433 755 5472 nos
787 5433 820 5471 a
851 5421 1038 5472 morte
1083 5417 1144 5472 in
1192 5418 1395 5484 vitam,
1439 5435 1473 5472 a
1517 5419 1886 5489 corrUptione

235 5505 295 5560 in
329 5505 822 5578 incorruptionem
874 5505 1173 5562 demutare
1217 5507 1510 5580 dignetur,
1556 5512 1619 5561 ut
1667 5507 1888 5562 sanctis

235 5596 364 5666 ejus
395 5595 704 5668 participes
736 5594 893 5663 facti,
928 5595 1299 5668 sempiternis
1345 5595 1406 5652 in
1454 5612 1586 5652 eum
1655 5595 1888 5668 gaudiis

239 5683 621 5743 exsultemus.
652 5686 858 5742 Amen.

1397 371 1899 442 BREVIARIUM
1943 371 2022 435 IN
2068 370 2450 435 PSALMOS.

223 519 280 575 et
307 511 622 572 excludant
652 529 750 571 eos
781 513 851 570 de
883 529 1059 586 regno
1088 511 1388 568 calorum.
1420 511 1522 570 Vel
1553 512 1612 567 in
1663 512 1869 582 tauris,
1902 508 1956 574 Α

1918 4629 1964 4692 D
1995 4620 2271 4692 passione
2317 4635 2448 4673 mea
2500 4635 2512 4674 :

2513 500 2837 560 PSALMUS
2877 500 3116 558 LXVIII.

1983 578 2043 633 In
2072 576 2237 644 ﬁnem
2263 591 2362 648 pro
2410 577 2500 632 his
2533 577 2643 648 gqui
2691 574 3196 648 committebantur,
3230 574 3484 648 Psatmus
3525 573 3636 644 ipsi

2055 644 2393 704 Davidflste
2425 644 2688 719 psalmus
2719 648 2789 701 de
2824 645 3092 718 passione
3123 644 3334 719 Christi
3362 650 3549 719 sonat,
3573 649 3632 701 et

2057 737 2126 775 ex
2154 737 2403 792 persona
2426 717 2849 792 _membro_rum
2900 733 3142 792 suorum
3177 732 3190 771 :
3223 717 3356 792 li_cet
3387 717 3627 792 quidam

2056 792 2116 847 in
2147 787 2212 847 eo
2245 795 2451 862 puteut
2491 791 2539 846 ei
2588 790 2831 845 minime
2874 787 3198 862 convenire,
3245 789 3352 862 Pro
3401 787 3632 862 his_qui

2055 858 2560 920 commutabantur.
2594 859 2985 918 Commutavit
3031 876 3093 914 se
3139 858 3408 912 Christus
3443 875 3457 912 :
3491 859 3631 914 dum

2058 935 2299 1006 aequalis
2329 933 2481 988 Patri
2512 937 2654 996 erat,
2690 929 3129 1006 formam__servi
3173 928 3483 1006 accipiens.
3528 928 3632 1006 γει

2059 999 2165 1062 ιιοέ
2196 1011 2629 1061 commutamur
2658 1006 2729 1059 de
2760 1002 3101 1058 inﬁdelitate
3129 1001 3198 1056 ad
3231 999 3406 1055 fidem
3433 1017 3446 1054 :
3472 1000 3632 1069 quia,

2012 1138 2018 1143 ,
2059 1083 2123 1132 ut
2154 1077 2432 1143 diximus,
2467 1077 2576 1132 iste
2607 1075 2883 1148 psalmus,
2902 1089 3098 1148 vocem
3141 1072 3398 1127 continet
3444 1070 3638 1126 Domi-

2060 1149 2173 1204 nici
2207 1149 2464 1204 hominis
2496 1145 2786 1204 venientis
2818 1147 2888 1202 ad
2922 1145 3277 1217 passionem.

2061 1237 2356 1293 «Salvum
2405 1254 2498 1292 me
2548 1237 2656 1304 fac,
2713 1237 2912 1291 Deus:
2949 1232 3226 1305 quoniam
3273 1231 3636 1286 intraverunt

1989 1343 2152 1398 aquae
2187 1343 2371 1397 usque
2401 1327 2471 1380 ad
2505 1325 2763 1380 animam
2798 1340 3007 1379 meam.
3049 1346 3069 1370 ι
3108 1321 3343 1378 Salvere
3371 1337 3499 1376 eam
3531 1319 3637 1374 Pa-

1987 1415 2497 1483 trem,secundum
2530 1413 2892 1468 inﬁrmitatis
2922 1411 3312 1468 conditionem
3346 1407 3634 1480 postulat:

1988 1504 2268 1575 quoniam
2291 1504 2528 1574 quidem
2563 1507 2760 1558 motus
2789 1500 2990 1577 populi
3021 1499 3310 1556 saevientis
3341 1499 3640 1554 irruerunt

1987 1593 2045 1648 in
2077 1611 2232 1649 eum.

2062 1704 2089 1732 «
2122 1683 2342 1738 Inﬁxus
2387 1699 2519 1738 sum
2570 1681 2629 1737 in
2678 1680 2820 1736 limo
2857 1679 3150 1753 profundi.
3186 1701 3214 1728 ››
3245 1680 3307 1733 In
3345 1675 3640 1732 veteribus

1989 1772 2242 1843 peccatis
2272 1771 2452 1843 hujus
2482 1770 2705 1844 populi.
2743 1794 2770 1822 «
2807 1773 2873 1826 Et
2905 1787 3021 1826 non
3071 1773 3160 1825 est
3207 1765 3559 1824 substantia.
3612 1787 3639 1813 η

1989 1860 2097 1916 Per
2125 1877 2302 1931 quam
2335 1861 2539 1916 exinde
2570 1861 2810 1916 evadam
2845 1878 2858 1916 ε
2893 1860 3007 1916 nisi
3039 1863 3101 1914 tu
3131 1857 3338 1914 salves.

2067 1969 2087 1997 ι
2120 1949 2264 2005 Veni
2313 1949 2374 2004 in
2407 1949 2779 2005 altitudinem
2837 1949 3037 2004 maris.
3092 1971 3119 1996 ››
3169 1948 3232 2002 In
3282 1944 3639 2018 profundum

1994 2037 2191 2093 seaculi
2223 2037 2414 2093 istius.
2453 2060 2474 2087 ι
2510 2039 2579 2093 Et
2609 2042 2929 2110 tempestas
2959 2035 3239 2092 demersit
3267 2051 3381 2101 me,
3430 2055 3459 2082 »
3509 2048 3640 2104 pro-

1989 2126 2134 2184 cella
2160 2127 2517 2183 Judaaorum.

2062 2240 2089 2266 ‹‹
2143 2215 2418 2271 Laboravi
2467 2214 2775 2271 clamans:
2810 2230 2996 2270 raucae
3046 2213 3206 2268 factae
3254 2216 3393 2268 sunt
3441 2212 3637 2266 fauces

1992 2323 2152 2362 meae.
2179 2330 2200 2357 ι
2235 2305 2392 2360 Licet
2423 2322 2456 2360 a
2486 2303 2888 2376 peccatoribus
2921 2306 3199 2375 urgeatur
3230 2320 3242 2357 :
3279 2300 3532 2358 clamare
3557 2303 3643 2355 ta-

1991 2412 2126 2450 men
2158 2392 2439 2450 salutaria
2471 2398 2756 2466 praecepta
2802 2409 2916 2448 non
2964 2391 3199 2448 desinit.
3233 2414 3260 2441 «
3294 2389 3644 2447 Defecerunt

1991 2483 2144 2540 oculi
2178 2483 2312 2550 mei,
2340 2484 2484 2538 dum
2518 2498 2686 2554 spero
2715 2482 2774 2537 in
2809 2487 2991 2537 Deum
3018 2497 3274 2536 meum.»
3306 2480 3641 2536 Secundum

1991 2571 2455 2628 imbecillitatem
2489 2570 2704 2639 carnis,
2735 2569 2988 2642 speravit
3030 2574 3095 2626 ut
3138 2570 3293 2625 abeo
3336 2567 3485 2625 calix
3531 2567 3643 2623 iste

1991 2661 2297 2729 transiret;
2333 2661 2432 2717 sed
2467 2661 2793 2717 secundum
2825 2659 3188 2716 divinitatem
3234 2657 3498 2731 implevit
3543 2672 3640 2712 vo-

1990 2750 2276 2806 luntatem
2308 2749 2516 2805 Patris.

2064 2863 2092 2890 «
2124 2838 2493 2910 Multiplicati
2543 2842 2684 2894 sunt
2732 2853 2907 2910 super
2955 2835 3196 2908 capillos
3244 2834 3449 2907 capitis
3499 2833 3636 2900 mei,

1993 2928 2092 3002 qui
2123 2929 2373 2984 oderunt
2403 2944 2495 2983 me
2524 2926 2726 2999 gratis.
2759 2947 2788 2976 »
2823 2948 2849 2975 ‹‹
2884 2924 3202 2981 Confortati
3251 2928 3408 2992 sunt,
3463 2946 3485 2971 ι
3525 2925 3636 2977 etc.

1992 3017 2125 3073 Ideo
2158 3034 2334 3088 super
2362 3015 2603 3088 capillos
2635 3015 2843 3088 capitis
2883 3014 3018 3083 mei,
3053 3013 3525 3086 multiplicantur
3552 3014 3639 3066 at-

1995 3123 2107 3179 que
2137 3107 2541 3162 confortantur
2573 3121 2585 3160 :
2621 3107 2759 3177 quia
2790 3121 3022 3176 semper
3049 3104 3239 3176 major
3280 3105 3370 3159 est
3407 3101 3640 3173 iniquo-

1995 3212 2126 3250 rum
2159 3211 2439 3250 numerus
2470 3211 2646 3266 quam
2685 3195 3008 3264 justorum.
3039 3216 3067 3243 «
3100 3193 3235 3258 Quae
3285 3209 3400 3248 non
3451 3189 3637 3263 rapui,

2590 3307 2616 3332 »
2648 3284 2770 3340 Non
2803 3283 2958 3339 enim
3010 3287 3130 3339 erat
3179 3282 3404 3337 debitor
3433 3279 3641 3336 mortis

1991 3378 2162 3446 atque
2191 3372 2431 3446 peccati,
2465 3373 2567 3428 sed
2615 3372 2675 3429 in
2725 3372 2995 3445 passione
3023 3371 3277 3427 hostiam
3327 3374 3640 3441 utramque

1990 3461 2320 3535 complevit.

2069 3572 2090 3600 α
2121 3552 2296 3616 Deus,
2336 3555 2398 3606 tu
2449 3551 2565 3607 scis
2615 3550 3009 3622 insipientiam
3061 3565 3276 3616 meam,
3326 3551 3382 3604 et
3429 3547 3640 3604 delicta

1992 3659 2121 3696 mea
2151 3646 2270 3696 ate
2302 3658 2414 3696 non
2449 3645 2586 3696 sunt
2617 3639 2977 3696 abscondita.
3033 3662 3060 3688 »
3113 3638 3232 3694 Scit
3274 3641 3443 3694 Pater
3481 3636 3638 3709 quod

1993 3747 2108 3786 non
2131 3747 2198 3786 ea
2229 3731 2300 3785 de
2330 3729 2491 3785 cmlis
2522 3729 2734 3800 attulit,
2767 3729 2866 3785 sed
2901 3727 3069 3784 nobis
3100 3726 3442 3800 assumpsit,
3468 3731 3532 3782 ut
3562 3724 3643 3782 ait

1994 3819 2278 3892 propheta
2312 3835 2324 3874 :
2361 3819 2486 3890 ipse
2518 3818 2862 3890 iniquitates
2894 3821 3124 3874 nostras
3155 3815 3456 3890 accepit,et
3485 3815 3646 3888 aegri-

1994 3909 2228 3963 tudines
2261 3912 2492 3964 nostras
2523 3908 2771 3980 portavit
2799 3909 2926 3976 (Isa.
2957 3925 3072 3976 Lm,
3109 3909 3184 3979 4).
3217 3908 3288 3962 Et
3318 3905 3532 3962 Paulus
3561 3904 3645 3958 di-

1995 3996 2072 4053 cit
2105 4015 2117 4053 :
2153 3999 2294 4067 Quia
2323 3997 2462 4069 quod
2491 3998 2714 4053 stultum
2745 4005 2822 4052 est
2849 3999 2964 4064 Dei,
2996 3998 3300 4069 sapientius
3345 3997 3425 4050 est
3474 3992 3645 4048 homi-

1995 4087 2160 4143 nibus
2193 4105 2211 4141 :
2240 4091 2287 4142 et
2319 4086 2459 4158 quod
2491 4087 2774 4158 inﬁrmum
2803 4095 2879 4141 est
2908 4088 3024 4152 Dei,
3054 4087 3252 4157 fortius
3282 4094 3360 4139 est
3405 4082 3643 4138 homini-

1996 4177 2092 4230 bus
2124 4177 2313 4244 I(Cor.
2348 4193 2385 4243 ι,
2407 4176 2520 4245 25).
2559 4197 2587 4224 ‹‹
2619 4174 2836 4229 Delicta
2865 4191 2997 4229 mea
3043 4191 3077 4228 a
3121 4177 3176 4228 te
3226 4189 3342 4227 non
3373 4175 3510 4227 sunt
3541 4171 3642 4226 ab-

1995 4264 2280 4334 scondita,
2318 4287 2344 4312 »
2376 4267 2440 4318 ut
2471 4263 2615 4317 illud
2651 4281 2664 4317 :
2698 4262 2963 4318 Delicium
3009 4277 3194 4317 meum
3234 4261 3511 4331 cognitum
3543 4261 3647 4316 tibi
3725 4301 3734 4306 ς

1995 4355 2104 4425 feci
2132 4351 2308 4424 (Psal.
2344 4370 2497 4422 xxxn,
2529 4352 2604 4420 5).

2069 4465 2097 4490 ‹‹
2132 4441 2256 4496 Νοιι
2292 4441 2641 4495 erubescant
2669 4439 2728 4494 in
2775 4455 2869 4494 me
2915 4440 3014 4511 qui
3065 4443 3401 4512 exspectant
3428 4443 3503 4508 te,
3535 4439 3645 4494 Do-

2000 4530 2178 4597 mine,
2240 4551 2268 4578 »
2296 4533 2404 4585 etc.
2457 4529 2581 4584 Non
2631 4533 2940 4585 evacuetur
2984 4546 3118 4602 spes
3165 4529 3527 4585 credentium
3577 4528 3647 4583 de

2566 4619 2663 4673 sed
2714 4622 3070 4692 cognoscant
3098 4619 3238 4691 quia
3281 4617 3646 4674 voluntatem

1996 4715 2157 4763 tuam
2193 4709 2378 4763 facere
2409 4707 2560 4776 veni,
2596 4707 2747 4762 sicut
2777 4709 3063 4780 sequitur.

2071 4818 2098 4850 α
2128 4797 2409 4862 Quoniam
2443 4799 2679 4868 propter
2705 4802 2762 4853 te
2793 4797 3047 4852 sustinui
3072 4795 3452 4869 opprobrium
3479 4810 3644 4867 :ope-

1996 4886 2134 4953 ruit,
2196 4909 2217 4935 ι
2273 4891 2380 4941 etc.
2441 4887 2681 4958 Propter
2718 4886 3077 4942 voluntatem
3113 4885 3318 4953 Patris,
3352 4883 3642 4940 malorum

1995 4975 2349 5048 improperia
2390 4975 2770 5048 supportavit,
2805 4980 2860 5030 et
2907 4975 3256 5031 verecundia
3303 4978 3487 5030 tectus
3535 4979 3643 5041 est,

1997 5081 2128 5120 cum
2163 5065 2221 5119 in
2255 5069 2564 5137 assumpta
2595 5081 2767 5119 carne
2799 5064 3095 5119 colliditur
3141 5081 3153 5118 :
3218 5062 3356 5136 quia
3395 5081 3512 5120 una
3541 5081 3645 5119 vo-

1996 5153 2194 5210 luntas
2221 5154 2330 5209 fuit
2360 5153 2631 5222 Patris,et
2656 5153 2781 5208 Filii
2807 5154 2957 5225 quod
2983 5154 3265 5210 sustinuit
3287 5153 3643 5226 passionem.

1994 5243 2122 5309 Vel,
2160 5267 2179 5292 ·
2217 5243 2448 5316 operuit
2479 5242 2762 5313 confusio,
2801 5266 2826 5290 »
2857 5244 3091 5315 quando
3123 5248 3482 5317 negaverunt
3503 5260 3642 5314 apo-

1997 5331 2154 5388 stoli.

2070 5445 2095 5471 ‹‹
2133 5422 2460 5476 Extraneus
2494 5421 2708 5476 factum
2739 5437 2870 5476 sum
2905 5421 3182 5477 fratribus
3233 5422 3400 5491 meis,
3456 5445 3482 5469 ››
3533 5424 3640 5478 etc.

2001 5509 2179 5564 Filius
2209 5509 2363 5564 enim
2399 5513 2523 5565 erat
2551 5513 2864 5582 Synagogze
2895 5515 3047 5566 sicut
3075 5515 3131 5566 et
3178 5510 3285 5579 illi,
3317 5511 3643 5567 secundum

2003 5599 2265 5654 ordinem
2295 5598 2720 5671 corporationis
2763 5603 3024 5668 terrenis,
3067 5617 3099 5656 a
3144 5601 3360 5673 quibus
3407 5602 3644 5655 exteret

1999 5687 2214 5760 hospes
2241 5687 2480 5744 habitus
2509 5687 2785 5762 estzquia
2813 5687 2899 5746 illi
2929 5689 3247 5746 sceleribus
3262 5693 3426 5745 erant
3443 5685 3602 5760 pleni
