3976 6188
435 329 592 395 1083

1928 335 2346 398 APPENDIX.

3592 342 3702 411 ιοθι

435 468 532 528 hic
573 485 705 525 vero
758 485 961 543 expers
1010 472 1249 544 peccati.
1297 495 1317 524 ι
1353 472 1672 530 Extraneus
1703 473 1893 530 factus
1946 490 2078 528 sum
2107 472 2163 537 Α
2192 471 2504 545 passionis,
2540 472 2600 527 in
2631 487 2744 544 quo
2776 473 2946 528 Pater
2973 469 3163 528 aiebat
3195 486 3208 525 :
3239 470 3328 527 Hic
3352 479 3418 528 est
3438 473 3575 532 Filius
3603 495 3705 537 meus

435 560 714 616 fratribus
754 561 920 617 meis.
958 585 978 611 η
1017 562 1246 618 Fratres
1299 563 1550 631 Domini,
1602 562 1869 636 apostoli.
1919 563 2081 618 Unde

435 649 626 705 dixit:
661 651 946 707 Nuntiabo
974 641 1169 708 nomen
1211 661 1369 707 tuum
1415 654 1684 724 fratribus
1730 655 1868 708 meis
1907 653 2078 723 (Psal.

433 755 551 802 χχι,
582 740 692 808 23).
730 763 751 792 δ
790 739 1138 812 Peregrinus
1170 741 1307 795 filiis
1339 743 1546 798 matris
1579 758 1737 797 meae.
1765 767 1786 793 υ
1816 741 2083 796 Christus

436 827 800 900 peregrinus,
834 833 900 884 ut
939 829 1019 885 ait
1048 829 1331 901 Cleophas
1381 849 1393 886 :
1447 833 1518 885 Tu
1566 833 1715 886 solus
1757 830 2084 902 peregrinus

436 933 492 972 es
524 919 581 972 in
610 918 916 973 Jerusalem
960 921 1109 988 (Luc.
1163 936 1310 985 xxw,
1369 921 1475 990 18).
1529 919 1724 990 Solus,
1759 919 1893 991 quia
1925 919 2083 974 solus

436 1011 494 1062 et
525 997 751 1078 primus
787 1009 1104 1063 resurrexit
1131 1007 1502 1064 immortalis.
1539 1009 1606 1064 Et
1651 1013 1854 1075 mater,
1902 1009 2081 1078 Syna-

437 1113 604 1169 goga.

514 1207 541 1235 «
573 1187 858 1252 Quoniam
893 1187 1051 1244 zelus
1081 1189 1292 1242 domus
1326 1192 1436 1242 tuae
1469 1188 1723 1242 comedit
1753 1205 1910 1242 me.»
1943 1187 2086 1250 Quia

436 1274 698 1330 fecerunt
725 1292 853 1330 eam
885 1275 1223 1348 speluncam
1255 1276 1572 1331 latronum.
1612 1297 1638 1325 ‹‹
1670 1277 1735 1331 Et
1778 1276 2086 1348 opprobria

436 1365 880 1435 exprobantium
913 1364 1017 1420 tibi
1052 1365 1386 1420 ceciderunt
1435 1382 1612 1436 super
1659 1383 1768 1420 me.
1807 1389 1833 1414 »
1869 1367 2084 1436 Expro-

436 1453 772 1512 brationum
803 1455 1251 1526 enimjurgium
1292 1470 1470 1526 super
1516 1472 1649 1510 eum
1699 1456 2081 1526 projecerant,

437 1559 569 1597 cum
598 1559 732 1598 eum
763 1547 821 1599 et
850 1543 1367 1610 Samaritanum,et
1387 1544 1742 1598 daemonium
1775 1543 2084 1598 habentem

435 1637 726 1688 vocarent.
764 1633 926 1688 Unde
952 1633 1139 1687 Judaei
1179 1638 1382 1688 contra
1424 1633 1720 1687 Christum
1769 1633 2079 1687 dicebant:

439 1720 499 1776 Si
527 1721 701 1776 Filius
730 1722 828 1775 Dei
855 1737 928 1789 es,
960 1721 1218 1776 descende
1244 1722 1308 1776 de
1336 1738 1512 1789 cruce,
1551 1730 1601 1777 et
1646 1722 1915 1777 credimus
1961 1722 2081 1776 tibi.

438 1809 588 1864 Alios
616 1810 792 1864 salvos
821 1812 953 1880 fecit
978 1830 996 1864 :
1024 1811 1264 1881 seipsum
1293 1827 1401 1865 non
1426 1815 1601 1882 potest
1648 1811 1863 1867 salvum
1904 1813 2087 1881 facere
2117 1848 2162 1912 Β

438 1895 648 1962 (Matth.
701 1913 876 1964 xxvn,
912 1899 997 1965 40,
1031 1898 1142 1969 42).
1194 1899 1302 1962 Qui
1351 1900 1702 1970 exprobrant
1750 1899 1980 1969 Filium,
2031 1902 2088 1954 et

438 1983 668 2039 Patrem
702 1987 1070 2058 exprobrant,
1087 1988 1225 2059 quia
1256 1989 1355 2060 qui
1384 2005 1498 2044 non
1529 1989 1713 2045 credit
1742 1988 2087 2056 Filium,uec

444 2073 673 2130 Patrem
703 2075 901 2131 habet.

509 2184 538 2211 «
576 2161 789 2233 Operui
819 2163 878 2218 in
901 2164 1128 2236 jejunio
1161 2166 1420 2221 animam
1443 2170 1719 2233 meam,et
1753 2167 1967 2222 factum
2001 2168 2091 2220 est

437 2249 498 2305 in
527 2253 905 2323 opprobrium
942 2254 1153 2309 mihi.»
1187 2255 1576 2327 Opprobrium
1609 2255 1764 2310 enim
1795 2256 1846 2310 ei
1879 2255 2090 2310 inferre

437 2341 760 2396 conabatur
791 2358 805 2396 :
841 2359 975 2398 cum
1007 2346 1239 2398 tentans
1270 2361 1403 2398 eum
1433 2348 1673 2399 Satanas
1720 2345 1800 2400 ait
1833 2362 1845 2400 :
1883 2346 1981 2399 Dic
2030 2351 2090 2398 ut

439 2427 652 2498 lapides
700 2432 793 2486 isti
835 2448 1005 2504 panes
1053 2433 1190 2502 ﬁunt
1220 2434 1425 2499 (Matth.
1459 2450 1534 2499 1v,
1582 2435 1658 2504 2).
1704 2432 1806 2488 Vel
1855 2433 2088 2504 quando

439 2517 711 2575 dixerunt
739 2519 1008 2592 discipuli
1042 2537 1055 2576 :
1089 2522 1285 2590 Rabbi,
1313 2523 1599 2578 menduca.
1633 2521 1738 2577 Ille
1768 2521 1914 2577 dixit
1934 2540 1952 2576 :
1975 2524 2090 2594 Ego

439 2608 623 2664 cibum
654 2609 821 2666 habeo
851 2613 1202 2667 manducare
1231 2627 1386 2683 quem
1415 2627 1505 2667 vos
1532 2612 1756 2666 nescitis
1787 2612 1979 2683 (Joan.
2014 2628 2088 2678 1v,

441 2698 530 2766 31,
562 2698 673 2766 32).
708 2699 778 2754 Et
807 2699 866 2754 in
894 2698 1008 2755 alio
1039 2699 1164 2755 loco
1197 2718 1209 2756 :
1247 2701 1569 2773 Operamini
1612 2716 1717 2755 non
1768 2701 1950 2755 cibum
1997 2702 2092 2770 qui

436 2788 600 2858 perit,
633 2789 730 2844 sed
757 2790 854 2861 qui
879 2794 1166 2860 permanet
1191 2792 1251 2844 in
1282 2792 1449 2846 vitam
1479 2799 1751 2848 aeternam
1781 2790 1962 2861 (Joan.
2011 2807 2089 2855 γι,

440 2876 554 2947 27).
584 2877 698 2932 Sed
728 2879 1024 2935 esuriebat
1055 2879 1323 2936 Christus
1353 2879 1603 2936 salutem
1635 2878 1879 2934 humani
1923 2894 2093 2951 gene-

443 2964 544 3020 ris.
577 2964 678 3022 Vel
709 2967 1003 3024 esuriebat
1032 2969 1204 3024 ﬁdem
1233 2968 1497 3025 Ecclesiae
1533 2985 1545 3023 :
1581 2968 1719 3040 quia
1750 2966 1979 3023 nullum
2011 2967 2091 3022 ci-

444 3053 585 3110 bum
618 3073 652 3110 a
679 3057 893 3112 Iudaeis
925 3057 1271 3114 inveniebat.

515 3166 543 3193 ‹‹
575 3143 750 3200 Posui
783 3146 1198 3203 vestimentum
1251 3163 1448 3202 meum
1497 3145 1775 3212 cilicium,
1808 3149 1864 3200 et
1903 3146 2092 3200 factus

2191 563 2441 628 dilectus,
2476 565 2536 617 in
2564 579 2668 634 quo
2697 562 2841 617 mihi
2859 561 3162 634 complacui
3173 560 3368 632 (Matth.
3397 580 3467 632 111,
3492 567 3576 636 t7).
3605 569 3705 624 lem-

2187 671 2292 726 pus
2333 655 2670 726 beneplaciti,
2721 655 2880 723 Deus,
2935 653 2997 707 in
3045 651 3381 706 multitudine
3424 655 3706 713 misericordia

2192 753 2320 800 tuae.
2362 743 2572 798 Omnia
2619 742 2776 798 enim
2824 747 3090 814 tempora
3138 744 3236 795 tua
3281 741 3582 814 beneplacita
3601 752 3706 812 sunt,

2194 833 2292 888 sed
2327 832 2649 904 prasertim
2684 832 2792 887 hoc
2823 835 3055 902 tempus
3108 847 3220 901 quo
3267 845 3385 885 mea
3417 833 3626 900 passione
3646 851 3706 904 ge-

2195 940 2306 977 nus
2337 922 2665 977 humanum
2699 920 2960 987 redimis,
3004 918 3414 991 quodammodo
3455 918 3561 990 plus
3594 921 3706 976 bene-

2195 1011 2474 1083 placitum
2508 1010 2672 1066 facis.
2707 1034 2733 1060 ‹‹
2766 1009 2988 1064 Exaudi
3039 1025 3150 1073 me,
3198 1006 3436 1075 Domine,
3467 1008 3515 1062 in
3551 1010 3708 1064 veritate

2194 1099 2402 1154 salutis
2434 1104 2565 1155 tuae.
2603 1123 2629 1149 »
2663 1099 2734 1155 Ut
2764 1103 2897 1172 post
2924 1113 3116 1152 veram
3150 1099 3401 1163 mortem,
3441 1098 3708 1152 resurrectio-

2196 1189 2288 1244 nis
2318 1191 2530 1244 veritas
2558 1185 2928 1261 approbatur.

2266 1301 2292 1328 ι(
2327 1279 2496 1351 Eripe
2528 1296 2620 1334 me
2651 1279 2720 1333 de
2751 1278 2894 1347 luto,
2930 1280 2993 1330 ut
3025 1293 3134 1332 non
3169 1274 3416 1347 infigar.»
3441 1275 3710 1345 Quarejuxta

2195 1369 2484 1438 quosdam
2525 1385 2595 1424 ne
2639 1367 2880 1422 forsitan
2912 1366 3128 1433 lutum,
3161 1365 3343 1420 carnis
3369 1380 3519 1436 quam
3545 1366 3710 1434 suscepit

2196 1457 2484 1529 signiticet
2514 1457 2814 1512 vilitatem.
2843 1459 2981 1510 Orat
3011 1459 3077 1509 ut
3112 1471 3224 1509 non
3255 1453 3311 1508 in
3337 1453 3447 1508 luto
3472 1457 3518 1509 et
3540 1453 3708 1524 pulvere,

2196 1546 2350 1602 sicut
2381 1563 2552 1602 omne
2583 1547 2908 1601 humanum
2962 1560 3150 1617 genus
3194 1542 3514 1609 dissolvitur,
3539 1559 3708 1596 corrum-

2196 1640 2388 1708 patur.
2443 1659 2470 1686 ‹‹
2518 1636 2727 1690 Libera
2785 1651 2879 1689 me
2931 1634 3003 1688 ab
3054 1632 3149 1688 his
3191 1632 3289 1704 qui
3343 1632 3553 1688 oderunt
3590 1647 3664 1684 me.
3694 1657 3708 1677 μ

2196 1730 2408 1797 Aperte
2457 1725 2578 1780 haec
2608 1725 2679 1779 de
2709 1724 2949 1790 Judaeis,
2981 1722 3083 1794 qui
3115 1738 3245 1778 eum
3289 1737 3550 1791 nunquam
3576 1719 3708 1773 dilexe-

2198 1818 2359 1878 runt,
2393 1813 2554 1868 dicit.
2589 1835 2617 1861 «
2653 1814 2719 1867 Et
2747 1813 2819 1867 dc
2868 1809 3179 1884 proluudis
3221 1824 3498 1880 aquarum.
3538 1807 3626 1862 Non
3658 1822 3708 1859 me

2198 1903 2496 1974 demerget
2525 1905 2845 1974 tempestas
2877 1917 3100 1971 aquae.»
3135 1899 3260 1953 Haec
3290 1897 3707 1969 passionistempe-

2197 1996 2321 2048 stas
2353 2008 2468 2046 non
2501 2007 2633 2046 eum
2667 1990 2725 2044 in
2758 1989 3160 2061 profunditate
3207 1987 3392 2060 abyssi
3441 1985 3626 2040 retineat
3657 1983 3704 2035 in-

2197 2080 2458 2136 fernalis.
2495 2101 2521 2129 »
2552 2080 2750 2151 Neque
2797 2078 3112 2134 absorbeat
3159 2093 3250 2132 me
3295 2074 3644 2148 profundum.»
3671 2071 3706 2123 In

2199 2187 2313 2242 quo
2345 2171 2484 2225 dum
2519 2186 2620 2242 per
2649 2173 2895 2224 mortem
2929 2165 3251 2236 descendit,
3283 2182 3391 2220 non
3418 2164 3642 2218 devoretur
3664 2158 3706 2211 ab

2198 2276 2284 2316 eo.
2319 2281 2347 2308 «
2381 2259 2579 2331 Neque
2609 2262 2815 2329 urgeat
2844 2273 3022 2328 super
3070 2273 3164 2311 me
3213 2259 3412 2327 puteus
3445 2269 3499 2308 os
3533 2265 3658 2306 suum.
3689 2270 3706 2294 υ

2197 2347 2406 2403 Aditus
2438 2345 2670 2414 inferni,
2691 2345 2809 2400 sive
2843 2344 3138 2400 diabolus.

2273 2459 2302 2486 «
2330 2436 2549 2492 Exaudi
2583 2452 2694 2504 me,
2731 2434 2991 2502 Domine,
3019 2432 3292 2505 quoniam
3322 2431 3537 2502 bcnigua
3568 2431 3626 2482 est
3645 2424 3706 2478 mi-

2199 2525 2518 2580 sericordia
2547 2528 2673 2579 tua:
2697 2523 3022 2580 secundum
3059 2521 3474 2578 multitudinem
3499 2513 3708 2572 miseratio-

2200 2631 2342 2670 num
2377 2618 2613 2669 tuarum
2646 2612 2867 2684 respice
2900 2629 3015 2668 me.
3047 2636 3068 2664 ι
3099 2612 3224 2667 Haec
3253 2608 3533 2666 secundum
3559 2600 3709 2658 inﬁrmi-

2199 2707 2377 2758 tatem
2411 2703 2732 2758 humanam
2765 2701 3028 2774 postulat
3059 2701 3255 2756 dicens
3302 2715 3315 2754 :
3364 2697 3458 2762 Qui
3496 2694 3603 2750 alios
3634 2704 3709 2743 mea

2199 2792 2471 2865 passione
2503 2791 2768 2860 redimis,
2821 2806 2934 2859 me,
2986 2793 3372 2862 praecurrente
3413 2778 3708 2841 misericordia,

2200 2880 2616 2952 contemplare.

2275 2992 2303 3019 «
2335 2971 2460 3024 Non
2492 2969 2959 3039 avertasit‘aciem
3005 2971 3170 3024 tuam
3219 2983 3251 3022 a
3298 2981 3456 3038 puero
3480 2967 3574 3016 tuo.
3601 2955 3710 3007 υνυς

2199 3059 2415 3114 Christi
2461 3059 2532 3114 ad
2566 3059 2814 3128 Patrem,
2848 3057 2948 3127 qui
3010 3057 3261 3112 formam
3306 3052 3439 3109 servi
3485 3045 3654 3116 accepit,
3673 3047 3710 3094 ut

2203 3148 2282 3203 ait
2312 3147 2594 3219 propheta
2627 3163 2639 3201 :
2675 3146 2929 3216 Magnum
2956 3153 3039 3200 est
3069 3144 3170 3200 tibi
3197 3143 3373 3199 vocari
3393 3153 3581 3212 puerum
3601 3146 3707 3219 meus

443 3247 575 3286 sum
606 3230 722 3288 illis
752 3233 810 3288 in
843 3234 1236 3306 parabolam.»
1262 3236 1321 3290 In
1347 3251 1514 3291 sacco
1540 3235 1732 3290 luctus
1764 3234 2093 3290 ostenditur
2121 3212 2164 3279 (ἶ
2203 3212 2330 3306 (Isa;
2362 3212 2510 3303 xum,
2541 3236 2616 3307 6).
2654 3257 2681 3285 »
2715 3212 3000 3298 Quoniam
3045 3233 3308 3302 tribulor,
3337 3228 3562 3286 velociter
3581 3217 3708 3277 exaudi

441 3320 528 3376 vel
563 3321 732 3378 fletus
767 3340 778 3379 :
815 3340 927 3396 quo
958 3323 1016 3379 in
1051 3328 1235 3380 morte
1269 3325 1462 3380 Lazari
1487 3323 1727 3390 usus,in
1751 3322 2091 3396 parabolam

443 3411 630 3467 factus
660 3416 749 3468 est
776 3413 1017 3479 Judmis,
1049 3431 1207 3482 cum,
1256 3430 1321 3469 eo
1370 3415 1563 3483 flente,
1615 3413 1880 3467 dicarunt
1915 3430 1927 3466 :
1964 3417 2094 3468 Ecce

442 3499 707 3569 quomodo
741 3501 959 3555 amabat
1005 3517 1129 3555 eum
1163 3502 1338 3573 (Joan.
1373 3519 1452 3565 x1,
1487 3501 1598 3572 36).
1629 3500 1740 3554 Alii
1770 3516 1902 3556 vero
1936 3500 2093 3554 :Non

435 3591 653 3657 poterat
685 3588 777 3643 hic
805 3590 903 3660 qui
931 3593 1151 3660 aperuit
1192 3591 1371 3646 oculos
1416 3592 1556 3647 caeci
1601 3592 1741 3656 nati,
1788 3592 1990 3660 facere,
2031 3593 2091 3644 ut

442 3679 492 3728 et
522 3674 611 3730 hic
637 3691 749 3731 non
777 3681 1088 3732 moreretur
1116 3679 1272 3746 (Ibid.
1307 3678 1438 3749 37)?

513 3785 542 3812 «
565 3764 859 3820 Adversus
881 3781 973 3822 me
994 3768 1410 3823 exercebantur
1430 3768 1530 3838 qui
1561 3768 1842 3824 sedebant
1870 3767 1925 3821 in
1955 3784 2090 3839 por-

439 3852 519 3904 ta.
555 3873 583 3901 »
616 3850 703 3906 llli
755 3851 976 3908 scilicet
1024 3855 1145 3926 qui,
1199 3851 1481 3909 habentes
1539 3855 1761 3910 clavem
1811 3855 2086 3922 scientiae,

442 3954 631 4011 neque
673 3940 1016 4008 introibant,
1068 3958 1254 4014 neque
1303 3941 1447 3997 alios
1499 3943 1737 3998 introire
1786 3943 2087 4014 permitte-

442 4028 612 4098 bant;
648 4030 860 4086 Scribae
891 4036 948 4087 et
973 4031 1248 4087 Pharisaei
1281 4031 1380 4104 qui
1411 4031 1822 4087 discernebant
1859 4049 2088 4102 causas,

441 4135 572 4174 cum
607 4120 877 4176 sederent
905 4121 964 4176 in
997 4120 1232 4192 publico
1255 4120 1500 4192 judicio.
1542 4143 1562 4169 α
1597 4121 1665 4175 Et
1702 4121 1762 4176 in
1814 4137 1906 4176 me
1937 4121 2088 4192 psal-

442 4207 640 4263 lebant
687 4209 787 4281 qui
842 4210 1118 4266 bibebant
1165 4211 1386 4266 vinum.
1421 4231 1450 4260 »
1484 4210 1705 4282 Repleti
1754 4210 1910 4266 enim
1957 4211 2091 4266 vino

441 4295 789 4367 iniquitatis,
819 4298 1068 4370 qualiter
1087 4317 1222 4355 eum
1249 4300 1658 4370 interficerent,
1683 4300 2088 4356 concinebant.

441 4384 631 4439 Stulte
663 4385 817 4441 enim
851 4387 1068 4460 psallit,
1103 4389 1202 4460 qui
1232 4390 1291 4444 in
1323 4394 1505 4445 Deum
1537 4389 1777 4445 molitur
1821 4389 2088 4445 insidias.

443 4472 646 4529 Sciens
676 4475 832 4530 enim
873 4476 1166 4547 Propheta
1211 4478 1459 4533 stultum
1507 4477 1566 4532 in
1621 4478 1917 4550 aliquibus
1964 4493 2093 4534 esse

2203 3343 2315 3381 me.
2350 3348 2376 3376 »
2411 3326 2483 3380 Ut
2515 3341 2811 3380 resumam
2843 3323 3121 3395 spiritum
3158 3339 3171 3378 :
3205 3337 3370 3394 quem
3397 3317 3496 3373 tuis
3533 3308 3707 3369 manibus

2200 3414 2625 3471 commendavi.

2279 3522 2300 3550 ι
2333 3503 2573 3558 Intende
2618 3502 2827 3556 animae
2877 3516 3042 3567 meae,
3085 3506 3142 3556 et
3178 3500 3352 3555 libera
3393 3510 3500 3552 eam
3527 3509 3536 3547 :
3562 3488 3708 3561 propter

2198 3591 2469 3646 inimicos
2516 3607 2677 3646 meos
2725 3590 2884 3662 eripe
2932 3605 3048 3644 me.
3085 3614 3112 3640 ››
3147 3590 3235 3660 Ut,
3267 3603 3354 3643 me
3381 3580 3638 3651 resurgente
3666 3571 3706 3623 ab

2199 3679 2421 3748 inferis,
2455 3680 2893 3735 confundantur
2924 3694 2938 3734 :
2972 3678 3138 3734 Unde
3167 3677 3414 3732 Christus
3449 3669 3592 3726 dixit:
3614 3664 3708 3717 Ροιεσ

2198 3773 2394 3825 statem
2420 3769 2588 3824 habeo
2617 3767 2859 3840 ponendi
2888 3769 3140 3823 animam
3166 3782 3339 3822 meam
3363 3765 3511 3831 (Joan.
3536 3752 3666 3822 11,183-

2272 3881 2299 3907 ‹‹
2331 3858 2417 3913 Tu
2469 3859 2584 3914 scis
2621 3856 3046 3929 improperium
3100 3871 3289 3911 meum
3335 3856 3386 3908 et
3427 3841 3705 3905 confusionem

2200 3963 2414 4018 meam,
2451 3971 2478 3996 ”
2509 3951 2616 4002 θῒοι
2646 3949 2829 4012 Quam
2862 3946 2922 4000 in
2953 3948 3259 4016 assumpta
3287 3939 3512 3998 sustineo
3537 3941 3665 4018 carne.

2277 4058 2302 4088 α
2333 4013 2411 4092 Ιιι
2445 4041 2762 4109 conspectu
2812 4038 2912 4090 tuo
2961 4038 3102 4091 sunt
3147 4013 3340 4090 omnes
3393 4026 3478 4099 qui
3523 4013 3706 4109 tribules!

2200 4142 2314 4181 me.
2353 4148 2379 4174 ››
2413 4127 2498 4180 Tu
2531 4125 2692 4180 vides
2725 4123 2927 4196 quales
2956 4124 3103 4178 mihi
3133 4118 3503 4178 tribulationes
3531 4102 3706 4196 inferant)

2200 4219 2257 4269 et
2287 4215 2600 4270 ostendant
2627 4189 2954 4269 illusiones.
2980 4235 3009 4262 «
3044 4208 3445 4284 Improperium
3471 4189 3707 4292 exspectatil

2201 4321 2298 4360 cor
2327 4320 2547 4367 meum,
2580 4307 2639 4358 et
2669 4302 2988 4358 miseriam.
3013 4325 3036 4354 ι
3077 4298 3465 4373 Improperium.
3491 4290 3704 4361 passionis;

2201 4416 2227 4443 ‹‹
2272 4397 2328 4447 et
2361 4391 2681 4459 miseriam,
2716 4413 2744 4442 »
2775 4391 2833 4446 id
2865 4395 2954 4446 est
2983 4387 3329 4446 contumelia
3355 4379 3532 4440 crucis.

2272 4504 2299 4531 «
2336 4480 2602 4536 Sustinui
2633 4482 2730 4551 qui
2766 4479 2941 4535 simul
2991 4478 3438 4539 contristaretur,
3465 4491 3489 4517 »
3513 4468 3593 4520 elc-
3625 4448 3704 4509 NUI'

442 4562 688 4636 psallere
721 4581 734 4618 :
769 4565 906 4620 audi
940 4565 1192 4637 qualiter
1221 4567 1424 4622 doceat
1460 4568 1745 4638 quosdam
1779 4583 1792 4621 :
1827 4566 2082 4635 Psattite,
2117 4585 2163 4648 Ι)
2196 4569 2289 4626 lus
2321 4571 2392 4625 de
2421 4572 2585 4625 tanta
2617 4568 2996 4624 multitudine
3026 4568 3368 4640 iniquorum,
3415 4559 3514 4648 aut-
3537 4553 3704 4648 comitas“

441 4652 655 4725 inquit,
688 4655 965 4726 sapienter
990 4656 1163 4726 (Psal.
1198 4673 1345 4722 XLVI,
1378 4657 1453 4727 8).
1488 4655 1586 4711 Vel
1617 4657 1759 4712 ebrii
1808 4659 1973 4712 erant
2015 4657 2086 4712 de

439 4740 593 4810 vino,
629 4743 862 4814 quando
896 4743 1236 4815 operiebant
1265 4748 1442 4815 caput
1469 4745 1618 4816 ejus,
1675 4749 1731 4800 et
1767 4744 2039 4800 dicebant
2073 4763 2085 4800 :

445 4831 769 4904 Prophetiza
809 4833 988 4900 nobis,
1022 4833 1258 4902 Christe,
1308 4834 1428 4905 quis
1473 4842 1551 4889 est
1599 4836 1698 4906 qui
1738 4842 1789 4890 te
1821 4835 2092 4906 percussit

441 4921 590 4992 (Luc.
624 4939 762 4987 xxn,
793 4923 906 4994 64).

512 5032 541 5060 ‹‹
573 5011 690 5083 Ego
715 5027 849 5067 vero
872 5010 1193 5067 orationem
1217 5028 1407 5068 meam
1435 5012 1506 5066 ad
1530 5016 1603 5079 te,
1621 5011 1880 5067 Domine.
1911 5034 1938 5062 »
1963 5012 2091 5068 Non

441 5098 598 5154 enim
649 5099 852 5156 vincor
902 5101 994 5156 his
1044 5101 1440 5173 passionibus,
1473 5101 1612 5172 quia
1639 5105 1832 5156 tecum
1866 5117 1996 5157 sum
2031 5101 2088 5156 in

440 5187 718 5244 oratione.
747 5212 774 5239 ››
806 5191 923 5262 Ego
945 5206 1077 5247 vero
1109 5190 1428 5247 orationem
1459 5207 1650 5246 meam
1682 5190 1752 5246 ad
1787 5195 1861 5258 to,
1883 5192 2089 5246 Deus.»

440 5275 662 5331 Judaeis
723 5277 867 5332 mihi
927 5280 1411 5336 maledicentibus
1461 5284 1637 5350 atque
1692 5279 2020 5336 dicentibus
2074 5297 2086 5336 :

446 5363 738 5437 Cruciﬁge,
788 5369 1045 5437 cruci/ige
1098 5385 1226 5424 eum
1283 5370 1466 5440 (Joan.
1514 5387 1630 5437 x1x,
1680 5369 1734 5440 6)
1778 5385 1930 5442 :ego
1988 5386 2090 5441 pro

445 5454 531 5509 eis
577 5469 752 5509 orans
802 5455 1121 5527 loquebar:
1155 5459 1344 5526 Pater,
1394 5459 1605 5529 ignosce
1635 5460 1753 5514 eis:
1789 5475 1898 5514 non
1944 5457 2092 5514 enim

437 5545 622 5599 sciunt
646 5544 776 5615 quid
802 5546 1015 5614 faciunt
1062 5548 1211 5616 (Luc.
1259 5563 1420 5614 χχιιι,
1471 5548 1582 5620 34).
1617 5571 1645 5598 ‹‹
1678 5551 1932 5620 Tempus
1962 5547 2091 5621 pla-

447 5633 639 5698 cendi.
671 5634 846 5693 Deus.
887 5657 907 5684 ι
944 5657 972 5685 ‹‹
1004 5639 1258 5706 Tempus
1310 5635 1595 5709 placendi,
1644 5659 1673 5688 ››
1721 5641 1954 5712 tempus
2001 5641 2092 5694 est

2197 4677 2301 4716 sus
2331 4663 2419 4715 est
2449 4658 2746 4714 doloribus
2778 4658 2948 4725 meis,
2983 4662 3084 4713 aut
3111 4654 3321 4713 exstitit
3349 4642 3624 4737 consolator.

2273 4771 2300 4799 ‹‹
2332 4748 2627 4804 Dederunt
2659 4748 2716 4803 in
2748 4763 2942 4804 escam
2972 4763 3158 4803 meam
3191 4743 3262 4800 fel
3310 4759 3321 4797 :
3369 4741 3418 4794 et
3465 4734 3512 4788 iu
3536 4730 3605 4784 siti

2201 4840 2543 4910 potaverunt
2581 4853 2675 4892 me
2701 4840 2880 4892 aceto.
2916 4858 2946 4886 »
2976 4836 3093 4892 Hoc
3132 4836 3253 4908 jam
3301 4822 3592 4911 completum

2200 4903 2260 4980 in
2291 4922 2617 4996 Evangeliis
2657 4922 2910 4996 legimus
2943 4940 2958 4980 :
3003 4903 3158 4988 cum,
3189 4919 3404 4976 sitiente
3444 4903 3629 4965 Domino
3667 4903 3698 4996 tn

2201 5031 2389 5080 cruce,
2425 4991 2652 5069 acetum
2683 4991 2818 5068 cum
2864 5011 2994 5068 felle
3039 5012 3272 5067 mistum
3319 5003 3488 5059 bibere
3524 4991 3698 5080 Ροτῖθψ

2201 5106 2340 5159 runt
2368 5078 2544 5175 (Joan.
2576 5119 2691 5174 xrx,
2722 5102 2834 5173 29).
2866 5102 2937 5158 Et
2964 5118 3035 5158 ex
3062 5101 3189 5165 hoc,
3219 5099 3272 5152 et
3297 5109 3358 5151 ex
3399 5087 3492 5145 alio
3531 5078 3698 5175 £6501”:

2201 5191 2298 5248 nio
2329 5159 2718 5263 intelligitur’:
2753 5159 2908 5263 quod
2941 5192 3012 5247 ad
3043 5159 3322 5245 Christum
3340 5175 3557 5254 psalmus
3572 5159 3696 5219 referri

2200 5281 2425 5337 debeat.
3669 5327 3676 5337 .

2279 5394 2297 5420 ι
2334 5369 2458 5426 Fiat
2487 5386 2690 5425 mensa
2719 5386 2922 5426 eorum
2971 5384 3161 5426 coram
3208 5361 3356 5436 ipsis.
3387 5379 3410 5407 »
3441 5351 3566 5409 Dicta
3590 5339 3695 5403 L88”

2199 5464 2256 5515 et
2287 5458 2707 5531 Prophetarum
2742 5475 2756 5514 :
2790 5460 2862 5515 ad
2902 5475 3080 5531 quam
3109 5469 3252 5527 saepe
3279 5435 3693 5531 convenientes}:

2203 5513 2623 5604 rirgbi‘ia..’*.
2659 5513 2721 5603 ιὲι
2753 5513 3052 5620 aquas
3075 5551 3131 5602 et
3157 5513 3213 5600 ia
3241 5513 3692 5620 τοιήδυιίοηοενξξξξ

2201 5637 2567 5694 scandalum.
2602 5657 2632 5687 »
2679 5641 2755 5694 Ut
2799 5606 2915 5696 n‘on
2962 5606 3277 5708 intelligant
3314 5621 3439 5684 inibi
3475 5606 3691 5672 Domillum

3628 4728 3702 4774 mea
