3976 6188
154 388 308 454 1085

1366 387 1870 457 ΒΒῙΞἮΛΗῙῸΜ
1911 391 1994 456 ΙΝ
2038 392 2425 456 PSALMOS.

152 522 513 583 nuntiatum.
546 521 694 580 Nam
725 526 782 581 et
828 523 1112 582 Dominus
1154 523 1214 581 in
1265 525 1593 600 Fvangeliis
1621 526 1802 582 dixit:
1835 527 1891 595 Α
1919 526 2232 584 novellum.
2269 550 2290 579 ι
2322 530 2431 596 Qui
2455 528 2716 602 seipsum
2739 528 2950 587 obtulit
2972 530 3249 588 Genitori.
3283 556 3310 584 «
3336 536 3566 589 Cornua
3600 553 3608 560 λ

152 616 356 688 Moyses
401 630 492 670 vos
520 619 748 670 accusat
797 616 854 669 in
903 632 1059 686 quem
1106 617 1334 688 speratis
1383 616 1559 688 (Joan.
1604 633 1659 684 ν,
1693 616 1804 688 45).

153 705 235 762 De
265 721 360 760 me
389 702 548 759 enim
576 703 675 760 ille
707 704 962 776 scripsit.

227 816 256 843 «
291 793 694 850 Obscurentur
736 793 890 848 oculi
940 809 1141 849 eorum
1192 811 1265 850 ne
1305 794 1557 850 videant.
1593 817 1621 844 »
1659 795 1806 850 Divi-

155 883 401 939 nitatem
434 881 546 938 sub
585 880 898 953 fragilitate
945 881 1242 938 latentem.
1292 882 1363 938 Ut
1392 899 1507 938 non
1551 884 1804 940 videant.

152 973 273 1028 Hoc
303 975 430 1027 erat
458 971 615 1042 quod
648 971 1016 1042 precabatur,
1061 987 1326 1027 mensam
1358 989 1559 1028 eorum
1592 973 1716 1027 fieri
1748 973 1807 1026 in

151 1060 434 1132 laqueum
468 1075 482 1114 :
519 1075 591 1114 ne
642 1058 788 1132 legis
837 1058 1056 1115 scilicet
1102 1066 1469 1116 sacramenta
1496 1077 1807 1134 cognosce-

153 1154 304 1206 rent.
335 1173 362 1199 ‹‹
392 1149 460 1203 Et
489 1148 730 1204 dorsum
761 1165 960 1204 eorum
996 1164 1229 1222 semper
1257 1149 1519 1218 incurva,
1546 1171 1572 1199 »
1608 1149 1680 1205 Ut
1702 1151 1807 1206 Ro-

151 1239 347 1294 manis
378 1236 635 1292 serviant
665 1253 914 1308 semper.
947 1235 1047 1292 Vel
1079 1238 1188 1294 sub
1233 1255 1406 1294 onere
1435 1237 1618 1310 legis:
1652 1239 1807 1310 quod

151 1327 479 1384 secundum
510 1325 764 1382 litteram
795 1326 942 1381 ferre
972 1326 1158 1398 potuit
1188 1344 1378 1383 nemo.

227 1439 254 1468 α
288 1415 534 1472 Eﬂ‘unde
564 1431 742 1487 super
770 1431 868 1471 eos
898 1415 1047 1470 iram
1076 1419 1262 1486 tuam,
1295 1422 1351 1472 et
1378 1417 1539 1472 furor
1566 1418 1663 1473 irae
1696 1422 1808 1473 tua:

150 1505 611 1579 comprehendat
638 1521 759 1560 eos.
796 1504 917 1560 Fiat
947 1504 1230 1561 habitatio
1270 1523 1470 1562 eorum
1504 1507 1804 1562 deserta.»

149 1600 261 1653 etc.
301 1596 429 1651 Haec
459 1595 658 1650 omnia
687 1595 747 1650 in
777 1595 1074 1650 eversione
1097 1595 1508 1669 Hierosolyma
1540 1597 1648 1652 sub
1678 1597 1806 1652 Tito

149 1691 212 1741 et
239 1683 598 1756 Vespasiano
622 1683 912 1756 completa
932 1689 1090 1739 sunt.
1123 1683 1226 1740 Vel
1249 1685 1357 1741 hoc
1383 1690 1471 1741 est
1501 1686 1655 1758 quod
1688 1687 1802 1741 ait:

153 1775 479 1830 Dimittetur
511 1773 658 1829 vobis
704 1773 889 1828 domus
937 1781 1110 1829 vestra
1141 1774 1348 1830 deserta
1396 1773 1604 1846 (Matth.
1640 1793 1802 1847 χχιιι,

2501 619 2918 676 Fortitudinem
2980 620 3248 676 Ecclesiae
3304 623 3561 679 dantem.

1920 728 1949 756 «
1979 707 2048 761 Et
2100 707 2371 780 ungulas.
2407 731 2436 758 »
2484 709 2707 774 Quibus
2753 709 3055 782 sacrilegia
3097 710 3396 767 conculcet
3424 729 3564 785 gen-

1916 795 2064 852 tium
2097 813 2161 851 ac
2194 797 2455 854 divellat.

1991 909 2018 936 ‹‹
2052 885 2299 942 Videant
2350 904 2634 960 pauperes
2661 892 2717 944 et
2763 888 3049 946 latenter.
3087 913 3115 940 ››
3163 890 3328 954 Quod
3371 890 3566 945 humi-

1916 974 2055 1030 liata
2086 976 2500 1048 superstitione
2533 977 2865 1048 gentilium,
2907 979 3173 1034 Ecclesiae
3203 978 3433 1034 Domini
3464 993 3565 1032 ex-

1916 1062 2140 1118 tollitur
2198 1081 2464 1136 regnum.
2519 1089 2547 1116 «
2603 1067 2851 1133 Quaerite
2910 1068 3244 1138 Dominum,
3303 1072 3362 1123 et
3416 1067 3570 1122 vivet

1917 1152 2116 1207 anima
2143 1157 2354 1209 vestra.
2389 1176 2417 1204 »
2449 1155 2582 1219 Quae
2614 1172 2772 1211 nunc
2803 1161 3035 1212 mortua
3063 1161 3152 1212 est
3180 1157 3432 1228 peccatis

1994 1261 2020 1293 α
2046 1242 2333 1305 Quoniam
2354 1243 2652 1299 exaudivit
2671 1261 2954 1316 pauperes
2977 1245 3280 1301 Dominus.
3317 1267 3344 1294 »
3378 1244 3450 1300 Ut
3471 1261 3569 1300 eos

1916 1331 2312 1387 resuscitaret.
2348 1354 2377 1380 ››
2400 1332 2467 1386 Et
2495 1332 2716 1388 vinctos
2738 1350 2876 1389 suos
2899 1351 3013 1389 non
3035 1334 3312 1405 despexit.
3348 1357 3376 1384 »
3400 1333 3566 1402 Quia,

1917 1418 2202 1492 disruptis
2247 1419 2462 1475 diaboli
2514 1420 2780 1489 nexibus,
2831 1439 2930 1477 eos
2975 1439 3152 1495 regno
3205 1439 3312 1478 suo
3343 1422 3566 1478 ascivit.

1993 1530 2020 1557 ‹‹
2051 1509 2314 1563 Laudent
2333 1508 2499 1563 illum
2558 1509 2685 1564 coeli
2725 1516 2783 1565 et
2829 1515 3021 1578 terra;
3081 1527 3237 1567 mare
3288 1516 3344 1566 et
3372 1511 3571 1566 omnia

1916 1595 2148 1669 reptilia
2165 1597 2223 1652 in
2246 1598 2350 1653 eis.
2376 1619 2404 1648 »
2434 1598 2547 1669 Ipsi
2571 1600 2770 1654 omnia
2790 1616 2942 1672 genu
2966 1601 3201 1656 ﬂectant
3221 1598 3566 1668 cmlestium,

1915 1687 2284 1742 terrestrium
2313 1692 2371 1743 et
2399 1687 2784 1743 infernorum.

1988 1797 2014 1824 ‹‹
2050 1775 2340 1839 Quoniam
2372 1776 2526 1832 Deus
2557 1776 2776 1832 salvam
2807 1777 2979 1832 faciet
3010 1776 3168 1832 Sion.
3208 1798 3228 1827 ι)
3265 1776 3568 1832 ΟωΙθεῐθω

1916 618 2354 689 producentem.
2416 643 2444 669 »

146 1863 267 1935 38).
319 1863 640 1919 Recedente
688 1863 758 1918 de
803 1862 1007 1918 Judaza
1051 1863 1300 1930 Christo,
1347 1880 1551 1920 omnes
1590 1865 1808 1936 pariter
1836 1895 1884 1958 B
1911 1864 2260 1932 Jerusalem,
2288 1865 2347 1918 in
2379 1882 2497 1936 qua
2526 1864 2740 1920 electos
2790 1883 2930 1922 suos
2960 1882 3062 1937 pro
3096 1865 3318 1921 meritis
3349 1866 3572 1920 aduna-

144 1968 287 2008 cum
320 1951 419 2007 illo
458 1954 825 2008 recesserunt
861 1951 1126 2007 virtutes.

222 2064 250 2090 ‹‹
285 2040 570 2107 Quoniam
621 2057 798 2112 quem
850 2045 913 2096 tu
965 2041 1304 2112 percussisti
1354 2042 1466 2114 ipsi
1516 2042 1805 2114 persecuti

137 2133 309 2186 sunt.
341 2152 369 2181 »
402 2130 484 2185 De
513 2146 575 2184 se
596 2129 718 2184 haec
749 2129 1015 2186 Christus
1036 2130 1109 2184 ad
1134 2130 1359 2186 Patrem
1387 2129 1667 2201 loquitur,
1701 2130 1807 2185 sic-

134 2222 212 2273 ut
235 2217 294 2272 in
327 2218 440 2274 alio
489 2217 777 2289 propheta
824 2230 892 2272 ex
922 2233 1170 2289 persona
1217 2217 1406 2274 Patris
1436 2218 1690 2290 legimus
1720 2218 1805 2274 di-

131 2310 346 2362 ctum:
402 2309 644 2375 Propter
697 2315 926 2377 peccata
979 2307 1170 2378 populi
1225 2309 1471 2377 percussi
1520 2324 1645 2362 cum
1676 2310 1804 2376 (Isa.

130 2411 268 2458 LIII,
301 2395 380 2465 8).
425 2395 496 2448 Et
548 2393 760 2449 iterum
807 2396 1121 2449 Percutiam
1167 2399 1456 2464 pastorem,
1507 2398 1556 2450 ct
1594 2395 1805 2464 disper-

129 2486 349 2554 gentur
398 2499 521 2538 oves
567 2484 747 2554 gregis
800 2483 984 2553 (Zach.
1046 2501 1169 2550 xm,
1217 2485 1295 2555 7).
1350 2489 1670 2539 Percussus
1719 2489 1809 2541 est

133 2571 308 2628 enim
343 2575 408 2626 ut
437 2589 543 2628 nos
577 2588 1054 2644 resurgeremus;
1091 2571 1431 2628 vulneratus
1463 2578 1571 2642 est,
1606 2578 1670 2628 ut
1701 2590 1807 2630 nos

136 2665 406 2718 sanaret.
434 2660 543 2715 Sed
592 2663 649 2715 et
698 2661 960 2732 sanguis,
994 2666 1050 2717 et
1098 2678 1252 2733 aqua
1300 2679 1426 2734 quae
1470 2663 1540 2718 de
1569 2661 1807 2719 vulnere

136 2748 348 2804 lateris
379 2749 507 2819 ejus
555 2749 695 2804 exiit
745 2751 924 2820 (Joan.
977 2768 1090 2820 xxx,
1145 2751 1257 2822 34),
1312 2751 1573 2824 martyrii
1612 2752 1804 2824 bapti-

138 2838 384 2909 smique
425 2837 683 2910 praetulit
718 2843 944 2910 typum,
978 2857 1081 2912 per
1110 2841 1266 2912 quod
1300 2840 1419 2896 itur
1450 2842 1519 2896 ad
1548 2841 1759 2896 coelum
1789 2859 1802 2898 :

145 2947 179 2980 ι
206 2927 274 2982 Et
295 2943 471 2998 super
485 2926 743 2982 dolorem
761 2928 1070 2984 vulnerum
1094 2944 1356 2984 meorum
1379 2930 1748 2987 addiderunt.
1778 2952 1805 2980 ·›

137 3018 292 3071 Cum
323 3013 410 3071 vel
458 3015 798 3084 Ecclesiam,
849 3016 937 3072 vel
981 3017 1274 3088 apostolos
1323 3019 1612 3089 persecuti
1643 3024 1805 3078 sunt.

221 3128 248 3156 ‹‹
281 3109 521 3177 Appone
543 3104 912 3177 iniquitatem
935 3121 1112 3177 super
1133 3106 1501 3178 iniquitatem
1527 3123 1749 3163 eorum.
1777 3132 1805 3158 ››

135 3194 314 3251 Sicut
344 3194 504 3250 enim
536 3195 691 3265 quod
726 3210 817 3249 me
845 3211 961 3249 non
1002 3195 1394 3262 crediderunt,
1427 3197 1497 3251 ad
1532 3196 1806 3268 iniquita-

1918 1953 2006 2010 bit
2031 1953 2090 2007 in
2121 1969 2238 2008 uno
2271 1970 2510 2025 corpore
2538 1953 2698 2010 illius
2739 1954 2946 2010 matris
2978 1954 3250 2011 caelestis.
3289 1977 3317 2004 «
3350 1955 3420 2010 Et
3443 1953 3576 2009 aedi-

1919 2042 2250 2097 ﬁcabuntur
2275 2043 2539 2099 civitates
2561 2043 2745 2098 Judae.
2775 2067 2794 2092 ι
2821 2043 3041 2098 Animae
3063 2047 3423 2108 sanctorum,
3448 2059 3573 2114 quae

1918 2145 2021 2200 per
2045 2131 2473 2186 confessionem
2525 2131 2584 2185 in
2614 2131 2900 2203 templum
2948 2135 3219 2188 sanctum
3267 2136 3573 2204 tamquam

1915 2217 2026 2272 vivi
2058 2217 2283 2290 lapides
2320 2219 2680 2276 deferuntur.

1989 2328 2018 2355 «
2050 2307 2119 2362 Et
2170 2307 2735 2376 inhabitabuntihi,
2788 2313 2844 2364 et
2891 2309 3226 2365 haereditate
3269 2309 3576 2380 acquirent

1920 2412 2069 2467 eam,
2105 2400 2162 2452 et
2185 2411 2384 2452 semen
2409 2413 2708 2453 servorum
2735 2399 2862 2469 ejus
2884 2397 3204 2470 possidebit
3229 2415 3378 2468 eam,
3405 2421 3432 2449 »
3461 2402 3572 2454 etc.

1919 2485 2116 2540 Sancti
2176 2485 2378 2558 utique
2435 2487 2535 2558 qui
2595 2487 2654 2542 in
2714 2503 2843 2542 eam
2875 2489 3326 2544 transferuntur.
3360 2487 3460 2544 Vel
3484 2505 3572 2544 se-

1919 2589 2052 2628 men
2101 2590 2326 2645 eorum,
2376 2574 2436 2630 id
2486 2580 2596 2641 est,
2647 2576 2747 2647 qui
2798 2593 2900 2649 per
2947 2593 3045 2633 eos
3101 2577 3362 2633 conversi
3412 2582 3572 2634 sunt.

1919 2663 2029 2718 Sed
2063 2663 2200 2735 quia
2225 2663 2435 2720 titulus
2466 2665 2676 2736 psalmi
2725 2683 2830 2737 pro
2861 2666 2954 2721 his
2985 2666 3083 2737 qui
3129 2668 3578 2723 commutabun-

1918 2755 2021 2807 tur
2048 2752 2410 2821 inscribitur,
2445 2770 2680 2809 oremus
2723 2754 3041 2810 Dominum
3071 2762 3137 2810 ut
3165 2772 3292 2821 nos,
3325 2771 3358 2810 a
3385 2756 3574 2827 genti-

1914 2839 2080 2898 litate
2128 2859 2457 2913 conversos,
2508 2843 2568 2896 in
2620 2843 2780 2898 Iuda:
2828 2842 3092 2899 civitates
3139 2842 3408 2908 aediﬁcet,
3455 2848 3512 2898 et
3543 2859 3578 2897 a

1908 2931 2056 3002 jugo
2089 2930 2305 2986 diaboli
2338 2930 2658 3002 absolutos,
2693 2935 2757 2986 ut
2787 2930 3018 2988 soboles
3047 2931 3254 3004 diligat
3284 2930 3574 3003 proprias.

1918 3019 1990 3075 Ut
2019 3037 2166 3092 quos
2199 3021 2446 3076 redemit
2473 3036 2576 3092 per
2607 3020 2757 3076 fellis
2787 3020 3260 3091 amaritudinem,
3293 3036 3396 3092 per
3424 3020 3570 3076 aceti

1917 3109 2310 3181 asperitatem,
2353 3127 2456 3182 per
2504 3110 2694 3166 crucis
2749 3108 3061 3182 supplicia,
3120 3126 3223 3182 per
3273 3109 3570 3166 clavorum

1915 3197 2180 3263 vulnera,
2213 3215 2316 3270 per
2345 3198 2552 3254 mortis
2597 3199 3035 3266 contumeliam,
3079 3215 3180 3270 per
3209 3197 3457 3271 gloriam
3490 3215 3573 3255 re-

136 3289 266 3340 tem
299 3283 384 3338 eis
409 3287 497 3338 est
519 3287 852 3356 reputatum
880 3299 892 3337 :
920 3284 1002 3338 ita
1032 3285 1186 3355 quod
1213 3299 1304 3339 me
1333 3285 1620 3356 persecuti
1644 3291 1804 3352 sunt,
1837 3263 1880 3329 ο
1918 3287 2318 3353 surrectionis,
2355 3287 2437 3342 sic
2487 3287 2778 3343 custodire
2822 3288 3096 3360 dignetur
3142 3287 3201 3341 in
3242 3287 3473 3357 saeculo,
3511 3291 3572 3343 ut

138 3371 444 3444 iniquitati
478 3371 614 3427 huic
663 3372 996 3442 adjiciatur.
1030 3395 1058 3422 «
1110 3372 1180 3428 Et
1217 3390 1334 3428 non
1373 3373 1594 3430 intrent
1624 3374 1681 3429 in
1704 3377 1802 3446 ju-

141 3461 313 3518 stitia
340 3467 460 3528 tua.
490 3483 517 3510 »
541 3459 831 3517 Coelorum
858 3477 992 3516 cum
1005 3461 1189 3532 justis
1211 3480 1326 3517 non
1350 3463 1584 3533 capiant
1603 3479 1800 3536 regna.

223 3575 248 3600 α
287 3548 597 3606 Deleantur
643 3550 714 3605 de
769 3549 918 3606 libro
966 3550 1304 3622 viventium,
1351 3557 1408 3606 et
1457 3568 1592 3607 cum
1621 3553 1804 3623 justis

141 3655 264 3694 non
295 3638 652 3695 scribantur.
685 3660 712 3688 »
742 3637 900 3694 Duos
929 3638 1023 3694 hic
1054 3637 1234 3695 libros
1269 3639 1488 3696 indicat
1513 3641 1799 3712 scriptos:

138 3727 466 3784 viventium
525 3743 590 3782 ac
636 3727 955 3798 justorum.
1004 3727 1168 3784 Unde
1215 3729 1802 3786 animadvertendum

141 3821 235 3874 est
264 3816 418 3888 quod
450 3815 547 3871 ille
578 3815 655 3871 sit
683 3815 1024 3883 viventium,
1067 3816 1128 3872 in
1160 3833 1274 3889 quo
1321 3822 1456 3874 ante
1487 3818 1800 3874 adventum

143 3905 244 3962 Dei
278 3905 573 3978 prophetae
615 3921 681 3960 ac
732 3905 1073 3976 patriarchae
1120 3907 1320 3976 scripti
1365 3911 1524 3963 sunt.
1575 3908 1657 3962 De
1687 3925 1803 3980 quo

144 3995 398 4067 Moyses,
429 3996 704 4066 peccante
750 3993 988 4066 populo,
1039 3993 1154 4049 ait:
1209 3995 1270 4049 Si
1307 4012 1418 4051 non
1465 3995 1696 4052 dimittis
1724 4013 1804 4053 eis

145 4101 390 4152 noxam;
445 4082 568 4139 dele
622 4099 711 4139 me
754 4083 819 4138 de
875 4083 1015 4138 libro
1071 4099 1230 4154 quem
1278 4085 1549 4156 scripsisti
1604 4085 1799 4156 (Exod.

144 4191 324 4243 χχχιι,
357 4175 432 4242 3).
465 4173 770 4229 Justorum
802 4189 936 4228 vero
965 4171 1109 4228 dicit
1157 4171 1325 4228 illum
1357 4173 1428 4229 de
1459 4191 1574 4247 quo
1608 4175 1801 4231 Domi-

143 4280 262 4319 nus
291 4263 364 4318 ad
397 4279 494 4318 eos
525 4260 624 4332 qui
657 4277 759 4332 per
789 4261 961 4317 ﬁdem
1011 4261 1194 4317 secuti
1226 4267 1384 4333 sunt,
1418 4263 1535 4331 ait;
1571 4263 1803 4321 Gaudete

143 4356 192 4408 et
224 4352 468 4408 exultate
507 4353 641 4423 quia
688 4351 915 4405 nomina
943 4359 1117 4406 vestra
1157 4353 1358 4423 scripta
1404 4357 1533 4408 sunt
1579 4355 1636 4408 in
1666 4353 1801 4410 creto

146 4443 299 4513 (Luc.
332 4457 388 4510 x,
417 4439 531 4512 20).
585 4439 985 4495 Persecutores
1035 4455 1170 4512 ergo
1203 4440 1322 4507 isti,
1353 4443 1410 4495 et
1441 4457 1475 4495 a
1505 4441 1693 4513 primo
1725 4442 1799 4497 li-

144 4530 252 4586 bro
283 4528 452 4585 deleti
479 4531 619 4584 sunt
647 4526 871 4599 scripti.

220 4641 251 4669 «
284 4618 399 4691 Ego
420 4633 554 4673 sum
586 4632 808 4689 pauper
853 4618 909 4671 et
940 4614 1164 4671 dolens.
1194 4639 1214 4664 -
1252 4616 1313 4671 In
1347 4615 1641 4674 Passione.
1680 4638 1707 4671 α
1738 4620 1806 4674 Et
1834 4634 1880 4700 D

147 4706 311 4764 salus
341 4710 460 4762 tua.
496 4705 673 4772 Deus,
707 4703 966 4776 suscepit
996 4720 1089 4760 me
1121 4726 1150 4752 »
1182 4704 1624 4777 Resurgentem.
1658 4707 1802 4763 Hinc

139 4797 267 4868 jam
299 4794 589 4867 Propheta
618 4792 880 4866 loquitur
906 4811 918 4848 :
957 4816 976 4841 ε
1031 4793 1148 4865 Ego
1181 4810 1312 4849 sum
1362 4811 1584 4867 pauper
1613 4801 1671 4852 et
1701 4797 1804 4852 do-

143 4884 275 4941 lens
306 4901 320 4940 :
357 4884 493 4940 Cum
521 4885 672 4940 enim
700 4889 840 4939 esset
881 4882 1047 4951 dives,
1075 4898 1176 4954 pro
1208 4884 1365 4939 nobis
1385 4901 1595 4957 pauper
1622 4886 1805 4959 [actus

146 4979 228 5031 est
257 4975 331 5046 (II
361 4974 489 5031 Cor.
521 4991 644 5040 vm,
673 4974 753 5043 9),
797 4974 857 5027 et
885 4971 1246 5045 compeditos
1277 4989 1415 5029 suos
1447 4991 1562 5029 non
1594 4975 1805 5047 despe-

146 5064 249 5120 xit.
281 5064 603 5119 Possumus
637 5061 748 5118 hoc
789 5061 1075 5122 versiculo
1100 5061 1208 5132 uti,
1241 5063 1288 5119 si
1321 5064 1556 5134 quando
1587 5064 1644 5119 in
1676 5065 1804 5119 lau-

149 5154 254 5210 des
285 5157 608 5225 martyrum
639 5167 1002 5224 peroramus.
1031 5151 1280 5217 Quidam
1307 5158 1364 5208 et
1393 5153 1464 5207 de
1495 5153 1806 5210 animabus

150 5241 260 5296 hoc
290 5239 537 5314 intelligi
586 5243 818 5314 putant,
851 5241 1008 5312 quod
1057 5241 1269 5298 clausae
1317 5241 1660 5314 corporibus
1691 5258 1808 5298 non

151 5331 438 5404 despectas
469 5329 588 5387 sint
613 5347 648 5386 a
676 5334 812 5385 Deo.

227 5442 255 5470 α
290 5421 560 5476 Laudabo
610 5435 822 5474 nomen
872 5418 972 5474 Dei
1025 5419 1140 5475 mei
1191 5436 1324 5476 cum
1375 5420 1638 5476 cantico:
1685 5438 1808 5477 ma-

156 5507 444 5582 gnificabo
475 5523 610 5564 eum
667 5507 727 5561 in
786 5506 976 5562 laude.
1012 5529 1040 5555 »
1093 5508 1254 5571 Quod
1313 5508 1401 5565 vel
1457 5511 1525 5564 de
1579 5509 1808 5565 diabolo

156 5595 624 5670 triumphaverit,
653 5596 742 5653 vel
770 5595 971 5652 vicerit
1000 5597 1309 5653 mundum.

232 5686 262 5738 (ἀ
293 5685 552 5745 Placebit
577 5685 716 5744 Deo.
753 5709 779 5736 ››
810 5685 873 5744 Id
929 5689 1036 5758 est,
1070 5686 1245 5745 Patri.
1280 5710 1308 5739 ‹‹
1341 5689 1529 5762 Super
1555 5687 1807 5746 vitulum

1915 3375 2090 3431 faciat
2120 3375 2435 3448 participes
2465 3377 2686 3431 sanctis
2719 3377 2842 3432 suis
2874 3377 2934 3431 in
2965 3392 3162 3449 regno.
3198 3381 3405 3432 Amen.

2465 3501 2799 3557 PSALMUS
2838 3501 3025 3558 LXIX.

1913 3591 1975 3646 In
2004 3591 2189 3660 ﬁnem,
2223 3591 2475 3645 Psalmus
2507 3591 2680 3646 David
2703 3593 2759 3646 in
2813 3592 3290 3656 rememoratione,
3328 3607 3392 3647 eo
3430 3592 3571 3662 quod

1982 3663 2211 3734 salvum
2231 3663 2361 3734 fecit
2386 3678 2507 3734 eum
2553 3663 2835 3718 Dominus.
2883 3664 2997 3718 Iste
3036 3662 3302 3733 psalmus
3341 3678 3410 3717 ex
3440 3679 3568 3734 per-

1985 3733 2416 3806 sonaADomini
2475 3733 2830 3806 incorporati
2895 3734 3142 3804 canitur,
3202 3733 3570 3806 deprecantis

1987 3803 2324 3876 praesidium
2362 3805 2572 3859 Patris.

1985 3911 2252 3978 «oDeus,
2312 3911 2368 3965 in
2439 3911 2802 3982 adjutorium
2870 3927 3066 3968 meum
3124 3912 3396 3968 intende:
3455 3913 3567 3967 Do-

1913 3999 2091 4070 mine,
2126 4021 2153 4049 »
2186 4004 2295 4054 etc.
2329 3999 2608 4055 Nostrum
2640 4000 2999 4072 adjutorium
3025 4001 3294 4056 Christus
3325 4004 3431 4068 est,
3466 4002 3566 4072 qui

1911 4105 2067 4144 nunc
2096 4088 2282 4144 Patris
2312 4087 2595 4144 auxilium
2642 4090 2903 4162 postulat
2945 4090 3016 4145 ad
3049 4089 3436 4145 confutandos
3466 4104 3566 4145 eos

1909 4177 2010 4249 qui
2039 4177 2150 4232 sibi
2181 4178 2583 4233 adversantur.

1988 4287 2015 4319 α
2043 4268 2488 4322 Confundantur
2537 4271 2595 4322 et
2638 4269 2948 4322 reveantur
2995 4265 3093 4338 qui
3141 4270 3410 4338 quaerunt
3439 4266 3566 4322 ani-

1910 4373 2067 4412 mam
2090 4371 2303 4422 meam,
2330 4359 2393 4410 ut
2415 4355 2683 4410 auferant
2702 4370 2852 4410 eam.
2877 4373 2902 4405 ο
2935 4356 2998 4410 In
3020 4355 3128 4410 hoc
3151 4354 3304 4411 enim
3328 4357 3570 4412 confun-

1909 4445 2156 4510 duntur,
2190 4460 2322 4498 cum
2346 4461 2479 4498 eum
2503 4443 2675 4514 cujus
2700 4443 2956 4499 animam
2980 4445 3206 4500 auferre
3235 4444 3565 4512 voluerunt,

1911 4531 2296 4590 resurrexisse
2333 4537 2710 4605 cognoscunt.

1984 4645 2011 4672 «
2048 4623 2394 4678 Avertantur
2440 4626 2784 4690 retrorsum,
2833 4625 2890 4679 et
2937 4623 3284 4679 erubescant
3327 4622 3426 4694 qui
3465 4640 3568 4678 vo-

1913 4711 2045 4767 lunt
2092 4710 2236 4766 mihi
2292 4710 2464 4766 mala.
2521 4733 2541 4762 ι
2598 4711 2724 4767 Non
2775 4711 3163 4768 immutantur
3203 4711 3263 4767 in
3309 4728 3568 4768 resurre-

1913 4799 2102 4856 ctione
2132 4817 2264 4856 cum
2297 4799 2539 4869 sanctis,
2570 4801 2671 4857 sed
2703 4805 3024 4856 retrorsum
3068 4800 3326 4856 conversi
3361 4801 3565 4856 erube-

1914 4893 2180 4946 scentes:
2217 4888 2355 4962 quia
2385 4906 2560 4962 quem
2590 4894 2656 4945 ut
2694 4889 2992 4946 hominem
3019 4891 3449 4962 judicaverunt,
3473 4890 3568 4960 ju-

1913 4978 2107 5034 dicare
2135 4983 2201 5035 ut
2229 4979 2412 5034 Deum
2444 4984 2711 5035 cernunt.

1988 5091 2014 5117 ‹‹
2049 5069 2400 5124 Avertantur
2445 5069 2644 5124 statim
2704 5068 3148 5124 erubescentes:
3204 5068 3303 5140 qui
3362 5067 3567 5124 dicunt

1916 5156 2062 5212 mihi
2092 5173 2258 5229 euge,
2289 5172 2454 5229 euge.
2492 5179 2519 5206 »
2571 5155 2942 5212 Irridentium
2993 5156 3112 5212 haec
3161 5173 3270 5212 vox
3299 5160 3406 5225 est,
3440 5174 3565 5228 quae

1918 5245 1989 5300 ad
2023 5261 2121 5300 eos
2154 5246 2400 5301 refertur
2447 5246 2545 5318 qui
2589 5245 2898 5301 dicebant:
2933 5245 2993 5301 Si
3037 5247 3215 5302 Filius
3248 5247 3342 5302 Dei
3368 5262 3442 5316 es,
3472 5247 3565 5302 de-

1915 5333 2106 5389 scende
2134 5333 2200 5389 de
2226 5350 2389 5390 cruce
2433 5333 2642 5405 (Matth.
2677 5352 2829 5401 xxvx,
2882 5335 2968 5405 40)
2993 5353 3012 5395 ,·
3060 5339 3116 5390 et
3146 5335 3398 5391 iterum:
3435 5335 3568 5392 Con-

1915 5423 2038 5494 ﬁdit
2063 5425 2125 5478 in
2154 5425 2366 5479 Deum:
2417 5425 2612 5479 liberet
2657 5441 2799 5494 eum,
2843 5427 2894 5479 si
2932 5426 3046 5479 vult
3095 5425 3252 5495 (Ibid.
3287 5425 3396 5496 43).
3432 5429 3569 5480 Post

1916 5511 2233 5584 impiorum
2264 5529 2398 5568 vero
2419 5529 2672 5584 poenam,
2697 5513 2769 5568 ad
2791 5513 3038 5585 gloriam
3062 5513 3413 5570 convertitur
3434 5514 3566 5569 bea-

1914 5603 2130 5656 torum.

1989 5714 2017 5741 «
2049 5689 2353 5749 Exsultent
2383 5693 2439 5747 et
2468 5689 2737 5749 laetentur
2766 5691 2825 5749 in
2856 5695 2913 5749 te
2942 5708 3144 5752 omnes
3164 5691 3265 5765 qui
3295 5692 3566 5766 quarunt

3403 396 3565 462 1086
3645 395 3647 397 ’
