3976 6188
188 346 345 419 {0‘89

1371 344 1866 415 BREVIARIUM
1910 345 1991 405 IN
2035 343 2423 407 PSALMOS.

3443 350 3601 415 1090

184 486 556 546 annuntiavit
586 503 599 541 :
635 502 813 560 quam
846 501 953 543 suo
983 485 1268 559 sanguine
1301 483 1613 557 acquisivit
1639 486 1698 538 et
1727 497 1830 554 pro
1860 482 1913 548 Α
1943 483 2032 534 tes
2057 477 2834 544 aerumnas,consolationem
2882 480 3118 553 capiant
3147 484 3600 557 sempiternam.

181 597 298 652 qua
324 594 534 650 passus
566 580 656 632 est
685 593 812 648 quae
844 579 1191 647 sequuntur.
1229 599 1256 623 ››
1289 577 1423 640 Quae
1466 573 1652 628 fecisti
1706 587 1829 626 ma-

179 667 402 742 gnalia,
433 671 585 721 Deus
619 663 632 719 l
667 665 798 737 quis
829 664 1042 720 similis
1072 663 1231 719 tibi?
1265 687 1291 713 ››
1318 663 1425 728 Qui
1467 678 1560 718 me
1603 660 1832 716 miseri-

175 757 337 814 cordi
369 754 610 811 consilio
642 755 712 809 ad
745 753 1210 826 redemptionem
1234 753 1560 808 humanam
1595 749 1830 805 misisti.

254 871 278 895 ‹‹
313 845 572 909 Quantas
605 842 911 898 ostendisti
945 843 1087 898 mihi
1122 841 1536 898 tribulationes
1589 839 1830 905 multas,

183 940 240 992 et
269 934 456 992 malas
489 934 502 988 !
539 937 594 988 et
633 949 949 988 conversus
1006 931 1307 988 viviﬁcasti
1373 948 1484 987 me.
1548 954 1575 980 »
1636 929 1833 984 Multae

184 1025 422 1098 quidem
455 1022 506 1078 ei
535 1021 942 1078 tribulationes
967 1020 1023 1076 in
1055 1021 1611 1077 carnisinfirmitate
1637 1023 1833 1074 osten-

185 1131 263 1169 saa
296 1117 434 1170 sunt
465 1112 538 1167 ob
570 1111 820 1167 salutem
851 1111 1098 1166 humani
1161 1111 1408 1182 generis,
1475 1109 1575 1166 sed
1637 1108 1838 1164 omnia

185 1203 460 1258 vivaciter
485 1200 750 1256 toleravit
798 1222 824 1249 ‹‹
858 1200 928 1255 Et
985 1200 1056 1254 de
1113 1200 1339 1273 abyssis
1397 1203 1561 1255 terra:
1620 1199 1835 1252 iterum

185 1290 468 1349 reduxisti
503 1307 614 1346 me.
650 1312 678 1341 »
713 1294 831 1346 Hoc
871 1293 960 1344 est
1016 1289 1085 1345 de
1144 1289 1547 1361 profunditate
1598 1287 1832 1342 inferni.

186 1381 392 1436 Dicant
423 1396 577 1434 nunc
601 1379 811 1454 Judaei,
847 1379 948 1450 qui
980 1378 1137 1433 hunc
1185 1377 1480 1449 psalmum
1531 1378 1590 1432 in
1643 1376 1837 1432 solum

185 1469 364 1526 David
395 1484 600 1524 canere
629 1467 833 1522 volunt
865 1485 877 1522 :
911 1467 1146 1538 quando
1192 1467 1263 1522 de
1311 1468 1599 1539 profundo
1641 1465 1838 1538 abyssi

183 1564 276 1615 est
307 1559 578 1615 eductus.

256 1669 286 1696 «
320 1645 711 1718 Multiplicasti
744 1643 1240 1718 magnificentiam
1266 1647 1450 1712 tuam,
1488 1643 1662 1712 Deus,
1690 1647 1834 1696 nete.

180 1737 331 1792 Cum
361 1734 420 1789 hi
452 1734 552 1805 qui
584 1734 643 1788 in
674 1734 900 1789 inferno
950 1733 1318 1801 tenebantur,
1375 1748 1604 1788 mecum
1653 1729 1838 1786 redie-

182 1829 349 1880 runt.

261 1934 284 1962 ε
317 1913 463 1968 Nam
492 1915 550 1967 et
577 1927 682 1983 ego
713 1911 1031 1967 confitebor
1073 1911 1180 1967 tibi
1231 1912 1287 1967 in
1336 1911 1492 1967 vasis
1534 1909 1767 1982 psalmi.
1802 1930 1830 1961 ››

178 2002 293 2067 Qui
327 2002 395 2056 de
424 1999 524 2056 illo
552 1999 686 2055 vino
719 2016 865 2056 novo
893 1999 1239 2072 evangelicae
1260 2005 1318 2057 et
1339 1999 1668 2072 apostolicae
1701 2015 1837 2070 pra:-

179 2089 494 2146 dicationis
527 2088 754 2160 repleti,
785 2089 843 2142 in
875 2087 1119 2160 psalmis
1171 2105 1263 2154 me
1312 2087 1647 2159 intelligunt
1689 2104 1834 2158 pras-

177 2184 460 2236 conatum
495 2195 508 2234 :
549 2201 570 2226 ι
606 2177 919 2232 Veritatem
971 2182 1155 2244 tuam,
1191 2183 1364 2246 Deus,
1429 2175 1679 2248 psallam
1733 2174 1842 2230 tibi

180 2269 244 2324 in
299 2268 546 2337 cithara,
596 2271 746 2322 Deus
795 2270 1036 2322 sanctus
1083 2265 1344 2322 Israel.»
1388 2267 1452 2320 ln
1499 2265 1590 2320 his
1637 2264 1738 2336 qui
1786 2268 1842 2319 te

177 2361 388 2413 mente
418 2355 690 2411 retinent.

257 2469 289 2494 ‹‹
325 2442 713 2500 Exsultabunt
745 2442 901 2498 labia
930 2459 1078 2511 mea,
1113 2466 1143 2494 »
1176 2448 1285 2499 etc.
1324 2445 1454 2500 Haec
1500 2444 1572 2499 ad
1604 2443 1839 2499 clausu-

175 2534 310 2589 lam
363 2532 574 2604 psalmi
604 2531 890 2604 Propheta
919 2533 1076 2588 dicit.
1111 2556 1140 2583 ‹‹
1173 2538 1242 2588 Et
1275 2533 1472 2589 anima
1503 2550 1633 2589 mea
1662 2549 1840 2605 quam

176 2621 508 2677 redemisti.
540 2642 568 2671 »
599 2621 678 2676 Ne
710 2621 759 2675 ei
793 2638 951 2678 mors
982 2623 1239 2678 secunda
1267 2623 1689 2679 dominaretur.

261 2710 406 2766 .Sed
438 2714 494 2765 et
527 2710 729 2783 lingua
760 2727 889 2767 mea
917 2712 1300 2768 meditabitur
1322 2713 1621 2781 justitiam
1645 2716 1843 2767 tuam:

175 2816 320 2857 cum
353 2798 604 2866 confusi,
639 2804 697 2854 et
727 2800 955 2855 reveriti
998 2801 1212 2857 fuerint
1242 2801 1342 2873 qui
1373 2805 1645 2872 quaerunt
1694 2798 1848 2856 mala

178 2888 354 2945 mihi.
388 2907 414 2938 n
451 2887 581 2943 Sive
612 2888 772 2954 vitia,
805 2888 926 2944 sive
957 2893 1274 2961 potestates
1303 2906 1505 2957 aereas,
1536 2907 1666 2962 qua:
1700 2889 1853 2959 mihi

176 2978 424 3049 iniquas
457 2977 723 3032 inferunt
755 2977 1174 3034 immissiones.
1227 2979 1345 3038 Nos
1392 2996 1526 3035 vero
1575 2980 1848 3049 deprece-

183 3082 329 3122 mur
360 3065 766 3132 Dominum,ut
793 3065 1012 3136 repleto
1043 3064 1318 3122 laudibus
1348 3069 1477 3138 ejus
1509 3083 1606 3143 ore
1639 3066 1848 3120 buma-

184 3171 293 3221 no,
325 3171 392 3210 ea
422 3171 657 3226 semper
686 3154 1038 3210 meditemur
1066 3155 1125 3211 in
1158 3155 1454 3223 cordibus,
1488 3172 1619 3227 qua
1648 3155 1699 3210 ei
1733 3154 1851 3227 pla-

186 3244 330 3300 citis
359 3244 599 3299 vocibus
632 3245 1020 3316 proferamus.

750 3333 1072 3388 PSALMUS
1114 3333 1306 3388 LXXI.

203 3425 277 3478 In
307 3422 747 3478 Salomonem.Et
777 3421 870 3476 hic
900 3421 1164 3493 psalmus
1194 3422 1424 3493 proprie
1455 3423 1525 3478 ad
1557 3423 1850 3477 Christum

288 3494 550 3566 refertur.
583 3493 859 3549 Salomon
890 3494 1108 3565 quippe
1149 3494 1452 3566 pacificus,
1485 3498 1543 3549 et
1571 3493 1852 3566 pacificus

286 3570 375 3620 est
412 3564 680 3621 Christus
715 3582 728 3618 :
761 3568 818 3619 et
872 3564 1176 3635 permanet
1222 3582 1354 3620 cum
1413 3564 1666 3631 solefet
1718 3570 1852 3620 ante

281 3636 480 3709 lunam
539 3636 931 3709 generationis
1001 3637 1462 3709 generationum,
1555 3637 1612 3692 Si
1675 3654 1853 3709 super

280 3707 588 3789 Salomone
619 3707 728 3789 iste
757 3707 1026 3789 psalmus
1054 3707 1416 3789 intelligitur,
1451 3707 1559 3763 hoc
1617 3707 1850 3789 penitus

280 3784 435 3834 stare
466 3795 594 3860 non_
614 3777 820 3851 pateat.
855 3777 1399 3860 Salomonﬁquippe.
1433 3796 1537 3860 nec
1567 3777 1700 3860 cum
1727 3779 1849 3860 sole

280 3867 385 3906 nec
417 3867 550 3905 cum
581 3849 724 3904 luna
753 3850 1098 3921 permansit.
1134 3849 1193 3903 Si
1225 3849 1353 3905 vero
1384 3849 1655 3905 volumus
1685 3851 1851 3905 intel-

277 3921 453 3994 ligere
485 3922 555 3994 de
577 3922 824 3994 Christo,
859 3921 1237 3994 quaerendum
1261 3922 1552 3994 quomodo
1584 3921 1850 3977 Christus

281 3991 393 4050 non
424 3992 636 4048 habeat
666 3993 842 4048 finem
875 4010 887 4047 :
923 4009 1054 4046 cum
1089 3992 1194 4055 sol,
1227 3991 1291 4046 et
1313 3991 1472 4058 luna,
1531 3998 1588 4046 et
1618 3994 1849 4058 coelum,

279 4068 338 4118 et
368 4064 565 4118 omnia
592 4069 970 4133 veterascere,
1003 4069 1059 4117 et
1113 4063 1362 4118 transire
1414 4064 1704 4119 dicantur.
1737 4064 1848 4119 Sed

280 4135 890 4217 iste‘septuagesi'mus
921 4135 1147 4217 primus
1196 4134 1460 4217 psalmus
1508 4152 1679 4217 quem
1712 4140 1850 4190 Pro-

1869 1855 1918 1919 B

1882 3219 1924 3284 C

283 4205 717 4279 phetacecinit.
753 4205 962 4262 Filium
997 4206 1098 4262 Dei
1129 4205 1507 4262 inmundum
1527 4205 1850 4279 venturum
1909 4269 1916 4276 ε

282 4277 536 4350 ostendit
562 4296 574 4344 ;
608 4295 857 4349 cumque
889 4283 1019 4349 post
1039 4284 1354 4350 assumptus
1379 4279 1572 4333 carnis
1602 4277 1852 4350 injurias

279 4348 675 4422 liberatosque
707 4348 987 4422 pauperes
1025 4350 1095 4404 de
1127 4348 1302 4404 manu
1356 4350 1628 4422 potentis,
1652 4348 1851 4422 77cmlis

285 4421 602 4492 redditum,
637 4438 670 4476 a
709 4421 876 4492 Patre
928 4436 1100 4492 omne
1157 4421 1483 4492 sumpsisse
1530 4421 1849 4492 judicium.

283 4491 421 4548 Tale
450 4492 630 4564 igitur
651 4491 833 4547 sumit
862 4491 1161 4546 exordium
1198 4509 1210 4545 :

286 4601 308 4632 ι
347 4583 497 4636 Deus
518 4581 810 4652 judicium
839 4583 1009 4635 tuum
1042 4579 1162 4651 regi
1192 4581 1283 4634 da.
1324 4602 1345 4628 ι»
1382 4581 1665 4652 Loquitur
1693 4596 1851 4653 ergo,

207 4673 275 4724 ut
305 4669 584 4739 diximus,
619 4668 906 4741 Propheta
936 4669 1008 4724 ad
1040 4673 1366 4736 Patrem,ut
1394 4669 1689 4739 judicium
1714 4669 1856 4728 Filio

207 4759 405 4828 donet,
439 4775 551 4813 non
583 4759 738 4830 quod
760 4774 895 4814 eum
925 4757 982 4812 in
1015 4774 1131 4812 una
1178 4757 1402 4813 Deitate
1432 4759 1848 4815 subsistentem

208 4863 326 4903 non
361 4847 588 4915 habeat,
617 4848 718 4903 sed
747 4851 810 4901 ut
838 4847 898 4901 in
931 4863 1168 4917 corpore
1211 4850 1521 4902 venturum
1552 4849 1847 4904 ostendat.

208 4957 236 4985 «
270 4935 341 4989 Et
361 4935 655 5006 justitiam
687 4940 849 4990 tuam
882 4934 1001 4990 ﬁlio
1033 4935 1206 5007 regis.
1273 4959 1296 4985 ι)
1360 4935 1578 5007 Populo
1639 4937 1740 5008 qui
1793 4938 1854 4992 in

209 5024 583 5095 adoptionem
615 5024 718 5078 filii
751 5029 1114 5095 assumptus,
1146 5040 1248 5095 per
1305 5023 1667 5096 baptismum
1707 5026 1766 5080 in
1790 5042 1855 5082 eo

208 5117 444 5168 renatus
475 5117 582 5169 esti
627 5112 772 5168 Nam
820 5129 1075 5185 congrue
1131 5113 1421 5180 convenit,
1483 5119 1545 5168 ut
1604 5114 1858 5186 p0pulus

205 5200 439 5270 justitia
465 5201 620 5257 vivat
652 5220 664 5257 :
699 5218 798 5256 rex
825 5207 1021 5256 autem
1062 5200 1375 5271 judicium,
1405 5203 1560 5272 quod
1606 5219 1640 5257 a
1688 5208 1858 5260 Patre

211 5289 492 5361 'suscepit,
525 5293 803 5358 exerceat,
835 5289 992 5361 quod
1025 5305 1276 5360 sequens
1332 5289 1646 5346 conﬁrmat
1675 5291 1853 5347 versi-

212 5377 401 5434 culus.

287 5490 314 5516 »
343 5468 620 5525 Judicare
650 5465 933 5540 populum
968 5472 1138 5524 tuum
1197 5467 1257 5523 in
1299 5469 1550 5540 justitia.
1589 5491 1616 5520 ››
1676 5472 1858 5534 Quem

212 5571 316 5630 per
344 5557 676 5629 passionem
708 5573 775 5613 ac
815 5557 1300 5613 resurrectionem
1334 5557 1493 5614 illius
1550 5559 1857 5630 acquisisti

284 5646 352 5704 Et
380 5663 663 5722 pauperes
693 5652 826 5705 tuos
857 5645 914 5704 in
939 5644 1188 5721 judicio.
1226 5669 1255 5716 ξ)
1313 5646 1404 5716 Ut,
1437 5653 1571 5721 post
1597 5665 1856 5722 praesen-

1885 4586 1931 4650 D

2021 592 2045 617 ‹‹
2093 567 2429 639 Suscipiunt
2478 572 2708 624 montes
2767 585 2969 640 pacem
3023 572 3258 642 populo,
3321 579 3376 630 et
3429 577 3605 633 colles

1936 657 2233 727 justitiam
2268 661 2452 712 tuam.
2486 679 2512 708 ››
2546 658 2774 714 Montes
2804 657 3096 730 collesque
3115 661 3357 733 duplam
3390 664 3604 723 habere

1945 745 2412 818 intelligentiam,
2448 764 2599 818 saepe
2627 748 2993 818 monuimus,
3036 747 3094 804 id
3125 756 3235 820 est,
3269 754 3453 822 partis
3487 757 3604 810 dei-

1944 835 2086 900 ficae,
2120 838 2176 889 et
2206 836 2476 891 adversae.
2514 836 2659 908 Ergo
2692 836 2750 890 hi
2787 837 2908 908 qui,
2971 838 3286 896 seducente
3329 842 3601 899 adversa-

1944 924 2051 991 rio,
2088 924 2418 979 faventibus
2454 925 2694 995 divitiis,
2727 925 2784 979 in
2837 925 3076 981 modum
3132 926 3369 983 collium
3430 947 3597 987 men-

1945 1014 2211 1084 tiumque
2241 1013 2446 1068 elevati
2478 1018 2615 1070 sunt
2648 1032 2660 1068 :
2697 1015 2914 1069 subditi
2949 1032 3103 1071 nunc
3130 1038 3156 1065 »
3188 1033 3275 1088 eo,
3309 1017 3470 1074 illam
3493 1037 3590 1091 pa-

1945 1116 2067 1156 cem
2095 1102 2511 1173 justitiamque
2543 1103 2885 1174 suscipiant,
2919 1120 3096 1175 quam
3143 1105 3390 1177 populus
3414 1125 3588 1179 quem

1947 1192 2217 1262 superius
2247 1191 2580 1262 adoptivum
2614 1193 2893 1265 diximus,
2953 1197 3130 1260 tenet,
3190 1194 3246 1252 id
3281 1201 3368 1250 est
3425 1197 3591 1252 Chri-

1949 1284 2126 1346 stum,
2162 1279 2260 1350 qui
2295 1283 2380 1334 est
2409 1297 2519 1352 pax
2549 1286 2748 1335 nostra
2777 1287 2833 1336 et
2856 1282 3108 1351 justitia.

2025 1391 2044 1417 α
2078 1368 2377 1423 Judicabit
2407 1385 2695 1448 pauperes
2724 1370 2942 1441 populi.
2999 1394 3020 1422 υ
3080 1371 3152 1426 Ut
3212 1390 3313 1443 pro
3354 1392 3420 1431 eo
3451 1395 3594 1448 pau-

1949 1472 2114 1528 peres
2145 1456 2298 1526 facti,
2333 1456 2669 1513 ccelestibus
2703 1460 2895 1530 regnis
2952 1458 3403 1532 locupletentur.
3439 1488 3466 1514 «
3531 1470 3596 1520 Et

1948 1545 2138 1601 salvos
2168 1544 2339 1600 faciet
2365 1545 2516 1601 filios
2565 1563 2908 1617 pauperum.
2943 1571 2970 1596 »
3003 1550 3107 1614 Qni
3142 1566 3244 1620 per
3299 1568 3396 1608 eos
3454 1571 3591 1610 con-

1946 1634 2095 1690 versi
2129 1638 2285 1689 sunt.
2324 1656 2352 1683 ιι
2385 1638 2451 1689 Et
2480 1634 2816 1690 humiliabit
2859 1637 3363 1695 calumniatorem.
3393 1664 3421 1692 »
3455 1643 3588 1698 Lar-

1947 1724 2067 1795 gito
2091 1723 2271 1794 justis
2302 1723 2558 1795 praemio,
2591 1723 2866 1780 humiliat
2906 1725 3228 1794 diabolum,
3288 1730 3387 1800 qui
3429 1749 3582 1790 nunc

1949 1813 2032 1867 eis
2056 1811 2446 1868 calumniator
2476 1814 2728 1868 exsistit.

2021 1924 2048 1950 «
2087 1903 2153 1956 Et
2187 1901 2551 1972 permanebit
2579 1918 2713 1956 cum
2747 1902 2888 1957 sole.
2936 1925 2964 1953 »
2998 1905 3143 1961 Cum
3174 1905 3433 1963 claritate
3492 1927 3593 1982 pa-

1949 1993 2132 2045 terna.
2159 1988 2303 2043 Nam
2336 1988 2473 2044 huic
2505 1988 2612 2044 soli
2637 1990 2823 2060 aptari
2848 1991 2961 2045 ista
2987 2008 3102 2047 non
3132 2001 3382 2063 possunt
3410 2015 3422 2052 :
3457 1998 3598 2068 quia

1950 2095 2088 2132 cum
2121 2077 2228 2131 hoc
2263 2077 2482 2132 mundo
2514 2076 2884 2132 dissolvetur.
2920 2103 2946 2128 ‹‹
2983 2081 3051 2134 Et
3081 2087 3215 2137 ante
3267 2081 3467 2139 lunam
3499 2103 3602 2158 ge-

1953 2166 2268 2221 nerationis
2299 2165 2766 2238 generationum.
2803 2188 2830 2215 »
2879 2167 3042 2222 Prior
3070 2169 3226 2225 enim
3257 2172 3437 2227 stabit
3465 2178 3600 2230 ante

1952 2271 2184 2310 omnem
2217 2254 2723 2326 congregationem
2757 2255 3045 2327 Ecclesiae,
3106 2260 3480 2334 manebitque
3538 2263 3596 2319 in

1953 2343 2396 2415 sempiternum.
2436 2365 2463 2393 «
2495 2343 2561 2398 Et
2591 2344 2903 2400 descendet
2945 2346 3099 2401 sicut
3152 2347 3344 2418 pluvia
3401 2351 3461 2406 in
3489 2352 3602 2407 vel-

1953 2431 2068 2486 lus.
2103 2455 2130 2482 »
2165 2432 2328 2486 Sicut
2358 2430 2512 2486 enim
2549 2432 2606 2486 in
2638 2431 2822 2488 vellus
2846 2433 3130 2491 Gedeonis
3149 2435 3345 2508 pluvia
3361 2439 3602 2496 descen-

1953 2521 2118 2590 dens,
2151 2537 2283 2575 cum
2318 2526 2470 2575 terra
2503 2521 2667 2576 arida
2698 2522 2908 2578 defecit
2940 2523 3142 2596 (ludio.
3183 2542 3257 2593 v1,
3291 2528 3404 2594 37),
3437 2529 3516 2584 ita
3547 2535 3603 2585 et

1955 2609 2047 2664 hic
2081 2609 2327 2681 illapsus
2357 2613 2444 2664 est
2479 2609 2535 2664 in
2571 2614 2804 2665 uterum
2832 2611 3176 2683 virginalem
3227 2633 3328 2686 per
3357 2616 3602 2674 infusio-

1957 2715 2089 2752 nem
2121 2697 2374 2770 Spiritus
2405 2699 2612 2753 sancti.
2655 2722 2674 2746 «ι
2711 2699 2780 2753 Et
2809 2699 2962 2755 sicut
2993 2702 3293 2759 stillicidia
3323 2705 3606 2763 stillantia

1958 2804 2135 2858 super
2166 2791 2437 2842 terram.»
2474 2788 2645 2842 Arida
2675 2786 2832 2843 enim
2865 2794 2990 2844 erat
3018 2795 3172 2846 terra
3201 2791 3445 2848 humani
3471 2813 3605 2851 cor-

1958 2875 2115 2947 poris
2141 2891 2274 2930 cum
2308 2875 2558 2945 advenit,
2614 2893 2715 2931 nec
2777 2876 2962 2933 ullum
3022 2879 3277 2936 fructum
3333 2883 3605 2940 exhibere

1960 2968 2184 3036 poterat
2213 2963 2539 3019 sanctitatis
2572 2981 2584 3018 :
2610 2965 2711 3020 sed
2738 2965 2862 3038 ipse
2879 2982 3005 3021 eam
3037 2969 3466 3039 praedicationis
3485 2989 3602 3028 suae

1961 3051 2276 3108 stillicidiis
2301 3052 2667 3108 fecundatam
2702 3054 2988 3111 fructibus
3020 3055 3533 3128 reple'vitaeternis.

2033 3182 2061 3210 ‹‹
2094 3159 2327 3215 Orietur
2359 3160 2416 3214 in
2447 3160 2656 3216 diebus
2687 3161 2812 3231 ejus
2836 3162 3094 3233 justitia.
3154 3168 3210 3220 et
3241 3166 3612 3225 abundantia

1963 3249 2145 3320 pacis.
2177 3271 2204 3297 ››
2237 3251 2398 3315 Quod
2426 3250 2484 3304 in
2515 3250 2725 3306 diebus
2757 3253 3005 3323 Augusti
3059 3254 3303 3310 Caesaris
3355 3261 3444 3313 est
3498 3257 3611 3314 im-

1961 3339 2363 3408 pletum,cum
2397 3338 2679 3394 Dominus
2711 3341 2782 3395 de
2839 3339 3098 3396 thalamo
3155 3342 3426 3415 virginali
3476 3363 3610 3418 pro-

1961 3427 2154 3482 cessit.
2189 3427 2334 3481 Nam
2364 3427 2446 3482 ita
2479 3427 2572 3483 his
2603 3428 2811 3484 diebus
2843 3429 3040 3485 omnia
3069 3430 3220 3486 bella
3240 3434 3608 3504 quieverunt,

1961 3520 2026 3569 ut
2056 3516 2230 3570 etiam
2262 3514 2404 3570 illud
2440 3515 2802 3588 impleretur,
2837 3519 2992 3589 quod
3023 3518 3176 3574 alius
3199 3521 3484 3594 propheta
3514 3541 3608 3579 ce-

1960 3603 2124 3669 cinit,
2159 3605 2359 3659 dicens
2394 3621 2407 3659 :
2444 3604 2838 3662 Convertcru-nt
2867 3607 3078 3678 gladios
3106 3625 3234 3665 suos
3283 3613 3339 3665 in
3365 3629 3609 3669 vomeres

1957 3694 2238 3748 etlanceas
2268 3711 2394 3748 suas
2454 3696 2513 3748 in
2566 3693 2741 3765 falces
2799 3697 2926 3767 (Iw.
2981 3715 3042 3765 11,
3093 3698 3167 3769 3).
3227 3699 3361 3755 Dies
3410 3705 3605 3758 autem

1958 3783 2086 3852 ejus
2116 3787 2254 3837 sunt
2284 3799 2418 3837 cum
2450 3783 2797 3854 concipitur,
2830 3802 2964 3840 cum
2997 3787 3276 3858 nascitur,
3301 3806 3435 3845 cum
3493 3786 3604 3846 nu-

1958 3871 2150 3925 tritur.
2185 3871 2313 3927 Dies
2342 3873 2469 3942 ejus
2500 3877 2659 3941 sunt,
2693 3890 2828 3928 cum
2861 3891 3034 3946 opera
3067 3875 3252 3932 Patris
3307 3885 3606 3949 operatur.

1959 3976 2094 4014 cum
2127 3961 2366 4031 patitur,
2399 3977 2532 4015 cum
2565 3962 2636 4016 ad
2670 3962 2901 4018 inferna
2931 3963 3393 4031 descendit,cum
3419 3984 3610 4023 resur-

1960 4049 2065 4120 git,
2097 4066 2229 4103 cum
2263 4066 2324 4105 se
2355 4049 2661 4121 discipulis
2694 4052 2938 4122 praebet,
2963 4070 3097 4107 cum
3131 4052 3303 4108 caelos
3327 4056 3611 4111 ascendit.

1961 4161 1986 4186 «
2024 4141 2207 4194 Donec
2239 4139 2536 4193 auferatur
2569 4139 2728 4193 luna.
2765 4161 2793 4188 ››
2825 4139 3092 4195 Elevelur
3123 4141 3396 4196 Ecclesia.

2038 4249 2057 4273 α
2091 4227 2160 4280 Et
2192 4226 2593 4282 dominabitur
2623 4245 2656 4282 a
2679 4228 2827 4282 mari
2881 4246 3065 4300 usque
3097 4231 3168 4284 ad
3202 4246 3384 4300 mare,
3422 4255 3449 4280 »
3499 4237 3608 4289 etc.

1961 4315 2172 4369 Totum
2209 4315 2363 4369 hunc
2397 4317 2681 4370 mundum
2716 4333 2824 4371 sua
2859 4317 3129 4388 passione
3148 4319 3503 4391 acquisitum
3529 4327 3613 4378 at—

1961 4420 2072 4474 que
2104 4404 2434 4473 subjectum
2466 4403 2698 4458 Christo
2729 4405 2967 4461 Domino
3019 4406 3302 4478 propheta
3331 4414 3608 4467 testatur.

2037 4517 2056 4540 α
2093 4491 2300 4547 Coram
2327 4491 2422 4547 illo
2454 4492 2756 4562 procidant
2801 4493 3116 4567 fEthiopes.
3179 4519 3206 4545 »
3238 4497 3494 4554 Peccatis
3526 4505 3612 4556 te-

1966 4580 2218 4647 nebrosi,
2253 4604 2278 4630 ‹‹
2304 4581 2370 4636 Et
2400 4580 2622 4636 inimici
2655 4583 2781 4652 ejus
2815 4587 3032 4640 terram
3081 4584 3325 4657 lingent.
3362 4609 3390 4636 »
3439 4589 3617 4644 Juxta

1968 4668 2113 4724 illud
2145 4687 2157 4723 :
2188 4669 2268 4725 Te
2291 4670 2620 4725 adorabunt
2649 4676 2706 4726 et
2745 4673 3040 4744 pulverem
3102 4653 3317 4746 pedu‘m‘
3377 4681 3614 4732 tuorum

1961 4759 2183 4830 lingent
2212 4760 2338 4830 (Isa.
2371 4777 2522 4830 xmx,
2554 4761 2666 4832 23).
2709 4782 2730 4809 α
2782 4765 2965 4833 Reges
3025 4762 3267 4819 Tharsis
3325 4768 3382 4819 et
3407 4764 3612 4820 insulae

1966 4865 2212 4903 munera
2255 4848 2496 4904 oﬂ'erent
2545 4866 2557 4904 :
2610 4865 2775 4922 reges
2830 4851 3087 4907 Arabum
3149 4857 3206 4908 et
3251 4852 3404 4908 Saba
3460 4853 3614 4910 dona

1968 4938 2341 5002 adducent,»
2386 4943 2493 4992 etc.
2545 4939 2730 4994 Omne
2779 4938 2872 4996 hic
2921 4941 3224 4997 mundiale
3277 4941 3612 5014 imperium,

1967 5025 2235 5093 honores,
2266 5030 2322 5081 et
2363 5026 2597 5082 ordines
2644 5029 2715 5082 ad
2765 5029 3060 5083 Christum
3114 5030 3428 5086 Dominum
3461 5048 3619 5088 acce-

1967 5114 2120 5185 dere,
2153 5114 2320 5185 eique
2351 5113 2502 5169 colla
2531 5116 2904 5183 submittere,
2946 5118 3352 5190 bonorumque
3385 5136 3615 5177 morum

1968 5205 2121 5258 dona
2149 5203 2389 5259 deferre.
2425 5203 2712 5275 Propheta
2746 5207 3089 5276 pronuntiat
3121 5223 3132 5260 :
3168 5209 3323 5279 quod
3384 5226 3452 5264 ex
3491 5227 3616 5266 ma-

1969 5308 2173 5365 gorum
2223 5291 2568 5347 muneribus
2618 5293 3002 5366 intelligimus
3078 5295 3440 5353 inchoatum.
3503 5299 3619 5372 Ipsi

1969 5381 2124 5436 enim
2187 5381 2450 5452 gentium
2500 5397 2824 5454 regumque
2881 5388 3084 5457 typum
3134 5386 3396 5442 tenuisse
3457 5401 3619 5444 mon-

1970 5475 2252 5526 strantur.

2046 5583 2065 5608 α
2100 5561 2248 5625 Quia
2277 5559 2541 5615 liberavit
2565 5577 2880 5634 pauperem
2913 5580 2946 5619 a
2975 5568 3226 5636 potente.
3260 5587 3288 5616 ι)
3324 5565 3612 5639 Populum

1971 5647 2200 5706 ﬁdelem
2231 5665 2266 5706 a
2321 5653 2606 5724 potestate
2661 5651 2900 5714 diaboli.
2935 5677 2963 5708 ‹‹
3024 5654 3094 5713 Et
3149 5669 3462 5731 pauperem
3521 5655 3615 5714 cui
