3976 6188
517 310 668 370 1091

2014 306 2435 370 APPENDIX.

3645 323 3740 386 1092

520 460 634 499 non
659 445 782 498 erat
813 443 1066 514 adiutor.
1100 442 1302 498 Parcet
1330 442 1572 516 pauperi
1605 446 1661 498 et
1716 442 1897 516 inopi,
1957 464 1986 493 »
2048 445 2158 498 etc.
2189 451 2241 516 Α
2276 446 2598 509 terrenum,
2631 440 2958 513 suscepisse
3000 444 3240 498 mortem
3293 447 3564 515 penetrasse
3584 450 3739 525 inferos,

521 531 649 602 Qui,
683 532 922 602 abjectis
955 531 1161 588 mundi
1193 531 1432 600 divitiis,
1464 532 1866 604 paenitentiam
1897 536 2161 605 egerunt:

518 621 777 693 parcitur
805 620 918 684 his,
947 626 1004 677 et
1035 621 1433 677 salvabuntur.

593 750 619 777 ‹‹
650 729 730 783 Ex
761 728 960 784 usuris
989 732 1046 783 et
1075 728 1487 800 iniquitatibus
1527 728 1774 784 redimet
1803 728 2035 784 animas
2069 743 2164 782 eo-

519 833 670 872 rum.
705 839 730 866 »
767 817 848 872 Ne
878 818 948 872 de
981 818 1363 889 pereuntibus
1420 817 1617 873 usuris
1647 817 1705 870 in
1738 821 1894 872 terra
1949 816 2165 872 consti-

515 910 686 962 tuant
731 907 1058 977 thesauros,
1106 907 1206 960 sed
1258 906 1317 961 in
1367 905 1508 962 ccelo
1571 905 1852 961 collocent
1901 904 2164 960 sacculos

518 995 615 1067 qui
650 1012 767 1051 non
797 999 1178 1051 veterascant.
1230 995 1339 1051 Sed
1383 999 1440 1050 et
1471 1011 1662 1050 usura:
1724 998 1958 1066 peccata
2001 998 2160 1049 sunt.

515 1085 656 1140 dum
693 1083 917 1140 malitia
947 1101 981 1138 a
1010 1084 1224 1140 Satana
1255 1088 1490 1156 accepta
1541 1082 1987 1155 multiplicatur.
2034 1105 2061 1132 «
2095 1083 2165 1137 Et

515 1173 854 1230 honorabile
880 1190 1090 1229 nomen
1121 1190 1324 1230 eorum
1355 1189 1552 1228 coram
1586 1172 1703 1237 illo,
1737 1191 1761 1224 υ
1802 1174 2007 1229 Coram
2047 1175 2160 1226 Deo

516 1261 701 1318 Patre.

591 1370 612 1398 α
646 1351 716 1405 Et
745 1351 912 1418 vivet,
965 1373 992 1400 »
1041 1351 1101 1406 In
1136 1350 1560 1421 sanctis,suis,
1623 1351 1773 1406 sicut
1829 1355 1887 1406 et
1943 1349 2158 1406 Paulus

514 1440 743 1496 dicebat
775 1456 788 1495 :
819 1441 941 1496 Jam
969 1455 1078 1494 non
1105 1441 1225 1494 vivo
1252 1455 1353 1512 ego
1379 1458 1397 1495 :
1420 1442 1553 1496 vivit
1580 1449 1763 1495 autem
1793 1441 1853 1494 in
1881 1455 1968 1494 me
1999 1439 2156 1494 Chri-

512 1533 630 1585 sius
658 1531 872 1599 (Galat.
909 1546 968 1595 1|,
997 1529 1111 1596 20).
1141 1551 1167 1577 ‹‹
1202 1529 1272 1583 Et
1320 1529 1557 1583 dabitur
1611 1529 1660 1583 ei
1710 1529 1779 1584 de
1832 1545 1971 1582 auro
2017 1530 2158 1582 Ara-

509 1619 638 1673 biae.
675 1619 927 1673 Olferent
957 1616 1007 1671 ei
1039 1618 1250 1672 mentis
1308 1617 1646 1690 puritatem,
1705 1623 1988 1689 tanquam
2046 1634 2156 1671 au-

513 1724 642 1762 rum
703 1705 1035 1771 Arabicum,
1070 1705 1378 1776 splendore
1439 1706 1832 1778 pulcherrimo
1888 1705 2157 1772 rutilans,

517 1814 544 1846 α
576 1795 642 1886 Et
671 1794 999 1886 adorabunt
1028 1795 1098 1886 de
1126 1793 1253 1865 ipso
1289 1811 1541 1886 semper,
1580 1818 1605 1886 ii
1641 1796 1716 1886 Eo
1755 1796 1909 1886 quod
1944 1795 2015 1849 ab
2047 1793 2156 1886 ini-
2189 1821 2236 1886 B

492 1882 834 1954 quitatibus
866 1881 1094 1938 liberati
1129 1889 1332 1938 sunt.«
1366 1885 1510 1940 Tota
1541 1885 1634 1940 die
1663 1884 2009 1941 benedicent
2035 1885 2106 1940 ei.
2127 1906 2154 1932 ››

514 1973 573 2026 In
609 1989 724 2027 uno
755 1970 1021 2028 Ecclesiae
1053 1988 1293 2044 corpore
1323 1975 1675 2046 congregati.

585 2100 606 2130 ι
641 2080 709 2134 Et
737 2078 847 2134 erit
875 2079 1314 2134 firmamentum
1345 2081 1405 2136 in
1437 2085 1648 2148 terra,»
1683 2081 1962 2153 Magnum
1996 2079 2153 2135 enim

507 2173 670 2222 terrae
704 2167 923 2222 labenti
955 2167 1152 2224 attulit
1174 2169 1302 2240 ejus
1333 2170 1616 2225 adventus
1651 2171 1846 2242 passio
1879 2185 1944 2225 ac
1967 2185 2157 2223 resur-

505 2256 682 2312 rectio
715 2257 1172 2312 firmamentum.
1209 2279 1236 2306 ι(
1263 2259 1323 2313 In
1357 2260 1608 2314 summis
1633 2259 1923 2315 montium
1949 2274 2155 2329 super-

503 2344 822 2402 extolletur
863 2361 1040 2416 super
1098 2346 1385 2402 Libanum
1441 2348 1664 2402 fructus
1720 2349 1847 2418 ejus
1907 2370 1926 2395 υ
1964 2348 2156 2418 Super

503 2451 708 2490 omnes
739 2436 894 2489 enim
927 2434 1266 2491 altitudines
1324 2435 1519 2492 saeculi
1580 2435 1800 2492 elevata
1830 2441 1918 2491 est
1969 2436 2155 2507 gratia

502 2523 781 2594 baptismi
817 2541 830 2591 ;
865 2539 968 2595 per
997 2541 1172 2595 quam
1199 2530 1436 2596 peccata
1467 2525 1773 2580 tolluntur.
1818 2549 1845 2574 «
1879 2527 1949 2580 Et
1981 2525 2151 2580 ﬂore-

503 2611 649 2666 bunt
683 2612 754 2667 de
787 2611 1034 2667 civitate.
1089 2637 1111 2664 ι
1150 2612 1210 2667 Id
1261 2618 1349 2668 est
1396 2615 1466 2668 de
1524 2613 1744 2669 cmlesti
1801 2613 2149 2669 Jerusalem.

510 2723 537 2750 «
574 2699 733 2755 Sicut
763 2701 962 2756 fenum
998 2705 1184 2756 terrai.
1211 2723 1239 2752 »
1265 2702 1482 2757 Fenum
1511 2703 1750 2775 duplam
1772 2703 1948 2758 habet
1977 2703 2150 2757 ratio-

503 2806 660 2845 nem.
694 2790 794 2845 Est
825 2792 1026 2846 fenum
1056 2792 1210 2863 quod
1239 2809 1510 2847 arescens
1543 2792 1776 2858 decidit,
1836 2797 1893 2847 et
1925 2795 2014 2847 est
2072 2792 2150 2847 fe-

506 2895 646 2933 num
683 2878 977 2947 ﬂoridum,
1009 2884 1066 2934 et
1090 2879 1256 2934 viridi
1302 2897 1469 2936 coma
1517 2882 1864 2953 perdurans,
1919 2881 1989 2935 de
2037 2897 2150 2952 quo

508 2973 796 3024 ornantur
825 2985 1049 3024 coronae
1081 2973 1438 3024 sanctorum.
1497 2970 1686 3025 Sancti
1737 2985 1873 3041 ergo
1914 2985 2016 3041 per
2046 2969 2148 3026 ha-

508 3057 795 3128 ptismum
849 3057 1035 3113 renati
1091 3058 1385 3114 ﬂorebunt
1428 3060 1499 3114 de
1552 3058 1769 3114 caelesti
1823 3057 2148 3114 Jerusalem

2279 530 2497 586 redisse
2528 531 2802 586 victorem
2837 531 2907 584 ad
2939 529 3134 587 caelos.

2815 620 3052 675 PSALM
3061 620 3140 676 US
3177 620 3369 676 LXXII.

2275 709 2590 778 Defecermu
2654 708 2849 779 hymni
2915 708 3123 778 David,
3213 710 3314 778 ﬁlii
3390 715 3530 768 Iesse.
3579 717 3740 776 Psalmis

2345 780 2544 859 Amph.
2577 779 3108 859 Sciendumuquod
3159 783 3566 859 septuagesima
3605 791 3740 859 primus

2345 851 2610 922 psalmus
2642 851 2880 906 secundi
2909 851 3042 906 libri
3078 851 3207 906 ﬁnis
3237 852 3308 906 sit
3337 851 3508 910 {unde
3544 851 3667 914 de‘in
3688 879 3740 916 ex-

2343 928 2528 1005 tremo
2554 923 2753 1005 habet,
2777 924 2894 1005 ﬁat,
2918 923 3020 1005 ﬁat
3049 942 3067 978 :
3099 939 3199 994 pro
3247 940 3350 995 quo
3397 942 3485 982 nos
3511 927 3554 1005 in
3578 934 3739 1005 superio-

2343 994 2506 1048 ribus
2538 993 3300 1060 demonstravimusfameii,
3328 1011 3470 1051 amen
3512 997 3556 1051 in
3595 993 3734 1058 Hebreo

2344 1064 2476 1143 dici,
2511 1065 2709 1143 Etiam
2749 1065 2858 1120 hoc
2877 1064 3251 1143 diligentius
3268 1067 3633 1143 observandum,
3655 1077 3736 1143 quod

2342 1135 2652 1207 defecerunt
2690 1137 2886 1208 hymni
2942 1135 3134 1203 David,
3165 1207 3171 1208 ί
3195 1138 3299 1206 ﬁlii
3354 1140 3492 1204 Iesse,
3544 1141 3596 1194 ad
3626 1135 3736 1199 tinem

2344 1207 2761 1280 septuagesimi
2829 1208 3002 1280 primi
3053 1207 3260 1280 psalmi
3300 1211 3543 1280 pertineat
3573 1227 3582 1263 :
3612 1212 3649 1266 id
3667 1231 3735 1269 vero

2342 1279 2499 1350 quod
2533 1278 2847 1352 sequitur.‘
2878 1278 3130 1336 Psatrrius
3177 1278 3364 1352 Amph,
3405 1281 3589 1337 initium
3613 1283 3662 1338 sit
3687 1302 3736 1340 se-

2343 1350 2599 1422 quentis.

2347 1460 2374 1488 ‹‹
2406 1440 2590 1504 Quam
2623 1439 2811 1494 bonus
2845 1439 3022 1496 Israel
3053 1440 3225 1507 Deus,
3257 1439 3342 1496 his
3395 1442 3478 1513 qui
3523 1446 3634 1498 recto
3668 1453 3735 1498 sunt

2271 1528 2460 1583 corde.
2498 1549 2524 1577 »
2558 1533 2753 1585 Bonus
2783 1529 2940 1584 enim
2973 1533 3060 1584 est
3090 1529 3183 1585 his
3212 1529 3307 1600 qui
3336 1545 3452 1584 eum
3478 1531 3616 1585 visuri
3638 1539 3733 1585 sunt:

2270 1615 2421 1671 sicut
2444 1617 2731 1673 Dominus
2761 1617 2956 1689 inquit
2990 1618 3176 1674 :Beati
3203 1618 3392 1674 mundo
3425 1617 3568 1684 corde,
3591 1622 3735 1691 quonam

2270 1707 2378 1775 ipsi
2406 1706 2576 1760 Deum
2606 1706 2862 1762 videbunt
2884 1708 3104 1778 (Matth.
3137 1724 3190 1761 v.
3225 1708 3299 1778 8).

2347 1814 2370 1841 ι
2403 1795 2508 1850 Mei
2541 1799 2737 1851 autem
2771 1812 2916 1867 pene
2945 1796 3089 1852 moti
3122 1801 3257 1852 sunt
3284 1797 3461 1868 pedes,
3507 1796 3612 1868 pede
3648 1796 3735 1851 effusi

2269 1887 2408 1938 sunt
2432 1899 2672 1955 gressus
2704 1885 2837 1940 mei.
2875 1906 2896 1935 ι
2935 1886 3100 1954 Quia,
3131 1884 3513 1941 etc.Stabilitas
3537 1885 3736 1940 sanctitatis

2265 1973 2393 2043 ejus
2424 1977 2598 2044 atque
2627 1973 2878 2030 incessio
2911 1974 2984 2029 ad
3036 1974 3217 2030 Deum
3260 1974 3542 2044 labebatur,
3583 1989 3628 2029 eo
3657 1973 3738 2044 quod

2265 2059 2515 2116 aemulus
2547 2061 2863 2134 impiorum
2897 2063 3060 2135 pacis
3091 2063 3472 2135 felicitatisque
3497 2063 3651 2118 fuisset.

2337 2172 2365 2200 «
2399 2149 2546 2216 Quia
2575 2167 2690 2206 non
2722 2155 2810 2208 est
2860 2157 3166 2225 respectus
3225 2153 3386 2208 morti
3436 2148 3739 2207 eorum:etﬁr—

2267 2243 2628 2295 mamentum
2663 2244 2720 2294 in
2755 2239 2928 2313 plaga
2975 2258 3201 2300 eorum.
3235 2241 3301 2297 Et
3355 2241 3408 2296 in
3458 2240 3600 2296 labore
3628 2237 3738 2292 homi-

2266 2344 2467 2383 num.«
2505 2331 2618 2384 etc.
2652 2329 2739 2384 Ab
2797 2329 3228 2402 infirmitate,et
3256 2330 3428 2403 plagis
3453 2327 3648 2384 velociter
3666 2341 3740 2379 cou-

2266 2416 2585 2484 valescunt,
2619 2435 2723 2474 nec
2756 2419 2911 2475 sicut
2937 2419 3214 2476 homines
3274 2419 3406 2491 justi
3453 2415 3741 2474 tribulationum

2263 2506 2616 2576 quatiuntur
2646 2507 2914 2580 ﬂagellis.

2335 2617 2362 2643 «
2401 2595 2531 2650 Ideo
2568 2596 2754 2650 tenuit
2783 2613 2883 2652 eos
2913 2598 3216 2669 superbia,
3263 2595 3433 2669 operti
3483 2598 3588 2650 sunt
3617 2589 3741 2660 iniqui-

2262 2687 2402 2750 tate,
2436 2687 2493 2737 et
2523 2683 2823 2755 impietate
2853 2702 2982 2741 sua.
3023 2670 3053 2736 ἐν
3084 2691 3194 2743 Per
3223 2677 3741 2758 arrogantiamenimts

2261 2769 2498 2826 licitatis
2530 2773 2923 2844 multiplicata
2954 2775 3267 2846 iniquitate
3296 2777 3599 2847 premuntur.

2331 2885 2356 2906 υ
2393 2861 2617 2916 Prodiit
2647 2862 2818 2933 quasi
2865 2879 2934 2918 ex
2986 2865 3161 2937 adipe
3207 2864 3464 2936 iniquitas
3497 2854 3743 2916 eorum!!!

2258 2947 2612 3020 pinguedine
2663 2965 2896 3022 quoque
2958 2951 3321 3020 divitiarum,
3384 2950 3536 3007 oblita
3572 2943 3742 3016 iniquitas

2261 3038 2545 3109 processit
2574 3039 2646 3092 ab
2677 3039 2782 3095 eis.
2816 3039 2896 3094 De
2927 3039 3042 3096 hac
3073 3041 3230 3097 enim
3263 3039 3582 3114 pinguedine,
3603 3039 3642 3088 et
3657 3032 3742 3099 Moy-

504 3146 790 3201 bonorum
850 3162 1094 3217 operum
1155 3153 1494 3203 ornamento
1552 3147 1864 3220 splendidi.
1897 3171 1925 3197 «
1985 3149 2145 3203 Sicut

2257 3142 2350 3180 ses
2416 3127 2498 3181 ait
2548 3144 2560 3182 :
2606 3129 3002 3200 Impinguatus
3067 3138 3146 3186 est
3200 3131 3373 3197 Iacob,
3433 3136 3477 3183 ct
3511 3118 3743 3181 recalcitrait

503 3234 702 3290 fenum
734 3192 920 3289 terra;
954 3257 981 3283 »
1005 3239 1129 3290 Non
1157 3234 1315 3290 illius
1337 3243 1500 3292 terra:
1527 3192 1916 3293 miledictioni
1943 3237 2146 3293 subdi-
2178 3192 2220 3260 Ο
2259 3219 2442 3282 (9⁸αά
2511 3233 2689 3281 xxx":
2758 3217 2864 3288 15)·

503 3325 597 3391 ιω,
623 3323 722 3378 sed
755 3322 914 3379 illius
947 3323 1115 3380 melle
1148 3341 1213 3380 ac
1242 3323 1389 3380 lacte
1423 3325 1738 3380 manantis.

505 3451 533 3480 ‹‹
565 3429 631 3484 Et
661 3431 771 3485 erit
828 3446 1040 3486 nomen
1098 3433 1226 3502 ejus
1282 3431 1653 3487 benedictum
1725 3431 1780 3486 in
1841 3431 2070 3486 sazcula.
2113 3452 2142 3482 »

499 3519 583 3573 Ab
613 3517 707 3575 his
738 3535 886 3590 quos
913 3519 1058 3574 inihi
1091 3519 1391 3576 transtulit
1434 3519 1850 3592 perpetualiter
1906 3521 2144 3575 benedi-

499 3607 669 3663 citur.
711 3628 733 3656 ι
763 3609 909 3662 Ante
940 3608 1120 3664 solem
1155 3614 1457 3681 permanet
1500 3626 1710 3664 nomen
1771 3610 1918 3680 ejus.
1973 3631 2000 3658 »
2043 3609 2144 3664 Po-

498 3701 680 3751 testas
711 3695 930 3752 scilicet
959 3698 1216 3753 nominis
1245 3700 1373 3769 ejus
1408 3699 1610 3769 :juxta
1658 3697 1802 3754 illud
1839 3716 1852 3767 ;
1888 3699 2022 3754 Ante
2052 3700 2141 3754 lu-

496 3786 730 3849 ciferum
758 3788 928 3856 genui
956 3793 1004 3841 te
1033 3787 1200 3858 (Psal.
1236 3804 1345 3857 cxx,
1373 3788 1449 3859 3).

569 3915 596 3942 ‹‹
627 3893 697 3947 Et
725 3892 1141 3948 benedicentur
1191 3893 1250 3947 in
1283 3893 1408 3964 ipso
1441 3910 1643 3949 omnes
1673 3894 1863 3950 tribus
1922 3900 2087 3950 terrae
2123 3910 2135 3949 :

494 3997 699 4037 omnes
725 3985 927 4053 gentes
960 3980 1625 4054 magnificabunteum.»
1659 3986 1776 4036 Hoc
1796 3983 1951 4037 enim
1966 4000 2138 4038 evan-

467 4069 703 4142 ‘gelista
732 4070 1428 4142 commemorat,Domino
1462 4070 1542 4126 sic
1573 4070 1799 4127 dicente
1833 4071 2136 4128 :Praedica-

495 4159 643 4214 bitur
676 4159 775 4216 hoc
843 4161 1196 4231 Evangelium
1254 4162 1316 4215 in
1361 4161 1615 4215 universo
1675 4161 1876 4216 mundo
1929 4161 2136 4232 (Matth.

492 4264 644 4317 xxiv,
679 4248 786 4318 14).
821 4249 931 4304 Sed
965 4253 1020 4304 et
1049 4265 1253 4305 omnes
1285 4253 1486 4321 gentes
1516 4250 1768 4316 venient,
1829 4254 1886 4305 et
1935 4236 2164 4307 adora:

491 4336 642 4390 bunt
668 4352 862 4391 coram
895 4342 970 4405 te,
1003 4338 1262 4395 Domine.

564 4446 593 4475 «
626 4424 974 4481 Benedictus
1008 4427 1288 4482 Dominus
1319 4427 1474 4483 Deus
1507 4428 1705 4495 Israel,
1738 4428 1836 4500 qui
1867 4429 2004 4484 facit
2025 4429 2137 4484 mi-

493 4512 699 4569 rabilia
729 4513 908 4571 solus.
945 4538 973 4564 »
1006 4516 1162 4570 Fecit
1191 4517 1347 4572 enim
1379 4516 1436 4570 in
1470 4516 1659 4572 Veteri
1712 4518 2084 4573 Testamento
2120 4537 2132 4584 ;

491 4602 630 4658 facit
654 4606 712 4658 et
739 4603 798 4658 in
831 4604 987 4659 Novo
1021 4621 1153 4659 cum
1187 4605 1497 4676 dignanter
1525 4610 1689 4660 vocat
1744 4623 1810 4661 ea
1862 4623 1991 4677 quae
2021 4624 2136 4662 non

489 4696 649 4762 sunt,
683 4695 988 4763 tamquam
1019 4709 1083 4748 ea
1115 4710 1241 4764 quae
1262 4697 1420 4748 sunt.

563 4821 589 4849 ‹‹
624 4799 692 4854 Et
721 4799 1090 4854 benedictum
1118 4817 1327 4856 nomen
1365 4801 1690 4871 majestatis
1731 4801 1857 4872 ejus
1890 4801 1950 4857 in
1979 4806 2138 4859 aeter-

490 4888 835 4944 num.Juxta
864 4887 1005 4944 illud
1041 4905 1054 4944 :
1085 4889 1154 4944 Et
1183 4889 1293 4944 erit
1325 4889 1694 4945 credentibus
1721 4891 1776 4944 in
1801 4907 1892 4946 me
1923 4908 2134 4948 nomen

491 4993 726 5044 novum,
760 4979 914 5049 quod
945 4979 1320 5034 benedicetur
1354 4978 1409 5033 in
1443 4979 1634 5047 terris,
1656 4979 1710 5034 id
1743 4984 1831 5035 est
1859 4979 2132 5037 Christia-

490 5082 650 5120 num.
687 5089 712 5115 ‹‹
741 5067 808 5121 Et
837 5067 1158 5139 replebitur
1187 5068 1492 5139 majestate
1522 5068 1650 5140 ejus
1709 5069 1902 5124 omnis
1956 5073 2129 5139 terra,

489 5152 607 5222 fiat,
638 5153 758 5211 ﬁat.
795 5178 822 5204 »
848 5160 987 5211 Cum
1022 5156 1292 5212 eﬂ‘uderit
1321 5155 1602 5230 Spiritum
1646 5174 1820 5212 suum
1860 5163 2130 5215 sanctum

487 5256 664 5314 super
692 5259 927 5299 omnem
955 5261 1190 5301 carnem
1228 5263 1238 5302 :
1274 5247 1428 5318 quod
1454 5247 1580 5316 jam
1613 5246 1673 5301 in
1707 5248 1949 5303 Actibus
1992 5265 2129 5320 apo-

485 5330 708 5388 stolicis
739 5332 990 5404 legimus
1049 5334 1229 5390 fuisse
1295 5334 1650 5407 completum
1717 5337 1850 5406 (Act.
1922 5355 1982 5406 ιι,
2052 5339 2126 5409 4).

485 5420 592 5488 Qui
625 5424 682 5476 et
713 5437 867 5476 nunc
898 5421 956 5477 in
988 5423 1158 5479 nobis
1188 5424 1572 5490 Paracletum,
1622 5425 1678 5479 id
1723 5430 1813 5481 est
1872 5426 2127 5482 Consola-
2189 5477 2192 5480 .

485 5513 653 5567 torem
684 5509 958 5581 dignetur
989 5512 1314 5583 infundere,
1349 5518 1414 5568 ut
1452 5512 1774 5588 intelligere
1831 5516 2128 5587 possimus

2167 4560 2216 4626 D

2959 3241 2982 3268 ι
3056 3220 3425 3276 Transierunt
3486 3217 3533 3270 in
3582 3211 3741 3268 attactum

2255 3303 2468 3358 cordis.
2506 3327 2533 3354 ››
2564 3304 2634 3360 Ut
2681 3322 2871 3377 suam,
2917 3310 2974 3361 et
3033 3324 3147 3365 non
3199 3307 3293 3364 Dei
3347 3306 3559 3363 facerent
3585 3297 3741 3355 volunta-

2254 3397 2394 3447 tem.

2325 3502 2353 3529 «
2395 3480 2835 3552 Cogitaverunt,
2869 3487 2926 3539 et
2957 3483 3140 3540 locuti
3173 3489 3310 3541 sunt
3351 3479 3627 3554 nequitiam,
3650 3476 3741 3525 *εἰει

2255 3569 2385 3623 Sive
2413 3569 2616 3640 Judaei,
2643 3571 2742 3642 qui
2776 3577 2957 3627 Deum
2986 3573 3049 3628 in
3102 3591 3273 3630 carne
3321 3573 3540 3646 positum
3583 3559 3742 3631 blasphe-

2254 3662 2504 3725 mantes,
2536 3659 2810 3730 nequitiae
2840 3659 3084 3733 laqueos
3115 3663 3430 3719 tendebant
3460 3660 3509 3715 in
3553 3648 3739 3726 cogitatio-

2253 3746 2428 3802 nibus
2457 3747 2744 3818 perversis
2793 3767 2806 3805 :
2865 3749 2984 3806 sive
3031 3751 3306 3818 haeretici,
3358 3750 3447 3822 qui
3482 3745 3744 3819 perintol'P'e‘

2251 3835 2505 3892 tationes
2537 3835 2770 3908 iniquas
2804 3842 2914 3893 Deo
2943 3839 3281 3896 detrahunt.

2321 3947 2349 3974 «
2387 3924 2710 3981 Posuerunt
2740 3926 2799 3982 in
2828 3926 3040 3984 coelum
3075 3947 3141 3985 os
3173 3933 3421 3997 suum,et
3445 3927 3601 3996 lingua
3619 3924 3739 4002 θοι-αφ

2249 4012 2518 4069 transivit
2546 4013 2605 4069 in
2637 4019 2811 4071 terra.
2850 4036 2871 4066 ι
2913 4016 3020 4072 Per
3048 4018 3378 4090 superbiam
3422 4009 3621 4070 scientia
3640 4000 3740 4056 locuti

2251 4107 2390 4157 sunt
2419 4106 2623 4158 contra
2653 4103 3044 4162 habitatorem
3071 4106 3223 4174 cceli,
3254 4107 3350 4163 sed
3391 4091 3740 4160 humiliatumesi

2251 4207 2440 4262 usque
2473 4191 2527 4246 in
2561 4197 2776 4248 terram
2809 4193 3086 4266 iniquum
3118 4195 3407 4268 eloquium
3434 4185 3740 4268 eorum,“

2247 4261 2481 4335 transiit
2515 4298 2529 4346 ;
2563 4281 2705 4352 quia
2734 4261 2966 4338 firmam
3016 4302 3133 4341 non
3185 4261 3381 4341 habuit
3429 4261 3742 4356 stationem.

2247 4368 2398 4425 circo
2425 4369 2514 4424 his
2539 4351 2863 4443 prophetiis
2899 4373 3185 4430 Dominus
3213 4374 3282 4429 de
3322 4371 3434 4428 suis
3474 4362 3673 4437 loquitur,
3692 4351 3741 4404 dt"

2247 4473 2385 4513 CBDS
2409 4475 2421 4512 ζ
3679 4530 3701 4537 υ

2319 4567 2347 4595 ‹‹
2398 4546 2530 4602 Ideo
2573 4553 2941 4605 convertetur
3005 4551 3257 4624 populus
3317 4565 3466 4606 meus
3507 4531 3738 4624 hinc”?

2247 4633 2403 4706 pleni
2433 4635 2804 4693 invenientur
2832 4639 2891 4694 in
2921 4640 3026 4695 eis.
3067 4623 3089 4690 .’
3124 4641 3389 4697 Videntes
3417 4637 3519 4692 haec
3550 4623 3654 4702 justi
3683 4630 3737 4688 ςω

2250 4723 2410 4795 prius
2441 4725 2498 4779 in
2533 4727 2935 4797 peccatoribus
2963 4729 3129 4786 zelati
3163 4731 3399 4795 fuerant,
3437 4720 3666 4781 cernentes

2249 4794 2372 4868 cem
2402 4794 2625 4884 eorum,
2658 4821 3028 4873 revertuntur
3077 4819 3148 4874 ad
3200 4823 3368 4875 Deum
3400 4834 3412 4871 :
3445 4816 3499 4868 ut
3539 4794 3737 4889 plenitudi-

2247 4918 2378 4957 nsm
2426 4902 2652 4959 dierum
2704 4905 2938 4976 capiant
3001 4911 3361 4964 (aeternorum.
3421 4901 3618 4958 scientes
3662 4895 3737 4956 9"“

2245 4990 2429 5062 iniqui
2463 5007 2568 5047 nec
2594 4993 2665 5047 ad
2701 4991 3012 5050 dimidium
3045 4998 3344 5052 accedunt.

2316 5059 2445 5134 «Ἧι
2483 5080 2756 5136 dixerunt
2787 5099 2801 5150 ;
2853 5082 3150 5145 Quomodo
3217 5085 3321 5142 scit
3363 5083 3514 5142 Deus,
3553 5076 3596 5128 et
3629 5065 3661 5120 Si
3689 5059 3738 5111 θεί

2243 5167 2483 5224 scientia
2519 5169 2579 5224 in
2628 5169 2872 5227 excelso.
2927 5195 2954 5220 ››
3007 5173 3279 5246 Ignorant
3335 5170 3471 5228 enim
3519 5157 3737 5251 Pcw”?

2246 5257 2420 5312 Deum
2454 5257 2651 5313 omnia
2679 5275 2851 5330 posse
2883 5277 3228 5333 cognoscere
3257 5281 3269 5317 :
3303 5257 3577 5316 nescientes
3594 5247 3732 5300 ωἱεετίσ

2241 5345 2379 5415 quia
2410 5345 2555 5401 nihil
2585 5347 2658 5402 ab
2691 5347 2875 5404 oculis
2897 5350 3024 5420 ejus
3053 5351 3430 5408 absconditur.

2315 5457 2336 5482 ιι
2371 5435 2512 5490 Ecce
2541 5435 2653 5508 ipsi
2678 5409 3029 5509 peccatores,
3063 5445 3121 5495 et
3146 5439 3481 5509 abundantes
3514 5429 3560 5482 in
3600 5409 3733 5509 89°“)?

2238 5497 2616 5580 obtinuerunt
2642 5497 2892 5582 divitias.
2923 5547 2951 5579 ιο
2991 5497 3364 5586 Ᾰδυηάαηιθέ
3382 5516 3563 5581 divitiis
3590 5497 3731 5566 880°“:

480 5616 614 5662 eum
647 5617 752 5678 pro
783 5600 1182 5676 redemptione
1213 5606 1412 5662 nostra
1461 5619 1674 5679 corpus
1732 5607 2128 5681 assumpsisse
2234 5612 2617 5694 perdiderunt
2643 5613 2797 5674 dona
2816 5616 3095 5698 paradisi.
