  <div class='ocr_page' id='page_1' title='image "/cluster/home/n/w/nwhite01/storage/ocr_20150623/26/hvd.32044052772472/576.png"; bbox 0 0 3976 6188; ppageno 0'>
   <div class='ocr_carea' id='block_1_1' title="bbox 258 351 412 427">
    <p class='ocr_par' dir='ltr' id='par_1_1' title="bbox 258 351 412 427">
     <span class='ocr_line' id='line_1_1' title="bbox 258 351 412 427; baseline 0.013 -2"><span class='ocrx_word' id='word_1_1' title='bbox 258 351 412 427; x_wconf 64' lang='lat'><strong>1093</strong></span> 
     </span>
    </p>
   </div>
   <div class='ocr_carea' id='block_1_2' title="bbox 1435 360 2486 430">
    <p class='ocr_par' dir='ltr' id='par_1_2' title="bbox 1435 360 2486 430">
     <span class='ocr_line' id='line_1_2' title="bbox 1435 360 2486 430; baseline 0.004 -4"><span class='ocrx_word' id='word_1_2' title='bbox 1435 360 1929 429; x_wconf 78' lang='lat' dir='ltr'><strong>BREVIABIUM</strong></span> <span class='ocrx_word' id='word_1_3' title='bbox 1973 365 2051 426; x_wconf 91' lang='lat' dir='ltr'><strong>IN</strong></span> <span class='ocrx_word' id='word_1_4' title='bbox 2100 362 2454 430; x_wconf 80' lang='lat' dir='ltr'><strong>PSALMOS</strong></span> <span class='ocrx_word' id='word_1_5' title='bbox 2470 413 2486 430; x_wconf 93' lang='lat'><strong>.</strong></span> 
     </span>
    </p>
   </div>
   <div class='ocr_carea' id='block_1_3' title="bbox 3506 375 3660 438">
    <p class='ocr_par' dir='ltr' id='par_1_3' title="bbox 3506 375 3660 438">
     <span class='ocr_line' id='line_1_3' title="bbox 3506 375 3660 438; baseline 0.019 -2"><span class='ocrx_word' id='word_1_6' title='bbox 3506 375 3660 438; x_wconf 68' lang='grc'><strong>1094</strong></span> 
     </span>
    </p>
   </div>
   <div class='ocr_carea' id='block_1_4' title="bbox 324 497 3662 580">
    <p class='ocr_par' dir='ltr' id='par_1_4' title="bbox 324 497 3662 580">
     <span class='ocr_line' id='line_1_4' title="bbox 324 497 3662 580; baseline 0.005 -30"><span class='ocrx_word' id='word_1_7' title='bbox 324 524 352 550; x_wconf 87' lang='grc'><strong>‹‹</strong></span> <span class='ocrx_word' id='word_1_8' title='bbox 387 500 455 554; x_wconf 88' lang='lat' dir='ltr'><strong>Et</strong></span> <span class='ocrx_word' id='word_1_9' title='bbox 484 497 636 555; x_wconf 83' lang='lat' dir='ltr'><strong>dixi:</strong></span> <span class='ocrx_word' id='word_1_10' title='bbox 671 497 820 573; x_wconf 89' lang='lat' dir='ltr'><strong>Ergo</strong></span> <span class='ocrx_word' id='word_1_11' title='bbox 852 499 979 556; x_wconf 83' lang='lat' dir='ltr'><strong>sine</strong></span> <span class='ocrx_word' id='word_1_12' title='bbox 1009 515 1185 555; x_wconf 91' lang='lat' dir='ltr'><strong>causa</strong></span> <span class='ocrx_word' id='word_1_13' title='bbox 1207 499 1522 571; x_wconf 82' lang='lat' dir='ltr'><strong>justificavi</strong></span> <span class='ocrx_word' id='word_1_14' title='bbox 1553 516 1650 554; x_wconf 93' lang='lat' dir='ltr'><strong>cor</strong></span> <span class='ocrx_word' id='word_1_15' title='bbox 1682 515 1898 568; x_wconf 89' lang='lat' dir='ltr'><strong>meum,</strong></span> <span class='ocrx_word' id='word_1_16' title='bbox 1930 500 1986 567; x_wconf 82' lang='grc' dir='ltr'><strong>Α</strong></span> <span class='ocrx_word' id='word_1_17' title='bbox 2016 498 2264 555; x_wconf 87' lang='lat' dir='ltr'><strong>nihilum</strong></span> <span class='ocrx_word' id='word_1_18' title='bbox 2297 503 2567 557; x_wconf 88' lang='lat' dir='ltr'><strong>redactus</strong></span> <span class='ocrx_word' id='word_1_19' title='bbox 2589 519 2742 570; x_wconf 90' lang='lat' dir='ltr'><strong>sum,</strong></span> <span class='ocrx_word' id='word_1_20' title='bbox 2772 506 2829 559; x_wconf 90' lang='lat' dir='ltr'><strong>et</strong></span> <span class='ocrx_word' id='word_1_21' title='bbox 2857 506 3093 562; x_wconf 86' lang='lat' dir='ltr'><strong>nescivi.</strong></span> <span class='ocrx_word' id='word_1_22' title='bbox 3113 530 3139 556; x_wconf 83' lang='grc'><strong>-›</strong></span> <span class='ocrx_word' id='word_1_23' title='bbox 3169 509 3236 562; x_wconf 89' lang='lat' dir='ltr'><strong>Et</strong></span> <span class='ocrx_word' id='word_1_24' title='bbox 3257 508 3662 580; x_wconf 86' lang='lat' dir='ltr'><strong>humiliatum,</strong></span> 
     </span>
    </p>
   </div>
   <div class='ocr_carea' id='block_1_5' title="bbox 254 588 1901 660">
    <p class='ocr_par' dir='ltr' id='par_1_5' title="bbox 254 588 1901 660">
     <span class='ocr_line' id='line_1_5' title="bbox 254 588 1901 660; baseline -0.002 -14"><span class='ocrx_word' id='word_1_25' title='bbox 254 595 311 646; x_wconf 90' lang='lat' dir='ltr'><strong>et</strong></span> <span class='ocrx_word' id='word_1_26' title='bbox 355 589 466 645; x_wconf 85' lang='lat' dir='ltr'><strong>lavi</strong></span> <span class='ocrx_word' id='word_1_27' title='bbox 507 589 659 644; x_wconf 91' lang='lat' dir='ltr'><strong>inter</strong></span> <span class='ocrx_word' id='word_1_28' title='bbox 691 589 1028 645; x_wconf 83' lang='lat' dir='ltr'><strong>innocentes</strong></span> <span class='ocrx_word' id='word_1_29' title='bbox 1062 605 1272 644; x_wconf 89' lang='lat' dir='ltr'><strong>manus</strong></span> <span class='ocrx_word' id='word_1_30' title='bbox 1312 588 1511 644; x_wconf 84' lang='lat' dir='ltr'><strong>meas?</strong></span> <span class='ocrx_word' id='word_1_31' title='bbox 1547 611 1574 638; x_wconf 84' lang='lat'><strong>»</strong></span> <span class='ocrx_word' id='word_1_32' title='bbox 1605 589 1901 660; x_wconf 85' lang='lat' dir='ltr'><strong>Numquid</strong></span> 
     </span>
    </p>
   </div>
   <div class='ocr_carea' id='block_1_6' title="bbox 253 677 1902 750">
    <p class='ocr_par' dir='ltr' id='par_1_6' title="bbox 253 677 1902 750">
     <span class='ocr_line' id='line_1_6' title="bbox 253 677 1902 750; baseline -0.001 -17"><span class='ocrx_word' id='word_1_33' title='bbox 253 678 373 733; x_wconf 82' lang='lat' dir='ltr'><strong>haec</strong></span> <span class='ocrx_word' id='word_1_34' title='bbox 421 677 625 734; x_wconf 90' lang='lat' dir='ltr'><strong>videns</strong></span> <span class='ocrx_word' id='word_1_35' title='bbox 661 679 862 748; x_wconf 90' lang='lat' dir='ltr'><strong>justus</strong></span> <span class='ocrx_word' id='word_1_36' title='bbox 917 679 1132 735; x_wconf 79' lang='lat' dir='ltr'><strong>frustra</strong></span> <span class='ocrx_word' id='word_1_37' title='bbox 1180 695 1241 734; x_wconf 87' lang='lat' dir='ltr'><strong>se</strong></span> <span class='ocrx_word' id='word_1_38' title='bbox 1284 678 1643 750; x_wconf 84' lang='lat' dir='ltr'><strong>justificavit,</strong></span> <span class='ocrx_word' id='word_1_39' title='bbox 1697 683 1798 733; x_wconf 88' lang='lat' dir='ltr'><strong>aut</strong></span> <span class='ocrx_word' id='word_1_40' title='bbox 1842 677 1902 732; x_wconf 91' lang='lat' dir='ltr'><strong>in</strong></span> 
     </span>
    </p>
   </div>
   <div class='ocr_carea' id='block_1_7' title="bbox 253 766 1902 840">
    <p class='ocr_par' dir='ltr' id='par_1_7' title="bbox 253 766 1902 840">
     <span class='ocr_line' id='line_1_7' title="bbox 253 766 1902 840; baseline -0.001 -17"><span class='ocrx_word' id='word_1_41' title='bbox 253 767 543 823; x_wconf 89' lang='lat' dir='ltr'><strong>contrario</strong></span> <span class='ocrx_word' id='word_1_42' title='bbox 590 767 868 823; x_wconf 82' lang='lat' dir='ltr'><strong>innocens</strong></span> <span class='ocrx_word' id='word_1_43' title='bbox 917 785 1064 840; x_wconf 90' lang='lat' dir='ltr'><strong>opus</strong></span> <span class='ocrx_word' id='word_1_44' title='bbox 1111 767 1289 823; x_wconf 84' lang='lat' dir='ltr'><strong>fecit?</strong></span> <span class='ocrx_word' id='word_1_45' title='bbox 1337 768 1446 823; x_wconf 91' lang='lat' dir='ltr'><strong>Sed</strong></span> <span class='ocrx_word' id='word_1_46' title='bbox 1496 766 1617 822; x_wconf 68' lang='lat' dir='ltr'><strong>haec</strong></span> <span class='ocrx_word' id='word_1_47' title='bbox 1662 783 1730 822; x_wconf 84' lang='lat' dir='ltr'><strong>ex</strong></span> <span class='ocrx_word' id='word_1_48' title='bbox 1776 784 1902 838; x_wconf 90' lang='lat' dir='ltr'><strong>per-</strong></span> 
     </span>
    </p>
   </div>
   <div class='ocr_carea' id='block_1_8' title="bbox 253 855 1904 928">
    <p class='ocr_par' dir='ltr' id='par_1_8' title="bbox 253 855 1904 928">
     <span class='ocr_line' id='line_1_8' title="bbox 253 855 1904 928; baseline -0.002 -15"><span class='ocrx_word' id='word_1_49' title='bbox 253 873 400 914; x_wconf 87' lang='lat' dir='ltr'><strong>sona</strong></span> <span class='ocrx_word' id='word_1_50' title='bbox 449 855 597 927; x_wconf 84' lang='lat' dir='ltr'><strong>justi</strong></span> <span class='ocrx_word' id='word_1_51' title='bbox 666 855 950 911; x_wconf 87' lang='lat' dir='ltr'><strong>Dominus</strong></span> <span class='ocrx_word' id='word_1_52' title='bbox 1003 857 1128 928; x_wconf 90' lang='lat' dir='ltr'><strong>ipse</strong></span> <span class='ocrx_word' id='word_1_53' title='bbox 1176 856 1348 925; x_wconf 86' lang='lat' dir='ltr'><strong>dicit,</strong></span> <span class='ocrx_word' id='word_1_54' title='bbox 1400 855 1552 912; x_wconf 84' lang='lat' dir='ltr'><strong>sicut</strong></span> <span class='ocrx_word' id='word_1_55' title='bbox 1597 855 1904 927; x_wconf 84' lang='lat' dir='ltr'><strong>sequentia</strong></span> 
     </span>
    </p>
   </div>
   <div class='ocr_carea' id='block_1_9' title="bbox 254 947 1284 1026">
    <p class='ocr_par' dir='ltr' id='par_1_9' title="bbox 254 947 1284 1026">
     <span class='ocr_line' id='line_1_9' title="bbox 254 947 1284 1026; baseline -0.009 -24"><span class='ocrx_word' id='word_1_56' title='bbox 254 947 486 1002; x_wconf 90' lang='lat' dir='ltr'><strong>docent.</strong></span> <span class='ocrx_word' id='word_1_57' title='bbox 1270 1017 1284 1026; x_wconf 31' lang='grc' dir='ltr'><em>ν</em></span> 
     </span>
    </p>
   </div>
   <div class='ocr_carea' id='block_1_10' title="bbox 321 1033 1903 1108">
    <p class='ocr_par' dir='ltr' id='par_1_10' title="bbox 321 1033 1903 1108">
     <span class='ocr_line' id='line_1_10' title="bbox 321 1033 1903 1108; baseline 0.001 -22"><span class='ocrx_word' id='word_1_58' title='bbox 321 1059 348 1086; x_wconf 88' lang='grc'><strong>‹‹</strong></span> <span class='ocrx_word' id='word_1_59' title='bbox 385 1036 453 1090; x_wconf 89' lang='lat' dir='ltr'><strong>Et</strong></span> <span class='ocrx_word' id='word_1_60' title='bbox 473 1034 554 1090; x_wconf 88' lang='lat' dir='ltr'><strong>fui</strong></span> <span class='ocrx_word' id='word_1_61' title='bbox 580 1034 908 1108; x_wconf 86' lang='lat' dir='ltr'><strong>ﬂagellatus</strong></span> <span class='ocrx_word' id='word_1_62' title='bbox 927 1038 1047 1090; x_wconf 88' lang='lat' dir='ltr'><strong>tota</strong></span> <span class='ocrx_word' id='word_1_63' title='bbox 1067 1035 1178 1090; x_wconf 89' lang='lat' dir='ltr'><strong>die.</strong></span> <span class='ocrx_word' id='word_1_64' title='bbox 1227 1058 1246 1084; x_wconf 74' lang='grc' dir='ltr'><strong><em>η</em></strong></span> <span class='ocrx_word' id='word_1_65' title='bbox 1295 1033 1725 1107; x_wconf 87' lang='lat' dir='ltr'><strong>Flagellabatur</strong></span> <span class='ocrx_word' id='word_1_66' title='bbox 1745 1033 1903 1088; x_wconf 92' lang='lat' dir='ltr'><strong>enim</strong></span> 
     </span>
    </p>
   </div>
   <div class='ocr_carea' id='block_1_11' title="bbox 248 1111 1903 1196">
    <p class='ocr_par' dir='ltr' id='par_1_11' title="bbox 248 1111 1903 1196">
     <span class='ocr_line' id='line_1_11' title="bbox 248 1111 1903 1196; baseline -0.002 -15"><span class='ocrx_word' id='word_1_67' title='bbox 248 1111 533 1181; x_wconf 81' lang='lat' dir='ltr'><strong>Dominus</strong></span> <span class='ocrx_word' id='word_1_68' title='bbox 563 1141 714 1196; x_wconf 65' lang='lat' dir='ltr'><strong>saepe</strong></span> <span class='ocrx_word' id='word_1_69' title='bbox 761 1124 912 1180; x_wconf 88' lang='lat' dir='ltr'><strong>dolis</strong></span> <span class='ocrx_word' id='word_1_70' title='bbox 955 1139 1188 1179; x_wconf 90' lang='lat' dir='ltr'><strong>eorum:</strong></span> <span class='ocrx_word' id='word_1_71' title='bbox 1235 1125 1335 1180; x_wconf 89' lang='lat' dir='ltr'><strong>sed</strong></span> <span class='ocrx_word' id='word_1_72' title='bbox 1378 1125 1435 1178; x_wconf 91' lang='lat' dir='ltr'><strong>in</strong></span> <span class='ocrx_word' id='word_1_73' title='bbox 1478 1124 1570 1179; x_wconf 91' lang='lat' dir='ltr'><strong>die</strong></span> <span class='ocrx_word' id='word_1_74' title='bbox 1611 1123 1903 1196; x_wconf 79' lang='lat' dir='ltr'><strong>passionis</strong></span> 
     </span>
    </p>
   </div>
   <div class='ocr_carea' id='block_1_12' title="bbox 250 1212 1900 1285">
    <p class='ocr_par' dir='ltr' id='par_1_12' title="bbox 250 1212 1900 1285">
     <span class='ocr_line' id='line_1_12' title="bbox 250 1212 1900 1285; baseline -0.001 -17"><span class='ocrx_word' id='word_1_75' title='bbox 250 1214 422 1270; x_wconf 87' lang='lat' dir='ltr'><strong>certis</strong></span> <span class='ocrx_word' id='word_1_76' title='bbox 455 1212 846 1285; x_wconf 85' lang='lat' dir='ltr'><strong>contumeliis,</strong></span> <span class='ocrx_word' id='word_1_77' title='bbox 899 1218 955 1268; x_wconf 89' lang='lat' dir='ltr'><strong>et</strong></span> <span class='ocrx_word' id='word_1_78' title='bbox 990 1214 1141 1270; x_wconf 89' lang='lat' dir='ltr'><strong>veris</strong></span> <span class='ocrx_word' id='word_1_79' title='bbox 1186 1213 1400 1268; x_wconf 89' lang='lat' dir='ltr'><strong>ictibus</strong></span> <span class='ocrx_word' id='word_1_80' title='bbox 1430 1213 1764 1268; x_wconf 88' lang='lat' dir='ltr'><strong>verberatus</strong></span> <span class='ocrx_word' id='word_1_81' title='bbox 1793 1217 1900 1267; x_wconf 90' lang='lat' dir='ltr'><strong>est.</strong></span> 
     </span>
    </p>
   </div>
   <div class='ocr_carea' id='block_1_13' title="bbox 250 1301 1904 1374">
    <p class='ocr_par' dir='ltr' id='par_1_13' title="bbox 250 1301 1904 1374">
     <span class='ocr_line' id='line_1_13' title="bbox 250 1301 1904 1374; baseline 0.002 -21"><span class='ocrx_word' id='word_1_82' title='bbox 250 1326 277 1353; x_wconf 82' lang='lat'>«</span> <span class='ocrx_word' id='word_1_83' title='bbox 320 1305 392 1358; x_wconf 88' lang='lat' dir='ltr'><strong>Et</strong></span> <span class='ocrx_word' id='word_1_84' title='bbox 421 1302 722 1374; x_wconf 81' lang='lat' dir='ltr'><strong>castigatio</strong></span> <span class='ocrx_word' id='word_1_85' title='bbox 765 1318 896 1358; x_wconf 89' lang='lat' dir='ltr'><strong>mea</strong></span> <span class='ocrx_word' id='word_1_86' title='bbox 944 1302 1002 1356; x_wconf 91' lang='lat' dir='ltr'><strong>in</strong></span> <span class='ocrx_word' id='word_1_87' title='bbox 1049 1302 1360 1357; x_wconf 89' lang='lat' dir='ltr'><strong>matutino.</strong></span> <span class='ocrx_word' id='word_1_88' title='bbox 1401 1324 1428 1351; x_wconf 86' lang='lat'>»</span> <span class='ocrx_word' id='word_1_89' title='bbox 1466 1302 1649 1357; x_wconf 88' lang='lat' dir='ltr'><strong>Judas</strong></span> <span class='ocrx_word' id='word_1_90' title='bbox 1699 1301 1904 1372; x_wconf 88' lang='lat' dir='ltr'><strong>utique</strong></span> 
     </span>
    </p>
   </div>
   <div class='ocr_carea' id='block_1_14' title="bbox 248 1391 1900 1462">
    <p class='ocr_par' dir='ltr' id='par_1_14' title="bbox 248 1391 1900 1462">
     <span class='ocr_line' id='line_1_14' title="bbox 248 1391 1900 1462; baseline -0.002 -15"><span class='ocrx_word' id='word_1_91' title='bbox 248 1391 423 1447; x_wconf 82' lang='lat' dir='ltr'><strong>dixit:</strong></span> <span class='ocrx_word' id='word_1_92' title='bbox 449 1392 600 1462; x_wconf 82' lang='lat' dir='ltr'><strong>Quid</strong></span> <span class='ocrx_word' id='word_1_93' title='bbox 617 1392 788 1446; x_wconf 78' lang='lat' dir='ltr'><strong>vultis</strong></span> <span class='ocrx_word' id='word_1_94' title='bbox 805 1391 948 1446; x_wconf 89' lang='lat' dir='ltr'><strong>mihi</strong></span> <span class='ocrx_word' id='word_1_95' title='bbox 963 1391 1173 1462; x_wconf 84' lang='lat' dir='ltr'><strong>dare,et</strong></span> <span class='ocrx_word' id='word_1_96' title='bbox 1195 1408 1292 1462; x_wconf 87' lang='lat' dir='ltr'><strong>ego</strong></span> <span class='ocrx_word' id='word_1_97' title='bbox 1309 1391 1564 1446; x_wconf 74' lang='lat' dir='ltr'><strong>indicabo</strong></span> <span class='ocrx_word' id='word_1_98' title='bbox 1582 1407 1707 1446; x_wconf 90' lang='lat' dir='ltr'><strong>eum</strong></span> <span class='ocrx_word' id='word_1_99' title='bbox 1732 1391 1900 1458; x_wconf 88' lang='lat' dir='ltr'><strong>vobis,</strong></span> 
     </span>
    </p>
   </div>
   <div class='ocr_carea' id='block_1_15' title="bbox 245 1478 1900 1553">
    <p class='ocr_par' dir='ltr' id='par_1_15' title="bbox 245 1478 1900 1553">
     <span class='ocr_line' id='line_1_15' title="bbox 245 1478 1900 1553; baseline -0.001 -17"><span class='ocrx_word' id='word_1_100' title='bbox 245 1486 310 1537; x_wconf 83' lang='lat' dir='ltr'><strong>ut</strong></span> <span class='ocrx_word' id='word_1_101' title='bbox 347 1480 800 1553; x_wconf 80' lang='lat' dir='ltr'><strong>apprehendatur</strong></span> <span class='ocrx_word' id='word_1_102' title='bbox 839 1481 1050 1552; x_wconf 83' lang='lat' dir='ltr'><strong>(Matth.</strong></span> <span class='ocrx_word' id='word_1_103' title='bbox 1087 1497 1238 1549; x_wconf 80' lang='lat' dir='ltr'><strong>xxvr,</strong></span> <span class='ocrx_word' id='word_1_104' title='bbox 1274 1480 1404 1551; x_wconf 78' lang='lat'><strong>15)?</strong></span> <span class='ocrx_word' id='word_1_105' title='bbox 1437 1481 1565 1551; x_wconf 86' lang='lat' dir='ltr'><strong>Ipse</strong></span> <span class='ocrx_word' id='word_1_106' title='bbox 1603 1483 1795 1535; x_wconf 88' lang='lat' dir='ltr'><strong>autem</strong></span> <span class='ocrx_word' id='word_1_107' title='bbox 1839 1478 1900 1534; x_wconf 91' lang='lat' dir='ltr'><strong>in</strong></span> 
     </span>
    </p>
   </div>
   <div class='ocr_carea' id='block_1_16' title="bbox 248 1568 1904 1642">
    <p class='ocr_par' dir='ltr' id='par_1_16' title="bbox 248 1568 1904 1642">
     <span class='ocr_line' id='line_1_16' title="bbox 248 1568 1904 1642; baseline -0.002 -17"><span class='ocrx_word' id='word_1_108' title='bbox 248 1571 536 1626; x_wconf 86' lang='lat' dir='ltr'><strong>matutino</strong></span> <span class='ocrx_word' id='word_1_109' title='bbox 588 1570 699 1624; x_wconf 84' lang='lat' dir='ltr'><strong>fuit</strong></span> <span class='ocrx_word' id='word_1_110' title='bbox 750 1569 1107 1642; x_wconf 89' lang='lat' dir='ltr'><strong>ﬂagellatus:</strong></span> <span class='ocrx_word' id='word_1_111' title='bbox 1171 1586 1306 1624; x_wconf 92' lang='lat' dir='ltr'><strong>cum</strong></span> <span class='ocrx_word' id='word_1_112' title='bbox 1362 1569 1625 1639; x_wconf 86' lang='lat' dir='ltr'><strong>sequenti</strong></span> <span class='ocrx_word' id='word_1_113' title='bbox 1683 1568 1774 1623; x_wconf 91' lang='lat' dir='ltr'><strong>die</strong></span> <span class='ocrx_word' id='word_1_114' title='bbox 1832 1569 1904 1623; x_wconf 90' lang='lat' dir='ltr'><strong>de</strong></span> 
     </span>
    </p>
   </div>
   <div class='ocr_carea' id='block_1_17' title="bbox 245 1657 1898 1732">
    <p class='ocr_par' dir='ltr' id='par_1_17' title="bbox 245 1657 1898 1732">
     <span class='ocr_line' id='line_1_17' title="bbox 245 1657 1898 1732; baseline -0.001 -18"><span class='ocrx_word' id='word_1_115' title='bbox 245 1659 558 1715; x_wconf 88' lang='lat' dir='ltr'><strong>traditione</strong></span> <span class='ocrx_word' id='word_1_116' title='bbox 598 1659 898 1714; x_wconf 88' lang='lat' dir='ltr'><strong>Dominica</strong></span> <span class='ocrx_word' id='word_1_117' title='bbox 943 1658 1104 1729; x_wconf 89' lang='lat' dir='ltr'><strong>abiit,</strong></span> <span class='ocrx_word' id='word_1_118' title='bbox 1137 1663 1195 1715; x_wconf 89' lang='lat' dir='ltr'><strong>et</strong></span> <span class='ocrx_word' id='word_1_119' title='bbox 1225 1658 1431 1732; x_wconf 89' lang='lat' dir='ltr'><strong>laqueo</strong></span> <span class='ocrx_word' id='word_1_120' title='bbox 1463 1675 1524 1714; x_wconf 91' lang='lat' dir='ltr'><strong>se</strong></span> <span class='ocrx_word' id='word_1_121' title='bbox 1573 1657 1898 1729; x_wconf 88' lang='lat' dir='ltr'><strong>suspendit.</strong></span> 
     </span>
    </p>
   </div>
   <div class='ocr_carea' id='block_1_18' title="bbox 321 1745 1900 1819">
    <p class='ocr_par' dir='ltr' id='par_1_18' title="bbox 321 1745 1900 1819">
     <span class='ocr_line' id='line_1_18' title="bbox 321 1745 1900 1819; baseline -0.002 -16"><span class='ocrx_word' id='word_1_122' title='bbox 321 1772 348 1798; x_wconf 89' lang='grc'><em>‹‹</em></span> <span class='ocrx_word' id='word_1_123' title='bbox 391 1748 448 1803; x_wconf 87' lang='lat' dir='ltr'><strong>Si</strong></span> <span class='ocrx_word' id='word_1_124' title='bbox 493 1749 805 1804; x_wconf 90' lang='lat' dir='ltr'><strong>decebam:</strong></span> <span class='ocrx_word' id='word_1_125' title='bbox 861 1748 1120 1803; x_wconf 88' lang='lat' dir='ltr'><strong>Narrabo</strong></span> <span class='ocrx_word' id='word_1_126' title='bbox 1169 1747 1276 1813; x_wconf 88' lang='lat' dir='ltr'><strong>sic,</strong></span> <span class='ocrx_word' id='word_1_127' title='bbox 1306 1763 1435 1802; x_wconf 92' lang='lat' dir='ltr'><strong>ecce</strong></span> <span class='ocrx_word' id='word_1_128' title='bbox 1468 1745 1900 1819; x_wconf 78' lang='lat' dir='ltr'><strong>generationem</strong></span> 
     </span>
    </p>
   </div>
   <div class='ocr_carea' id='block_1_19' title="bbox 2014 588 3660 660">
    <p class='ocr_par' dir='ltr' id='par_1_19' title="bbox 2014 588 3660 660">
     <span class='ocr_line' id='line_1_19' title="bbox 2014 588 3660 660; baseline 0.007 -18"><span class='ocrx_word' id='word_1_129' title='bbox 2014 592 2070 643; x_wconf 90' lang='lat' dir='ltr'><strong>et</strong></span> <span class='ocrx_word' id='word_1_130' title='bbox 2105 588 2471 660; x_wconf 85' lang='lat' dir='ltr'><strong>ignorantem</strong></span> <span class='ocrx_word' id='word_1_131' title='bbox 2515 608 2577 647; x_wconf 89' lang='lat' dir='ltr'><strong>so</strong></span> <span class='ocrx_word' id='word_1_132' title='bbox 2609 591 2768 660; x_wconf 88' lang='lat' dir='ltr'><strong>dicit,</strong></span> <span class='ocrx_word' id='word_1_133' title='bbox 2819 598 2884 648; x_wconf 91' lang='lat' dir='ltr'><strong>ut</strong></span> <span class='ocrx_word' id='word_1_134' title='bbox 2930 611 3131 650; x_wconf 89' lang='lat' dir='ltr'><strong>verum</strong></span> <span class='ocrx_word' id='word_1_135' title='bbox 3164 596 3461 654; x_wconf 88' lang='lat' dir='ltr'><strong>hominem</strong></span> <span class='ocrx_word' id='word_1_136' title='bbox 3494 617 3660 655; x_wconf 91' lang='lat' dir='ltr'><strong>mon-</strong></span> 
     </span>
    </p>
   </div>
   <div class='ocr_carea' id='block_1_20' title="bbox 2013 670 3662 755">
    <p class='ocr_par' dir='ltr' id='par_1_20' title="bbox 2013 670 3662 755">
     <span class='ocr_line' id='line_1_20' title="bbox 2013 670 3662 755; baseline 0.008 -24"><span class='ocrx_word' id='word_1_137' title='bbox 2013 680 2176 732; x_wconf 88' lang='lat' dir='ltr'><strong>stret.</strong></span> <span class='ocrx_word' id='word_1_138' title='bbox 2229 679 2400 735; x_wconf 87' lang='lat' dir='ltr'><strong>Nulla</strong></span> <span class='ocrx_word' id='word_1_139' title='bbox 2453 683 2611 736; x_wconf 90' lang='lat' dir='ltr'><strong>enim</strong></span> <span class='ocrx_word' id='word_1_140' title='bbox 2660 681 2813 736; x_wconf 88' lang='lat' dir='ltr'><strong>Deus</strong></span> <span class='ocrx_word' id='word_1_141' title='bbox 2861 681 3218 755; x_wconf 85' lang='lat' dir='ltr'><strong>ignoratione</strong></span> <span class='ocrx_word' id='word_1_142' title='bbox 3268 670 3510 754; x_wconf 86' lang='lat' dir='ltr'><strong>fallitur,</strong></span> <span class='ocrx_word' id='word_1_143' title='bbox 3560 689 3662 744; x_wconf 92' lang='lat' dir='ltr'><strong>sed</strong></span> 
     </span>
    </p>
   </div>
   <div class='ocr_carea' id='block_1_21' title="bbox 2012 769 2844 839">
    <p class='ocr_par' dir='ltr' id='par_1_21' title="bbox 2012 769 2844 839">
     <span class='ocr_line' id='line_1_21' title="bbox 2012 769 2844 839; baseline 0.006 -20"><span class='ocrx_word' id='word_1_144' title='bbox 2012 769 2243 821; x_wconf 90' lang='lat' dir='ltr'><strong>tantum</strong></span> <span class='ocrx_word' id='word_1_145' title='bbox 2278 775 2606 839; x_wconf 88' lang='lat' dir='ltr'><strong>peccatores</strong></span> <span class='ocrx_word' id='word_1_146' title='bbox 2637 770 2844 825; x_wconf 89' lang='lat' dir='ltr'><strong>nescit.</strong></span> 
     </span>
    </p>
   </div>
   <div class='ocr_carea' id='block_1_22' title="bbox 2086 855 3663 932">
    <p class='ocr_par' dir='ltr' id='par_1_22' title="bbox 2086 855 3663 932">
     <span class='ocr_line' id='line_1_22' title="bbox 2086 855 3663 932; baseline 0.008 -23"><span class='ocrx_word' id='word_1_147' title='bbox 2086 877 2112 903; x_wconf 93' lang='grc'><strong>‹‹</strong></span> <span class='ocrx_word' id='word_1_148' title='bbox 2157 855 2228 910; x_wconf 93' lang='lat' dir='ltr'><strong>Ut</strong></span> <span class='ocrx_word' id='word_1_149' title='bbox 2250 858 2588 927; x_wconf 89' lang='lat' dir='ltr'><strong>jumentum</strong></span> <span class='ocrx_word' id='word_1_150' title='bbox 2633 859 2819 914; x_wconf 84' lang='lat' dir='ltr'><strong>factus</strong></span> <span class='ocrx_word' id='word_1_151' title='bbox 2868 877 2999 914; x_wconf 88' lang='lat' dir='ltr'><strong>sum</strong></span> <span class='ocrx_word' id='word_1_152' title='bbox 3032 862 3186 932; x_wconf 90' lang='lat' dir='ltr'><strong>apud</strong></span> <span class='ocrx_word' id='word_1_153' title='bbox 3236 867 3309 917; x_wconf 85' lang='lat' dir='ltr'><strong>te.</strong></span> <span class='ocrx_word' id='word_1_154' title='bbox 3348 888 3373 912; x_wconf 77' lang='grc' dir='ltr'><strong><em>υ</em></strong></span> <span class='ocrx_word' id='word_1_155' title='bbox 3418 865 3663 922; x_wconf 87' lang='lat' dir='ltr'><strong>Portans</strong></span> 
     </span>
    </p>
   </div>
   <div class='ocr_carea' id='block_1_23' title="bbox 2013 943 3666 1024">
    <p class='ocr_par' dir='ltr' id='par_1_23' title="bbox 2013 943 3666 1024">
     <span class='ocr_line' id='line_1_23' title="bbox 2013 943 3666 1024; baseline 0.007 -26"><span class='ocrx_word' id='word_1_156' title='bbox 2013 943 2072 997; x_wconf 90' lang='lat' dir='ltr'><strong>in</strong></span> <span class='ocrx_word' id='word_1_157' title='bbox 2112 962 2286 1000; x_wconf 89' lang='lat' dir='ltr'><strong>carne</strong></span> <span class='ocrx_word' id='word_1_158' title='bbox 2334 951 2567 1018; x_wconf 89' lang='lat' dir='ltr'><strong>peccata</strong></span> <span class='ocrx_word' id='word_1_159' title='bbox 2615 948 2794 1020; x_wconf 89' lang='lat' dir='ltr'><strong>p0pili</strong></span> <span class='ocrx_word' id='word_1_160' title='bbox 2844 948 2950 1003; x_wconf 92' lang='lat' dir='ltr'><strong>tui.</strong></span> <span class='ocrx_word' id='word_1_161' title='bbox 2999 972 3018 998; x_wconf 81' lang='grc' dir='ltr'><strong>σι</strong></span> <span class='ocrx_word' id='word_1_162' title='bbox 3056 951 3123 1005; x_wconf 90' lang='lat' dir='ltr'><strong>Et</strong></span> <span class='ocrx_word' id='word_1_163' title='bbox 3170 967 3275 1022; x_wconf 85' lang='lat' dir='ltr'><strong>ego</strong></span> <span class='ocrx_word' id='word_1_164' title='bbox 3315 968 3546 1024; x_wconf 88' lang='lat' dir='ltr'><strong>semper</strong></span> <span class='ocrx_word' id='word_1_165' title='bbox 3587 959 3666 1010; x_wconf 89' lang='lat' dir='ltr'><strong>te-</strong></span> 
     </span>
    </p>
   </div>
   <div class='ocr_carea' id='block_1_24' title="bbox 2012 1035 2980 1106">
    <p class='ocr_par' dir='ltr' id='par_1_24' title="bbox 2012 1035 2980 1106">
     <span class='ocr_line' id='line_1_24' title="bbox 2012 1035 2980 1106; baseline 0.003 -17"><span class='ocrx_word' id='word_1_166' title='bbox 2012 1051 2165 1090; x_wconf 89' lang='lat' dir='ltr'><strong>cum.</strong></span> <span class='ocrx_word' id='word_1_167' title='bbox 2203 1057 2229 1083; x_wconf 84' lang='lat'>»</span> <span class='ocrx_word' id='word_1_168' title='bbox 2262 1035 2378 1106; x_wconf 89' lang='lat' dir='ltr'><strong>Ego</strong></span> <span class='ocrx_word' id='word_1_169' title='bbox 2405 1036 2464 1089; x_wconf 93' lang='lat' dir='ltr'><strong>in</strong></span> <span class='ocrx_word' id='word_1_170' title='bbox 2495 1039 2569 1105; x_wconf 90' lang='lat' dir='ltr'><strong>te,</strong></span> <span class='ocrx_word' id='word_1_171' title='bbox 2603 1041 2660 1091; x_wconf 91' lang='lat' dir='ltr'><strong>et</strong></span> <span class='ocrx_word' id='word_1_172' title='bbox 2689 1041 2751 1091; x_wconf 91' lang='lat' dir='ltr'><strong>tu</strong></span> <span class='ocrx_word' id='word_1_173' title='bbox 2775 1036 2833 1091; x_wconf 92' lang='lat' dir='ltr'><strong>in</strong></span> <span class='ocrx_word' id='word_1_174' title='bbox 2868 1054 2980 1093; x_wconf 90' lang='lat' dir='ltr'><strong>me.</strong></span> 
     </span>
    </p>
   </div>
   <div class='ocr_carea' id='block_1_25' title="bbox 2084 1124 3666 1185">
    <p class='ocr_par' dir='ltr' id='par_1_25' title="bbox 2084 1124 3666 1185">
     <span class='ocr_line' id='line_1_25' title="bbox 2084 1124 3666 1185; baseline 0.009 -13"><span class='ocrx_word' id='word_1_175' title='bbox 2084 1146 2111 1172; x_wconf 93' lang='grc'><strong><em>‹‹</em></strong></span> <span class='ocrx_word' id='word_1_176' title='bbox 2152 1124 2412 1179; x_wconf 90' lang='lat' dir='ltr'><strong>Tenuisti</strong></span> <span class='ocrx_word' id='word_1_177' title='bbox 2454 1141 2694 1180; x_wconf 89' lang='lat' dir='ltr'><strong>manum</strong></span> <span class='ocrx_word' id='word_1_178' title='bbox 2744 1127 3034 1182; x_wconf 85' lang='lat' dir='ltr'><strong>dexteram</strong></span> <span class='ocrx_word' id='word_1_179' title='bbox 3086 1143 3297 1183; x_wconf 89' lang='lat' dir='ltr'><strong>meam.</strong></span> <span class='ocrx_word' id='word_1_180' title='bbox 3335 1150 3362 1178; x_wconf 82' lang='lat'>»</span> <span class='ocrx_word' id='word_1_181' title='bbox 3415 1128 3666 1185; x_wconf 90' lang='lat' dir='ltr'><strong>Descen-</strong></span> 
     </span>
    </p>
   </div>
   <div class='ocr_carea' id='block_1_26' title="bbox 2013 1212 3669 1284">
    <p class='ocr_par' dir='ltr' id='par_1_26' title="bbox 2013 1212 3669 1284">
     <span class='ocr_line' id='line_1_26' title="bbox 2013 1212 3669 1284; baseline 0.004 -17"><span class='ocrx_word' id='word_1_182' title='bbox 2013 1213 2185 1270; x_wconf 90' lang='lat' dir='ltr'><strong>dente</strong></span> <span class='ocrx_word' id='word_1_183' title='bbox 2218 1228 2310 1268; x_wconf 90' lang='lat' dir='ltr'><strong>me</strong></span> <span class='ocrx_word' id='word_1_184' title='bbox 2335 1213 2392 1268; x_wconf 91' lang='lat' dir='ltr'><strong>in</strong></span> <span class='ocrx_word' id='word_1_185' title='bbox 2425 1212 2742 1284; x_wconf 83' lang='lat' dir='ltr'><strong>infernum,</strong></span> <span class='ocrx_word' id='word_1_186' title='bbox 2776 1214 2915 1284; x_wconf 89' lang='lat' dir='ltr'><strong>quia</strong></span> <span class='ocrx_word' id='word_1_187' title='bbox 2952 1215 3192 1271; x_wconf 89' lang='lat' dir='ltr'><strong>sinistra</strong></span> <span class='ocrx_word' id='word_1_188' title='bbox 3223 1217 3438 1272; x_wconf 89' lang='lat' dir='ltr'><strong>diaboli</strong></span> <span class='ocrx_word' id='word_1_189' title='bbox 3473 1219 3669 1274; x_wconf 88' lang='lat' dir='ltr'><strong>adver-</strong></span> 
     </span>
    </p>
   </div>
   <div class='ocr_carea' id='block_1_27' title="bbox 2013 1301 3663 1364">
    <p class='ocr_par' dir='ltr' id='par_1_27' title="bbox 2013 1301 3663 1364">
     <span class='ocr_line' id='line_1_27' title="bbox 2013 1301 3663 1364; baseline 0.001 -8"><span class='ocrx_word' id='word_1_190' title='bbox 2013 1302 2253 1356; x_wconf 89' lang='lat' dir='ltr'><strong>sabatur</strong></span> <span class='ocrx_word' id='word_1_191' title='bbox 2284 1301 2448 1356; x_wconf 90' lang='lat' dir='ltr'><strong>mihi.</strong></span> <span class='ocrx_word' id='word_1_192' title='bbox 2479 1324 2506 1351; x_wconf 83' lang='lat'><strong><em>«</em></strong></span> <span class='ocrx_word' id='word_1_193' title='bbox 2539 1302 2605 1356; x_wconf 88' lang='lat' dir='ltr'><strong>Et</strong></span> <span class='ocrx_word' id='word_1_194' title='bbox 2626 1303 2684 1356; x_wconf 92' lang='lat' dir='ltr'><strong>in</strong></span> <span class='ocrx_word' id='word_1_195' title='bbox 2714 1302 3010 1358; x_wconf 86' lang='lat' dir='ltr'><strong>voluntate</strong></span> <span class='ocrx_word' id='word_1_196' title='bbox 3040 1309 3143 1358; x_wconf 91' lang='lat' dir='ltr'><strong>tua</strong></span> <span class='ocrx_word' id='word_1_197' title='bbox 3162 1305 3451 1360; x_wconf 82' lang='lat' dir='ltr'><strong>deduxisti</strong></span> <span class='ocrx_word' id='word_1_198' title='bbox 3486 1323 3598 1364; x_wconf 91' lang='lat' dir='ltr'><strong>me.</strong></span> <span class='ocrx_word' id='word_1_199' title='bbox 3634 1328 3663 1358; x_wconf 88' lang='lat'>»</span> 
     </span>
    </p>
   </div>
   <div class='ocr_carea' id='block_1_28' title="bbox 2016 1391 3666 1466">
    <p class='ocr_par' dir='ltr' id='par_1_28' title="bbox 2016 1391 3666 1466">
     <span class='ocr_line' id='line_1_28' title="bbox 2016 1391 3666 1466; baseline 0 -21"><span class='ocrx_word' id='word_1_200' title='bbox 2016 1391 2456 1462; x_wconf 84' lang='lat' dir='ltr'><strong>Resurgentem.</strong></span> <span class='ocrx_word' id='word_1_201' title='bbox 2509 1413 2536 1441; x_wconf 88' lang='grc'><strong>‹‹</strong></span> <span class='ocrx_word' id='word_1_202' title='bbox 2582 1391 2651 1446; x_wconf 89' lang='lat' dir='ltr'><strong>Et</strong></span> <span class='ocrx_word' id='word_1_203' title='bbox 2693 1407 2825 1446; x_wconf 90' lang='lat' dir='ltr'><strong>cum</strong></span> <span class='ocrx_word' id='word_1_204' title='bbox 2876 1391 3062 1462; x_wconf 85' lang='lat' dir='ltr'><strong>gloria</strong></span> <span class='ocrx_word' id='word_1_205' title='bbox 3104 1393 3418 1466; x_wconf 89' lang='lat' dir='ltr'><strong>suscepisti</strong></span> <span class='ocrx_word' id='word_1_206' title='bbox 3468 1413 3580 1451; x_wconf 92' lang='lat' dir='ltr'><strong>me.</strong></span> <span class='ocrx_word' id='word_1_207' title='bbox 3635 1419 3666 1446; x_wconf 82' lang='lat'><strong>»</strong></span> 
     </span>
    </p>
   </div>
   <div class='ocr_carea' id='block_1_29' title="bbox 2013 1479 2577 1535">
    <p class='ocr_par' dir='ltr' id='par_1_29' title="bbox 2013 1479 2577 1535">
     <span class='ocr_line' id='line_1_29' title="bbox 2013 1479 2577 1535; baseline -0.002 -1"><span class='ocrx_word' id='word_1_208' title='bbox 2013 1479 2185 1534; x_wconf 77' lang='lat' dir='ltr'><strong>leis</strong></span> <span class='ocrx_word' id='word_1_209' title='bbox 2216 1481 2577 1535; x_wconf 87' lang='lat' dir='ltr'><strong>redeuntem.</strong></span> 
     </span>
    </p>
   </div>
   <div class='ocr_carea' id='block_1_30' title="bbox 2085 1567 3663 1644">
    <p class='ocr_par' dir='ltr' id='par_1_30' title="bbox 2085 1567 3663 1644">
     <span class='ocr_line' id='line_1_30' title="bbox 2085 1567 3663 1644; baseline 0.008 -28"><span class='ocrx_word' id='word_1_210' title='bbox 2085 1591 2110 1616; x_wconf 91' lang='grc'><strong>‹‹</strong></span> <span class='ocrx_word' id='word_1_211' title='bbox 2153 1567 2299 1630; x_wconf 89' lang='lat' dir='ltr'><strong>Quid</strong></span> <span class='ocrx_word' id='word_1_212' title='bbox 2333 1567 2488 1622; x_wconf 90' lang='lat' dir='ltr'><strong>enim</strong></span> <span class='ocrx_word' id='word_1_213' title='bbox 2522 1567 2664 1622; x_wconf 89' lang='lat' dir='ltr'><strong>mihi</strong></span> <span class='ocrx_word' id='word_1_214' title='bbox 2697 1573 2785 1623; x_wconf 89' lang='lat' dir='ltr'><strong>est</strong></span> <span class='ocrx_word' id='word_1_215' title='bbox 2815 1569 2873 1623; x_wconf 93' lang='lat' dir='ltr'><strong>in</strong></span> <span class='ocrx_word' id='word_1_216' title='bbox 2905 1568 3068 1636; x_wconf 77' lang='lat' dir='ltr'><strong>cmlo,</strong></span> <span class='ocrx_word' id='word_1_217' title='bbox 3103 1575 3160 1626; x_wconf 90' lang='lat' dir='ltr'><strong>et</strong></span> <span class='ocrx_word' id='word_1_218' title='bbox 3188 1589 3222 1626; x_wconf 93' lang='lat' dir='ltr'><strong>a</strong></span> <span class='ocrx_word' id='word_1_219' title='bbox 3251 1577 3305 1627; x_wconf 91' lang='lat' dir='ltr'><strong>te</strong></span> <span class='ocrx_word' id='word_1_220' title='bbox 3335 1573 3476 1644; x_wconf 89' lang='lat' dir='ltr'><strong>quid</strong></span> <span class='ocrx_word' id='word_1_221' title='bbox 3507 1573 3663 1628; x_wconf 90' lang='lat' dir='ltr'><strong>volui</strong></span> 
     </span>
    </p>
   </div>
   <div class='ocr_carea' id='block_1_31' title="bbox 2012 1658 3665 1731">
    <p class='ocr_par' dir='ltr' id='par_1_31' title="bbox 2012 1658 3665 1731">
     <span class='ocr_line' id='line_1_31' title="bbox 2012 1658 3665 1731; baseline 0.005 -21"><span class='ocrx_word' id='word_1_222' title='bbox 2012 1673 2190 1728; x_wconf 88' lang='lat' dir='ltr'><strong>super</strong></span> <span class='ocrx_word' id='word_1_223' title='bbox 2248 1658 2506 1711; x_wconf 83' lang='lat' dir='ltr'><strong>terram?</strong></span> <span class='ocrx_word' id='word_1_224' title='bbox 2557 1679 2584 1705; x_wconf 83' lang='lat'><strong>»</strong></span> <span class='ocrx_word' id='word_1_225' title='bbox 2642 1659 2786 1712; x_wconf 88' lang='lat' dir='ltr'><strong>Cum</strong></span> <span class='ocrx_word' id='word_1_226' title='bbox 2835 1658 3101 1728; x_wconf 85' lang='lat' dir='ltr'><strong>emphasi</strong></span> <span class='ocrx_word' id='word_1_227' title='bbox 3150 1659 3484 1731; x_wconf 89' lang='lat' dir='ltr'><strong>legendum,</strong></span> <span class='ocrx_word' id='word_1_228' title='bbox 3542 1667 3665 1718; x_wconf 88' lang='lat' dir='ltr'><strong>tam</strong></span> 
     </span>
    </p>
   </div>
   <div class='ocr_carea' id='block_1_32' title="bbox 2010 1745 3665 1820">
    <p class='ocr_par' dir='ltr' id='par_1_32' title="bbox 2010 1745 3665 1820">
     <span class='ocr_line' id='line_1_32' title="bbox 2010 1745 3665 1820; baseline 0.004 -22"><span class='ocrx_word' id='word_1_229' title='bbox 2010 1745 2256 1816; x_wconf 85' lang='lat' dir='ltr'><strong>grandia</strong></span> <span class='ocrx_word' id='word_1_230' title='bbox 2287 1745 2430 1799; x_wconf 90' lang='lat' dir='ltr'><strong>mihi</strong></span> <span class='ocrx_word' id='word_1_231' title='bbox 2463 1745 2519 1799; x_wconf 89' lang='lat' dir='ltr'><strong>in</strong></span> <span class='ocrx_word' id='word_1_232' title='bbox 2552 1745 2712 1800; x_wconf 76' lang='lat' dir='ltr'><strong>cmlis</strong></span> <span class='ocrx_word' id='word_1_233' title='bbox 2743 1748 3103 1818; x_wconf 75' lang='lat' dir='ltr'><strong>praeparasti,</strong></span> <span class='ocrx_word' id='word_1_234' title='bbox 3139 1752 3196 1802; x_wconf 90' lang='lat' dir='ltr'><strong>et</strong></span> <span class='ocrx_word' id='word_1_235' title='bbox 3225 1764 3329 1820; x_wconf 87' lang='lat' dir='ltr'><strong>ego</strong></span> <span class='ocrx_word' id='word_1_236' title='bbox 3371 1749 3573 1805; x_wconf 84' lang='lat' dir='ltr'><strong>infelix</strong></span> <span class='ocrx_word' id='word_1_237' title='bbox 3606 1751 3665 1806; x_wconf 90' lang='lat' dir='ltr'><strong>in</strong></span> 
     </span>
    </p>
   </div>
   <div class='ocr_carea' id='block_1_33' title="bbox 247 1835 3664 1936">
    <p class='ocr_par' dir='ltr' id='par_1_33' title="bbox 247 1835 3664 1936">
     <span class='ocr_line' id='line_1_33' title="bbox 247 1835 3664 1936; baseline 0.001 -45"><span class='ocrx_word' id='word_1_238' title='bbox 247 1836 502 1893; x_wconf 82' lang='lat' dir='ltr'><strong>filiorum</strong></span> <span class='ocrx_word' id='word_1_239' title='bbox 540 1841 772 1892; x_wconf 89' lang='lat' dir='ltr'><strong>tuorum</strong></span> <span class='ocrx_word' id='word_1_240' title='bbox 814 1836 1222 1909; x_wconf 74' lang='lat' dir='ltr'><strong>przevaricatus</strong></span> <span class='ocrx_word' id='word_1_241' title='bbox 1259 1853 1411 1892; x_wconf 93' lang='lat' dir='ltr'><strong>sum.</strong></span> <span class='ocrx_word' id='word_1_242' title='bbox 1444 1859 1472 1887; x_wconf 85' lang='grc'><strong>››</strong></span> <span class='ocrx_word' id='word_1_243' title='bbox 1525 1836 1677 1891; x_wconf 87' lang='lat' dir='ltr'><strong>Ordo</strong></span> <span class='ocrx_word' id='word_1_244' title='bbox 1709 1835 1902 1891; x_wconf 90' lang='lat' dir='ltr'><strong>lectio-</strong></span> <span class='ocrx_word' id='word_1_245' title='bbox 1930 1871 1978 1936; x_wconf 83' lang='lat' dir='ltr'><strong>B</strong></span> <span class='ocrx_word' id='word_1_246' title='bbox 2009 1835 2179 1889; x_wconf 90' lang='lat' dir='ltr'><strong>terris</strong></span> <span class='ocrx_word' id='word_1_247' title='bbox 2211 1839 2321 1932; x_wconf 71' lang='lat' dir='ltr'><strong>ate</strong></span> <span class='ocrx_word' id='word_1_248' title='bbox 2353 1851 2527 1906; x_wconf 87' lang='lat' dir='ltr'><strong>parva</strong></span> <span class='ocrx_word' id='word_1_249' title='bbox 2549 1835 2926 1936; x_wconf 68' lang='lat' dir='ltr'><strong>quaerebam?</strong></span> <span class='ocrx_word' id='word_1_250' title='bbox 2946 1835 3158 1892; x_wconf 90' lang='lat' dir='ltr'><strong>Aliter:</strong></span> <span class='ocrx_word' id='word_1_251' title='bbox 3189 1836 3388 1909; x_wconf 91' lang='lat' dir='ltr'><strong>Neque</strong></span> <span class='ocrx_word' id='word_1_252' title='bbox 3411 1838 3468 1892; x_wconf 91' lang='lat' dir='ltr'><strong>in</strong></span> <span class='ocrx_word' id='word_1_253' title='bbox 3501 1839 3664 1907; x_wconf 78' lang='lat' dir='ltr'><strong>ccelo,</strong></span> 
     </span>
    </p>
   </div>
   <div class='ocr_carea' id='block_1_34' title="bbox 244 1925 1902 1997">
    <p class='ocr_par' dir='ltr' id='par_1_34' title="bbox 244 1925 1902 1997">
     <span class='ocr_line' id='line_1_34' title="bbox 244 1925 1902 1997; baseline -0.001 -16"><span class='ocrx_word' id='word_1_254' title='bbox 244 1926 360 1992; x_wconf 89' lang='lat' dir='ltr'><strong>nis,</strong></span> <span class='ocrx_word' id='word_1_255' title='bbox 392 1930 450 1981; x_wconf 92' lang='lat' dir='ltr'><strong>et</strong></span> <span class='ocrx_word' id='word_1_256' title='bbox 497 1943 737 1981; x_wconf 88' lang='lat' dir='ltr'><strong>sensum</strong></span> <span class='ocrx_word' id='word_1_257' title='bbox 779 1925 888 1982; x_wconf 90' lang='lat' dir='ltr'><strong>iste</strong></span> <span class='ocrx_word' id='word_1_258' title='bbox 927 1929 1052 1982; x_wconf 88' lang='lat' dir='ltr'><strong>est:</strong></span> <span class='ocrx_word' id='word_1_259' title='bbox 1101 1926 1250 1980; x_wconf 88' lang='lat' dir='ltr'><strong>Dum</strong></span> <span class='ocrx_word' id='word_1_260' title='bbox 1299 1925 1424 1997; x_wconf 91' lang='lat' dir='ltr'><strong>ipse</strong></span> <span class='ocrx_word' id='word_1_261' title='bbox 1455 1942 1548 1980; x_wconf 90' lang='lat' dir='ltr'><strong>me</strong></span> <span class='ocrx_word' id='word_1_262' title='bbox 1592 1942 1802 1980; x_wconf 91' lang='lat' dir='ltr'><strong>accuso</strong></span> <span class='ocrx_word' id='word_1_263' title='bbox 1843 1926 1902 1980; x_wconf 91' lang='lat' dir='ltr'><strong>in</strong></span> 
     </span>
    </p>
   </div>
   <div class='ocr_carea' id='block_1_35' title="bbox 243 2013 1909 2086">
    <p class='ocr_par' dir='ltr' id='par_1_35' title="bbox 243 2013 1909 2086">
     <span class='ocr_line' id='line_1_35' title="bbox 243 2013 1909 2086; baseline -0.001 -16"><span class='ocrx_word' id='word_1_264' title='bbox 243 2014 608 2070; x_wconf 87' lang='lat' dir='ltr'><strong>orationibus</strong></span> <span class='ocrx_word' id='word_1_265' title='bbox 640 2015 968 2084; x_wconf 87' lang='lat' dir='ltr'><strong>matutinis,</strong></span> <span class='ocrx_word' id='word_1_266' title='bbox 1002 2014 1110 2070; x_wconf 92' lang='lat' dir='ltr'><strong>hoc</strong></span> <span class='ocrx_word' id='word_1_267' title='bbox 1149 2013 1333 2086; x_wconf 87' lang='lat' dir='ltr'><strong>reperi</strong></span> <span class='ocrx_word' id='word_1_268' title='bbox 1381 2018 1446 2068; x_wconf 91' lang='lat' dir='ltr'><strong>ut</strong></span> <span class='ocrx_word' id='word_1_269' title='bbox 1473 2013 1759 2070; x_wconf 89' lang='lat' dir='ltr'><strong>dicerem:</strong></span> <span class='ocrx_word' id='word_1_270' title='bbox 1795 2015 1909 2086; x_wconf 89' lang='lat' dir='ltr'><strong>Ego</strong></span> 
     </span>
    </p>
   </div>
   <div class='ocr_carea' id='block_1_36' title="bbox 245 2101 1908 2174">
    <p class='ocr_par' dir='ltr' id='par_1_36' title="bbox 245 2101 1908 2174">
     <span class='ocr_line' id='line_1_36' title="bbox 245 2101 1908 2174; baseline -0.001 -16"><span class='ocrx_word' id='word_1_271' title='bbox 245 2103 298 2158; x_wconf 90' lang='lat' dir='ltr'><strong>si</strong></span> <span class='ocrx_word' id='word_1_272' title='bbox 347 2104 430 2158; x_wconf 91' lang='lat' dir='ltr'><strong>sic</strong></span> <span class='ocrx_word' id='word_1_273' title='bbox 472 2103 634 2158; x_wconf 90' lang='lat' dir='ltr'><strong>fuero</strong></span> <span class='ocrx_word' id='word_1_274' title='bbox 683 2102 944 2158; x_wconf 89' lang='lat' dir='ltr'><strong>locutus:</strong></span> <span class='ocrx_word' id='word_1_275' title='bbox 996 2118 1102 2174; x_wconf 90' lang='lat' dir='ltr'><strong>ego</strong></span> <span class='ocrx_word' id='word_1_276' title='bbox 1152 2103 1202 2156; x_wconf 90' lang='lat' dir='ltr'><strong>si</strong></span> <span class='ocrx_word' id='word_1_277' title='bbox 1248 2101 1482 2157; x_wconf 91' lang='lat' dir='ltr'><strong>voluero</strong></span> <span class='ocrx_word' id='word_1_278' title='bbox 1531 2101 1630 2156; x_wconf 91' lang='lat' dir='ltr'><strong>Dei</strong></span> <span class='ocrx_word' id='word_1_279' title='bbox 1679 2101 1908 2157; x_wconf 89' lang='lat' dir='ltr'><strong>occulta</strong></span> 
     </span>
    </p>
   </div>
   <div class='ocr_carea' id='block_1_37' title="bbox 242 2189 1905 2264">
    <p class='ocr_par' dir='ltr' id='par_1_37' title="bbox 242 2189 1905 2264">
     <span class='ocr_line' id='line_1_37' title="bbox 242 2189 1905 2264; baseline -0.001 -18"><span class='ocrx_word' id='word_1_280' title='bbox 242 2193 472 2258; x_wconf 88' lang='lat' dir='ltr'><strong>rimari,</strong></span> <span class='ocrx_word' id='word_1_281' title='bbox 505 2191 720 2264; x_wconf 90' lang='lat' dir='ltr'><strong>incipio</strong></span> <span class='ocrx_word' id='word_1_282' title='bbox 753 2209 788 2247; x_wconf 89' lang='lat' dir='ltr'><strong>a</strong></span> <span class='ocrx_word' id='word_1_283' title='bbox 818 2189 955 2245; x_wconf 80' lang='lat' dir='ltr'><strong>filiis</strong></span> <span class='ocrx_word' id='word_1_284' title='bbox 986 2191 1105 2245; x_wconf 94' lang='lat' dir='ltr'><strong>tuis</strong></span> <span class='ocrx_word' id='word_1_285' title='bbox 1136 2190 1362 2246; x_wconf 88' lang='lat' dir='ltr'><strong>alienus</strong></span> <span class='ocrx_word' id='word_1_286' title='bbox 1417 2191 1568 2246; x_wconf 86' lang='lat' dir='ltr'><strong>ﬁeri:</strong></span> <span class='ocrx_word' id='word_1_287' title='bbox 1602 2189 1760 2246; x_wconf 89' lang='lat' dir='ltr'><strong>velut</strong></span> <span class='ocrx_word' id='word_1_288' title='bbox 1790 2207 1905 2245; x_wconf 91' lang='lat' dir='ltr'><strong>non</strong></span> 
     </span>
    </p>
   </div>
   <div class='ocr_carea' id='block_1_38' title="bbox 235 2279 1906 2352">
    <p class='ocr_par' dir='ltr' id='par_1_38' title="bbox 235 2279 1906 2352">
     <span class='ocr_line' id='line_1_38' title="bbox 235 2279 1906 2352; baseline -0.001 -16"><span class='ocrx_word' id='word_1_289' title='bbox 235 2281 602 2352; x_wconf 84' lang='lat' dir='ltr'><strong>justificetur</strong></span> <span class='ocrx_word' id='word_1_290' title='bbox 630 2279 784 2352; x_wconf 89' lang='lat' dir='ltr'><strong>quis,</strong></span> <span class='ocrx_word' id='word_1_291' title='bbox 818 2295 1005 2350; x_wconf 89' lang='lat' dir='ltr'><strong>neque</strong></span> <span class='ocrx_word' id='word_1_292' title='bbox 1028 2279 1260 2349; x_wconf 89' lang='lat' dir='ltr'><strong>justum</strong></span> <span class='ocrx_word' id='word_1_293' title='bbox 1293 2279 1465 2334; x_wconf 85' lang='lat' dir='ltr'><strong>faciat</strong></span> <span class='ocrx_word' id='word_1_294' title='bbox 1503 2296 1669 2350; x_wconf 89' lang='lat' dir='ltr'><strong>opus.</strong></span> <span class='ocrx_word' id='word_1_295' title='bbox 1705 2280 1771 2334; x_wconf 87' lang='lat' dir='ltr'><strong>Hi</strong></span> <span class='ocrx_word' id='word_1_296' title='bbox 1805 2280 1906 2351; x_wconf 91' lang='lat' dir='ltr'><strong>qui</strong></span> 
     </span>
    </p>
   </div>
   <div class='ocr_carea' id='block_1_39' title="bbox 246 2367 1907 2440">
    <p class='ocr_par' dir='ltr' id='par_1_39' title="bbox 246 2367 1907 2440">
     <span class='ocr_line' id='line_1_39' title="bbox 246 2367 1907 2440; baseline 0 -16"><span class='ocrx_word' id='word_1_297' title='bbox 246 2386 347 2424; x_wconf 88' lang='lat' dir='ltr'><strong>me</strong></span> <span class='ocrx_word' id='word_1_298' title='bbox 368 2369 704 2440; x_wconf 69' lang='lat' dir='ltr'><strong>praedicant,</strong></span> <span class='ocrx_word' id='word_1_299' title='bbox 737 2372 793 2424; x_wconf 88' lang='lat' dir='ltr'><strong>et</strong></span> <span class='ocrx_word' id='word_1_300' title='bbox 822 2384 924 2439; x_wconf 90' lang='lat' dir='ltr'><strong>per</strong></span> <span class='ocrx_word' id='word_1_301' title='bbox 945 2383 1038 2422; x_wconf 89' lang='lat' dir='ltr'><strong>me</strong></span> <span class='ocrx_word' id='word_1_302' title='bbox 1065 2367 1152 2422; x_wconf 90' lang='lat' dir='ltr'><strong>tui</strong></span> <span class='ocrx_word' id='word_1_303' title='bbox 1184 2368 1368 2424; x_wconf 74' lang='lat' dir='ltr'><strong>ell’ecti</strong></span> <span class='ocrx_word' id='word_1_304' title='bbox 1401 2372 1539 2423; x_wconf 90' lang='lat' dir='ltr'><strong>sunt</strong></span> <span class='ocrx_word' id='word_1_305' title='bbox 1570 2368 1695 2437; x_wconf 84' lang='lat' dir='ltr'><strong>ﬁlii,</strong></span> <span class='ocrx_word' id='word_1_306' title='bbox 1724 2370 1780 2422; x_wconf 91' lang='lat' dir='ltr'><strong>in</strong></span> <span class='ocrx_word' id='word_1_307' title='bbox 1814 2386 1907 2424; x_wconf 89' lang='lat' dir='ltr'><strong>me</strong></span> 
     </span>
    </p>
   </div>
   <div class='ocr_carea' id='block_1_40' title="bbox 243 2456 1450 2528">
    <p class='ocr_par' dir='ltr' id='par_1_40' title="bbox 243 2456 1450 2528">
     <span class='ocr_line' id='line_1_40' title="bbox 243 2456 1450 2528; baseline 0.002 -17"><span class='ocrx_word' id='word_1_308' title='bbox 243 2460 640 2528; x_wconf 89' lang='lat' dir='ltr'><strong>consurgunt.</strong></span> <span class='ocrx_word' id='word_1_309' title='bbox 680 2457 825 2512; x_wconf 89' lang='lat' dir='ltr'><strong>Hinc</strong></span> <span class='ocrx_word' id='word_1_310' title='bbox 856 2456 1142 2528; x_wconf 89' lang='lat' dir='ltr'><strong>Propheta</strong></span> <span class='ocrx_word' id='word_1_311' title='bbox 1171 2456 1450 2528; x_wconf 92' lang='lat' dir='ltr'><strong>loquitur.</strong></span> 
     </span>
    </p>
   </div>
   <div class='ocr_carea' id='block_1_41' title="bbox 322 2545 1907 2618">
    <p class='ocr_par' dir='ltr' id='par_1_41' title="bbox 322 2545 1907 2618">
     <span class='ocr_line' id='line_1_41' title="bbox 322 2545 1907 2618; baseline 0.003 -18"><span class='ocrx_word' id='word_1_312' title='bbox 322 2569 350 2594; x_wconf 92' lang='grc'><strong>‹‹</strong></span> <span class='ocrx_word' id='word_1_313' title='bbox 393 2545 811 2602; x_wconf 85' lang='lat' dir='ltr'><strong>Existimabam</strong></span> <span class='ocrx_word' id='word_1_314' title='bbox 863 2550 927 2600; x_wconf 90' lang='lat' dir='ltr'><strong>ut</strong></span> <span class='ocrx_word' id='word_1_315' title='bbox 969 2561 1398 2618; x_wconf 85' lang='lat' dir='ltr'><strong>cognoscerem,</strong></span> <span class='ocrx_word' id='word_1_316' title='bbox 1451 2547 1558 2602; x_wconf 92' lang='lat' dir='ltr'><strong>hoc</strong></span> <span class='ocrx_word' id='word_1_317' title='bbox 1608 2547 1770 2603; x_wconf 90' lang='lat' dir='ltr'><strong>labor</strong></span> <span class='ocrx_word' id='word_1_318' title='bbox 1817 2553 1907 2604; x_wconf 89' lang='lat' dir='ltr'><strong>est</strong></span> 
     </span>
    </p>
   </div>
   <div class='ocr_carea' id='block_1_42' title="bbox 246 2635 1903 2705">
    <p class='ocr_par' dir='ltr' id='par_1_42' title="bbox 246 2635 1903 2705">
     <span class='ocr_line' id='line_1_42' title="bbox 246 2635 1903 2705; baseline 0.002 -15"><span class='ocrx_word' id='word_1_319' title='bbox 246 2639 385 2690; x_wconf 86' lang='lat' dir='ltr'><strong>ante</strong></span> <span class='ocrx_word' id='word_1_320' title='bbox 434 2650 611 2691; x_wconf 85' lang='lat' dir='ltr'><strong>me.»</strong></span> <span class='ocrx_word' id='word_1_321' title='bbox 667 2635 1072 2691; x_wconf 84' lang='lat' dir='ltr'><strong>Perscrutatus</strong></span> <span class='ocrx_word' id='word_1_322' title='bbox 1125 2652 1257 2690; x_wconf 87' lang='lat' dir='ltr'><strong>sum</strong></span> <span class='ocrx_word' id='word_1_323' title='bbox 1307 2640 1534 2705; x_wconf 91' lang='lat' dir='ltr'><strong>cuncta,</strong></span> <span class='ocrx_word' id='word_1_324' title='bbox 1586 2637 1695 2692; x_wconf 91' lang='lat' dir='ltr'><strong>etsi</strong></span> <span class='ocrx_word' id='word_1_325' title='bbox 1744 2636 1903 2692; x_wconf 89' lang='lat' dir='ltr'><strong>labo-</strong></span> 
     </span>
    </p>
   </div>
   <div class='ocr_carea' id='block_1_43' title="bbox 242 2722 1904 2796">
    <p class='ocr_par' dir='ltr' id='par_1_43' title="bbox 242 2722 1904 2796">
     <span class='ocr_line' id='line_1_43' title="bbox 242 2722 1904 2796; baseline 0.002 -19"><span class='ocrx_word' id='word_1_326' title='bbox 242 2722 436 2778; x_wconf 77' lang='lat' dir='ltr'><strong>riose:</strong></span> <span class='ocrx_word' id='word_1_327' title='bbox 489 2723 816 2779; x_wconf 86' lang='lat' dir='ltr'><strong>existimavi</strong></span> <span class='ocrx_word' id='word_1_328' title='bbox 855 2727 1051 2778; x_wconf 90' lang='lat' dir='ltr'><strong>tamen</strong></span> <span class='ocrx_word' id='word_1_329' title='bbox 1088 2740 1219 2778; x_wconf 91' lang='lat' dir='ltr'><strong>cum</strong></span> <span class='ocrx_word' id='word_1_330' title='bbox 1267 2725 1564 2795; x_wconf 87' lang='lat' dir='ltr'><strong>Apostolo,</strong></span> <span class='ocrx_word' id='word_1_331' title='bbox 1622 2729 1751 2796; x_wconf 89' lang='lat' dir='ltr'><strong>quia</strong></span> <span class='ocrx_word' id='word_1_332' title='bbox 1793 2743 1904 2781; x_wconf 87' lang='lat' dir='ltr'><strong>non</strong></span> 
     </span>
    </p>
   </div>
   <div class='ocr_carea' id='block_1_44' title="bbox 240 2812 1900 2886">
    <p class='ocr_par' dir='ltr' id='par_1_44' title="bbox 240 2812 1900 2886">
     <span class='ocr_line' id='line_1_44' title="bbox 240 2812 1900 2886; baseline 0.003 -20"><span class='ocrx_word' id='word_1_333' title='bbox 240 2815 374 2868; x_wconf 86' lang='lat' dir='ltr'><strong>sunt</strong></span> <span class='ocrx_word' id='word_1_334' title='bbox 429 2812 717 2881; x_wconf 74' lang='lat' dir='ltr'><strong>condignae</strong></span> <span class='ocrx_word' id='word_1_335' title='bbox 769 2814 1051 2884; x_wconf 74' lang='lat' dir='ltr'><strong>passiones</strong></span> <span class='ocrx_word' id='word_1_336' title='bbox 1104 2813 1276 2885; x_wconf 82' lang='lat' dir='ltr'><strong>hujus</strong></span> <span class='ocrx_word' id='word_1_337' title='bbox 1334 2816 1589 2885; x_wconf 87' lang='lat' dir='ltr'><strong>temporis</strong></span> <span class='ocrx_word' id='word_1_338' title='bbox 1635 2815 1706 2870; x_wconf 80' lang='lat' dir='ltr'><strong>ad</strong></span> <span class='ocrx_word' id='word_1_339' title='bbox 1750 2817 1900 2886; x_wconf 87' lang='lat' dir='ltr'><strong>futu-</strong></span> 
     </span>
    </p>
   </div>
   <div class='ocr_carea' id='block_1_45' title="bbox 243 2901 1898 2974">
    <p class='ocr_par' dir='ltr' id='par_1_45' title="bbox 243 2901 1898 2974">
     <span class='ocr_line' id='line_1_45' title="bbox 243 2901 1898 2974; baseline 0.003 -19"><span class='ocrx_word' id='word_1_340' title='bbox 243 2917 374 2955; x_wconf 85' lang='lat' dir='ltr'><strong>ram</strong></span> <span class='ocrx_word' id='word_1_341' title='bbox 450 2901 686 2971; x_wconf 77' lang='lat' dir='ltr'><strong>gloriam</strong></span> <span class='ocrx_word' id='word_1_342' title='bbox 757 2915 882 2971; x_wconf 65' lang='lat' dir='ltr'><strong>quae</strong></span> <span class='ocrx_word' id='word_1_343' title='bbox 937 2901 1271 2957; x_wconf 79' lang='lat' dir='ltr'><strong>revelabitur</strong></span> <span class='ocrx_word' id='word_1_344' title='bbox 1341 2905 1402 2958; x_wconf 84' lang='lat' dir='ltr'><strong>in</strong></span> <span class='ocrx_word' id='word_1_345' title='bbox 1464 2905 1669 2960; x_wconf 82' lang='lat' dir='ltr'><strong>sanctis</strong></span> <span class='ocrx_word' id='word_1_346' title='bbox 1724 2907 1898 2974; x_wconf 81' lang='lat' dir='ltr'><strong>(Rom.</strong></span> 
     </span>
    </p>
   </div>
   <div class='ocr_carea' id='block_1_46' title="bbox 245 2990 526 3060">
    <p class='ocr_par' dir='ltr' id='par_1_46' title="bbox 245 2990 526 3060">
     <span class='ocr_line' id='line_1_46' title="bbox 245 2990 526 3060; baseline 0 -16"><span class='ocrx_word' id='word_1_347' title='bbox 245 3004 377 3056; x_wconf 81' lang='lat' dir='ltr'><strong>VIII,</strong></span> <span class='ocrx_word' id='word_1_348' title='bbox 415 2990 526 3060; x_wconf 88' lang='grc'>18).</span> 
     </span>
    </p>
   </div>
   <div class='ocr_carea' id='block_1_47' title="bbox 325 3077 1903 3152">
    <p class='ocr_par' dir='ltr' id='par_1_47' title="bbox 325 3077 1903 3152">
     <span class='ocr_line' id='line_1_47' title="bbox 325 3077 1903 3152; baseline 0.004 -20"><span class='ocrx_word' id='word_1_349' title='bbox 325 3099 353 3127; x_wconf 91' lang='grc'><strong>‹‹</strong></span> <span class='ocrx_word' id='word_1_350' title='bbox 395 3077 588 3134; x_wconf 91' lang='lat' dir='ltr'><strong>Donec</strong></span> <span class='ocrx_word' id='word_1_351' title='bbox 619 3078 830 3134; x_wconf 91' lang='lat' dir='ltr'><strong>intrem</strong></span> <span class='ocrx_word' id='word_1_352' title='bbox 881 3079 938 3133; x_wconf 90' lang='lat' dir='ltr'><strong>in</strong></span> <span class='ocrx_word' id='word_1_353' title='bbox 988 3080 1388 3135; x_wconf 88' lang='lat' dir='ltr'><strong>sanctuarium</strong></span> <span class='ocrx_word' id='word_1_354' title='bbox 1437 3081 1558 3152; x_wconf 90' lang='lat' dir='ltr'><strong>Dei,</strong></span> <span class='ocrx_word' id='word_1_355' title='bbox 1609 3086 1666 3137; x_wconf 92' lang='lat' dir='ltr'><strong>et</strong></span> <span class='ocrx_word' id='word_1_356' title='bbox 1696 3083 1903 3138; x_wconf 91' lang='lat' dir='ltr'><strong>intelli-</strong></span> 
     </span>
    </p>
   </div>
   <div class='ocr_carea' id='block_1_48' title="bbox 248 3165 1900 3238">
    <p class='ocr_par' dir='ltr' id='par_1_48' title="bbox 248 3165 1900 3238">
     <span class='ocr_line' id='line_1_48' title="bbox 248 3165 1900 3238; baseline 0.005 -18"><span class='ocrx_word' id='word_1_357' title='bbox 248 3181 388 3238; x_wconf 87' lang='lat' dir='ltr'><strong>gam</strong></span> <span class='ocrx_word' id='word_1_358' title='bbox 433 3165 493 3222; x_wconf 92' lang='lat' dir='ltr'><strong>in</strong></span> <span class='ocrx_word' id='word_1_359' title='bbox 526 3167 860 3223; x_wconf 89' lang='lat' dir='ltr'><strong>novissimis</strong></span> <span class='ocrx_word' id='word_1_360' title='bbox 889 3184 1113 3224; x_wconf 89' lang='lat' dir='ltr'><strong>corum.</strong></span> <span class='ocrx_word' id='word_1_361' title='bbox 1139 3191 1167 3218; x_wconf 89' lang='grc'><strong>››</strong></span> <span class='ocrx_word' id='word_1_362' title='bbox 1200 3168 1459 3224; x_wconf 81' lang='lat' dir='ltr'><strong>Intellexi</strong></span> <span class='ocrx_word' id='word_1_363' title='bbox 1489 3171 1662 3226; x_wconf 90' lang='lat' dir='ltr'><strong>etiam</strong></span> <span class='ocrx_word' id='word_1_364' title='bbox 1707 3172 1778 3227; x_wconf 92' lang='lat' dir='ltr'><strong>de</strong></span> <span class='ocrx_word' id='word_1_365' title='bbox 1808 3173 1900 3230; x_wconf 87' lang='lat' dir='ltr'><strong>his</strong></span> 
     </span>
    </p>
   </div>
   <div class='ocr_carea' id='block_1_49' title="bbox 251 3238 1978 3331">
    <p class='ocr_par' dir='ltr' id='par_1_49' title="bbox 251 3238 1978 3331">
     <span class='ocr_line' id='line_1_49' title="bbox 251 3238 1978 3331; baseline 0.005 -22"><span class='ocrx_word' id='word_1_366' title='bbox 251 3255 474 3310; x_wconf 86' lang='lat' dir='ltr'><strong>sanctis</strong></span> <span class='ocrx_word' id='word_1_367' title='bbox 503 3255 838 3327; x_wconf 88' lang='lat' dir='ltr'><strong>ingrediens</strong></span> <span class='ocrx_word' id='word_1_368' title='bbox 868 3261 1060 3311; x_wconf 90' lang='lat' dir='ltr'><strong>mente</strong></span> <span class='ocrx_word' id='word_1_369' title='bbox 1090 3256 1146 3311; x_wconf 93' lang='lat' dir='ltr'><strong>in</strong></span> <span class='ocrx_word' id='word_1_370' title='bbox 1171 3272 1373 3312; x_wconf 91' lang='lat' dir='ltr'><strong>eorum</strong></span> <span class='ocrx_word' id='word_1_371' title='bbox 1399 3262 1612 3313; x_wconf 70' lang='lat' dir='ltr'><strong>emtum</strong></span> <span class='ocrx_word' id='word_1_372' title='bbox 1639 3277 1650 3315; x_wconf 94' lang='lat'><strong>:</strong></span> <span class='ocrx_word' id='word_1_373' title='bbox 1685 3260 1824 3331; x_wconf 90' lang='lat' dir='ltr'><strong>quia</strong></span> <span class='ocrx_word' id='word_1_374' title='bbox 1852 3267 1909 3318; x_wconf 91' lang='lat' dir='ltr'><strong>et</strong></span> <span class='ocrx_word' id='word_1_375' title='bbox 1936 3238 1978 3304; x_wconf 79' lang='lat' dir='ltr'>C</span> 
     </span>
    </p>
   </div>
   <div class='ocr_carea' id='block_1_50' title="bbox 247 3343 1905 3416">
    <p class='ocr_par' dir='ltr' id='par_1_50' title="bbox 247 3343 1905 3416">
     <span class='ocr_line' id='line_1_50' title="bbox 247 3343 1905 3416; baseline 0.004 -17"><span class='ocrx_word' id='word_1_376' title='bbox 247 3343 302 3399; x_wconf 88' lang='lat' dir='ltr'><strong>si</strong></span> <span class='ocrx_word' id='word_1_377' title='bbox 335 3344 390 3398; x_wconf 92' lang='lat' dir='ltr'><strong>in</strong></span> <span class='ocrx_word' id='word_1_378' title='bbox 446 3345 638 3415; x_wconf 89' lang='lat' dir='ltr'><strong>prima</strong></span> <span class='ocrx_word' id='word_1_379' title='bbox 663 3344 783 3400; x_wconf 90' lang='lat' dir='ltr'><strong>vita</strong></span> <span class='ocrx_word' id='word_1_380' title='bbox 814 3345 871 3399; x_wconf 92' lang='lat' dir='ltr'><strong>in</strong></span> <span class='ocrx_word' id='word_1_381' title='bbox 905 3344 1105 3416; x_wconf 89' lang='lat' dir='ltr'><strong>paucis</strong></span> <span class='ocrx_word' id='word_1_382' title='bbox 1135 3346 1343 3416; x_wconf 85' lang='lat' dir='ltr'><strong>vexati,</strong></span> <span class='ocrx_word' id='word_1_383' title='bbox 1380 3346 1440 3400; x_wconf 91' lang='lat' dir='ltr'><strong>in</strong></span> <span class='ocrx_word' id='word_1_384' title='bbox 1471 3347 1789 3404; x_wconf 89' lang='lat' dir='ltr'><strong>novissima</strong></span> <span class='ocrx_word' id='word_1_385' title='bbox 1819 3354 1905 3405; x_wconf 90' lang='lat' dir='ltr'><strong>ta-</strong></span> 
     </span>
    </p>
   </div>
   <div class='ocr_carea' id='block_1_51' title="bbox 247 3433 1905 3510">
    <p class='ocr_par' dir='ltr' id='par_1_51' title="bbox 247 3433 1905 3510">
     <span class='ocr_line' id='line_1_51' title="bbox 247 3433 1905 3510; baseline 0.003 -23"><span class='ocrx_word' id='word_1_386' title='bbox 247 3448 387 3488; x_wconf 88' lang='lat' dir='ltr'><strong>men</strong></span> <span class='ocrx_word' id='word_1_387' title='bbox 419 3433 567 3488; x_wconf 89' lang='lat' dir='ltr'><strong>bene</strong></span> <span class='ocrx_word' id='word_1_388' title='bbox 597 3433 986 3505; x_wconf 89' lang='lat' dir='ltr'><strong>disponentur</strong></span> <span class='ocrx_word' id='word_1_389' title='bbox 1017 3433 1074 3488; x_wconf 90' lang='lat' dir='ltr'><strong>in</strong></span> <span class='ocrx_word' id='word_1_390' title='bbox 1107 3434 1331 3490; x_wconf 88' lang='lat' dir='ltr'><strong>multis.</strong></span> <span class='ocrx_word' id='word_1_391' title='bbox 1369 3435 1514 3490; x_wconf 91' lang='lat' dir='ltr'><strong>Hinc</strong></span> <span class='ocrx_word' id='word_1_392' title='bbox 1545 3437 1616 3491; x_wconf 90' lang='lat' dir='ltr'><strong>ad</strong></span> <span class='ocrx_word' id='word_1_393' title='bbox 1644 3435 1774 3492; x_wconf 89' lang='lat' dir='ltr'><strong>illos</strong></span> <span class='ocrx_word' id='word_1_394' title='bbox 1805 3439 1905 3510; x_wconf 93' lang='lat' dir='ltr'><strong>qui</strong></span> 
     </span>
    </p>
   </div>
   <div class='ocr_carea' id='block_1_52' title="bbox 246 3520 1830 3595">
    <p class='ocr_par' dir='ltr' id='par_1_52' title="bbox 246 3520 1830 3595">
     <span class='ocr_line' id='line_1_52' title="bbox 246 3520 1830 3595; baseline 0.003 -19"><span class='ocrx_word' id='word_1_395' title='bbox 246 3521 312 3576; x_wconf 89' lang='lat' dir='ltr'><strong>in</strong></span> <span class='ocrx_word' id='word_1_396' title='bbox 350 3520 686 3577; x_wconf 89' lang='lat' dir='ltr'><strong>divitiarum</strong></span> <span class='ocrx_word' id='word_1_397' title='bbox 717 3521 848 3577; x_wconf 90' lang='lat' dir='ltr'><strong>dolo</strong></span> <span class='ocrx_word' id='word_1_398' title='bbox 879 3523 1272 3595; x_wconf 84' lang='lat' dir='ltr'><strong>confidebant,</strong></span> <span class='ocrx_word' id='word_1_399' title='bbox 1304 3524 1478 3580; x_wconf 81' lang='lat' dir='ltr'><strong>verba</strong></span> <span class='ocrx_word' id='word_1_400' title='bbox 1506 3530 1830 3582; x_wconf 87' lang='lat' dir='ltr'><strong>vertuntur.</strong></span> 
     </span>
    </p>
   </div>
   <div class='ocr_carea' id='block_1_53' title="bbox 324 3610 1905 3684">
    <p class='ocr_par' dir='ltr' id='par_1_53' title="bbox 324 3610 1905 3684">
     <span class='ocr_line' id='line_1_53' title="bbox 324 3610 1905 3684; baseline 0.009 -25"><span class='ocrx_word' id='word_1_401' title='bbox 324 3633 352 3660; x_wconf 81' lang='lat'><strong>«</strong></span> <span class='ocrx_word' id='word_1_402' title='bbox 393 3610 806 3667; x_wconf 89' lang='lat' dir='ltr'><strong>Verumtamen</strong></span> <span class='ocrx_word' id='word_1_403' title='bbox 841 3615 1077 3684; x_wconf 85' lang='lat' dir='ltr'><strong>propter</strong></span> <span class='ocrx_word' id='word_1_404' title='bbox 1093 3611 1258 3667; x_wconf 92' lang='lat' dir='ltr'><strong>dolos</strong></span> <span class='ocrx_word' id='word_1_405' title='bbox 1280 3613 1528 3684; x_wconf 91' lang='lat' dir='ltr'><strong>posuisti</strong></span> <span class='ocrx_word' id='word_1_406' title='bbox 1558 3631 1674 3670; x_wconf 88' lang='lat' dir='ltr'><strong>eos.</strong></span> <span class='ocrx_word' id='word_1_407' title='bbox 1709 3639 1738 3664; x_wconf 82' lang='lat'><em>»</em></span> <span class='ocrx_word' id='word_1_408' title='bbox 1761 3616 1905 3679; x_wconf 91' lang='lat' dir='ltr'><strong>Quia</strong></span> 
     </span>
    </p>
   </div>
   <div class='ocr_carea' id='block_1_54' title="bbox 246 3698 1904 3776">
    <p class='ocr_par' dir='ltr' id='par_1_54' title="bbox 246 3698 1904 3776">
     <span class='ocr_line' id='line_1_54' title="bbox 246 3698 1904 3776; baseline 0.004 -23"><span class='ocrx_word' id='word_1_409' title='bbox 246 3698 680 3755; x_wconf 82' lang='lat' dir='ltr'><strong>tribulaverunt</strong></span> <span class='ocrx_word' id='word_1_410' title='bbox 707 3700 929 3772; x_wconf 80' lang='lat' dir='ltr'><strong>iniquis</strong></span> <span class='ocrx_word' id='word_1_411' title='bbox 974 3701 1280 3757; x_wconf 82' lang='lat' dir='ltr'><strong>fraudibus</strong></span> <span class='ocrx_word' id='word_1_412' title='bbox 1302 3703 1515 3772; x_wconf 90' lang='lat' dir='ltr'><strong>justos.</strong></span> <span class='ocrx_word' id='word_1_413' title='bbox 1571 3727 1598 3753; x_wconf 87' lang='lat'><strong>«</strong></span> <span class='ocrx_word' id='word_1_414' title='bbox 1632 3704 1904 3776; x_wconf 88' lang='lat' dir='ltr'><strong>Dejecisti</strong></span> 
     </span>
    </p>
   </div>
   <div class='ocr_carea' id='block_1_55' title="bbox 247 3788 1903 3852">
    <p class='ocr_par' dir='ltr' id='par_1_55' title="bbox 247 3788 1903 3852">
     <span class='ocr_line' id='line_1_55' title="bbox 247 3788 1903 3852; baseline 0.005 -8"><span class='ocrx_word' id='word_1_415' title='bbox 247 3803 350 3844; x_wconf 88' lang='lat' dir='ltr'><strong>eos</strong></span> <span class='ocrx_word' id='word_1_416' title='bbox 403 3788 543 3844; x_wconf 91' lang='lat' dir='ltr'><strong>dum</strong></span> <span class='ocrx_word' id='word_1_417' title='bbox 591 3788 1016 3847; x_wconf 90' lang='lat' dir='ltr'><strong>alleviaverunt.</strong></span> <span class='ocrx_word' id='word_1_418' title='bbox 1051 3811 1078 3843; x_wconf 72' lang='grc' dir='ltr'><strong>ο</strong></span> <span class='ocrx_word' id='word_1_419' title='bbox 1129 3791 1191 3845; x_wconf 90' lang='lat' dir='ltr'><strong>In</strong></span> <span class='ocrx_word' id='word_1_420' title='bbox 1240 3791 1456 3846; x_wconf 88' lang='lat' dir='ltr'><strong>divitiis</strong></span> <span class='ocrx_word' id='word_1_421' title='bbox 1496 3792 1746 3849; x_wconf 88' lang='lat' dir='ltr'><strong>alleviati</strong></span> <span class='ocrx_word' id='word_1_422' title='bbox 1780 3813 1813 3850; x_wconf 89' lang='lat' dir='ltr'><strong>a</strong></span> <span class='ocrx_word' id='word_1_423' title='bbox 1854 3803 1903 3852; x_wconf 89' lang='lat' dir='ltr'><strong>te</strong></span> 
     </span>
    </p>
   </div>
   <div class='ocr_carea' id='block_1_56' title="bbox 248 3877 652 3948">
    <p class='ocr_par' dir='ltr' id='par_1_56' title="bbox 248 3877 652 3948">
     <span class='ocr_line' id='line_1_56' title="bbox 248 3877 652 3948; baseline 0 -16"><span class='ocrx_word' id='word_1_424' title='bbox 248 3881 392 3933; x_wconf 88' lang='lat' dir='ltr'><strong>sunt</strong></span> <span class='ocrx_word' id='word_1_425' title='bbox 423 3877 652 3948; x_wconf 90' lang='lat' dir='ltr'><strong>dejecti.</strong></span> 
     </span>
    </p>
   </div>
   <div class='ocr_carea' id='block_1_57' title="bbox 325 3967 1904 4030">
    <p class='ocr_par' dir='ltr' id='par_1_57' title="bbox 325 3967 1904 4030">
     <span class='ocr_line' id='line_1_57' title="bbox 325 3967 1904 4030; baseline 0.008 -14"><span class='ocrx_word' id='word_1_426' title='bbox 325 3988 353 4016; x_wconf 87' lang='grc'><strong>‹‹</strong></span> <span class='ocrx_word' id='word_1_427' title='bbox 395 3967 694 4030; x_wconf 88' lang='lat' dir='ltr'><strong>Quomodo</strong></span> <span class='ocrx_word' id='word_1_428' title='bbox 727 3967 859 4022; x_wconf 89' lang='lat' dir='ltr'><strong>facti</strong></span> <span class='ocrx_word' id='word_1_429' title='bbox 893 3973 1033 4023; x_wconf 89' lang='lat' dir='ltr'><strong>sunt</strong></span> <span class='ocrx_word' id='word_1_430' title='bbox 1070 3969 1128 4023; x_wconf 94' lang='lat' dir='ltr'><strong>in</strong></span> <span class='ocrx_word' id='word_1_431' title='bbox 1161 3968 1580 4026; x_wconf 88' lang='lat' dir='ltr'><strong>desolationem</strong></span> <span class='ocrx_word' id='word_1_432' title='bbox 1602 3971 1629 4026; x_wconf 77' lang='lat' dir='ltr'><strong>‘t</strong></span> <span class='ocrx_word' id='word_1_433' title='bbox 1664 3995 1690 4020; x_wconf 90' lang='grc'><strong>››</strong></span> <span class='ocrx_word' id='word_1_434' title='bbox 1726 3975 1904 4029; x_wconf 89' lang='lat' dir='ltr'><strong>Inter-</strong></span> 
     </span>
    </p>
   </div>
   <div class='ocr_carea' id='block_1_58' title="bbox 247 4055 1902 4135">
    <p class='ocr_par' dir='ltr' id='par_1_58' title="bbox 247 4055 1902 4135">
     <span class='ocr_line' id='line_1_58' title="bbox 247 4055 1902 4135; baseline 0.005 -25"><span class='ocrx_word' id='word_1_435' title='bbox 247 4055 513 4127; x_wconf 89' lang='lat' dir='ltr'><strong>rogantis</strong></span> <span class='ocrx_word' id='word_1_436' title='bbox 560 4056 717 4110; x_wconf 88' lang='lat' dir='ltr'><strong>vocis</strong></span> <span class='ocrx_word' id='word_1_437' title='bbox 766 4055 857 4111; x_wconf 90' lang='lat' dir='ltr'><strong>hic</strong></span> <span class='ocrx_word' id='word_1_438' title='bbox 897 4057 1108 4112; x_wconf 90' lang='lat' dir='ltr'><strong>modus</strong></span> <span class='ocrx_word' id='word_1_439' title='bbox 1139 4061 1245 4124; x_wconf 90' lang='lat' dir='ltr'><strong>est,</strong></span> <span class='ocrx_word' id='word_1_440' title='bbox 1287 4063 1343 4112; x_wconf 91' lang='lat' dir='ltr'><strong>et</strong></span> <span class='ocrx_word' id='word_1_441' title='bbox 1373 4060 1636 4130; x_wconf 90' lang='lat' dir='ltr'><strong>sequitur</strong></span> <span class='ocrx_word' id='word_1_442' title='bbox 1665 4079 1902 4135; x_wconf 91' lang='lat' dir='ltr'><strong>respon-</strong></span> 
     </span>
    </p>
   </div>
   <div class='ocr_carea' id='block_1_59' title="bbox 250 4145 1905 4224">
    <p class='ocr_par' dir='ltr' id='par_1_59' title="bbox 250 4145 1905 4224">
     <span class='ocr_line' id='line_1_59' title="bbox 250 4145 1905 4224; baseline 0.005 -24"><span class='ocrx_word' id='word_1_443' title='bbox 250 4145 476 4200; x_wconf 88' lang='lat' dir='ltr'><strong>dentis.</strong></span> <span class='ocrx_word' id='word_1_444' title='bbox 541 4169 567 4195; x_wconf 88' lang='grc'><em>‹‹</em></span> <span class='ocrx_word' id='word_1_445' title='bbox 632 4145 836 4201; x_wconf 91' lang='lat' dir='ltr'><strong>Subito</strong></span> <span class='ocrx_word' id='word_1_446' title='bbox 895 4146 1265 4215; x_wconf 85' lang='lat' dir='ltr'><strong>defecerunt,</strong></span> <span class='ocrx_word' id='word_1_447' title='bbox 1320 4148 1615 4219; x_wconf 91' lang='lat' dir='ltr'><strong>perierunt</strong></span> <span class='ocrx_word' id='word_1_448' title='bbox 1672 4157 1905 4224; x_wconf 89' lang='lat' dir='ltr'><strong>propter</strong></span> 
     </span>
    </p>
   </div>
   <div class='ocr_carea' id='block_1_60' title="bbox 249 4233 1901 4314">
    <p class='ocr_par' dir='ltr' id='par_1_60' title="bbox 249 4233 1901 4314">
     <span class='ocr_line' id='line_1_60' title="bbox 249 4233 1901 4314; baseline 0.005 -26"><span class='ocrx_word' id='word_1_449' title='bbox 249 4233 620 4306; x_wconf 90' lang='lat' dir='ltr'><strong>iniquitatem</strong></span> <span class='ocrx_word' id='word_1_450' title='bbox 676 4252 864 4290; x_wconf 90' lang='lat' dir='ltr'><strong>suam.</strong></span> <span class='ocrx_word' id='word_1_451' title='bbox 917 4257 946 4285; x_wconf 84' lang='lat'>»</span> <span class='ocrx_word' id='word_1_452' title='bbox 997 4236 1273 4308; x_wconf 84' lang='lat' dir='ltr'><strong>Exposuit</strong></span> <span class='ocrx_word' id='word_1_453' title='bbox 1303 4237 1457 4292; x_wconf 91' lang='lat' dir='ltr'><strong>enim</strong></span> <span class='ocrx_word' id='word_1_454' title='bbox 1503 4239 1766 4296; x_wconf 91' lang='lat' dir='ltr'><strong>ordinem</strong></span> <span class='ocrx_word' id='word_1_455' title='bbox 1799 4243 1901 4314; x_wconf 92' lang='lat' dir='ltr'><strong>rei,</strong></span> 
     </span>
    </p>
   </div>
   <div class='ocr_carea' id='block_1_61' title="bbox 242 4322 1906 4402">
    <p class='ocr_par' dir='ltr' id='par_1_61' title="bbox 242 4322 1906 4402">
     <span class='ocr_line' id='line_1_61' title="bbox 242 4322 1906 4402; baseline 0.005 -26"><span class='ocrx_word' id='word_1_456' title='bbox 242 4323 417 4393; x_wconf 88' lang='lat' dir='ltr'><strong>juxta</strong></span> <span class='ocrx_word' id='word_1_457' title='bbox 463 4322 607 4378; x_wconf 90' lang='lat' dir='ltr'><strong>illud</strong></span> <span class='ocrx_word' id='word_1_458' title='bbox 640 4325 792 4394; x_wconf 89' lang='lat' dir='ltr'><strong>quod</strong></span> <span class='ocrx_word' id='word_1_459' title='bbox 832 4324 1145 4395; x_wconf 86' lang='lat' dir='ltr'><strong>Apostolus</strong></span> <span class='ocrx_word' id='word_1_460' title='bbox 1189 4325 1305 4380; x_wconf 89' lang='lat' dir='ltr'><strong>ait:</strong></span> <span class='ocrx_word' id='word_1_461' title='bbox 1342 4326 1476 4380; x_wconf 85' lang='lat' dir='ltr'><strong>Cum</strong></span> <span class='ocrx_word' id='word_1_462' title='bbox 1516 4327 1766 4384; x_wconf 70' lang='lat' dir='ltr'><strong>dixerint</strong></span> <span class='ocrx_word' id='word_1_463' title='bbox 1792 4347 1906 4402; x_wconf 74' lang='lat' dir='ltr'><strong>pax</strong></span> 
     </span>
    </p>
   </div>
   <div class='ocr_carea' id='block_1_62' title="bbox 249 4413 1903 4486">
    <p class='ocr_par' dir='ltr' id='par_1_62' title="bbox 249 4413 1903 4486">
     <span class='ocr_line' id='line_1_62' title="bbox 249 4413 1903 4486; baseline 0.005 -20"><span class='ocrx_word' id='word_1_464' title='bbox 249 4415 303 4466; x_wconf 86' lang='lat' dir='ltr'><strong>et</strong></span> <span class='ocrx_word' id='word_1_465' title='bbox 332 4413 598 4467; x_wconf 77' lang='lat' dir='ltr'><strong>securitas</strong></span> <span class='ocrx_word' id='word_1_466' title='bbox 622 4431 638 4466; x_wconf 93' lang='lat'><strong>:</strong></span> <span class='ocrx_word' id='word_1_467' title='bbox 677 4415 808 4467; x_wconf 82' lang='lat' dir='ltr'><strong>tunc</strong></span> <span class='ocrx_word' id='word_1_468' title='bbox 836 4415 1157 4484; x_wconf 85' lang='lat' dir='ltr'><strong>repentinus</strong></span> <span class='ocrx_word' id='word_1_469' title='bbox 1187 4415 1304 4468; x_wconf 87' lang='lat' dir='ltr'><strong>illis</strong></span> <span class='ocrx_word' id='word_1_470' title='bbox 1331 4417 1614 4486; x_wconf 84' lang='lat' dir='ltr'><strong>apparebit</strong></span> <span class='ocrx_word' id='word_1_471' title='bbox 1645 4418 1903 4474; x_wconf 85' lang='lat' dir='ltr'><strong>interitus</strong></span> 
     </span>
    </p>
   </div>
   <div class='ocr_carea' id='block_1_63' title="bbox 251 4501 712 4573">
    <p class='ocr_par' dir='ltr' id='par_1_63' title="bbox 251 4501 712 4573">
     <span class='ocr_line' id='line_1_63' title="bbox 251 4501 712 4573; baseline -0.002 -18"><span class='ocrx_word' id='word_1_472' title='bbox 251 4502 308 4573; x_wconf 90' lang='lat' dir='ltr'><strong>(l</strong></span> <span class='ocrx_word' id='word_1_473' title='bbox 347 4501 517 4556; x_wconf 70' lang='lat' dir='ltr'><strong>Thess.</strong></span> <span class='ocrx_word' id='word_1_474' title='bbox 552 4518 606 4567; x_wconf 94' lang='lat' dir='ltr'><strong>v,</strong></span> <span class='ocrx_word' id='word_1_475' title='bbox 639 4502 712 4572; x_wconf 91' lang='lat'><strong>3).</strong></span> 
     </span>
    </p>
   </div>
   <div class='ocr_carea' id='block_1_64' title="bbox 324 4589 1974 4674">
    <p class='ocr_par' dir='ltr' id='par_1_64' title="bbox 324 4589 1974 4674">
     <span class='ocr_line' id='line_1_64' title="bbox 324 4589 1974 4674; baseline 0.007 -30"><span class='ocrx_word' id='word_1_476' title='bbox 324 4613 351 4638; x_wconf 84' lang='grc' dir='ltr'>α</span> <span class='ocrx_word' id='word_1_477' title='bbox 393 4589 565 4645; x_wconf 88' lang='lat' dir='ltr'><strong>Velut</strong></span> <span class='ocrx_word' id='word_1_478' title='bbox 611 4590 908 4645; x_wconf 88' lang='lat' dir='ltr'><strong>somnium</strong></span> <span class='ocrx_word' id='word_1_479' title='bbox 959 4591 1420 4663; x_wconf 88' lang='lat' dir='ltr'><strong>exsurgentium.</strong></span> <span class='ocrx_word' id='word_1_480' title='bbox 1462 4616 1488 4642; x_wconf 75' lang='grc' dir='ltr'><strong>η</strong></span> <span class='ocrx_word' id='word_1_481' title='bbox 1542 4593 1705 4651; x_wconf 90' lang='lat' dir='ltr'><strong>Sicut</strong></span> <span class='ocrx_word' id='word_1_482' title='bbox 1763 4599 1896 4669; x_wconf 90' lang='lat' dir='ltr'><strong>quis</strong></span> <span class='ocrx_word' id='word_1_483' title='bbox 1930 4610 1974 4674; x_wconf 83' lang='lat' dir='ltr'><strong>D</strong></span> 
     </span>
    </p>
   </div>
   <div class='ocr_carea' id='block_1_65' title="bbox 251 4678 1909 4755">
    <p class='ocr_par' dir='ltr' id='par_1_65' title="bbox 251 4678 1909 4755">
     <span class='ocr_line' id='line_1_65' title="bbox 251 4678 1909 4755; baseline 0.007 -23"><span class='ocrx_word' id='word_1_484' title='bbox 251 4678 757 4734; x_wconf 90' lang='lat' dir='ltr'><strong>dormiensvidet</strong></span> <span class='ocrx_word' id='word_1_485' title='bbox 820 4679 878 4733; x_wconf 92' lang='lat' dir='ltr'><strong>in</strong></span> <span class='ocrx_word' id='word_1_486' title='bbox 932 4678 1056 4734; x_wconf 90' lang='lat' dir='ltr'><strong>visu</strong></span> <span class='ocrx_word' id='word_1_487' title='bbox 1119 4679 1428 4736; x_wconf 88' lang='lat' dir='ltr'><strong>thesauros</strong></span> <span class='ocrx_word' id='word_1_488' title='bbox 1486 4699 1731 4755; x_wconf 89' lang='lat' dir='ltr'><strong>magnos</strong></span> <span class='ocrx_word' id='word_1_489' title='bbox 1783 4696 1909 4750; x_wconf 85' lang='lat' dir='ltr'><strong>auri</strong></span> 
     </span>
    </p>
   </div>
   <div class='ocr_carea' id='block_1_66' title="bbox 256 4768 1902 4840">
    <p class='ocr_par' dir='ltr' id='par_1_66' title="bbox 256 4768 1902 4840">
     <span class='ocr_line' id='line_1_66' title="bbox 256 4768 1902 4840; baseline 0.006 -18"><span class='ocrx_word' id='word_1_490' title='bbox 256 4768 623 4839; x_wconf 88' lang='lat' dir='ltr'><strong>argentique,</strong></span> <span class='ocrx_word' id='word_1_491' title='bbox 672 4773 728 4824; x_wconf 88' lang='lat' dir='ltr'><strong>et</strong></span> <span class='ocrx_word' id='word_1_492' title='bbox 786 4784 1031 4840; x_wconf 89' lang='lat' dir='ltr'><strong>surgens</strong></span> <span class='ocrx_word' id='word_1_493' title='bbox 1081 4769 1278 4824; x_wconf 88' lang='lat' dir='ltr'><strong>omnia</strong></span> <span class='ocrx_word' id='word_1_494' title='bbox 1326 4771 1553 4839; x_wconf 88' lang='lat' dir='ltr'><strong>perdit:</strong></span> <span class='ocrx_word' id='word_1_495' title='bbox 1606 4773 1688 4828; x_wconf 86' lang='lat' dir='ltr'><strong>ita</strong></span> <span class='ocrx_word' id='word_1_496' title='bbox 1735 4781 1791 4830; x_wconf 92' lang='lat' dir='ltr'><strong>et</strong></span> <span class='ocrx_word' id='word_1_497' title='bbox 1842 4778 1902 4832; x_wconf 93' lang='lat' dir='ltr'><strong>hi</strong></span> 
     </span>
    </p>
   </div>
   <div class='ocr_carea' id='block_1_67' title="bbox 253 4856 1908 4933">
    <p class='ocr_par' dir='ltr' id='par_1_67' title="bbox 253 4856 1908 4933">
     <span class='ocr_line' id='line_1_67' title="bbox 253 4856 1908 4933; baseline 0.006 -22"><span class='ocrx_word' id='word_1_498' title='bbox 253 4856 486 4911; x_wconf 90' lang='lat' dir='ltr'><strong>divitias</strong></span> <span class='ocrx_word' id='word_1_499' title='bbox 528 4873 666 4912; x_wconf 86' lang='lat' dir='ltr'><strong>suas</strong></span> <span class='ocrx_word' id='word_1_500' title='bbox 698 4862 830 4929; x_wconf 91' lang='lat' dir='ltr'><strong>post</strong></span> <span class='ocrx_word' id='word_1_501' title='bbox 855 4857 1036 4928; x_wconf 87' lang='lat' dir='ltr'><strong>hujus</strong></span> <span class='ocrx_word' id='word_1_502' title='bbox 1066 4857 1263 4913; x_wconf 68' lang='lat' dir='ltr'><strong>saaculi</strong></span> <span class='ocrx_word' id='word_1_503' title='bbox 1304 4859 1482 4914; x_wconf 89' lang='lat' dir='ltr'><strong>vitam</strong></span> <span class='ocrx_word' id='word_1_504' title='bbox 1516 4860 1573 4914; x_wconf 92' lang='lat' dir='ltr'><strong>in</strong></span> <span class='ocrx_word' id='word_1_505' title='bbox 1607 4879 1721 4933; x_wconf 91' lang='lat' dir='ltr'><strong>qua</strong></span> <span class='ocrx_word' id='word_1_506' title='bbox 1751 4864 1908 4921; x_wconf 90' lang='lat' dir='ltr'><strong>velut</strong></span> 
     </span>
    </p>
   </div>
   <div class='ocr_carea' id='block_1_68' title="bbox 252 4943 1904 5016">
    <p class='ocr_par' dir='ltr' id='par_1_68' title="bbox 252 4943 1904 5016">
     <span class='ocr_line' id='line_1_68' title="bbox 252 4943 1904 5016; baseline 0.007 -17"><span class='ocrx_word' id='word_1_507' title='bbox 252 4943 314 4999; x_wconf 90' lang='lat' dir='ltr'><strong>in</strong></span> <span class='ocrx_word' id='word_1_508' title='bbox 355 4962 561 5001; x_wconf 90' lang='lat' dir='ltr'><strong>somno</strong></span> <span class='ocrx_word' id='word_1_509' title='bbox 612 4945 822 5001; x_wconf 89' lang='lat' dir='ltr'><strong>versati</strong></span> <span class='ocrx_word' id='word_1_510' title='bbox 854 4951 1009 5002; x_wconf 89' lang='lat' dir='ltr'><strong>sunt.</strong></span> <span class='ocrx_word' id='word_1_511' title='bbox 1047 4970 1073 4995; x_wconf 86' lang='lat'><strong>«</strong></span> <span class='ocrx_word' id='word_1_512' title='bbox 1113 4947 1369 5016; x_wconf 89' lang='lat' dir='ltr'><strong>Domine,</strong></span> <span class='ocrx_word' id='word_1_513' title='bbox 1404 4948 1460 5002; x_wconf 93' lang='lat' dir='ltr'><strong>in</strong></span> <span class='ocrx_word' id='word_1_514' title='bbox 1494 4949 1744 5008; x_wconf 87' lang='lat' dir='ltr'><strong>civitate.</strong></span> <span class='ocrx_word' id='word_1_515' title='bbox 1782 4977 1808 5003; x_wconf 86' lang='lat'>»</span> <span class='ocrx_word' id='word_1_516' title='bbox 1843 4957 1904 5010; x_wconf 93' lang='lat' dir='ltr'><strong>In</strong></span> 
     </span>
    </p>
   </div>
   <div class='ocr_carea' id='block_1_69' title="bbox 255 5033 1904 5111">
    <p class='ocr_par' dir='ltr' id='par_1_69' title="bbox 255 5033 1904 5111">
     <span class='ocr_line' id='line_1_69' title="bbox 255 5033 1904 5111; baseline 0.007 -22"><span class='ocrx_word' id='word_1_517' title='bbox 255 5033 477 5089; x_wconf 72' lang='lat' dir='ltr'><strong>caelesti</strong></span> <span class='ocrx_word' id='word_1_518' title='bbox 511 5035 710 5107; x_wconf 91' lang='lat' dir='ltr'><strong>utique</strong></span> <span class='ocrx_word' id='word_1_519' title='bbox 741 5039 1086 5091; x_wconf 87' lang='lat' dir='ltr'><strong>Jerusalem.</strong></span> <span class='ocrx_word' id='word_1_520' title='bbox 1128 5058 1153 5088; x_wconf 75' lang='grc' dir='ltr'>ιι</span> <span class='ocrx_word' id='word_1_521' title='bbox 1185 5036 1503 5108; x_wconf 90' lang='lat' dir='ltr'><strong>Imaginem</strong></span> <span class='ocrx_word' id='word_1_522' title='bbox 1537 5039 1798 5111; x_wconf 92' lang='lat' dir='ltr'><strong>ipsorum</strong></span> <span class='ocrx_word' id='word_1_523' title='bbox 1833 5045 1904 5100; x_wconf 90' lang='lat' dir='ltr'><strong>ad</strong></span> 
     </span>
    </p>
   </div>
   <div class='ocr_carea' id='block_1_70' title="bbox 255 5122 1904 5197">
    <p class='ocr_par' dir='ltr' id='par_1_70' title="bbox 255 5122 1904 5197">
     <span class='ocr_line' id='line_1_70' title="bbox 255 5122 1904 5197; baseline 0.007 -19"><span class='ocrx_word' id='word_1_524' title='bbox 255 5122 507 5178; x_wconf 89' lang='lat' dir='ltr'><strong>nihilum</strong></span> <span class='ocrx_word' id='word_1_525' title='bbox 541 5124 788 5196; x_wconf 86' lang='lat' dir='ltr'><strong>rediges.</strong></span> <span class='ocrx_word' id='word_1_526' title='bbox 825 5149 853 5174; x_wconf 74' lang='grc' dir='ltr'>υ</span> <span class='ocrx_word' id='word_1_527' title='bbox 896 5127 1040 5182; x_wconf 87' lang='lat' dir='ltr'><strong>Cum</strong></span> <span class='ocrx_word' id='word_1_528' title='bbox 1073 5124 1446 5197; x_wconf 88' lang='lat' dir='ltr'><strong>pulsantibus</strong></span> <span class='ocrx_word' id='word_1_529' title='bbox 1487 5127 1577 5197; x_wconf 85' lang='lat' dir='ltr'><strong>his</strong></span> <span class='ocrx_word' id='word_1_530' title='bbox 1609 5131 1904 5188; x_wconf 77' lang='lat' dir='ltr'><strong>caelestem</strong></span> 
     </span>
    </p>
   </div>
   <div class='ocr_carea' id='block_1_71' title="bbox 256 5211 1903 5290">
    <p class='ocr_par' dir='ltr' id='par_1_71' title="bbox 256 5211 1903 5290">
     <span class='ocr_line' id='line_1_71' title="bbox 256 5211 1903 5290; baseline 0.007 -23"><span class='ocrx_word' id='word_1_531' title='bbox 256 5211 498 5285; x_wconf 91' lang='lat' dir='ltr'><strong>regiam,</strong></span> <span class='ocrx_word' id='word_1_532' title='bbox 535 5212 720 5269; x_wconf 86' lang='lat' dir='ltr'><strong>dices:</strong></span> <span class='ocrx_word' id='word_1_533' title='bbox 758 5214 1025 5270; x_wconf 79' lang='lat' dir='ltr'><strong>Discedite</strong></span> <span class='ocrx_word' id='word_1_534' title='bbox 1053 5232 1086 5269; x_wconf 87' lang='lat' dir='ltr'><strong>a</strong></span> <span class='ocrx_word' id='word_1_535' title='bbox 1133 5231 1239 5280; x_wconf 89' lang='lat' dir='ltr'><strong>me,</strong></span> <span class='ocrx_word' id='word_1_536' title='bbox 1276 5219 1526 5284; x_wconf 85' lang='lat' dir='ltr'><strong>operarii</strong></span> <span class='ocrx_word' id='word_1_537' title='bbox 1554 5221 1862 5290; x_wconf 82' lang='lat' dir='ltr'><strong>iniquitatis</strong></span> <span class='ocrx_word' id='word_1_538' title='bbox 1884 5241 1903 5278; x_wconf 90' lang='lat'><strong>:</strong></span> 
     </span>
    </p>
   </div>
   <div class='ocr_carea' id='block_1_72' title="bbox 254 5303 1716 5375">
    <p class='ocr_par' dir='ltr' id='par_1_72' title="bbox 254 5303 1716 5375">
     <span class='ocr_line' id='line_1_72' title="bbox 254 5303 1716 5375; baseline 0.001 -19"><span class='ocrx_word' id='word_1_539' title='bbox 254 5303 384 5372; x_wconf 85' lang='lat' dir='ltr'><strong>quia</strong></span> <span class='ocrx_word' id='word_1_540' title='bbox 413 5317 522 5356; x_wconf 83' lang='lat' dir='ltr'><strong>non</strong></span> <span class='ocrx_word' id='word_1_541' title='bbox 551 5304 681 5358; x_wconf 86' lang='lat' dir='ltr'><strong>novi</strong></span> <span class='ocrx_word' id='word_1_542' title='bbox 707 5319 797 5357; x_wconf 87' lang='lat' dir='ltr'><strong>vos</strong></span> <span class='ocrx_word' id='word_1_543' title='bbox 826 5307 979 5372; x_wconf 88' lang='lat' dir='ltr'><strong>(Luc.</strong></span> <span class='ocrx_word' id='word_1_544' title='bbox 1013 5321 1135 5374; x_wconf 86' lang='lat' dir='ltr'><strong>xm,</strong></span> <span class='ocrx_word' id='word_1_545' title='bbox 1167 5305 1280 5375; x_wconf 84' lang='lat'><strong>27).</strong></span> <span class='ocrx_word' id='word_1_546' title='bbox 1706 5361 1716 5368; x_wconf 51' lang='grc'><em>,</em></span> 
     </span>
    </p>
   </div>
   <div class='ocr_carea' id='block_1_73' title="bbox 333 5389 1903 5456">
    <p class='ocr_par' dir='ltr' id='par_1_73' title="bbox 333 5389 1903 5456">
     <span class='ocr_line' id='line_1_73' title="bbox 333 5389 1903 5456; baseline 0.008 -13"><span class='ocrx_word' id='word_1_547' title='bbox 333 5409 355 5437; x_wconf 74' lang='grc' dir='ltr'>ι</span> <span class='ocrx_word' id='word_1_548' title='bbox 398 5389 544 5454; x_wconf 89' lang='lat' dir='ltr'><strong>Quia</strong></span> <span class='ocrx_word' id='word_1_549' title='bbox 564 5390 994 5446; x_wconf 86' lang='lat' dir='ltr'><strong>inflammatum</strong></span> <span class='ocrx_word' id='word_1_550' title='bbox 1027 5396 1116 5447; x_wconf 88' lang='lat' dir='ltr'><strong>est</strong></span> <span class='ocrx_word' id='word_1_551' title='bbox 1153 5408 1250 5447; x_wconf 93' lang='lat' dir='ltr'><strong>cor</strong></span> <span class='ocrx_word' id='word_1_552' title='bbox 1280 5409 1498 5449; x_wconf 90' lang='lat' dir='ltr'><strong>meum.</strong></span> <span class='ocrx_word' id='word_1_553' title='bbox 1536 5417 1562 5443; x_wconf 92' lang='lat'>»</span> <span class='ocrx_word' id='word_1_554' title='bbox 1599 5395 1670 5451; x_wconf 92' lang='lat' dir='ltr'><strong>Ut</strong></span> <span class='ocrx_word' id='word_1_555' title='bbox 1713 5401 1903 5456; x_wconf 89' lang='lat' dir='ltr'><strong>Patris</strong></span> 
     </span>
    </p>
   </div>
   <div class='ocr_carea' id='block_1_74' title="bbox 254 5477 1900 5556">
    <p class='ocr_par' dir='ltr' id='par_1_74' title="bbox 254 5477 1900 5556">
     <span class='ocr_line' id='line_1_74' title="bbox 254 5477 1900 5556; baseline 0.005 -22"><span class='ocrx_word' id='word_1_556' title='bbox 254 5477 463 5534; x_wconf 72' lang='lat' dir='ltr'><strong>iaciam</strong></span> <span class='ocrx_word' id='word_1_557' title='bbox 486 5479 862 5535; x_wconf 90' lang='lat' dir='ltr'><strong>voluntatem.</strong></span> <span class='ocrx_word' id='word_1_558' title='bbox 887 5479 1150 5536; x_wconf 85' lang='lat' dir='ltr'><strong>Christus</strong></span> <span class='ocrx_word' id='word_1_559' title='bbox 1172 5481 1457 5538; x_wconf 87' lang='lat' dir='ltr'><strong>Dominus</strong></span> <span class='ocrx_word' id='word_1_560' title='bbox 1479 5483 1599 5538; x_wconf 75' lang='lat' dir='ltr'><strong>haec</strong></span> <span class='ocrx_word' id='word_1_561' title='bbox 1620 5483 1900 5556; x_wconf 90' lang='lat' dir='ltr'><strong>loquitur.</strong></span> 
     </span>
    </p>
   </div>
   <div class='ocr_carea' id='block_1_75' title="bbox 258 5568 1900 5646">
    <p class='ocr_par' dir='ltr' id='par_1_75' title="bbox 258 5568 1900 5646">
     <span class='ocr_line' id='line_1_75' title="bbox 258 5568 1900 5646; baseline 0.006 -25"><span class='ocrx_word' id='word_1_562' title='bbox 258 5588 288 5617; x_wconf 85' lang='lat'><em>«</em></span> <span class='ocrx_word' id='word_1_563' title='bbox 326 5568 396 5624; x_wconf 89' lang='lat' dir='ltr'><strong>Et</strong></span> <span class='ocrx_word' id='word_1_564' title='bbox 427 5585 593 5624; x_wconf 89' lang='lat' dir='ltr'><strong>renes</strong></span> <span class='ocrx_word' id='word_1_565' title='bbox 625 5569 736 5624; x_wconf 88' lang='lat' dir='ltr'><strong>mei</strong></span> <span class='ocrx_word' id='word_1_566' title='bbox 771 5570 1112 5624; x_wconf 86' lang='lat' dir='ltr'><strong>commutati</strong></span> <span class='ocrx_word' id='word_1_567' title='bbox 1143 5574 1299 5624; x_wconf 89' lang='lat' dir='ltr'><strong>sunt.</strong></span> <span class='ocrx_word' id='word_1_568' title='bbox 1335 5594 1362 5620; x_wconf 88' lang='grc'><strong>››</strong></span> <span class='ocrx_word' id='word_1_569' title='bbox 1395 5571 1476 5627; x_wconf 89' lang='lat' dir='ltr'><strong>Ne</strong></span> <span class='ocrx_word' id='word_1_570' title='bbox 1511 5572 1652 5628; x_wconf 90' lang='lat' dir='ltr'><strong>mihi</strong></span> <span class='ocrx_word' id='word_1_571' title='bbox 1687 5592 1900 5646; x_wconf 65' lang='lat' dir='ltr'><strong>praeva-</strong></span> 
     </span>
    </p>
   </div>
   <div class='ocr_carea' id='block_1_76' title="bbox 252 5656 1896 5738">
    <p class='ocr_par' dir='ltr' id='par_1_76' title="bbox 252 5656 1896 5738">
     <span class='ocr_line' id='line_1_76' title="bbox 252 5656 1896 5738; baseline 0.005 -22"><span class='ocrx_word' id='word_1_572' title='bbox 252 5656 396 5716; x_wconf 88' lang='lat' dir='ltr'><strong>leret</strong></span> <span class='ocrx_word' id='word_1_573' title='bbox 459 5657 694 5715; x_wconf 87' lang='lat' dir='ltr'><strong>luxuria</strong></span> <span class='ocrx_word' id='word_1_574' title='bbox 731 5657 1101 5732; x_wconf 84' lang='lat' dir='ltr'><strong>cogitationis</strong></span> <span class='ocrx_word' id='word_1_575' title='bbox 1171 5659 1466 5717; x_wconf 66' lang='lat' dir='ltr'><strong>humanae.</strong></span> <span class='ocrx_word' id='word_1_576' title='bbox 1533 5661 1601 5718; x_wconf 86' lang='lat' dir='ltr'><strong>Et</strong></span> <span class='ocrx_word' id='word_1_577' title='bbox 1657 5679 1763 5738; x_wconf 89' lang='lat' dir='ltr'><strong>ego</strong></span> <span class='ocrx_word' id='word_1_578' title='bbox 1824 5666 1896 5724; x_wconf 86' lang='lat' dir='ltr'><strong>ad</strong></span> 
     </span>
    </p>
   </div>
   <div class='ocr_carea' id='block_1_77' title="bbox 2022 1922 3668 1996">
    <p class='ocr_par' dir='ltr' id='par_1_77' title="bbox 2022 1922 3668 1996">
     <span class='ocr_line' id='line_1_77' title="bbox 2022 1922 3668 1996; baseline 0.004 -19"><span class='ocrx_word' id='word_1_579' title='bbox 2022 1939 2208 1994; x_wconf 91' lang='lat' dir='ltr'><strong>neque</strong></span> <span class='ocrx_word' id='word_1_580' title='bbox 2239 1923 2296 1976; x_wconf 92' lang='lat' dir='ltr'><strong>in</strong></span> <span class='ocrx_word' id='word_1_581' title='bbox 2329 1927 2482 1977; x_wconf 85' lang='lat' dir='ltr'><strong>terra</strong></span> <span class='ocrx_word' id='word_1_582' title='bbox 2513 1922 2692 1978; x_wconf 87' lang='lat' dir='ltr'><strong>alium</strong></span> <span class='ocrx_word' id='word_1_583' title='bbox 2728 1929 2932 1995; x_wconf 83' lang='lat' dir='ltr'><strong>praeter</strong></span> <span class='ocrx_word' id='word_1_584' title='bbox 2961 1928 3015 1979; x_wconf 91' lang='lat' dir='ltr'><strong>te</strong></span> <span class='ocrx_word' id='word_1_585' title='bbox 3047 1926 3311 1996; x_wconf 83' lang='lat' dir='ltr'><strong>quaesivi.</strong></span> <span class='ocrx_word' id='word_1_586' title='bbox 3348 1932 3395 1980; x_wconf 84' lang='lat' dir='ltr'><strong>A</strong></span> <span class='ocrx_word' id='word_1_587' title='bbox 3428 1933 3483 1982; x_wconf 89' lang='lat' dir='ltr'><strong>te</strong></span> <span class='ocrx_word' id='word_1_588' title='bbox 3511 1929 3668 1984; x_wconf 89' lang='lat' dir='ltr'><strong>enim</strong></span> 
     </span>
    </p>
   </div>
   <div class='ocr_carea' id='block_1_78' title="bbox 2021 2011 3673 2083">
    <p class='ocr_par' dir='ltr' id='par_1_78' title="bbox 2021 2011 3673 2083">
     <span class='ocr_line' id='line_1_78' title="bbox 2021 2011 3673 2083; baseline 0.004 -17"><span class='ocrx_word' id='word_1_589' title='bbox 2021 2011 2262 2083; x_wconf 86' lang='lat' dir='ltr'><strong>impleta</strong></span> <span class='ocrx_word' id='word_1_590' title='bbox 2291 2015 2382 2066; x_wconf 91' lang='lat' dir='ltr'><strong>est</strong></span> <span class='ocrx_word' id='word_1_591' title='bbox 2427 2011 2695 2066; x_wconf 90' lang='lat' dir='ltr'><strong>voluntas</strong></span> <span class='ocrx_word' id='word_1_592' title='bbox 2741 2028 2888 2081; x_wconf 88' lang='lat' dir='ltr'><strong>mea,</strong></span> <span class='ocrx_word' id='word_1_593' title='bbox 2920 2018 3004 2067; x_wconf 87' lang='lat' dir='ltr'><strong>&#39;ut</strong></span> <span class='ocrx_word' id='word_1_594' title='bbox 3035 2013 3177 2067; x_wconf 90' lang='lat' dir='ltr'><strong>mihi</strong></span> <span class='ocrx_word' id='word_1_595' title='bbox 3209 2014 3470 2070; x_wconf 85' lang='lat' dir='ltr'><strong>ﬂectatur</strong></span> <span class='ocrx_word' id='word_1_596' title='bbox 3500 2033 3673 2072; x_wconf 91' lang='lat' dir='ltr'><strong>omne</strong></span> 
     </span>
    </p>
   </div>
   <div class='ocr_carea' id='block_1_79' title="bbox 2018 2100 3670 2172">
    <p class='ocr_par' dir='ltr' id='par_1_79' title="bbox 2018 2100 3670 2172">
     <span class='ocr_line' id='line_1_79' title="bbox 2018 2100 3670 2172; baseline 0.004 -18"><span class='ocrx_word' id='word_1_597' title='bbox 2018 2117 2192 2172; x_wconf 92' lang='lat' dir='ltr'><strong>genu,</strong></span> <span class='ocrx_word' id='word_1_598' title='bbox 2233 2100 2576 2170; x_wconf 79' lang='lat' dir='ltr'><strong>caelestium,</strong></span> <span class='ocrx_word' id='word_1_599' title='bbox 2621 2100 2984 2155; x_wconf 85' lang='lat' dir='ltr'><strong>terrestrium</strong></span> <span class='ocrx_word' id='word_1_600' title='bbox 3034 2105 3090 2156; x_wconf 90' lang='lat' dir='ltr'><strong>et</strong></span> <span class='ocrx_word' id='word_1_601' title='bbox 3132 2103 3516 2158; x_wconf 83' lang='lat' dir='ltr'><strong>infernorum.</strong></span> <span class='ocrx_word' id='word_1_602' title='bbox 3549 2105 3670 2161; x_wconf 88' lang='lat' dir='ltr'><strong>Vox</strong></span> 
     </span>
    </p>
   </div>
   <div class='ocr_carea' id='block_1_80' title="bbox 2019 2187 2893 2244">
    <p class='ocr_par' dir='ltr' id='par_1_80' title="bbox 2019 2187 2893 2244">
     <span class='ocr_line' id='line_1_80' title="bbox 2019 2187 2893 2244; baseline 0 0"><span class='ocrx_word' id='word_1_603' title='bbox 2019 2189 2278 2244; x_wconf 90' lang='lat' dir='ltr'><strong>succedit</strong></span> <span class='ocrx_word' id='word_1_604' title='bbox 2307 2187 2574 2244; x_wconf 65' lang='lat' dir='ltr'><strong>Ecclesiae</strong></span> <span class='ocrx_word' id='word_1_605' title='bbox 2605 2189 2854 2244; x_wconf 91' lang='lat' dir='ltr'><strong>dicentis</strong></span> <span class='ocrx_word' id='word_1_606' title='bbox 2882 2206 2893 2244; x_wconf 91' lang='lat'><strong>:</strong></span> 
     </span>
    </p>
   </div>
   <div class='ocr_carea' id='block_1_81' title="bbox 2090 2279 3666 2344">
    <p class='ocr_par' dir='ltr' id='par_1_81' title="bbox 2090 2279 3666 2344">
     <span class='ocr_line' id='line_1_81' title="bbox 2090 2279 3666 2344; baseline 0.009 -18"><span class='ocrx_word' id='word_1_607' title='bbox 2090 2301 2116 2327; x_wconf 84' lang='lat'><strong>((</strong></span> <span class='ocrx_word' id='word_1_608' title='bbox 2160 2279 2378 2333; x_wconf 64' lang='lat' dir='ltr'><strong>Defesit</strong></span> <span class='ocrx_word' id='word_1_609' title='bbox 2407 2294 2506 2332; x_wconf 91' lang='lat' dir='ltr'><strong>cor</strong></span> <span class='ocrx_word' id='word_1_610' title='bbox 2536 2294 2754 2344; x_wconf 90' lang='lat' dir='ltr'><strong>meum,</strong></span> <span class='ocrx_word' id='word_1_611' title='bbox 2805 2283 2861 2332; x_wconf 85' lang='lat' dir='ltr'><strong>et</strong></span> <span class='ocrx_word' id='word_1_612' title='bbox 2907 2295 3040 2333; x_wconf 88' lang='lat' dir='ltr'><strong>caro</strong></span> <span class='ocrx_word' id='word_1_613' title='bbox 3082 2295 3239 2335; x_wconf 91' lang='lat' dir='ltr'><strong>mea:</strong></span> <span class='ocrx_word' id='word_1_614' title='bbox 3274 2280 3428 2337; x_wconf 89' lang='lat' dir='ltr'><strong>Deus</strong></span> <span class='ocrx_word' id='word_1_615' title='bbox 3475 2284 3666 2340; x_wconf 89' lang='lat' dir='ltr'><strong>cordis</strong></span> 
     </span>
    </p>
   </div>
   <div class='ocr_carea' id='block_1_82' title="bbox 2017 2367 3664 2439">
    <p class='ocr_par' dir='ltr' id='par_1_82' title="bbox 2017 2367 3664 2439">
     <span class='ocr_line' id='line_1_82' title="bbox 2017 2367 3664 2439; baseline 0.004 -17"><span class='ocrx_word' id='word_1_616' title='bbox 2017 2367 2151 2436; x_wconf 88' lang='lat' dir='ltr'><strong>mei,</strong></span> <span class='ocrx_word' id='word_1_617' title='bbox 2191 2372 2247 2422; x_wconf 92' lang='lat' dir='ltr'><strong>et</strong></span> <span class='ocrx_word' id='word_1_618' title='bbox 2297 2384 2430 2439; x_wconf 91' lang='lat' dir='ltr'><strong>pars</strong></span> <span class='ocrx_word' id='word_1_619' title='bbox 2461 2383 2591 2422; x_wconf 89' lang='lat' dir='ltr'><strong>mea</strong></span> <span class='ocrx_word' id='word_1_620' title='bbox 2623 2372 2772 2430; x_wconf 76' lang='lat' dir='ltr'><strong>Deus</strong></span> <span class='ocrx_word' id='word_1_621' title='bbox 2819 2367 2876 2422; x_wconf 92' lang='lat' dir='ltr'><strong>in</strong></span> <span class='ocrx_word' id='word_1_622' title='bbox 2909 2372 3208 2424; x_wconf 73' lang='lat' dir='ltr'><strong>aeternum.</strong></span> <span class='ocrx_word' id='word_1_623' title='bbox 3246 2392 3274 2418; x_wconf 90' lang='lat'>»</span> <span class='ocrx_word' id='word_1_624' title='bbox 3306 2370 3437 2426; x_wconf 89' lang='lat' dir='ltr'><strong>Post</strong></span> <span class='ocrx_word' id='word_1_625' title='bbox 3483 2377 3664 2429; x_wconf 88' lang='lat' dir='ltr'><strong>Deum</strong></span> 
     </span>
    </p>
   </div>
   <div class='ocr_carea' id='block_1_83' title="bbox 2017 2456 3662 2533">
    <p class='ocr_par' dir='ltr' id='par_1_83' title="bbox 2017 2456 3662 2533">
     <span class='ocr_line' id='line_1_83' title="bbox 2017 2456 3662 2533; baseline 0.004 -22"><span class='ocrx_word' id='word_1_626' title='bbox 2017 2457 2207 2511; x_wconf 89' lang='lat' dir='ltr'><strong>cordis</strong></span> <span class='ocrx_word' id='word_1_627' title='bbox 2236 2456 2350 2523; x_wconf 80' lang='lat' dir='ltr'><strong>sui,</strong></span> <span class='ocrx_word' id='word_1_628' title='bbox 2383 2456 2439 2511; x_wconf 91' lang='lat' dir='ltr'><strong>id</strong></span> <span class='ocrx_word' id='word_1_629' title='bbox 2488 2462 2576 2512; x_wconf 90' lang='lat' dir='ltr'><strong>est</strong></span> <span class='ocrx_word' id='word_1_630' title='bbox 2605 2456 2901 2512; x_wconf 88' lang='lat' dir='ltr'><strong>Christum</strong></span> <span class='ocrx_word' id='word_1_631' title='bbox 2947 2458 3280 2526; x_wconf 90' lang='lat' dir='ltr'><strong>Dominum,</strong></span> <span class='ocrx_word' id='word_1_632' title='bbox 3327 2461 3499 2530; x_wconf 82' lang='lat' dir='ltr'><strong>cujus</strong></span> <span class='ocrx_word' id='word_1_633' title='bbox 3529 2478 3662 2533; x_wconf 88' lang='lat' dir='ltr'><strong>pars</strong></span> 
     </span>
    </p>
   </div>
   <div class='ocr_carea' id='block_1_84' title="bbox 2016 2546 3662 2617">
    <p class='ocr_par' dir='ltr' id='par_1_84' title="bbox 2016 2546 3662 2617">
     <span class='ocr_line' id='line_1_84' title="bbox 2016 2546 3662 2617; baseline 0.004 -17"><span class='ocrx_word' id='word_1_634' title='bbox 2016 2546 2168 2601; x_wconf 81' lang='lat' dir='ltr'><strong>facta</strong></span> <span class='ocrx_word' id='word_1_635' title='bbox 2192 2551 2299 2613; x_wconf 91' lang='lat' dir='ltr'><strong>est,</strong></span> <span class='ocrx_word' id='word_1_636' title='bbox 2333 2551 2452 2600; x_wconf 90' lang='lat' dir='ltr'><strong>tam</strong></span> <span class='ocrx_word' id='word_1_637' title='bbox 2485 2546 2657 2601; x_wconf 91' lang='lat' dir='ltr'><strong>corde</strong></span> <span class='ocrx_word' id='word_1_638' title='bbox 2687 2562 2863 2616; x_wconf 88' lang='lat' dir='ltr'><strong>quam</strong></span> <span class='ocrx_word' id='word_1_639' title='bbox 2912 2562 3152 2617; x_wconf 91' lang='lat' dir='ltr'><strong>corpore</strong></span> <span class='ocrx_word' id='word_1_640' title='bbox 3199 2551 3317 2603; x_wconf 87' lang='lat' dir='ltr'><strong>toto</strong></span> <span class='ocrx_word' id='word_1_641' title='bbox 3349 2549 3662 2607; x_wconf 89' lang='lat' dir='ltr'><strong>desiderat.</strong></span> 
     </span>
    </p>
   </div>
   <div class='ocr_carea' id='block_1_85' title="bbox 2014 2634 3666 2708">
    <p class='ocr_par' dir='ltr' id='par_1_85' title="bbox 2014 2634 3666 2708">
     <span class='ocr_line' id='line_1_85' title="bbox 2014 2634 3666 2708; baseline 0.004 -20"><span class='ocrx_word' id='word_1_642' title='bbox 2014 2634 2160 2688; x_wconf 89' lang='lat' dir='ltr'><strong>Nam</strong></span> <span class='ocrx_word' id='word_1_643' title='bbox 2197 2635 2439 2690; x_wconf 83' lang='lat' dir='ltr'><strong>defectio</strong></span> <span class='ocrx_word' id='word_1_644' title='bbox 2468 2651 2644 2705; x_wconf 89' lang='lat' dir='ltr'><strong>quam</strong></span> <span class='ocrx_word' id='word_1_645' title='bbox 2675 2651 2737 2689; x_wconf 90' lang='lat' dir='ltr'><strong>se</strong></span> <span class='ocrx_word' id='word_1_646' title='bbox 2768 2635 2908 2689; x_wconf 90' lang='lat' dir='ltr'><strong>dicit</strong></span> <span class='ocrx_word' id='word_1_647' title='bbox 2933 2635 3167 2702; x_wconf 89' lang='lat' dir='ltr'><strong>habere,</strong></span> <span class='ocrx_word' id='word_1_648' title='bbox 3216 2653 3331 2691; x_wconf 90' lang='lat' dir='ltr'><strong>non</strong></span> <span class='ocrx_word' id='word_1_649' title='bbox 3363 2654 3465 2708; x_wconf 93' lang='lat' dir='ltr'><strong>pro</strong></span> <span class='ocrx_word' id='word_1_650' title='bbox 3497 2638 3666 2694; x_wconf 90' lang='lat' dir='ltr'><strong>dimi-</strong></span> 
     </span>
    </p>
   </div>
   <div class='ocr_carea' id='block_1_86' title="bbox 2016 2723 3375 2796">
    <p class='ocr_par' dir='ltr' id='par_1_86' title="bbox 2016 2723 3375 2796">
     <span class='ocr_line' id='line_1_86' title="bbox 2016 2723 3375 2796; baseline 0.004 -20"><span class='ocrx_word' id='word_1_651' title='bbox 2016 2723 2275 2791; x_wconf 91' lang='lat' dir='ltr'><strong>nutione,</strong></span> <span class='ocrx_word' id='word_1_652' title='bbox 2311 2725 2409 2778; x_wconf 89' lang='lat' dir='ltr'><strong>sed</strong></span> <span class='ocrx_word' id='word_1_653' title='bbox 2444 2740 2546 2796; x_wconf 91' lang='lat' dir='ltr'><strong>pro</strong></span> <span class='ocrx_word' id='word_1_654' title='bbox 2577 2723 2862 2779; x_wconf 76' lang='lat' dir='ltr'><strong>desiderio</strong></span> <span class='ocrx_word' id='word_1_655' title='bbox 2894 2724 3232 2796; x_wconf 89' lang='lat' dir='ltr'><strong>accipienda</strong></span> <span class='ocrx_word' id='word_1_656' title='bbox 3269 2730 3375 2781; x_wconf 90' lang='lat' dir='ltr'><strong>est.</strong></span> 
     </span>
    </p>
   </div>
   <div class='ocr_carea' id='block_1_87' title="bbox 2087 2811 3659 2888">
    <p class='ocr_par' dir='ltr' id='par_1_87' title="bbox 2087 2811 3659 2888">
     <span class='ocr_line' id='line_1_87' title="bbox 2087 2811 3659 2888; baseline 0.008 -26"><span class='ocrx_word' id='word_1_657' title='bbox 2087 2835 2114 2862; x_wconf 86' lang='grc'><strong>‹‹</strong></span> <span class='ocrx_word' id='word_1_658' title='bbox 2155 2812 2300 2877; x_wconf 86' lang='lat' dir='ltr'><strong>Quia</strong></span> <span class='ocrx_word' id='word_1_659' title='bbox 2329 2829 2459 2867; x_wconf 92' lang='lat' dir='ltr'><strong>ecce</strong></span> <span class='ocrx_word' id='word_1_660' title='bbox 2488 2813 2587 2884; x_wconf 91' lang='lat' dir='ltr'><strong>qui</strong></span> <span class='ocrx_word' id='word_1_661' title='bbox 2617 2811 2892 2884; x_wconf 87' lang='lat' dir='ltr'><strong>elongant</strong></span> <span class='ocrx_word' id='word_1_662' title='bbox 2931 2829 2992 2867; x_wconf 90' lang='lat' dir='ltr'><strong>se</strong></span> <span class='ocrx_word' id='word_1_663' title='bbox 3024 2830 3058 2868; x_wconf 91' lang='lat' dir='ltr'><strong>a</strong></span> <span class='ocrx_word' id='word_1_664' title='bbox 3087 2817 3160 2880; x_wconf 91' lang='lat' dir='ltr'><strong>te,</strong></span> <span class='ocrx_word' id='word_1_665' title='bbox 3197 2815 3498 2884; x_wconf 90' lang='lat' dir='ltr'><strong>peribunt:</strong></span> <span class='ocrx_word' id='word_1_666' title='bbox 3532 2834 3659 2888; x_wconf 91' lang='lat' dir='ltr'><strong>per-</strong></span> 
     </span>
    </p>
   </div>
   <div class='ocr_carea' id='block_1_88' title="bbox 2013 2898 3661 2977">
    <p class='ocr_par' dir='ltr' id='par_1_88' title="bbox 2013 2898 3661 2977">
     <span class='ocr_line' id='line_1_88' title="bbox 2013 2898 3661 2977; baseline 0.005 -24"><span class='ocrx_word' id='word_1_667' title='bbox 2013 2898 2210 2954; x_wconf 91' lang='lat' dir='ltr'><strong>didisti</strong></span> <span class='ocrx_word' id='word_1_668' title='bbox 2251 2916 2454 2955; x_wconf 89' lang='lat' dir='ltr'><strong>omnes</strong></span> <span class='ocrx_word' id='word_1_669' title='bbox 2484 2899 2584 2971; x_wconf 91' lang='lat' dir='ltr'><strong>qui</strong></span> <span class='ocrx_word' id='word_1_670' title='bbox 2616 2900 2976 2956; x_wconf 89' lang='lat' dir='ltr'><strong>fornicantur</strong></span> <span class='ocrx_word' id='word_1_671' title='bbox 3003 2902 3108 2956; x_wconf 88' lang='lat' dir='ltr'><strong>abs</strong></span> <span class='ocrx_word' id='word_1_672' title='bbox 3146 2906 3220 2957; x_wconf 91' lang='lat' dir='ltr'><strong>te.</strong></span> <span class='ocrx_word' id='word_1_673' title='bbox 3259 2925 3278 2952; x_wconf 75' lang='grc' dir='ltr'><strong>η</strong></span> <span class='ocrx_word' id='word_1_674' title='bbox 3312 2904 3528 2960; x_wconf 89' lang='lat' dir='ltr'><strong>Omnes</strong></span> <span class='ocrx_word' id='word_1_675' title='bbox 3558 2908 3661 2977; x_wconf 90' lang='lat' dir='ltr'><strong>qui</strong></span> 
     </span>
    </p>
   </div>
   <div class='ocr_carea' id='block_1_89' title="bbox 2012 2988 3658 3066">
    <p class='ocr_par' dir='ltr' id='par_1_89' title="bbox 2012 2988 3658 3066">
     <span class='ocr_line' id='line_1_89' title="bbox 2012 2988 3658 3066; baseline 0.005 -24"><span class='ocrx_word' id='word_1_676' title='bbox 2012 2988 2394 3055; x_wconf 89' lang='lat' dir='ltr'><strong>fornicantur,</strong></span> <span class='ocrx_word' id='word_1_677' title='bbox 2443 2989 2569 3044; x_wconf 92' lang='lat' dir='ltr'><strong>sine</strong></span> <span class='ocrx_word' id='word_1_678' title='bbox 2617 2989 2732 3045; x_wconf 91' lang='lat' dir='ltr'><strong>Deo</strong></span> <span class='ocrx_word' id='word_1_679' title='bbox 2777 2994 3036 3060; x_wconf 90' lang='lat' dir='ltr'><strong>peccant.</strong></span> <span class='ocrx_word' id='word_1_680' title='bbox 3071 2991 3178 3056; x_wconf 90' lang='lat' dir='ltr'><strong>Qui</strong></span> <span class='ocrx_word' id='word_1_681' title='bbox 3209 2997 3406 3048; x_wconf 87' lang='lat' dir='ltr'><strong>autem</strong></span> <span class='ocrx_word' id='word_1_682' title='bbox 3438 3000 3658 3066; x_wconf 87' lang='lat' dir='ltr'><strong>peccat,</strong></span> 
     </span>
    </p>
   </div>
   <div class='ocr_carea' id='block_1_90' title="bbox 2010 3076 3657 3155">
    <p class='ocr_par' dir='ltr' id='par_1_90' title="bbox 2010 3076 3657 3155">
     <span class='ocr_line' id='line_1_90' title="bbox 2010 3076 3657 3155; baseline 0.005 -24"><span class='ocrx_word' id='word_1_683' title='bbox 2010 3076 2180 3149; x_wconf 90' lang='lat' dir='ltr'><strong>longe</strong></span> <span class='ocrx_word' id='word_1_684' title='bbox 2232 3083 2321 3133; x_wconf 89' lang='lat' dir='ltr'><strong>est</strong></span> <span class='ocrx_word' id='word_1_685' title='bbox 2379 3096 2412 3133; x_wconf 92' lang='lat' dir='ltr'><strong>a</strong></span> <span class='ocrx_word' id='word_1_686' title='bbox 2462 3083 2611 3134; x_wconf 90' lang='lat' dir='ltr'><strong>Deo:</strong></span> <span class='ocrx_word' id='word_1_687' title='bbox 2677 3078 2923 3150; x_wconf 91' lang='lat' dir='ltr'><strong>ideoque</strong></span> <span class='ocrx_word' id='word_1_688' title='bbox 2971 3079 3280 3150; x_wconf 89' lang='lat' dir='ltr'><strong>perditioni</strong></span> <span class='ocrx_word' id='word_1_689' title='bbox 3329 3088 3416 3138; x_wconf 90' lang='lat' dir='ltr'><strong>est</strong></span> <span class='ocrx_word' id='word_1_690' title='bbox 3463 3084 3657 3155; x_wconf 88' lang='lat' dir='ltr'><strong>proxi-</strong></span> 
     </span>
    </p>
   </div>
   <div class='ocr_carea' id='block_1_91' title="bbox 2012 3183 2165 3222">
    <p class='ocr_par' dir='ltr' id='par_1_91' title="bbox 2012 3183 2165 3222">
     <span class='ocr_line' id='line_1_91' title="bbox 2012 3183 2165 3222; baseline -0.007 -2"><span class='ocrx_word' id='word_1_691' title='bbox 2012 3183 2165 3222; x_wconf 81' lang='lat' dir='ltr'><strong>mus.</strong></span> 
     </span>
    </p>
   </div>
   <div class='ocr_carea' id='block_1_92' title="bbox 2091 3255 3661 3332">
    <p class='ocr_par' dir='ltr' id='par_1_92' title="bbox 2091 3255 3661 3332">
     <span class='ocr_line' id='line_1_92' title="bbox 2091 3255 3661 3332; baseline 0.008 -25"><span class='ocrx_word' id='word_1_692' title='bbox 2091 3279 2117 3305; x_wconf 86' lang='lat'><strong>«</strong></span> <span class='ocrx_word' id='word_1_693' title='bbox 2151 3255 2292 3310; x_wconf 90' lang='lat' dir='ltr'><strong>Mihi</strong></span> <span class='ocrx_word' id='word_1_694' title='bbox 2327 3260 2522 3312; x_wconf 90' lang='lat' dir='ltr'><strong>autem</strong></span> <span class='ocrx_word' id='word_1_695' title='bbox 2555 3257 2847 3313; x_wconf 87' lang='lat' dir='ltr'><strong>adhaerere</strong></span> <span class='ocrx_word' id='word_1_696' title='bbox 2876 3257 2992 3314; x_wconf 90' lang='lat' dir='ltr'><strong>Deo</strong></span> <span class='ocrx_word' id='word_1_697' title='bbox 3025 3258 3244 3315; x_wconf 89' lang='lat' dir='ltr'><strong>bonum</strong></span> <span class='ocrx_word' id='word_1_698' title='bbox 3276 3265 3382 3316; x_wconf 88' lang='lat' dir='ltr'><strong>est.</strong></span> <span class='ocrx_word' id='word_1_699' title='bbox 3411 3284 3436 3310; x_wconf 82' lang='lat' dir='ltr'><strong>n</strong></span> <span class='ocrx_word' id='word_1_700' title='bbox 3481 3263 3661 3332; x_wconf 86' lang='lat' dir='ltr'><strong>Cujus</strong></span> 
     </span>
    </p>
   </div>
   <div class='ocr_carea' id='block_1_93' title="bbox 2016 3347 3661 3418">
    <p class='ocr_par' dir='ltr' id='par_1_93' title="bbox 2016 3347 3661 3418">
     <span class='ocr_line' id='line_1_93' title="bbox 2016 3347 3661 3418; baseline 0.004 -17"><span class='ocrx_word' id='word_1_701' title='bbox 2016 3347 2300 3418; x_wconf 88' lang='lat' dir='ltr'><strong>sanguine</strong></span> <span class='ocrx_word' id='word_1_702' title='bbox 2331 3362 2460 3401; x_wconf 92' lang='lat' dir='ltr'><strong>sum</strong></span> <span class='ocrx_word' id='word_1_703' title='bbox 2490 3347 2845 3418; x_wconf 85' lang='lat' dir='ltr'><strong>redemptus.</strong></span> <span class='ocrx_word' id='word_1_704' title='bbox 2881 3370 2908 3396; x_wconf 87' lang='lat'><strong>«</strong></span> <span class='ocrx_word' id='word_1_705' title='bbox 2938 3352 3157 3403; x_wconf 90' lang='lat' dir='ltr'><strong>Ponere</strong></span> <span class='ocrx_word' id='word_1_706' title='bbox 3179 3349 3239 3403; x_wconf 93' lang='lat' dir='ltr'><strong>in</strong></span> <span class='ocrx_word' id='word_1_707' title='bbox 3272 3351 3514 3407; x_wconf 91' lang='lat' dir='ltr'><strong>Domino</strong></span> <span class='ocrx_word' id='word_1_708' title='bbox 3545 3353 3661 3408; x_wconf 90' lang='lat' dir='ltr'><strong>Deo</strong></span> 
     </span>
    </p>
   </div>
   <div class='ocr_carea' id='block_1_94' title="bbox 2015 3425 3661 3506">
    <p class='ocr_par' dir='ltr' id='par_1_94' title="bbox 2015 3425 3661 3506">
     <span class='ocr_line' id='line_1_94' title="bbox 2015 3425 3661 3506; baseline 0.004 -16"><span class='ocrx_word' id='word_1_709' title='bbox 2015 3451 2178 3506; x_wconf 89' lang='lat' dir='ltr'><strong>spem</strong></span> <span class='ocrx_word' id='word_1_710' title='bbox 2210 3451 2421 3491; x_wconf 87' lang='lat' dir='ltr'><strong>meam.</strong></span> <span class='ocrx_word' id='word_1_711' title='bbox 2458 3458 2484 3484; x_wconf 80' lang='grc'><strong>››</strong></span> <span class='ocrx_word' id='word_1_712' title='bbox 2516 3434 2660 3501; x_wconf 86' lang='lat' dir='ltr'><strong>Quia</strong></span> <span class='ocrx_word' id='word_1_713' title='bbox 2688 3452 2904 3491; x_wconf 88' lang='lat' dir='ltr'><strong>vanum</strong></span> <span class='ocrx_word' id='word_1_714' title='bbox 2936 3441 3024 3492; x_wconf 89' lang='lat' dir='ltr'><strong>est</strong></span> <span class='ocrx_word' id='word_1_715' title='bbox 3049 3437 3110 3492; x_wconf 89' lang='lat' dir='ltr'><strong>in</strong></span> <span class='ocrx_word' id='word_1_716' title='bbox 3141 3425 3336 3493; x_wconf 80' lang='lat' dir='ltr'><strong>saeculi</strong></span> <span class='ocrx_word' id='word_1_717' title='bbox 3370 3441 3661 3498; x_wconf 83' lang='lat' dir='ltr'><strong>confidere</strong></span> 
     </span>
    </p>
   </div>
   <div class='ocr_carea' id='block_1_95' title="bbox 2015 3523 2202 3580">
    <p class='ocr_par' dir='ltr' id='par_1_95' title="bbox 2015 3523 2202 3580">
     <span class='ocr_line' id='line_1_95' title="bbox 2015 3523 2202 3580; baseline -0.005 -1"><span class='ocrx_word' id='word_1_718' title='bbox 2015 3523 2202 3580; x_wconf 91' lang='lat' dir='ltr'><strong>bonis.</strong></span> 
     </span>
    </p>
   </div>
   <div class='ocr_carea' id='block_1_96' title="bbox 2091 3613 3661 3686">
    <p class='ocr_par' dir='ltr' id='par_1_96' title="bbox 2091 3613 3661 3686">
     <span class='ocr_line' id='line_1_96' title="bbox 2091 3613 3661 3686; baseline 0.006 -20"><span class='ocrx_word' id='word_1_719' title='bbox 2091 3636 2110 3662; x_wconf 79' lang='grc' dir='ltr'><strong>α</strong></span> <span class='ocrx_word' id='word_1_720' title='bbox 2159 3613 2230 3668; x_wconf 90' lang='lat' dir='ltr'><strong>Ut</strong></span> <span class='ocrx_word' id='word_1_721' title='bbox 2277 3614 2621 3669; x_wconf 89' lang='lat' dir='ltr'><strong>annuntiem</strong></span> <span class='ocrx_word' id='word_1_722' title='bbox 2685 3631 2888 3670; x_wconf 90' lang='lat' dir='ltr'><strong>omnes</strong></span> <span class='ocrx_word' id='word_1_723' title='bbox 2939 3616 3375 3686; x_wconf 69' lang='lat' dir='ltr'><strong>praedicationes</strong></span> <span class='ocrx_word' id='word_1_724' title='bbox 3418 3623 3550 3676; x_wconf 89' lang='lat' dir='ltr'><strong>tuas</strong></span> <span class='ocrx_word' id='word_1_725' title='bbox 3601 3620 3661 3676; x_wconf 90' lang='lat' dir='ltr'><strong>in</strong></span> 
     </span>
    </p>
   </div>
   <div class='ocr_carea' id='block_1_97' title="bbox 2014 3702 3666 3780">
    <p class='ocr_par' dir='ltr' id='par_1_97' title="bbox 2014 3702 3666 3780">
     <span class='ocr_line' id='line_1_97' title="bbox 2014 3702 3666 3780; baseline 0.003 -23"><span class='ocrx_word' id='word_1_726' title='bbox 2014 3702 2195 3772; x_wconf 88' lang='lat' dir='ltr'><strong>portis</strong></span> <span class='ocrx_word' id='word_1_727' title='bbox 2229 3702 2359 3757; x_wconf 73' lang='lat' dir='ltr'><strong>filiae</strong></span> <span class='ocrx_word' id='word_1_728' title='bbox 2389 3703 2544 3758; x_wconf 90' lang='lat' dir='ltr'><strong>Sion.</strong></span> <span class='ocrx_word' id='word_1_729' title='bbox 2574 3726 2594 3751; x_wconf 70' lang='grc' dir='ltr'><strong><em>η</em></strong></span> <span class='ocrx_word' id='word_1_730' title='bbox 2633 3703 2738 3758; x_wconf 92' lang='lat' dir='ltr'><strong>Per</strong></span> <span class='ocrx_word' id='word_1_731' title='bbox 2772 3703 3326 3776; x_wconf 88' lang='lat' dir='ltr'><strong>contemplationem</strong></span> <span class='ocrx_word' id='word_1_732' title='bbox 3349 3707 3505 3763; x_wconf 89' lang='lat' dir='ltr'><strong>enim</strong></span> <span class='ocrx_word' id='word_1_733' title='bbox 3541 3708 3666 3780; x_wconf 88' lang='lat' dir='ltr'><strong>spei</strong></span> 
     </span>
    </p>
   </div>
   <div class='ocr_carea' id='block_1_98' title="bbox 2013 3791 3666 3865">
    <p class='ocr_par' dir='ltr' id='par_1_98' title="bbox 2013 3791 3666 3865">
     <span class='ocr_line' id='line_1_98' title="bbox 2013 3791 3666 3865; baseline 0.005 -20"><span class='ocrx_word' id='word_1_734' title='bbox 2013 3807 2190 3862; x_wconf 89' lang='lat' dir='ltr'><strong>quam</strong></span> <span class='ocrx_word' id='word_1_735' title='bbox 2225 3791 2281 3846; x_wconf 91' lang='lat' dir='ltr'><strong>in</strong></span> <span class='ocrx_word' id='word_1_736' title='bbox 2314 3792 2497 3847; x_wconf 91' lang='lat' dir='ltr'><strong>Deum</strong></span> <span class='ocrx_word' id='word_1_737' title='bbox 2547 3792 2740 3864; x_wconf 86' lang='lat' dir='ltr'><strong>habet,</strong></span> <span class='ocrx_word' id='word_1_738' title='bbox 2773 3797 2971 3865; x_wconf 89' lang='lat' dir='ltr'><strong>sperat</strong></span> <span class='ocrx_word' id='word_1_739' title='bbox 3000 3809 3062 3849; x_wconf 93' lang='lat' dir='ltr'><strong>se</strong></span> <span class='ocrx_word' id='word_1_740' title='bbox 3091 3793 3290 3850; x_wconf 90' lang='lat' dir='ltr'><strong>induci</strong></span> <span class='ocrx_word' id='word_1_741' title='bbox 3322 3795 3381 3850; x_wconf 93' lang='lat' dir='ltr'><strong>in</strong></span> <span class='ocrx_word' id='word_1_742' title='bbox 3412 3796 3666 3853; x_wconf 69' lang='lat' dir='ltr'><strong>caelestis</strong></span> 
     </span>
    </p>
   </div>
   <div class='ocr_carea' id='block_1_99' title="bbox 2012 3880 3671 3953">
    <p class='ocr_par' dir='ltr' id='par_1_99' title="bbox 2012 3880 3671 3953">
     <span class='ocr_line' id='line_1_99' title="bbox 2012 3880 3671 3953; baseline 0.003 -17"><span class='ocrx_word' id='word_1_743' title='bbox 2012 3880 2335 3936; x_wconf 89' lang='lat' dir='ltr'><strong>Jerusalem</strong></span> <span class='ocrx_word' id='word_1_744' title='bbox 2370 3882 2588 3952; x_wconf 82' lang='lat' dir='ltr'><strong>portis:</strong></span> <span class='ocrx_word' id='word_1_745' title='bbox 2632 3883 2703 3936; x_wconf 89' lang='lat' dir='ltr'><strong>ad</strong></span> <span class='ocrx_word' id='word_1_746' title='bbox 2734 3883 3156 3953; x_wconf 89' lang='lat' dir='ltr'><strong>capescendam</strong></span> <span class='ocrx_word' id='word_1_747' title='bbox 3191 3884 3450 3940; x_wconf 84' lang='lat' dir='ltr'><strong>futuram</strong></span> <span class='ocrx_word' id='word_1_748' title='bbox 3490 3886 3671 3941; x_wconf 88' lang='lat' dir='ltr'><strong>beati-</strong></span> 
     </span>
    </p>
   </div>
   <div class='ocr_carea' id='block_1_100' title="bbox 2014 3968 3667 4042">
    <p class='ocr_par' dir='ltr' id='par_1_100' title="bbox 2014 3968 3667 4042">
     <span class='ocr_line' id='line_1_100' title="bbox 2014 3968 3667 4042; baseline 0.004 -19"><span class='ocrx_word' id='word_1_749' title='bbox 2014 3968 2277 4024; x_wconf 91' lang='lat' dir='ltr'><strong>tudinem</strong></span> <span class='ocrx_word' id='word_1_750' title='bbox 2309 3986 2442 4025; x_wconf 90' lang='lat' dir='ltr'><strong>cum</strong></span> <span class='ocrx_word' id='word_1_751' title='bbox 2473 3969 2673 4026; x_wconf 91' lang='lat' dir='ltr'><strong>electis</strong></span> <span class='ocrx_word' id='word_1_752' title='bbox 2703 3971 2850 4041; x_wconf 90' lang='lat' dir='ltr'><strong>ejus.</strong></span> <span class='ocrx_word' id='word_1_753' title='bbox 2898 3971 2960 4025; x_wconf 96' lang='lat' dir='ltr'><strong>In</strong></span> <span class='ocrx_word' id='word_1_754' title='bbox 2995 3988 3246 4042; x_wconf 89' lang='lat' dir='ltr'><strong>quorum</strong></span> <span class='ocrx_word' id='word_1_755' title='bbox 3275 3989 3381 4027; x_wconf 90' lang='lat' dir='ltr'><strong>nos</strong></span> <span class='ocrx_word' id='word_1_756' title='bbox 3424 3989 3667 4030; x_wconf 89' lang='lat' dir='ltr'><strong>consor-</strong></span> 
     </span>
    </p>
   </div>
   <div class='ocr_carea' id='block_1_101' title="bbox 2013 4058 3667 4134">
    <p class='ocr_par' dir='ltr' id='par_1_101' title="bbox 2013 4058 3667 4134">
     <span class='ocr_line' id='line_1_101' title="bbox 2013 4058 3667 4134; baseline 0.003 -22"><span class='ocrx_word' id='word_1_757' title='bbox 2013 4058 2158 4113; x_wconf 86' lang='lat' dir='ltr'><strong>tium</strong></span> <span class='ocrx_word' id='word_1_758' title='bbox 2192 4075 2306 4113; x_wconf 91' lang='lat' dir='ltr'><strong>non</strong></span> <span class='ocrx_word' id='word_1_759' title='bbox 2340 4059 2684 4114; x_wconf 91' lang='lat' dir='ltr'><strong>meritorum</strong></span> <span class='ocrx_word' id='word_1_760' title='bbox 2724 4059 3038 4130; x_wconf 90' lang='lat' dir='ltr'><strong>inspector,</strong></span> <span class='ocrx_word' id='word_1_761' title='bbox 3083 4061 3183 4114; x_wconf 90' lang='lat' dir='ltr'><strong>sed</strong></span> <span class='ocrx_word' id='word_1_762' title='bbox 3217 4061 3394 4115; x_wconf 66' lang='lat' dir='ltr'><strong>veniae</strong></span> <span class='ocrx_word' id='word_1_763' title='bbox 3425 4060 3667 4134; x_wconf 90' lang='lat' dir='ltr'><strong>largitor</strong></span> 
     </span>
    </p>
   </div>
   <div class='ocr_carea' id='block_1_102' title="bbox 2012 4147 3151 4202">
    <p class='ocr_par' dir='ltr' id='par_1_102' title="bbox 2012 4147 3151 4202">
     <span class='ocr_line' id='line_1_102' title="bbox 2012 4147 3151 4202; baseline 0 0"><span class='ocrx_word' id='word_1_764' title='bbox 2012 4147 2283 4202; x_wconf 86' lang='lat' dir='ltr'><strong>admittat</strong></span> <span class='ocrx_word' id='word_1_765' title='bbox 2311 4147 2576 4202; x_wconf 91' lang='lat' dir='ltr'><strong>Christus</strong></span> <span class='ocrx_word' id='word_1_766' title='bbox 2609 4147 2910 4202; x_wconf 89' lang='lat' dir='ltr'><strong>Dominus.</strong></span> <span class='ocrx_word' id='word_1_767' title='bbox 2945 4154 3151 4202; x_wconf 85' lang='lat' dir='ltr'><strong>Amen.</strong></span> 
     </span>
    </p>
   </div>
   <div class='ocr_carea' id='block_1_103' title="bbox 2526 4255 3147 4310">
    <p class='ocr_par' dir='ltr' id='par_1_103' title="bbox 2526 4255 3147 4310">
     <span class='ocr_line' id='line_1_103' title="bbox 2526 4255 3147 4310; baseline 0.002 -1"><span class='ocrx_word' id='word_1_768' title='bbox 2526 4255 2859 4310; x_wconf 86' lang='lat' dir='ltr'><strong>PSALMUS</strong></span> <span class='ocrx_word' id='word_1_769' title='bbox 2909 4255 3147 4310; x_wconf 89' lang='lat' dir='ltr'><strong>LXXIII.</strong></span> 
     </span>
    </p>
   </div>
   <div class='ocr_carea' id='block_1_104' title="bbox 2012 4343 3657 4417">
    <p class='ocr_par' dir='ltr' id='par_1_104' title="bbox 2012 4343 3657 4417">
     <span class='ocr_line' id='line_1_104' title="bbox 2012 4343 3657 4417; baseline 0.004 -20"><span class='ocrx_word' id='word_1_770' title='bbox 2012 4344 2328 4399; x_wconf 83' lang='lat' dir='ltr'><strong>Intellectus</strong></span> <span class='ocrx_word' id='word_1_771' title='bbox 2371 4345 2570 4417; x_wconf 73' lang='lat' dir='ltr'><strong>Asaph.</strong></span> <span class='ocrx_word' id='word_1_772' title='bbox 2621 4344 2752 4417; x_wconf 79' lang='lat' dir='ltr'><strong>ideo</strong></span> <span class='ocrx_word' id='word_1_773' title='bbox 2798 4343 3126 4417; x_wconf 81' lang='lat' dir='ltr'><strong>intellectus,</strong></span> <span class='ocrx_word' id='word_1_774' title='bbox 3156 4343 3229 4417; x_wconf 92' lang='lat' dir='ltr'><strong>in_</strong></span> <span class='ocrx_word' id='word_1_775' title='bbox 3246 4343 3399 4399; x_wconf 91' lang='lat' dir='ltr'><strong>tituli</strong></span> <span class='ocrx_word' id='word_1_776' title='bbox 3433 4362 3657 4417; x_wconf 87' lang='lat' dir='ltr'><strong>praeno-</strong></span> 
     </span>
    </p>
   </div>
   <div class='ocr_carea' id='block_1_105' title="bbox 2083 4415 3660 4487">
    <p class='ocr_par' dir='ltr' id='par_1_105' title="bbox 2083 4415 3660 4487">
     <span class='ocr_line' id='line_1_105' title="bbox 2083 4415 3660 4487; baseline 0.003 -18"><span class='ocrx_word' id='word_1_777' title='bbox 2083 4420 2276 4487; x_wconf 81' lang='lat' dir='ltr'><strong>tatur:</strong></span> <span class='ocrx_word' id='word_1_778' title='bbox 2329 4415 2462 4485; x_wconf 87' lang='lat' dir='ltr'><strong>quia</strong></span> <span class='ocrx_word' id='word_1_779' title='bbox 2494 4415 2708 4487; x_wconf 86' lang='lat' dir='ltr'><strong>duplex</strong></span> <span class='ocrx_word' id='word_1_780' title='bbox 2729 4415 3040 4487; x_wconf 87' lang='lat' dir='ltr'><strong>captivitas</strong></span> <span class='ocrx_word' id='word_1_781' title='bbox 3070 4415 3370 4487; x_wconf 82' lang='lat' dir='ltr'><strong>sequitur;</strong></span> <span class='ocrx_word' id='word_1_782' title='bbox 3408 4415 3660 4474; x_wconf 75' lang='lat' dir='ltr'><strong>carnalis</strong></span> 
     </span>
    </p>
   </div>
   <div class='ocr_carea' id='block_1_106' title="bbox 2082 4485 2847 4557">
    <p class='ocr_par' dir='ltr' id='par_1_106' title="bbox 2082 4485 2847 4557">
     <span class='ocr_line' id='line_1_106' title="bbox 2082 4485 2847 4557; baseline 0.001 -18"><span class='ocrx_word' id='word_1_783' title='bbox 2082 4485 2367 4554; x_wconf 90' lang='lat' dir='ltr'><strong>videlicet,</strong></span> <span class='ocrx_word' id='word_1_784' title='bbox 2390 4490 2446 4540; x_wconf 88' lang='lat' dir='ltr'><strong>et</strong></span> <span class='ocrx_word' id='word_1_785' title='bbox 2475 4485 2847 4557; x_wconf 82' lang='lat' dir='ltr'><strong>spirituallis.</strong></span> 
     </span>
    </p>
   </div>
   <div class='ocr_carea' id='block_1_107' title="bbox 2084 4592 3666 4666">
    <p class='ocr_par' dir='ltr' id='par_1_107' title="bbox 2084 4592 3666 4666">
     <span class='ocr_line' id='line_1_107' title="bbox 2084 4592 3666 4666; baseline 0.006 -24"><span class='ocrx_word' id='word_1_786' title='bbox 2084 4614 2111 4642; x_wconf 88' lang='grc'>‹‹</span> <span class='ocrx_word' id='word_1_787' title='bbox 2148 4592 2382 4664; x_wconf 87' lang='lat' dir='ltr'><strong>thuid,</strong></span> <span class='ocrx_word' id='word_1_788' title='bbox 2432 4592 2606 4658; x_wconf 90' lang='lat' dir='ltr'><strong>Deus,</strong></span> <span class='ocrx_word' id='word_1_789' title='bbox 2649 4593 2932 4666; x_wconf 90' lang='lat' dir='ltr'><strong>repulusti</strong></span> <span class='ocrx_word' id='word_1_790' title='bbox 2982 4594 3041 4648; x_wconf 92' lang='lat' dir='ltr'><strong>in</strong></span> <span class='ocrx_word' id='word_1_791' title='bbox 3092 4595 3269 4649; x_wconf 81' lang='lat' dir='ltr'><strong>linem</strong></span> <span class='ocrx_word' id='word_1_792' title='bbox 3297 4595 3326 4648; x_wconf 76' lang='lat' dir='ltr'><strong>‘t</strong></span> <span class='ocrx_word' id='word_1_793' title='bbox 3363 4595 3547 4651; x_wconf 89' lang='lat' dir='ltr'><strong>iratus</strong></span> <span class='ocrx_word' id='word_1_794' title='bbox 3575 4599 3666 4651; x_wconf 87' lang='lat' dir='ltr'><strong>est</strong></span> 
     </span>
    </p>
   </div>
   <div class='ocr_carea' id='block_1_108' title="bbox 2024 4683 3663 4755">
    <p class='ocr_par' dir='ltr' id='par_1_108' title="bbox 2024 4683 3663 4755">
     <span class='ocr_line' id='line_1_108' title="bbox 2024 4683 3663 4755; baseline 0.001 -19"><span class='ocrx_word' id='word_1_795' title='bbox 2024 4683 2183 4737; x_wconf 90' lang='lat' dir='ltr'><strong>furor</strong></span> <span class='ocrx_word' id='word_1_796' title='bbox 2212 4686 2350 4737; x_wconf 90' lang='lat' dir='ltr'><strong>tuus</strong></span> <span class='ocrx_word' id='word_1_797' title='bbox 2389 4698 2564 4753; x_wconf 90' lang='lat' dir='ltr'><strong>super</strong></span> <span class='ocrx_word' id='word_1_798' title='bbox 2593 4699 2727 4738; x_wconf 91' lang='lat' dir='ltr'><strong>oves</strong></span> <span class='ocrx_word' id='word_1_799' title='bbox 2759 4699 2986 4755; x_wconf 68' lang='lat' dir='ltr'><strong>pascuae</strong></span> <span class='ocrx_word' id='word_1_800' title='bbox 3042 4687 3177 4739; x_wconf 68' lang='lat' dir='ltr'><strong>tuae.</strong></span> <span class='ocrx_word' id='word_1_801' title='bbox 3221 4704 3248 4732; x_wconf 85' lang='lat'>»</span> <span class='ocrx_word' id='word_1_802' title='bbox 3300 4688 3663 4738; x_wconf 88' lang='lat' dir='ltr'><strong>Immensum</strong></span> 
     </span>
    </p>
   </div>
   <div class='ocr_carea' id='block_1_109' title="bbox 2013 4771 3668 4844">
    <p class='ocr_par' dir='ltr' id='par_1_109' title="bbox 2013 4771 3668 4844">
     <span class='ocr_line' id='line_1_109' title="bbox 2013 4771 3668 4844; baseline 0.001 -18"><span class='ocrx_word' id='word_1_803' title='bbox 2013 4771 2324 4827; x_wconf 62' lang='lat' dir='ltr'><strong>Dominicm</strong></span> <span class='ocrx_word' id='word_1_804' title='bbox 2369 4771 2602 4843; x_wconf 89' lang='lat' dir='ltr'><strong>pietatis</strong></span> <span class='ocrx_word' id='word_1_805' title='bbox 2644 4772 2864 4827; x_wconf 91' lang='lat' dir='ltr'><strong>donum</strong></span> <span class='ocrx_word' id='word_1_806' title='bbox 2910 4777 3020 4840; x_wconf 89' lang='lat' dir='ltr'><strong>est,</strong></span> <span class='ocrx_word' id='word_1_807' title='bbox 3061 4773 3161 4844; x_wconf 91' lang='lat' dir='ltr'><strong>qui</strong></span> <span class='ocrx_word' id='word_1_808' title='bbox 3191 4773 3274 4828; x_wconf 91' lang='lat' dir='ltr'><strong>sic</strong></span> <span class='ocrx_word' id='word_1_809' title='bbox 3305 4771 3552 4844; x_wconf 90' lang='lat' dir='ltr'><strong>repellit,</strong></span> <span class='ocrx_word' id='word_1_810' title='bbox 3604 4777 3668 4828; x_wconf 89' lang='lat' dir='ltr'><strong>ut</strong></span> 
     </span>
    </p>
   </div>
   <div class='ocr_carea' id='block_1_110' title="bbox 2015 4861 3009 4928">
    <p class='ocr_par' dir='ltr' id='par_1_110' title="bbox 2015 4861 3009 4928">
     <span class='ocr_line' id='line_1_110' title="bbox 2015 4861 3009 4928; baseline 0.003 -13"><span class='ocrx_word' id='word_1_811' title='bbox 2015 4865 2240 4916; x_wconf 84' lang='lat' dir='ltr'><strong>revocet</strong></span> <span class='ocrx_word' id='word_1_812' title='bbox 2269 4878 2281 4917; x_wconf 95' lang='lat'><strong>:</strong></span> <span class='ocrx_word' id='word_1_813' title='bbox 2315 4861 2604 4928; x_wconf 86' lang='lat' dir='ltr'><strong>irascitur,</strong></span> <span class='ocrx_word' id='word_1_814' title='bbox 2635 4866 2699 4917; x_wconf 91' lang='lat' dir='ltr'><strong>ut</strong></span> <span class='ocrx_word' id='word_1_815' title='bbox 2720 4863 3009 4918; x_wconf 89' lang='lat' dir='ltr'><strong>emendet.</strong></span> 
     </span>
    </p>
   </div>
   <div class='ocr_carea' id='block_1_111' title="bbox 2077 4949 3660 5024">
    <p class='ocr_par' dir='ltr' id='par_1_111' title="bbox 2077 4949 3660 5024">
     <span class='ocr_line' id='line_1_111' title="bbox 2077 4949 3660 5024; baseline 0.002 -22"><span class='ocrx_word' id='word_1_816' title='bbox 2077 4973 2104 5000; x_wconf 88' lang='lat'><strong>«</strong></span> <span class='ocrx_word' id='word_1_817' title='bbox 2130 4951 2351 5005; x_wconf 90' lang='lat' dir='ltr'><strong>Memor</strong></span> <span class='ocrx_word' id='word_1_818' title='bbox 2373 4955 2496 5006; x_wconf 89' lang='lat' dir='ltr'><strong>esto</strong></span> <span class='ocrx_word' id='word_1_819' title='bbox 2512 4953 2983 5024; x_wconf 90' lang='lat' dir='ltr'><strong>congregationis</strong></span> <span class='ocrx_word' id='word_1_820' title='bbox 3005 4955 3116 5006; x_wconf 71' lang='lat' dir='ltr'><strong>tua:</strong></span> <span class='ocrx_word' id='word_1_821' title='bbox 3143 4968 3319 5023; x_wconf 90' lang='lat' dir='ltr'><strong>quam</strong></span> <span class='ocrx_word' id='word_1_822' title='bbox 3350 4949 3660 5022; x_wconf 90' lang='lat' dir='ltr'><strong>possedisti</strong></span> 
     </span>
    </p>
   </div>
   <div class='ocr_carea' id='block_1_112' title="bbox 2015 5039 3666 5113">
    <p class='ocr_par' dir='ltr' id='par_1_112' title="bbox 2015 5039 3666 5113">
     <span class='ocr_line' id='line_1_112' title="bbox 2015 5039 3666 5113; baseline 0.001 -20"><span class='ocrx_word' id='word_1_823' title='bbox 2015 5040 2086 5094; x_wconf 88' lang='lat' dir='ltr'><strong>ab</strong></span> <span class='ocrx_word' id='word_1_824' title='bbox 2141 5039 2324 5095; x_wconf 91' lang='lat' dir='ltr'><strong>initio.</strong></span> <span class='ocrx_word' id='word_1_825' title='bbox 2381 5063 2407 5088; x_wconf 88' lang='grc'><strong>››</strong></span> <span class='ocrx_word' id='word_1_826' title='bbox 2464 5039 2880 5096; x_wconf 72' lang='lat' dir='ltr'><strong>Ecclesiasticce</strong></span> <span class='ocrx_word' id='word_1_827' title='bbox 2940 5041 3141 5112; x_wconf 91' lang='lat' dir='ltr'><strong>utique</strong></span> <span class='ocrx_word' id='word_1_828' title='bbox 3199 5040 3666 5113; x_wconf 85' lang='lat' dir='ltr'><strong>congregationis</strong></span> 
     </span>
    </p>
   </div>
   <div class='ocr_carea' id='block_1_113' title="bbox 2014 5128 3663 5202">
    <p class='ocr_par' dir='ltr' id='par_1_113' title="bbox 2014 5128 3663 5202">
     <span class='ocr_line' id='line_1_113' title="bbox 2014 5128 3663 5202; baseline 0.002 -21"><span class='ocrx_word' id='word_1_829' title='bbox 2014 5144 2191 5198; x_wconf 86' lang='lat' dir='ltr'><strong>quam</strong></span> <span class='ocrx_word' id='word_1_830' title='bbox 2225 5128 2709 5199; x_wconf 82' lang='lat' dir='ltr'><strong>patriarcharum,</strong></span> <span class='ocrx_word' id='word_1_831' title='bbox 2759 5129 2877 5184; x_wconf 85' lang='lat' dir='ltr'><strong>sive</strong></span> <span class='ocrx_word' id='word_1_832' title='bbox 2907 5129 3347 5202; x_wconf 87' lang='lat' dir='ltr'><strong>prophetarum,</strong></span> <span class='ocrx_word' id='word_1_833' title='bbox 3383 5128 3466 5185; x_wconf 85' lang='lat' dir='ltr'><strong>vel</strong></span> <span class='ocrx_word' id='word_1_834' title='bbox 3497 5145 3663 5185; x_wconf 87' lang='lat' dir='ltr'><strong>voca-</strong></span> 
     </span>
    </p>
   </div>
   <div class='ocr_carea' id='block_1_114' title="bbox 2012 5216 3036 5291">
    <p class='ocr_par' dir='ltr' id='par_1_114' title="bbox 2012 5216 3036 5291">
     <span class='ocr_line' id='line_1_114' title="bbox 2012 5216 3036 5291; baseline 0.004 -21"><span class='ocrx_word' id='word_1_835' title='bbox 2012 5216 2269 5271; x_wconf 90' lang='lat' dir='ltr'><strong>tionibus</strong></span> <span class='ocrx_word' id='word_1_836' title='bbox 2297 5216 2386 5272; x_wconf 88' lang='lat' dir='ltr'><strong>vel</strong></span> <span class='ocrx_word' id='word_1_837' title='bbox 2418 5218 2720 5274; x_wconf 86' lang='lat' dir='ltr'><strong>sacriﬁciis</strong></span> <span class='ocrx_word' id='word_1_838' title='bbox 2751 5219 3036 5291; x_wconf 83' lang='lat' dir='ltr'><strong>figurasti.</strong></span> 
     </span>
    </p>
   </div>
   <div class='ocr_carea' id='block_1_115' title="bbox 2085 5306 3670 5380">
    <p class='ocr_par' dir='ltr' id='par_1_115' title="bbox 2085 5306 3670 5380">
     <span class='ocr_line' id='line_1_115' title="bbox 2085 5306 3670 5380; baseline 0.003 -21"><span class='ocrx_word' id='word_1_839' title='bbox 2085 5330 2111 5354; x_wconf 89' lang='grc'><strong>‹‹</strong></span> <span class='ocrx_word' id='word_1_840' title='bbox 2153 5306 2470 5362; x_wconf 83' lang='lat' dir='ltr'><strong>Redemisti</strong></span> <span class='ocrx_word' id='word_1_841' title='bbox 2496 5308 2719 5379; x_wconf 89' lang='lat' dir='ltr'><strong>virgam</strong></span> <span class='ocrx_word' id='word_1_842' title='bbox 2750 5307 3109 5364; x_wconf 62' lang='lat' dir='ltr'><strong>hereditatis</strong></span> <span class='ocrx_word' id='word_1_843' title='bbox 3132 5313 3266 5364; x_wconf 69' lang='lat' dir='ltr'><strong>tuae.</strong></span> <span class='ocrx_word' id='word_1_844' title='bbox 3296 5332 3323 5359; x_wconf 90' lang='grc'><strong>››</strong></span> <span class='ocrx_word' id='word_1_845' title='bbox 3349 5308 3528 5380; x_wconf 89' lang='lat' dir='ltr'><strong>Virga</strong></span> <span class='ocrx_word' id='word_1_846' title='bbox 3558 5308 3670 5364; x_wconf 78' lang='lat' dir='ltr'><strong>bae-</strong></span> 
     </span>
    </p>
   </div>
   <div class='ocr_carea' id='block_1_116' title="bbox 2013 5395 3668 5466">
    <p class='ocr_par' dir='ltr' id='par_1_116' title="bbox 2013 5395 3668 5466">
     <span class='ocr_line' id='line_1_116' title="bbox 2013 5395 3668 5466; baseline 0.001 -18"><span class='ocrx_word' id='word_1_847' title='bbox 2013 5395 2274 5450; x_wconf 89' lang='lat' dir='ltr'><strong>reditatis</strong></span> <span class='ocrx_word' id='word_1_848' title='bbox 2325 5395 2445 5466; x_wconf 93' lang='lat' dir='ltr'><strong>Dei,</strong></span> <span class='ocrx_word' id='word_1_849' title='bbox 2497 5396 2760 5453; x_wconf 89' lang='lat' dir='ltr'><strong>Christus</strong></span> <span class='ocrx_word' id='word_1_850' title='bbox 2805 5402 2912 5465; x_wconf 91' lang='lat' dir='ltr'><strong>est,</strong></span> <span class='ocrx_word' id='word_1_851' title='bbox 2962 5398 3114 5453; x_wconf 87' lang='lat' dir='ltr'><strong>sicut</strong></span> <span class='ocrx_word' id='word_1_852' title='bbox 3156 5398 3420 5453; x_wconf 72' lang='lat' dir='ltr'><strong>Jeremiaa</strong></span> <span class='ocrx_word' id='word_1_853' title='bbox 3449 5396 3668 5453; x_wconf 83' lang='lat' dir='ltr'><strong>videnti</strong></span> 
     </span>
    </p>
   </div>
   <div class='ocr_carea' id='block_1_117' title="bbox 2010 5483 3669 5559">
    <p class='ocr_par' dir='ltr' id='par_1_117' title="bbox 2010 5483 3669 5559">
     <span class='ocr_line' id='line_1_117' title="bbox 2010 5483 3669 5559; baseline 0.002 -21"><span class='ocrx_word' id='word_1_854' title='bbox 2010 5483 2346 5555; x_wconf 88' lang='lat' dir='ltr'><strong>vigilantem</strong></span> <span class='ocrx_word' id='word_1_855' title='bbox 2385 5485 2608 5556; x_wconf 88' lang='lat' dir='ltr'><strong>virgam</strong></span> <span class='ocrx_word' id='word_1_856' title='bbox 2640 5486 2891 5541; x_wconf 90' lang='lat' dir='ltr'><strong>dicitur:</strong></span> <span class='ocrx_word' id='word_1_857' title='bbox 2927 5489 3071 5543; x_wconf 86' lang='lat' dir='ltr'><strong>Bene</strong></span> <span class='ocrx_word' id='word_1_858' title='bbox 3119 5487 3287 5554; x_wconf 86' lang='lat' dir='ltr'><strong>vides,</strong></span> <span class='ocrx_word' id='word_1_859' title='bbox 3335 5489 3473 5559; x_wconf 85' lang='lat' dir='ltr'><strong>quia</strong></span> <span class='ocrx_word' id='word_1_860' title='bbox 3500 5486 3669 5556; x_wconf 87' lang='lat' dir='ltr'><strong>vigilo</strong></span> 
     </span>
    </p>
   </div>
   <div class='ocr_carea' id='block_1_118' title="bbox 2009 5575 3661 5650">
    <p class='ocr_par' dir='ltr' id='par_1_118' title="bbox 2009 5575 3661 5650">
     <span class='ocr_line' id='line_1_118' title="bbox 2009 5575 3661 5650; baseline 0.002 -22"><span class='ocrx_word' id='word_1_861' title='bbox 2009 5589 2102 5643; x_wconf 86' lang='lat' dir='ltr'><strong>ego</strong></span> <span class='ocrx_word' id='word_1_862' title='bbox 2149 5589 2310 5644; x_wconf 86' lang='lat' dir='ltr'><strong>super</strong></span> <span class='ocrx_word' id='word_1_863' title='bbox 2335 5575 2599 5644; x_wconf 88' lang='lat' dir='ltr'><strong>populum</strong></span> <span class='ocrx_word' id='word_1_864' title='bbox 2641 5591 2823 5630; x_wconf 87' lang='lat' dir='ltr'><strong>meum</strong></span> <span class='ocrx_word' id='word_1_865' title='bbox 2867 5577 3083 5648; x_wconf 88' lang='lat' dir='ltr'><strong>(Jerem.</strong></span> <span class='ocrx_word' id='word_1_866' title='bbox 3117 5595 3155 5644; x_wconf 82' lang='grc' dir='ltr'><strong>ι,</strong></span> <span class='ocrx_word' id='word_1_867' title='bbox 3197 5577 3283 5650; x_wconf 80' lang='grc'><strong>12)</strong></span> <span class='ocrx_word' id='word_1_868' title='bbox 3325 5580 3382 5632; x_wconf 92' lang='lat' dir='ltr'><strong>et</strong></span> <span class='ocrx_word' id='word_1_869' title='bbox 3411 5577 3661 5631; x_wconf 89' lang='lat' dir='ltr'><strong>iterum:</strong></span> 
     </span>
    </p>
   </div>
   <div class='ocr_carea' id='block_1_119' title="bbox 2009 5662 3663 5741">
    <p class='ocr_par' dir='ltr' id='par_1_119' title="bbox 2009 5662 3663 5741">
     <span class='ocr_line' id='line_1_119' title="bbox 2009 5662 3663 5741; baseline 0.002 -22"><span class='ocrx_word' id='word_1_870' title='bbox 2009 5664 2146 5737; x_wconf 88' lang='lat' dir='ltr'><strong>Egre</strong></span> <span class='ocrx_word' id='word_1_871' title='bbox 2163 5662 2350 5720; x_wconf 83' lang='lat' dir='ltr'><strong>dietur</strong></span> <span class='ocrx_word' id='word_1_872' title='bbox 2379 5664 2533 5738; x_wconf 87' lang='lat' dir='ltr'><strong>virga</strong></span> <span class='ocrx_word' id='word_1_873' title='bbox 2561 5663 2626 5722; x_wconf 88' lang='lat' dir='ltr'><strong>de</strong></span> <span class='ocrx_word' id='word_1_874' title='bbox 2645 5664 2834 5724; x_wconf 89' lang='lat' dir='ltr'><strong>radice</strong></span> <span class='ocrx_word' id='word_1_875' title='bbox 2851 5667 3017 5741; x_wconf 86' lang='lat' dir='ltr'><strong>Jesse,</strong></span> <span class='ocrx_word' id='word_1_876' title='bbox 3040 5670 3090 5724; x_wconf 87' lang='lat' dir='ltr'><strong>et</strong></span> <span class='ocrx_word' id='word_1_877' title='bbox 3109 5668 3210 5740; x_wconf 87' lang='lat' dir='ltr'><strong>ﬂos</strong></span> <span class='ocrx_word' id='word_1_878' title='bbox 3236 5665 3302 5723; x_wconf 87' lang='lat' dir='ltr'><strong>de</strong></span> <span class='ocrx_word' id='word_1_879' title='bbox 3329 5664 3515 5722; x_wconf 80' lang='lat' dir='ltr'><strong>radice</strong></span> <span class='ocrx_word' id='word_1_880' title='bbox 3543 5663 3663 5738; x_wconf 69' lang='lat' dir='ltr'><strong>ejus</strong></span> 
     </span>
    </p>
   </div>
  </div>
