3976 6188
437 331 595 392 1695

1927 311 2348 382 APPENDIX.

3587 322 3692 386 l096

432 463 698 529 ascendet,
721 466 771 518 et
793 464 974 535 ipsum
990 465 1172 534 gentes
1189 458 1628 532 deprecabuntur
1655 458 1770 529 (Isa
1790 474 1865 528 xi,
1889 456 1944 524 l,
1969 456 2074 528 10).
2107 458 2163 524 Α
2193 455 2284 511 nis
2318 455 2379 510 in
2418 454 2629 526 aquis;
2682 476 2711 502 ››
2751 452 2810 507 id
2856 453 2943 507 est
2988 447 3220 505 diaboli.
3265 447 3381 502 «Et
3417 449 3582 506 dedisti
3606 469 3692 509 eum

431 557 563 608 Haec
592 568 727 624 ergo
757 551 917 626 virga
955 550 1200 607 liberata
1243 553 1332 605 est
1370 566 1405 604 a
1440 546 1927 621 persequentibus
1969 545 2080 600 ini-

435 641 626 697 micis.
659 664 687 691 ‹‹
719 642 886 697 Mons
940 640 1096 706 Sion,
1132 639 1192 694 in
1228 655 1342 711 quo
1375 636 1654 692 habitasti
1687 636 1745 691 in
1772 653 1860 691 eo.
1893 658 1920 684 »
1956 635 2083 689 Sive

431 731 490 785 in
538 729 810 786 Ecclesia.
861 729 1186 800 Utrumque
1233 727 1386 783 enim
1441 728 1510 782 ad
1545 729 1804 782 montem
1839 723 2085 796 pertinet

432 825 727 876 sanctum.

503 933 523 959 ι
571 911 720 965 Leva
742 925 951 964 manus
973 912 1104 963 tuas
1125 907 1184 961 in
1205 905 1512 978 superbias
1537 920 1736 959 eorum
1763 903 1820 957 in
1846 902 2083 957 ﬁnem.»

425 999 534 1067 Qui
565 998 878 1054 Ecclesiam
902 1003 1063 1053 tuam
1089 997 1434 1068 impugnare
1465 997 1770 1050 conantur.
1803 992 2085 1056 «Quanta

422 1087 778 1160 malignatus
808 1091 896 1143 est
924 1086 1199 1142 inimicus
1233 1085 1289 1139 in
1332 1083 1569 1140 sancto!
1608 1105 1634 1132 ››
1668 1083 1739 1137 Ut
1769 1083 1876 1138 hos
1909 1079 2080 1136 malis

425 1176 683 1233 consiliis
714 1177 982 1232 homines
1012 1179 1409 1247 persecutores
1431 1189 1630 1228 eorum
1663 1171 1937 1226 efficeret.

503 1288 524 1314 ι
561 1266 629 1320 Et
657 1265 888 1337 gloriati
911 1267 1051 1319 sunt
1080 1262 1179 1334 qui
1209 1263 1458 1318 oderunt
1489 1265 1561 1329 te,
1591 1282 1618 1310 »
1653 1265 1763 1315 etc.
1797 1258 2082 1314 Instinctu

430 1354 582 1410 enim
615 1353 831 1410 diaboli
863 1353 1226 1426 gloriantur:
1261 1368 1394 1407 cum
1427 1350 1484 1404 in
1516 1350 1716 1404 odium
1768 1348 1891 1415 Dei,
1945 1365 2078 1404 san-

432 1448 555 1500 ctos
589 1447 872 1515 martyres
899 1442 1086 1514 poenis
1121 1440 1407 1511 afﬂigunt.

509 1553 530 1581 α
575 1533 965 1588 Incenderunt
995 1530 1117 1602 igni
1144 1527 1546 1585 sanctuarium
1577 1532 1746 1582 tuum
1791 1527 1848 1579 in
1888 1529 2078 1579 terra:

434 1621 771 1694 polluerunt
791 1618 1234 1675 tabernaculum
1274 1616 1532 1671 nominis
1581 1616 1688 1686 tui,
1714 1638 1743 1665 »
1772 1619 1879 1670 etc.
1914 1615 2086 1668 Facta

428 1714 569 1766 sunt
627 1708 862 1779 quidem
907 1707 1025 1761 haec
1055 1702 1379 1761 secundum
1428 1703 1772 1759 historiam:
1808 1701 1896 1758 vel
1946 1717 2082 1756 cum

428 1796 966 1853 Nabuchodonosor
1021 1811 1120 1850 eos
1167 1794 1409 1850 adduxit
1455 1793 1514 1847 in
1567 1792 1944 1865 Babyloniam
1998 1791 2089 1861 (IV

428 1887 564 1958 Reg.
634 1902 764 1940 xxv.
821 1885 929 1956 11),
994 1883 1080 1939 vel
1141 1900 1274 1939 cum
1325 1882 1491 1938 Titus
1543 1882 2077 1954 Vespasianusque,

431 1989 715 2031 succensa
762 1973 990 2029 civitate
1038 1988 1171 2027 cum
1204 1971 1444 2043 templo,
1478 1970 1856 2026 multitudine
1885 1968 2078 2042 gladio

429 2066 740 2135 prostrata,
776 2061 1065 2133 reliquum
1107 2059 1318 2132 vulgus
1349 2061 1641 2132 captivum
1676 2059 1931 2114 abduxit.
1966 2059 2076 2113 Sed

427 2156 485 2206 et
525 2151 695 2207 modo
745 2151 1063 2206 cavendum
1095 2154 1182 2205 est
1230 2167 1301 2206 ne
1343 2151 1639 2222 quodtunn
1673 2148 1913 2220 contigit
1943 2146 2080 2203 Hie-

423 2239 750 2312 rosolymis,
800 2239 1139 2296 Christianae
1188 2256 1343 2294 nunc
1397 2237 1619 2295 eveniat
1670 2237 1863 2309 plebi:
1921 2237 2076 2292 sicut

425 2329 700 2401 superius
747 2328 858 2384 isto
906 2326 1191 2383 versiculo
1238 2344 1412 2399 quem
1464 2326 1886 2399 prmterivimus
1933 2343 2080 2398 quo-

430 2420 601 2474 modo
631 2419 812 2474 dixit:
847 2441 874 2468 ‹‹
910 2417 1231 2474 Posuerunt
1275 2417 1444 2488 signa
1475 2433 1602 2481 sua,
1657 2420 1713 2471 et
1756 2417 1924 2487 signa
1956 2433 2071 2470 non

426 2511 839 2578 cognoverunt,
871 2507 1027 2562 sicut
1075 2505 1131 2560 in
1163 2504 1313 2560 exitu
1367 2507 1653 2577 desuper:
1693 2527 1721 2554 ››
1767 2506 1848 2560 sic
1891 2505 2076 2576 Baby-

427 2596 568 2652 lonii
619 2595 678 2650 in
729 2595 1122 2666 arrogantiam
1170 2594 1422 2649 victorias
1455 2599 1684 2650 tumore
1731 2592 1970 2662 sublati,
2017 2593 2076 2648 in

428 2685 647 2757 templo
678 2690 778 2742 tuo
829 2684 995 2756 signa
1035 2701 1143 2739 sua
1181 2688 1521 2756 posuerunt,
1565 2683 1856 2755 quomodo
1889 2683 2078 2738 solent

430 2790 607 2846 super
632 2778 933 2846 portarum
967 2773 1217 2829 fornices
1244 2773 1318 2827 do
1348 2772 1615 2828 hostibus
1645 2771 1907 2843 trophaea
1939 2789 2074 2827 con-

427 2863 613 2920 stitui.
649 2862 812 2926 Quod
841 2862 1228 2935 Symmachus
1258 2861 1491 2934 planius
1520 2861 1936 2934 interpretatus
1967 2865 2072 2928 est,

425 2951 662 3008 dicens:
719 2974 747 3003 ‹‹
793 2955 1123 3008 Posuerunt
1169 2969 1277 3008 sua
1325 2951 1632 3006 manifeste
1679 2951 1736 3006 in
1787 2949 1960 3018 edito,
2015 2951 2073 3006 in

425 3041 668 3098 introitu
727 3045 1050 3114 portarum.
1114 3063 1134 3091 ι
1199 3040 1345 3112 Ergo
1404 3040 1615 3096 habeat
1670 3039 2078 3111 unusquisque

422 3135 714 3196 nostrum,
745 3131 804 3185 in
837 3131 1008 3186 corde
1035 3146 1165 3197 suo,
1196 3129 1471 3184 vexillum
1500 3129 1710 3184 cruciS'
1740 3146 1854 3184 non
1874 3129 2077 3184 adver-

2193 562 2386 600 escam
2421 543 2650 616 populis
2677 541 3034 612 rEthiopum.
3068 561 3095 587 »
3142 537 3214 592 Ut
3254 552 3402 593 versa
3439 538 3534 594 vice
3569 540 3696 598 abhis

2194 636 2586 701 devoraretur,
2648 631 2768 687 sive
2837 627 3352 696 comminueretur,
3404 643 3487 698 per
3535 629 3696 700 signum

2193 723 2402 792 crucis,
2444 739 2591 794 quos
2643 720 2806 793 prius
2852 719 3216 774 devoraverat
3265 715 3318 770 in
3342 716 3698 787 persuasionibus

2192 829 2376 867 vanis.

2265 923 2292 950 ‹‹
2335 901 2419 954 Tu
2467 897 2741 970 dirupisti
2774 898 2978 966 fontes,
3014 918 3040 943 ››
3075 899 3178 950 etc.
3213 893 3502 965 Apostolos,
3527 893 3591 948 vel
3619 894 3700 948 reli~

2193 1007 2340 1062 quos
2366 989 2794 1062 praedicatores.

2263 1119 2290 1146 ‹‹
2333 1098 2494 1152 Tuus
2525 1098 2613 1150 est
2643 1096 2788 1165 dies,
2821 1097 2877 1149 et
2901 1097 3000 1148 tua
3030 1094 3120 1147 est
3148 1105 3275 1146 nox.
3310 1111 3335 1137 η
3364 1087 3566 1144 Claritas
3587 1089 3702 1145 Evan-

2192 1186 2348 1258 gelii,
2379 1186 2466 1241 vel
2498 1183 2828 1242 obscuritas
2856 1182 3028 1254 legis:
3053 1179 3189 1252 quia
3219 1183 3270 1233 te
3298 1183 3512 1249 utraque
3533 1194 3702 1248 pronun-

2193 1276 2361 1331 tiant.
2411 1298 2431 1324 α
2487 1275 2573 1329 Tu
2624 1272 2810 1328 fecisti
2854 1270 3059 1328 solem.
3098 1290 3126 1318 ››
3173 1266 3452 1323 Hominem
3491 1264 3614 1320 illum
3644 1281 3703 1336 per

2193 1381 2364 1437 quem
2417 1364 2688 1418 sedentes
2736 1361 2795 1416 in
2852 1357 3111 1416 tenebris
3159 1356 3339 1412 lucem
3382 1355 3598 1410 viderunt
3632 1369 3703 1408 un-

2193 1470 2391 1525 gnam,
2430 1475 2451 1503 α
2482 1453 2547 1506 Et
2572 1451 2794 1506 lunam.
2831 1471 2858 1499 ››
2893 1447 3228 1512 Ecclesiam,
3261 1461 3375 1516 quis
3408 1444 3458 1498 in
3483 1443 3701 1498 obscurita-

2192 1543 2352 1598 tibus
2385 1540 2579 1597 szeculi
2610 1539 2782 1596 lucet.

2268 1671 2295 1699 ‹‹
2335 1649 2422 1703 Tu
2456 1646 2640 1703 fecisti
2675 1661 2876 1702 omnes
2898 1644 3182 1700 terminos
3208 1645 3380 1696 terrae.
3408 1637 3590 1694 iiJussn
3605 1637 3698 1691 enim

2193 1745 2293 1794 tuo
2327 1743 2540 1793 cuncta
2569 1740 2759 1792 creata
2788 1738 2946 1791 sunt.
2993 1756 3022 1782 ‹‹
3055 1733 3346 1795 ίΕεὶειΐθω,
3373 1733 3424 1784 et
3460 1743 3540 1782 ver
3560 1730 3603 1780 tu
3625 1724 3702 1796 pli-

2114 1841 2160 1904 B
2191 1827 2398 1884 smasti
2428 1845 2514 1883 ea.
2549 1848 2576 1877 ››
2613 1828 2958 1896 Quanquam
2993 1827 3052 1878 et
3083 1827 3340 1893 tempora
3368 1812 3701 1883 anni,etomnia

2192 1916 2475 1973 elementa
2531 1915 2736 1970 mundi
2783 1914 2936 1969 Deus
2981 1911 3212 1978 fecerit,
3261 1913 3438 1964 tamen
3485 1903 3700 1960 secundum

2188 2005 2546 2077 allegoriam,
2599 2021 2696 2060 ver
2733 2002 3006 2072 dicimus,
3052 2016 3184 2055 cum
3210 1997 3350 2069 justi
3377 1995 3429 2050 in
3456 1993 3541 2049 hoc
3571 1989 3700 2047 seculo

2185 2095 2354 2150 bonis
2412 2093 2685 2166 operibus
2746 2093 2992 2147 ﬂorent:
3058 2091 3330 2154 Eslalem,
3385 2099 3498 2140 cum
3537 2081 3697 2136 fructum

2186 2183 2401 2240 laboris
2432 2183 2524 2237 sui
2559 2181 2911 2254 percipiunt.
3643 2177 3648 2186 '

2265 2293 2285 2322 ‹
2328 2272 2548 2328 Memor
2579 2275 2718 2327 esto.
2749 2270 2948 2342 hujus,
2981 2267 3261 2323 inimicus
3289 2257 3697 2336 improperavitbo-

2186 2363 2365 2418 mino.
2397 2366 2452 2418 et
2483 2361 2736 2434 populus
2767 2359 3058 2430 insipiens
3089 2353 3343 2412 incitavit
3364 2365 3538 2407 nomen
3558 2351 3700 2434 tuuin.II

2185 2454 2354 2506 Stant
2383 2451 2467 2506 tui
2490 2433 2792 2522 martyres
2824 2448 2883 2502 in
2916 2461 3130 2518 agone,
3162 2443 3490 2517 improperat
3512 2433 3697 2492 diabolus,

2183 2539 2492 2594 exacerbat
2539 2539 2774 2611 gentilis
2820 2537 3097 2609 populus.
3149 2535 3255 2596 Tu,
3305 2528 3529 2590 Domine,
3563 2532 3700 2578 memor

2183 2632 2305 2683 esto
2340 2644 2538 2684 eorum
2589 2627 2690 2699 qui
2738 2627 2809 2682 ob
2852 2641 3113 2681 amorem
3147 2620 3388 2678 nominis
3421 2616 3493 2671 tui
3529 2611 3624 2668 talia
3647 2621 3704 2677 ρι·

2183 2717 2435 2772 tiuntur.

2257 2829 2283 2854 ‹‹
2326 2805 2407 2860 Ne
2437 2806 2635 2860 tradas
2669 2803 2872 2860 bestiis
2926 2802 3156 2858 animas
3204 2798 3508 2855 confitentes
3531 2787 3619 2844 tibi.
3642 2780 3703 2834 »0

2183 2893 2419 2965 diaboli,
2462 2911 2494 2949 ο
2525 2892 2778 2948 minisiri
2814 2891 3058 2958 diaboli,
3106 2889 3205 2962 qui
3235 2903 3342 2943 non
3380 2882 3524 2938 vultis
3546 2885 3702 2944 corpora

2185 2983 2474 3050 devorare,
2509 2982 2610 3038 sed
2643 2982 2892 3038 animas.
2929 2981 3100 3035 Tunc
3121 2978 3275 3034 enim
3304 2972 3476 3028 anima
3497 2965 3703 3022 devoratur

2185 3090 2282 3131 ore
2312 3071 2530 3140 bestiae,
2564 3088 2698 3126 cum
2730 3070 3166 3126 conniventiam
3197 3065 3396 3139 praebet
3413 3053 3702 3141 diabolicae!-

2192 3163 2423 3218 luntati.
2454 3184 2481 3211 «
2508 3161 2748 3216 Animas
2771 3174 3101 3232 pauperum
3125 3161 3353 3212 tuorum
3373 3167 3437 3206 ne
3457 3140 3704 3232 obliviscaris

421 3218 558 3275 sarii
592 3219 849 3308 signum,
902 3236 973 3275 ne
1021 3220 1148 3290 ejus
1196 3219 1383 3275 securi
1417 3218 1759 3308 succidatur
1795 3235 1828 3272 a
1868 3219 2079 3308 gratia,
2115 3211 2157 3276 Ο
2508 3211 3414 3305 ;;'i,j:8’iwa‘d'ggéa;nwsﬁbduntur
3437 3221 3704 3291 ιτίδηιειίοηί.

422 3309 523 3364 sed
572 3307 716 3365 falce
767 3307 1101 3381 evangelica
1148 3312 1430 3381 purgetur
1487 3308 1558 3362 ad
1619 3307 1891 3380 gloriam.
1955 3307 2078 3364 Non

429 3398 818 3454 succendatur
865 3398 923 3453 in
973 3395 1482 3470 concupiscentiis,
1506 3397 1606 3452 sed
1655 3396 2003 3451 accendatur
2047 3413 2082 3452 a

428 3485 837 3558 spiritualibus
868 3486 1269 3542 sacramentis.
1295 3486 1418 3540 Non
1443 3484 1739 3557 polluatur
1767 3484 1945 3554 vitiis,
1979 3485 2076 3540 sed

427 3575 744 3630 virtutibus
795 3574 1106 3646 repleatur.
1149 3575 1263 3630 Nec
1295 3574 1588 3631 existimet
1637 3574 1820 3630 Deum
1853 3572 2077 3645 aliquid

419 3678 532 3717 non
584 3679 754 3734 posse
785 3679 1154 3734 cognoscere,
1186 3664 1286 3719 sed
1318 3664 1666 3720 conﬁteatur
1707 3663 1855 3718 nihil
1887 3663 2076 3718 oculis

417 3751 545 3821 ejus
583 3751 882 3806 abscondi.
929 3751 1228 3807 Postremo
1281 3769 1393 3807 non
1426 3753 1680 3824 prmbeat
1709 3767 2071 3808 consensum

419 3839 480 3895 in
536 3839 907 3912 improperiis
946 3839 1180 3909 diaboli,
1243 3840 1345 3895 sed
1389 3840 1674 3912 gloriﬁcet
1720 3857 1930 3896 nomen
1975 3835 2078 3895 Dei

421 3929 535 3984 sui.

499 4040 527 4068 ‹‹
588 4017 802 4091 thuid
855 4017 1065 4074 avertis
1124 4034 1363 4073 manum
1423 4021 1608 4083 tuam,
1669 4022 1725 4072 et
1782 4019 2076 4074 dexteram

423 4112 587 4163 tuam
640 4109 712 4163 de
754 4108 942 4163 medio
990 4107 1124 4163 sinu
1176 4111 1273 4163 tuo
1325 4107 1383 4162 in
1442 4107 1718 4162 ﬁnem?»
1764 4107 1939 4162 Sinus
1990 4112 2079 4163 est

428 4197 828 4252 sanctuarium
859 4198 1008 4269 ejus,
1042 4197 1192 4252 sicut
1235 4212 1337 4269 per
1366 4195 1548 4251 alium
1588 4195 1668 4250 ait
1707 4195 2074 4268 prophetam.

427 4283 589 4338 Sicut
631 4287 786 4340 enim
837 4291 1036 4358 pastor
1065 4303 1299 4360 gregem
1333 4302 1508 4341 suum
1542 4285 1710 4353 fovet,
1745 4289 1801 4340 et
1835 4285 1983 4341 fetus
2016 4286 2074 4341 in

427 4372 562 4427 sinu
596 4377 788 4445 portat
813 4376 923 4444 (Isa
951 4393 1038 4444 XL,
1067 4377 1188 4448 11);
1222 4375 1306 4430 sic
1339 4375 1619 4430 Dominus
1649 4373 1874 4446 plebem
1907 4391 2074 4430 suam

421 4465 668 4534 vegetat.
711 4463 876 4519 Tunc
914 4480 1049 4536 ergo
1081 4466 1152 4520 ab
1183 4464 1291 4520 hoc
1315 4465 1471 4531 sinu,
1504 4463 1590 4518 vel
1628 4464 2075 4535 inspectionem,

422 4550 508 4607 vel
565 4551 884 4623 potentiam
946 4567 1114 4608 suam
1175 4553 1414 4621 avertit,
1460 4569 1593 4608 cum
1643 4553 2076 4624 peccaverimus

427 4657 664 4696 ﬂleUUD.

494 4753 522 4780 «
565 4731 719 4787 Deus
766 4736 962 4787 autem
1015 4747 1113 4787 rex
1152 4734 1350 4786 noster
1396 4735 1528 4786 ante
1577 4729 1806 4786 secula.
1843 4753 1869 4780 ››
1915 4730 2077 4787 Sicut

420 4836 524 4890 per
565 4820 935 4876 Salomonem
986 4839 1054 4876 ex
1101 4820 1409 4892 sapientia,
1463 4836 1590 4890 quae
1649 4823 1738 4873 est
1784 4819 2071 4888 Christus,

419 4908 586 4964 dicit:
621 4909 890 4966 Condidit
924 4926 1013 4965 me
1062 4910 1118 4964 in
1167 4908 1329 4963 initio
1377 4909 1604 4963 viarum
1636 4915 1900 4978 suarum,
1940 4914 2073 4966 ante

421 4995 634 5052 saecula
665 4999 929 5054 fundavit
974 5015 1066 5054 me
1113 5000 1294 5068 (Prov.
1330 5013 1452 5064 VIII,
1500 4998 1592 5060 22,
1640 4998 1752 5063 23).
1792 5019 1819 5046 ‹‹
1858 4997 2073 5068 Opera-

425 5088 520 5138 tus
562 5091 652 5140 est
693 5085 944 5142 salutem
994 5089 1053 5142 in
1105 5085 1296 5142 medio
1327 5090 1513 5141 terras.
1549 5107 1576 5135 »
1623 5085 1750 5141 Sive
1781 5085 1840 5140 in
1871 5086 2074 5143 Judaea

418 5185 546 5240 quae
595 5172 854 5228 medium
903 5179 1068 5230 terra;
1115 5175 1347 5243 dicitur,
1405 5173 1524 5229 sive
1572 5174 1630 5227 in
1681 5177 1844 5229 utero
1895 5176 2072 5248 virgi-

419 5257 558 5314 nali.

491 5369 518 5397 α
558 5348 641 5402 Tu
679 5351 1039 5409 conﬁrmasti
1087 5354 1146 5408 in
1195 5354 1407 5410 virtute
1455 5357 1558 5409 tua
1605 5368 1784 5408 mare.
1820 5376 1847 5403 ››
1880 5355 2071 5413 Saecu-

413 5437 560 5509 lum,
588 5437 674 5494 vel
707 5455 833 5510 quas
881 5441 940 5496 in
973 5459 1038 5498 eo
1089 5449 1248 5499 sunt.
1281 5467 1309 5494 «
1359 5444 1447 5498 Tu
1495 5441 1829 5513 confregisti
1881 5445 2073 5515 capita

415 5527 686 5585 draconis
731 5528 790 5584 in
841 5529 1030 5602 aquis.
1082 5555 1110 5582 ››
1165 5532 1484 5589 Potentiam
1535 5531 1958 5588 daemoniorum
2011 5533 2070 5590 in

414 5616 709 5694 baptismo
739 5619 1064 5695 subjecisti,
1101 5640 1129 5676 α
1173 5621 1259 5679 Tu
1291 5621 1626 5695 confregisti
1655 5619 1845 5694 capita
1875 5623 2075 5684 draco-

2105 4578 2152 4643 D

2191 3343 2320 3410 bus,
2356 3359 2469 3397 non
2500 3343 2774 3412 pereant;
2812 3338 2911 3393 sed
2945 3334 3175 3408 probati
3211 3324 3472 3388 manifesti
3500 3323 3616 3377 fiant.

2262 3472 2288 3500 «
2336 3446 2574 3520 Respice
2631 3447 2689 3501 in
2743 3447 3165 3500 testamentum
3224 3443 3398 3502 tuum,
3447 3429 3554 3520 quis
3580 3416 3703 3520 ῐξθΡῙθίί

2190 3516 2469 3608 sunt,qui
2484 3535 2778 3592 obscurati
2811 3539 2951 3590 sunt
2979 3537 3146 3588 terra:
3178 3526 3364 3584 dumis
3393 3516 3700 3608 iniquitates.»

2189 3626 2360 3682 Dumi
2393 3625 2850 3698 interpretantur
2882 3638 3076 3694 spuma.
3113 3619 3182 3673 Hi
3211 3631 3340 3687 ergo
3367 3611 3451 3683 qui
3477 3604 3703 3698 obscurat:

2190 3719 2326 3770 runt
2377 3712 2885 3787 persecutionibus
2941 3710 3067 3766 suis
3125 3713 3332 3763 terram
3385 3705 3536 3787 tuam,
3579 3680 3702 3787 τερηξξ

2188 3808 2328 3861 sunt
2356 3804 2620 3860 sentibus
2645 3799 2996 3872 iniquitatis.
3031 3799 3120 3853 Tu
3147 3811 3296 3858 vero,
3321 3785 3543 3847 Domine,
3561 3789 3627 3847 qm

2188 3897 2630 3950 Testamentum
2662 3868 2852 3956 tuum,
2884 3888 3002 3944 sive
3031 3887 3234 3950 Vetus,
3268 3882 3378 3938 sive
3403 3875 3600 3956 Novumi
3621 3868 3704 3956 9""

2188 3989 2506 4054 utrumque
2553 3998 2586 4036 a
2638 3985 2692 4035 te
2725 3953 3030 4050 processit,
3065 3980 3122 4032 et
3152 3971 3315 4046 quasi
3347 3953 3698 4054 unum

2188 4071 2507 4146 promisisti
2556 4073 2854 4143 protegere
2903 4071 3055 4134 tuos,
3107 4059 3343 4119 succisis
3414 4063 3538 4108 nunc
3573 4045 3700 4110 5Ρ¹¹¹¹⁵ν

2186 4179 2322 4218 erue
2353 4179 2483 4217 nos.

2261 4274 2287 4302 ιο
2323 4251 2402 4306 Ne
2441 4252 2733 4305 avertatur
2780 4244 3022 4300 humilis
3075 4231 3259 4299 factus
3305 4210 3701 4316 confusus.l>i.Ntlfl

2185 4300 2563 4396 cumaea;
2582 4300 2632 4392 ἐξ
2645 4300 2656 4303 ⁷
2673 4300 2749 4406 te,
2783 4336 2884 4403 qui
2928 4335 2986 4388 in
3019 4325 3471 4388 tribulationibus
3493 4300 3704 4406 ωᾳιίίεξίς

2184 4430 2407 4486 teritur.
2434 4451 2460 4477 «
2483 4433 2710 4498 Pauper
2731 4400 2787 4480 et
2805 4400 2986 4495 inops
3015 4421 3329 4477 laudabunt
3356 4420 3532 4468 nomen
3557 4400 3701 4452 ιυυωιπ

2185 4519 2329 4574 Cum
2360 4516 2652 4588 promissa
2685 4519 2787 4569 tua
2818 4511 3197 4585 perceperint.

2257 4649 2283 4676 ‹‹
2327 4626 2608 4695 Exsurge,
2640 4622 2820 4685 Deus,
2835 4618 3040 4692 judica
3060 4630 3289 4673 causam
3319 4616 3412 4666 tua

2186 4711 2555 4787 improperiis
2596 4727 2721 4782 quae
2763 4708 2962 4764 vel-tu
3012 4701 3336 4762 sustinuisti
3377 4715 3408 4769 p

3415 4622 3480 4660 ω,
3510 4621 3532 4648 ››
3555 4597 3631 4647 Pro
3650 4579 3700 4634 his

3413 4710 3464 4749 ro
3491 4679 3628 4743 nobis,
3650 4660 3700 4718 νθί

2185 4769 2342 4861 nunc
2372 4769 2629 4858 Declesia
2658 4799 2929 4854 sustinet.
2968 4817 2993 4847 ιι
3041 4796 3254 4850 Memor
3298 4792 3407 4845 esto
3434 4769 3700 4861 ίωρτοέίῖηῗ

2183 4910 2314 4949 rum
2346 4897 2580 4946 tuorum
2609 4905 2620 4942 :
2657 4903 2858 4944 eorum
2893 4903 3018 4958 quae
3069 4884 3137 4939 ab
3189 4875 3470 4950 insipiente
3505 4849 3699 4918 suntm“

2183 4984 2294 5038 die.
2332 5003 2358 5030 »
2397 4981 2463 5036 Ut
2491 4979 2548 5033 in
2575 4975 2797 5048 judicio
2828 4975 3270 5030 confundantur.

2255 5111 2285 5140 α
2322 5089 2402 5144 Ne
2449 5082 2810 5142 obliviscaris
2862 5097 3029 5136 voces
3080 5076 3436 5156 inimicorum
3472 5055 3692 5156 lPOWTL:

2183 5179 2289 5245 Qui
2323 5183 2377 5233 te
2425 5175 2626 5245 utique
2675 5173 2736 5227 in
2782 5169 3164 5243 praesentibus
3210 5127 3696 5259 pressurls‘m‘ffﬁnt;

2182 5227 2552 5325 consolentur
2581 5279 2614 5317 a
2642 5266 2716 5316 te.
2741 5279 2772 5311 ι
2807 5259 3092 5331 Superbia
3112 5268 3318 5317 eorum,
3349 5243 3434 5318 qui
3461 5227 3679 5331 te

2182 5355 2444 5414 ascendit
2475 5367 2722 5423 semper.
2756 5370 2784 5399 ››
2819 5347 2943 5403 Nisi
2991 5347 3143 5403 enim
3183 5353 3366 5400 eorum
3393 5318 3611 5405 superbit
3633 5314 3691 5357 ⁸⁸·

2185 5445 2386 5469 η...ι-ι
2442 5442 2497 5469 1.:
2533 5457 2646 5469 κη..
2693 5436 3084 5469 ιηηηςιςηηιη..
3147 5433 3231 5469 εἰη
3260 5427 3396 5469 anim
3423 5420 3469 5469 ει
3491 5398 3690 5465 υοωιηιιι

3467 5503 3509 5556 ιι
3530 5487 3687 5555 in»qu

3451 5593 3492 5648 ίο
3526 5579 3620 5643 cito,
3649 5560 3684 5619 δέ

2181 5445 2408 5512 cendat,
2442 5442 2500 5497 hi
2533 5457 2650 5496 non
2693 5436 3100 5494 humiliantur.
3147 5433 3233 5488 Sic
3260 5427 3396 5485 enim
3423 5433 3448 5472 Θ

2179 5535 2240 5590 in
2285 5529 2630 5605 Apocalypsi
2679 5526 2856 5582 dicit:
2889 5528 3095 5597 Impius
3123 5521 3280 5593 impie
3303 5516 3434 5585 agat,

2180 5623 2419 5702 amplius
2450 5620 2619 5703 faciat
2664 5616 3034 5691 iniquitatem.
3075 5615 3198 5670 Ecce
3235 5622 3326 5682 ego
3364 5611 3450 5658 ven
