3976 6188
492 290 671 351 ’1099

2003 288 2397 349 APPENDIX
2412 332 2425 348 .

3666 300 3773 362 um

491 420 735 495 ‘turbati
765 422 905 477 sunt
934 437 1136 476 omnes
1167 420 1514 492 insipientes
1545 421 1734 476 corde.
1773 442 1800 470 »
1831 423 1996 475 Hunc
2033 437 2158 476 ver-
2186 422 2244 487 Α,
2272 421 2389 476 rint
2419 420 2584 477 malae
2615 420 3017 493 cogitationes,
3050 424 3190 477 tunc
3232 437 3325 477 ero
3371 425 3586 482 mundus
3621 427 3668 484 in
3689 447 3777 488 con-

516 527 647 566 sum
679 510 748 565 de
778 509 1118 566 inﬁdelibus
1147 526 1464 581 possumus
1488 510 1696 567 dicere.

594 622 621 652 u
651 599 1026 655 Dormierunt
1057 616 1330 654 somnum
1380 617 1576 669 suum,
1628 604 1685 655 et
1732 599 1877 655 nihil
1924 599 2158 655 invene-

515 692 674 755 runt,
710 710 738 737 ››
769 691 877 743 etc.
910 687 1057 743 Vere
1087 687 1205 743 haec
1239 687 1356 743 vita
1387 705 1631 743 somnus
1674 693 1781 759 est,
1823 693 1879 743 et
1927 689 2157 744 divitiae.

516 777 759 844 Quando
800 777 955 832 enim
1005 777 1271 832 videmur
1318 794 1415 832 eas
1464 781 1678 845 tenere,
1709 777 1905 833 statim
1940 777 2158 833 amitti-

517 883 672 922 mus.
707 866 869 922 Sicut
907 864 1047 920 illud
1098 867 1253 937 quod
1306 866 1589 938 scriptum
1621 871 1709 922 est
1739 866 1800 921 in
1832 867 2113 939 propheta
2146 884 2158 922 :

516 955 667 1010 Sicut
695 971 819 1010 cum
848 954 1049 1025 aliquis
1078 954 1278 1009 dormit
1306 956 1516 1022 sitiens,
1550 956 1599 1009 si
1627 956 1903 1010 invenerit
1932 970 2161 1024 aquam,

516 1045 692 1100 bibit:
720 1046 908 1115 postea
938 1060 1063 1100 cum
1094 1044 1425 1114 vigilaverit,
1476 1045 1599 1115 ipsa
1645 1046 1767 1098 sitis
1806 1052 1993 1099 manet
2030 1044 2156 1113 (Lm.

514 1150 669 1205 xxrx,
698 1135 754 1205 8)
788 1150 801 1187 :
835 1132 916 1188 ita
945 1138 1083 1188 sunt
1113 1136 1168 1187 et
1197 1132 1406 1187 divitiae
1462 1134 1516 1187 in
1543 1133 1675 1188 ‘hoc
1716 1133 1937 1188 mundo
1972 1150 1984 1187 :
2019 1133 2159 1187 dum

515 1227 841 1291 teneamus,
872 1222 1220 1280 amittimus.

593 1335 615 1364 ι
651 1313 1120 1369 Dormitaverunt
1168 1312 1265 1385 qui
1314 1312 1704 1367 ascenderunt
1747 1329 1949 1383 equos.
1985 1332 2012 1361 »
2059 1312 2159 1367 Se-

519 1404 777 1460 cundum
829 1402 1217 1474 tropologiam
1275 1401 1558 1456 dicamus.
1618 1402 1879 1473 Denique
1936 1400 2160 1455 Pharao

518 1493 782 1548 ascendit
829 1508 1031 1562 equos,
1078 1496 1135 1546 ct
1190 1489 1543 1555 dormi‘tavit,
1597 1494 1653 1543 et
1701 1490 1887 1561 periit.
1933 1489 2160 1562 Egypti

517 1581 813 1637 habebant
843 1596 1045 1650 equos,
1071 1580 1168 1632 sed
1203 1578 1518 1649 perierunt.
1554 1578 1691 1632 Inde
1721 1582 1777 1633 et
1808 1585 2160 1649 prmeeptum

517 1672 607 1725 est
638 1668 697 1721 in
730 1672 875 1737 Lege
909 1683 922 1721 :
956 1669 1021 1720 ut
1051 1682 1165 1719 non
1196 1665 1472 1719 Hebraeus
1512 1664 1724 1719 habeat
1768 1681 1951 1735 equos
1981 1665 2157 1735 (Deut.

514 1772 653 1823 xvu,
686 1757 795 1823 16).
829 1754 1090 1825 Denique
1121 1752 1391 1808 Salomon
1422 1770 1535 1809 non
1562 1752 1815 1809 habebat
1841 1770 2056 1825 equum
2090 1754 2160 1809 de

512 1842 860 1913 Jerusalem,
916 1847 1016 1898 aut
1067 1842 1135 1896 de
1182 1842 1385 1897 Judma
1436 1859 1449 1897 :
1502 1843 1602 1897 sed
1652 1842 1883 1897 emebat
1929 1843 2038 1898 sibi
2089 1843 2161 1898 de

510 1933 755 2004 .Egypto
803 1933 899 2004 (III
926 1934 1048 2002 Reg.
1082 1949 1137 1997 x,
1180 1933 1292 1999 28).
1344 1932 1584 2002 Semper
1625 1930 1758 2002 equi
1809 1931 1868 1986 in
1916 1936 2160 2004 ngypto

512 2023 865 2077 venduntur.
899 2022 967 2075 Ili
997 2022 1057 2075 in
1086 2020 1361 2084 curribus,
1392 2024 1441 2074 et
1492 2020 1554 2074 hi
1598 2021 1656 2074 in
1696 2022 1851 2091 equis
1882 2039 1901 2075 :
1932 2037 2029 2076 nos
2059 2038 2160 2076 au-

516 2119 622 2166 tem
654 2112 715 2165 in
743 2111 964 2166 nomine
992 2110 1217 2164 Domini
1245 2109 1341 2162 Dei
1369 2109 1544 2163 nostri
1574 2110 1954 2164 invocabimus
1986 2110 2157 2168 (Psal.

513 2216 627 2267 xxx,
677 2199 754 2270 8).
805 2198 891 2254 Illi
940 2215 1075 2270 ergo
1126 2198 1225 2268 qui
1275 2197 1665 2253 ascenderunt
1705 2215 1907 2269 equos,
1941 2199 2159 2254 dormi-

517 2292 787 2344 taverunt
834 2304 899 2342 ac
947 2286 1263 2357 perierunt.
1315 2286 1501 2341 Habet
1547 2291 1603 2341 et
1650 2286 1932 2342 Dominus
1964 2292 2163 2343 noster

808 2376 982 2429 habet
1029 2379 1083 2429 et
1133 2378 1362 2430 montes
1417 2374 1664 2431 lucidos.
1708 2375 2062 2447 Econtrario,
2105 2381 2162 2432 et

514 2462 782 2519 diabolus
813 2464 988 2518 habet
1018 2467 1244 2517 montes
1272 2465 1631 2518 tenebrosos.
1665 2464 1827 2518 Sicut
1856 2481 1989 2536 ergo
2021 2469 2161 2520 sunt

514 2556 744 2607 montes
792 2551 971 2606 lucidi
1025 2556 1080 2606 et
1136 2555 1363 2606 montes
1409 2553 1699 2607 tenebrosi
1743 2568 1756 2608 :
1800 2552 1879 2607 ita
1929 2558 2067 2608 sunt
2103 2558 2161 2609 et

513 2392 696 2447 equos
743 2394 755 2431 :

483 2641 650 2713 ,equi
681 2642 838 2711 boni,
873 2646 928 2697 et
957 2641 1090 2713 equi
1124 2640 1281 2696 mali.
1318 2640 1581 2696 Diximus
1628 2641 1699 2696 de
1747 2640 1913 2713 equis
1964 2642 2156 2714 malis,

513 2730 779 2787 dicamus
810 2735 867 2786 et
897 2731 967 2786 de
992 2730 1157 2802 equis
1188 2729 1378 2785 bonis.
1404 2729 1505 2784 Illo
1538 2734 1797 2801 tempore
1818 2730 2053 2802 quando
2084 2731 2156 2786 ad

510 2819 770 2877 Eliseum
827 2823 1128 2888 venerunt,
1192 2824 1255 2874 ut
1320 2835 1455 2874 cum
1511 2818 2073 2890 comprehenderent
2140 2836 2153 2875 :

509 2908 650 2964 exiit
680 2925 824 2981 puer
852 2913 909 2964 et
938 2907 1081 2964 vidit
1120 2907 1433 2963 exercitum
1483 2907 1539 2961 in
1593 2907 1841 2962 circuitu
1892 2908 2156 2979 Assyrio-

511 3014 666 3065 rum,
694 3004 750 3052 et
778 2996 922 3052 dixit
967 2995 1205 3051 Eliszeus
1239 3012 1252 3050 :
1289 2996 1412 3050 Noli
1462 2997 1674 3061 timere,
1723 2998 1985 3067 quoniam
2035 2997 2157 3068 plu-

508 3102 594 3142 res
621 3087 903 3142 nobiscum
931 3090 1076 3153 sunt,
1108 3102 1272 3156 quum
1299 3102 1424 3139 cum
1454 3086 1567 3139 iltis
1614 3086 1709 3155 (IV
1752 3091 1882 3155 Reg.
1930 3103 2007 3155 vi,
2043 3087 2152 3158 16).

510 3176 579 3230 Et
622 3173 701 3229 ibi
750 3175 1033 3245 scripturn
1090 3178 1179 3230 est
1231 3190 1243 3227 :

2270 514 2469 582 Spectu
2503 514 2623 566 tuo.
2658 511 2727 565 Et
2756 509 2893 581 quid
2944 510 3142 566 statim
3192 511 3473 581 sequitur?
3511 516 3562 570 Et
3585 521 3776 575 emunda-

2272 599 2366 654 bor
2394 617 2428 653 a
2456 600 2655 656 delicto
2686 599 2955 654 maxime.
2987 598 3130 654 Vide
3161 599 3296 672 quid
3321 600 3475 656 dicat.
3503 603 3551 657 Si
3582 620 3654 661 me
3676 609 3774 681 cogi-

2270 689 2412 743 tatio
2452 706 2566 744 non
2598 687 2818 755 vicerit,
2869 692 2927 743 et
2975 688 3045 743 ad
3098 705 3245 760 opus
3294 706 3398 745 non
3442 691 3724 762 perduxerit;
3754 714 3775 751 ι

2271 794 2482 850 magno
2515 782 2749 849 peccato
2780 776 3060 833 liberatus
3085 794 3237 833 sum.
3288 801 3307 826 ι
3359 778 3600 843 Quoniam
3630 784 3773 856 cogita-

2270 867 2349 922 tio
2399 866 2657 923 hominis
2707 866 3083 922 coniitebitur
3131 866 3255 922 tibi.
3311 889 3336 916 υ
3383 868 3557 923 Nullus
3593 874 3650 925 est
3680 876 3773 928 enim

2267 955 2506 1011 mundus
2536 957 2596 1010 in
2625 960 2911 1027 conspectu
2941 956 3055 1026 Dei,
3087 972 3186 1010 nec
3231 957 3281 1011 si
3324 958 3474 1012 unius
3507 957 3674 1028 quidem
3691 962 3769 1029 dia,

2269 1046 2437 1113 fuerit
2469 1046 2579 1100 vita
2607 1046 2725 1115 ejus
2753 1045 2893 1112 (Job.
2917 1061 3032 1113 x1v,
3065 1044 3139 1112 4).
3179 1048 3346 1100 Astra
3372 1062 3475 1101 non
3501 1052 3612 1102 sunt
3632 1050 3772 1104 munda

2271 1134 2330 1188 in
2361 1138 2675 1204 conspectu
2724 1132 2846 1200 Dei,
2895 1137 2954 1188 et
3000 1133 3276 1188 adversus
3323 1133 3534 1206 angelos
3569 1151 3671 1192 suos
3692 1152 3766 1207 pu-

2269 1238 2501 1277 versum
2532 1221 2673 1292 quid
2705 1220 3054 1293 excogitavit
3084 1220 3217 1293 (Job.
3248 1238 3357 1287 XIV,
3386 1222 3434 1289 4,
3459 1222 3631 1293 5).Hoc
3654 1228 3769 1279 totum

2270 1312 2487 1383 quare?
2517 1310 2801 1376 Quoniam
2833 1309 2883 1365 si
2913 1314 3073 1365 astra
3125 1326 3240 1365 non
3290 1314 3419 1365 sunt
3462 1312 3649 1379 munda,
3676 1313 3709 1368 si
3738 1315 3768 1367 in

2271 1400 2495 1473 angelis
2526 1416 2858 1471 perversum
2892 1399 3188 1455 invenitur
3218 1416 3231 1454 :
3265 1404 3466 1471 quanto
3492 1400 3638 1472 magis
3661 1401 3767 1456 inco-

2268 1490 2545 1562 gitatione
2574 1488 2911 1544 hominum!
2945 1488 3053 1544 Ubi
3084 1492 3224 1544 sunt
3252 1487 3332 1543 illi
3361 1488 3453 1561 qui
3480 1488 3652 1556 dicunt,
3676 1505 3765 1544 rece-

2270 1580 2341 1634 de
2372 1596 2405 1634 a
2435 1595 2548 1648 me,
2579 1578 2718 1649 quia
2746 1578 3004 1632 mundus
3035 1577 3207 1632 sum?
3251 1577 3494 1641 Quotidie
3538 1578 3644 1649 quid
3680 1578 3764 1648 pati-

2272 1685 2405 1743 mur
2435 1684 2447 1722 :
2484 1666 2621 1738 quid
2653 1666 2730 1722 sit
2760 1666 2819 1721 in
2851 1666 3299 1738 cogitationibus
3344 1666 3548 1736 nostris,
3576 1665 3762 1731 novimus,

2269 1760 2325 1811 et
2354 1754 2758 1811 erubescimus
2789 1755 3001 1811 dicere.
3036 1754 3205 1810 Multi
3240 1759 3372 1810 sunt
3395 1754 3483 1825 qui
3520 1771 3651 1826 opera
3675 1752 3763 1809 mala

2270 1862 2384 1901 non
2417 1845 2692 1911 fecerunt,
2726 1842 2825 1898 alii
2855 1847 2995 1899 sunt
3025 1842 3124 1914 qui
3175 1859 3278 1899 nec
3319 1842 3479 1898 locuti
3506 1846 3761 1897 suntzcete

2269 1950 2399 1989 rum
2433 1934 2532 2006 qui
2565 1933 2623 1988 in
2656 1932 3007 2005 cogitatione
3036 1948 3154 1988 non
3184 1932 3501 2004 peccaverit,
3546 1929 3683 1987 nullus
3701 1930 3759 1983 ho«

2269 2025 2497 2079 minum
2528 2023 2833 2093 reperitur.
2867 2025 3181 2093 Pr0pterea
3210 2038 3360 2077 nunc
3386 2020 3556 2088 dicit,¢
3579 2018 3757 2084 Quonim

2269 2111 2541 2185 cogitatio
2571 2110 2830 2166 hominis
2860 2110 3233 2166 confitebitur
3261 2110 3382 2167 tibi.
3415 2132 3440 2158 »

2341 2223 2367 2251 ‹‹
2400 2198 2874 2255 Terribili».Cui?
2902 2198 3077 2253 Deo.«
3110 2199 3181 2253 Et
3211 2198 3261 2254 ei
3291 2198 3385 2269 qui
3415 2198 3572 2253 aufert
3592 2195 3755 2268 spiritum

2269 2289 2625 2361 principum.
2669 2310 2698 2338 »
2737 2288 2979 2352 Quando
3027 2287 3296 2343 videmus
3341 2286 3542 2359 aliquos
3580 2287 3753 2357 potentes,

2267 2377 2425 2432 verbi
2483 2393 2678 2446 causa,
2737 2376 3143 2448 imperatores,
3215 2376 3505 2448 praefectos,
3551 2378 3593 2429 et
3631 2368 3752 2427 seculo

2268 2466 2379 2521 isto
2410 2466 2661 2521 nimium
2694 2469 2975 2536 potentes,
3009 2465 3277 2521 dicamus
3320 2468 3372 2521 et
3412 2480 3504 2520 nos
3537 2463 3590 2518 ad
3616 2466 3750 2515 Deum:

2268 2577 2295 2602 ‹‹
2331 2552 2438 2618 Qui
2469 2553 2659 2607 aufert
2688 2552 2960 2625 spiritum
2994 2553 3341 2626 principum.
3373 2574 3398 2603 »
3435 2550 3649 2623 Spiritum
3678 2561 3753 2617 pos-

2267 2658 2475 2697 sumus
2505 2645 2563 2696 ct
2592 2641 2660 2695 de
2691 2640 2888 2696 anima
2914 2640 3107 2697 dicere
3140 2658 3152 2697 :
3185 2656 3480 2715 possumus
3501 2644 3547 2695 et
3569 2638 3752 2705 desuper

2266 2729 2364 2785 bia
2391 2729 2602 2785 dicere.
2639 2728 3045 2803 Intelligamus
3076 2735 3133 2786 et
3160 2731 3231 2787 de
3261 2729 3505 2803 superbia
3534 2727 3680 2782 dicere.
3701 2722 3751 2773 ln-

2265 2818 2623 2890 telligamus,
2656 2822 2713 2873 et
2741 2818 2908 2874 aliter
2939 2835 2953 2874 :
2989 2842 3018 2869 «
3053 2819 3160 2883 Qui
3200 2820 3380 2875 aufert
3420 2817 3627 2890 spiritum
3659 2808 3751 2882 ptin-

2266 2907 2483 2979 cipum.
2518 2929 2547 2958 ››
2580 2907 2877 2979 Principes
2909 2908 3005 2964 hic
3039 2908 3412 2982 intelligimus
3439 2907 3631 2962 sanctos.
3652 2905 3701 2953 Ac
3724 2894 3751 2948 si

2266 2997 2463 3052 dicat:
2499 2995 2776 3068 Princeps
2820 2995 2929 3051 fuit
2975 2996 3271 3065 Salomon,
3328 2994 3571 3069 principes
3610 2986 3750 3044 fuerunt

2266 3085 2456 3141 caeteri
2515 3084 2723 3150 sancti,
2774 3084 3046 3157 princeps
3108 3084 3218 3141 fuit
3268 3085 3429 3141 etiam
3473 3086 3520 3139 et
3552 3072 3747 3150 Apostolus

1298 3175 1540 3244 Domine,
1588 3176 1743 3245 aperi
1788 3175 1968 3229 oculos
1994 3156 2157 3246 pueri
2187 3156 2229 3223 (ἶ
2266 3175 2470 3242 Judas,
2504 3179 2561 3230 et
2591 3173 2868 3246 quoniam
2901 3178 3299 3245 peccaverunt,
3328 3173 3465 3229 Deus
3502 3167 3602 3225 tulit
3627 3164 3674 3219 ab
3700 3159 3745 3213 eis

510 3264 611 3335 tui,
639 3267 701 3319 ut
725 3264 932 3319 videat.
979 3264 1061 3326 Et,
1111 3263 1309 3334 apertis
1356 3263 1547 3329 oculis,
1598 3262 1735 3318 vidit
1776 3280 1916 3333 puer
1961 3280 2157 3320 currus
2266 3264 2551 3336 Spiritum
2584 3266 2873 3318 sanctum.
2908 3262 3091 3319 Nemo
3121 3278 3254 3335 ergo
3284 3262 3462 3317 dicat:
3512 3262 3597 3328 Ego
3618 3251 3745 3336 episw

509 3361 564 3407 et
610 3369 769 3425 equos
816 3352 973 3424 (Ibid.
1030 3352 1138 3423 17).
1189 3352 1257 3406 lli
1308 3355 1473 3405 erant
1523 3350 1917 3407 auxiliatores.
1952 3352 2156 3409 Videte

510 3456 645 3513 ergo
676 3440 817 3511 quid
848 3440 1021 3506 dicat,
1055 3456 1262 3494 currus
1292 3443 1348 3493 et
1377 3455 1579 3509 equos.
1625 3438 1804 3493 Nemo
1844 3438 2153 3496 hominum

509 3534 633 3584 erat
657 3546 833 3600 super
862 3529 1042 3599 ipsos,
1076 3529 1175 3583 sed
1220 3516 1387 3582 erant
1433 3526 1540 3583 soli
1589 3544 1797 3582 currus
1846 3532 1902 3582 ct
1948 3529 2083 3600 equi
2137 3547 2149 3585 :

506 3618 624 3671 Hoc
655 3621 765 3683 est,
799 3617 953 3687 quod
994 3616 1118 3671 vult
1162 3617 1369 3673 dicere.
1424 3616 1736 3672 Multitudo
1786 3616 2148 3689 angelorum,

502 3704 617 3776 ipsi
648 3709 704 3759 et
734 3721 940 3760 currus
972 3710 1154 3770 erant,
1200 3706 1309 3776 ipsi
1344 3709 1400 3759 et
1432 3705 1564 3776 equi
1601 3723 1613 3761 :
1648 3722 1920 3761 ascensor
1954 3710 2149 3761 autem

505 3796 634 3849 erat
662 3792 1285 3864 Dominus.Propterea
1315 3794 1454 3847 dicit
1484 3795 1542 3847 in
1575 3795 1808 3849 Cantico
1845 3795 2148 3852 llabacuc:

504 3885 569 3938 Et
597 3883 860 3954 equitatio
885 3890 978 3937 tua
1005 3882 1155 3937 salus
1185 3881 1408 3949 (Hebae.
1441 3899 1525 3949 III,
1565 3883 1639 3953 8).
1683 3883 1800 3937 Iloc
1847 3884 1917 3938 ad
1965 3884 2149 3939 Deum

504 3972 737 4027 dicitur.
771 3971 814 4026 Ο
847 3970 895 4026 si
930 3987 1034 4026 nos
1068 3986 1333 4026 essemus
1374 3969 1507 4040 equi
1562 3971 1679 4037 Dei,
1725 3977 1780 4025 et
1822 3988 1999 4042 super
2043 3989 2149 4028 nos

503 4062 844 4134 dignaretur
872 4061 1027 4116 Deus
1057 4058 1398 4114 ascendere!
1437 4058 1518 4112 llli
1553 4074 1688 4129 ergo
1712 4060 1987 4113 contrarii
2013 4061 2144 4131 equi

501 4150 981 4217 dormitaverunt,
1014 4152 1071 4204 et
1101 4162 1438 4203 ascensores
1468 4163 1689 4201 eorum.

575 4258 602 4289 α
645 4239 725 4293 Ex
770 4242 908 4294 tunc
957 4237 1044 4292 ira
1091 4242 1209 4292 tua.
1247 4261 1267 4287 ι
1309 4237 1386 4291 Ex
1429 4252 1544 4307 quo
1587 4240 1848 4308 tempore
1882 4235 1969 4291 ira
1998 4236 2148 4294 Dei?

497 4326 737 4389 Quando
766 4326 1020 4398 populus
1051 4326 1336 4381 clamabat
1366 4326 1436 4380 ad
1470 4326 1659 4379 Aaron
1691 4326 1749 4380 in
1791 4342 2004 4393 eremo,
2055 4326 2141 4381 di-

495 4430 634 4470 cens
667 4431 679 4469 :
713 4416 818 4469 Fac
846 4415 999 4469 nobis
1024 4417 1148 4470 deos
1179 4431 1311 4485 quos
1339 4430 1665 4484 sequamur.
1702 4415 1797 4467 llic
1825 4417 1974 4469 enim
2002 4415 2144 4486 Moy-

2266 3335 2375 3425 pus
2406 3369 2560 3420 sum,
2594 3356 2696 3407 aut
2726 3351 3030 3421 diaconus,
3067 3356 3168 3408 aut
3213 3349 3501 3407 monachus
3526 3362 3537 3401 :
3560 3335 3742 3414 θεορτίιι-

2263 3424 2397 3512 eeps
2428 3457 2555 3497 sum
2602 3440 2657 3494 in
2709 3439 2820 3494 isto
2872 3438 3086 3495 sarculo
3120 3458 3133 3495 :
3165 3443 3358 3511 potens
3386 3441 3462 3492 est
3483 3433 3599 3490 Deus
3630 3424 3743 3516 tollet

2262 3506 2534 3601 spiritum
2563 3526 2920 3600 principum.
2952 3506 3231 3600 Denique,
3267 3531 3327 3582 ut
3351 3522 3519 3582 sciatis
3540 3518 3638 3591 quia
3660 3506 3742 3566 tolli!

2263 3617 2414 3673 Deus
2445 3616 2717 3688 spiritum
2753 3634 2764 3671 :
2800 3616 3041 3671 recessit
3074 3617 3309 3689 spiritus
3344 3605 3596 3670 DeiaSaul
3618 3606 3738 3660 bonus.

2259 3709 2316 3760 et
2360 3705 2681 3760 suli‘ocabat
2728 3720 2863 3758 eum
2913 3704 3160 3776 spiritus
3207 3703 3489 3775 malignus.
3524 3691 3737 3765 Sequitur:

2260 3795 2328 3849 Et
2357 3794 2677 3849 sulfocabat
2706 3808 2839 3848 eum
2874 3792 3120 3864 spiritus
3150 3793 3244 3848 Dei
3277 3790 3446 3847 malus
3485 3788 3521 3857 (l
3556 3788 3643 3849 Reg.
3672 3787 3735 3833 Ill»
3776 3776 3786 3788 ’

2261 3884 2524 3955 M).Ergo
2543 3885 2762 3937 malum
2790 3880 2966 3936 habet
2985 3882 3257 3953 spiritum
3277 3877 3451 3936 Deus?
3466 3873 3733 3955 Nequaquam;

2259 3973 2359 4028 sed
2392 3952 2521 4027 ideo
2554 3974 2873 4027 recesserat
2901 3952 3146 4042 spiritus
3176 3970 3288 4036 Dei,
3321 3973 3377 4024 ut
3405 3968 3564 4039 postea
3584 3952 3731 4042 ευσοῗλῖ

2258 4066 2344 4116 ret
2371 4078 2502 4116 eum
2550 4058 2794 4131 spiritus
2844 4040 3037 4116 malus
3087 4078 3101 4116 :
3148 4062 3428 4131 propterea
3472 4046 3645 4123 spiritus

2256 4150 2470 4204 dicitur
2498 4148 2711 4203 malus.
2747 4147 3009 4218 Denique
3038 4152 3270 4204 sanctus
3298 4142 3474 4209 David,
3499 4134 3729 4225 sciens}?!

2253 4238 2497 4309 spiritus
2528 4236 2755 4293 tolleret
2785 4214 3118 4309 principum
3152 4254 3164 4291 :
3198 4240 3354 4308 rogat
3378 4232 3545 4293 Deum,
3568 4224 3608 4277 et
3626 4214 3726 4309 dicit:
3802 4236 3803 4241 η

2251 4303 2518 4397 spiritum
2562 4303 2811 4381 sanctum
2850 4303 3007 4381 tuum
3059 4342 3129 4382 ne
3172 4303 3384 4399 auferas
3417 4303 3724 4400 απιεΨωῘςηθ
3798 4310 3801 4400 Ῐ

2261 4390 2361 4487 ιέ).
2400 4415 2654 4471 Terribili
2682 4414 2826 4486 apud
2855 4430 3004 4486 reges
3032 4422 3217 4471 terrae.
3243 4390 3328 4467 Ἐἰ
3371 4401 3627 4487 secundum
3640 4390 3723 4487 “tu:
3796 4392 3799 4487 χ)

491 4520 592 4573 ses,
626 4506 724 4575 qui
751 4503 943 4558 eduxit
972 4519 1068 4558 nos
1095 4503 1159 4557 de
1187 4473 1338 4557 terra
1368 4473 1610 4574 Λέρῃριί,
1631 4503 1903 4557 nesci-mus
1933 4504 2063 4573 quid
2084 4473 2145 4558 ei
2173 4527 2218 4590 Β
2252 4473 2374 4559 ram
2407 4473 2776 4576 intelligitur.
2810 4473 3093 4559 Caeterum
3125 4505 3345 4576 prmstet
3387 4498 3511 4590 Deus
3536 4473 3720 4590 Milli:

489 4571 747 4650 acciderit
794 4592 989 4664 (Exod.
1041 4609 1217 4657 xxxn,
1270 4593 1344 4658 1).
1396 4571 1654 4646 EduxiSti
1707 4608 1805 4646 eos
1855 4571 2137 4648 dc_terra
2173 4571 2216 4590 υ
2248 4609 2410 4665 reges
2467 4571 2632 4648 terrae
2691 4593 2898 4648 simus.
2961 4571 3143 4664 Reges
3180 4596 3352 4655 terrae,
3404 4589 3459 4639 ιιι
3492 4571 3719 4665 ίωρθτθωίῗ

488 4684 736 4756 Egypti,
769 4687 825 4738 et
855 4682 1130 4737 continuo
1156 4685 1207 4734 te
1239 4684 1614 4752 negaverunt.

558 4795 572 4823 ‹
620 4772 701 4827 De
732 4769 875 4826 cmlo
906 4770 1174 4825 auditum
1220 4769 1404 4823 fecisti
1448 4768 1762 4839 judicium.
1808 4789 1835 4817 »
1880 4768 2133 4824 Locutus

486 4878 549 4917 es
580 4862 651 4917 de
683 4860 846 4928 caelo,
881 4859 1103 4915 audivit
1134 4858 1327 4912 omnis
1358 4856 1631 4929 populus,
1655 4863 1711 4912 et
1736 4857 2085 4912 contremuit
2116 4875 2129 4912 :

486 4954 544 5005 et
581 4955 777 5006 tamen
809 4950 866 5003 in
902 4954 955 5004 te
981 4965 1093 5004 non
1126 4947 1517 5003 crediderunt.
1572 4969 1599 4995 «
1649 4948 1824 5002 Terra
1872 4948 2128 5015 tremuit,

483 5044 541 5095 et
572 5039 807 5111 quievit.
843 5062 869 5087 ››
899 5036 1072 5094 Israel
1104 5042 1299 5093 autem
1333 5053 1435 5091 nec
1466 5036 1685 5102 timuit,
1720 5051 1823 5090 nec
1854 5035 2092 5106 quievit.

554 5150 582 5178 «
617 5128 901 5196 Quoniam
935 5126 1204 5199 cogitatio
1235 5125 1493 5181 hominis
1524 5124 1898 5179 conﬁtebitur
1935 5123 2061 5178 tibi.
2097 5146 2125 5173 »

482 5216 597 5273 Hoc
634 5223 743 5283 est,
789 5218 942 5288 quod
988 5217 1201 5271 dicitur
1247 5216 1305 5270 in
1354 5215 1466 5270 alio
1514 5214 1640 5269 loco
1693 5231 1705 5268 :
1756 5215 1841 5268 Ab
1881 5212 2125 5276 occultis

478 5307 625 5362 meis
673 5308 894 5361 munda
944 5322 1056 5371 me,
1107 5311 1164 5361 et
1212 5306 1283 5360 ab
1331 5304 1536 5359 alienis
1586 5321 1756 5376 parce
1805 5321 1969 5359 servo
2024 5308 2122 5358 tuo

475 5397 658 5469 (Psat.
698 5413 856 5462 xvm,
894 5397 1115 5466 13,111).
1160 5393 1373 5449 Alienis
1427 5412 1459 5449 a
1504 5399 1580 5463 te,
1632 5411 1780 5465 quos
1830 5392 2123 5448 submittit
2232 5411 2361 5448 rum
2394 5394 2571 5449 corin
2598 5411 2773 5449 manu
2820 5393 3049 5449 Domini
3070 5395 3171 5447 est.
3202 5389 3263 5444 Et
3290 5398 3379 5441 nos
3402 5388 3510 5469 ergo
3530 5378 3583 5469 Ρξ

472 5485 763 5542 diabolus.
814 5489 880 5538 Et
927 5487 1067 5556 quid
1118 5484 1424 5556 sequitur?
1473 5484 1532 5538 Si
1586 5486 1698 5538 mei
1751 5499 1860 5539 non
1915 5484 2127 5553 fuerint
2230 5481 2686 5556 Deum,utreges
2709 5482 3379 5554 simus,utimperemusc

2246 4652 2403 4737 carni
2437 4682 2838 4737 nostrae.Unde
2868 4681 3009 4737 dicit
3036 4652 3109 4738 vet
3162 4652 3443 4752 Apostolus
3472 4687 3482 4725 :
3507 4652 3718 4752 Νοηζῗθξξξ

2240 4734 2537 4844 isses
2555 4734 3080 4828 ὲῖὴιὶῖιὶέιίῖμξεὲὶνᾶ
3095 4734 3311 4842 corpore
3335 4765 3482 4835 (nam.
3508 4770 3565 4819 νιν
3588 4734 3715 4844 mf}.

2242 4859 2299 4915 in
2332 4860 2446 4916 alio
2477 4859 2601 4916 loco
2632 4859 2917 4932 scriptum
2947 4865 3037 4916 est
3069 4877 3081 4915 :
3118 4861 3224 4915 Cor
3267 4854 3393 4926 regis
3436 4849 3483 4903 in
3520 4823 3712 4932 "3W

2240 4952 2425 5019 (Prov.
2482 4967 2599 5004 xxx.
2653 4921 2996 5021 1)..Juliani
3045 4940 3403 5021 persecutoris
3447 4921 3709 5021 coriuomtﬂl

2244 5010 2337 5091 Dei
2364 5037 2631 5092 fuit.Saul
2649 5010 2749 5092 cor
2765 5038 2822 5091 in
2840 5053 3013 5093 manu
3034 5010 3130 5092 Dei
3152 5010 3631 5105 fuit.Manasse°9“:"

2239 5142 2314 5179 nu
2333 5126 2427 5180 Dei
2454 5125 2920 5197 fuit,etomnium
2939 5110 3241 5199 impiorum
3256 5097 3707 5199 ιιθεηυωδίξδωῗξῖἷ

2236 5232 2314 5270 nu
2340 5178 2580 5270 Domini,
2595 5178 3073 5271 fuerunt.Videtis
3088 5210 3342 5285 quoniam
3359 5192 3608 5285 secundi"?

2235 5320 2357 5359 ram
2382 5309 2535 5360 stare
2559 5322 2672 5359 non
2696 5304 3097 5377 potest.Reges
3117 5316 3244 5374 ergo
3268 5290 3427 5353 sancti
3445 5276 3607 5341 suatet
3624 5266 3701 5320 ¹³ί⁰⁴

2235 5411 2354 5414 _-__-
2401 5411 2489 5414 --μ
2514 5394 2563 5414 :_
2600 5411 2644 5414 μ-
2666 5412 2723 5414 μ-
2741 5412 2769 5414 __
2820 5394 2955 5414 n-_-
2974 5393 3047 5414 τηε
3076 5395 3151 5414 --ι
3202 5389 3261 5414 1m
3290 5398 3378 5414 ..ηι-
3402 5388 3510 5414 οι·σο
3531 5357 3698 5414 meum”

3383 5436 3483 5523 arui
3502 5436 3697 5513 nimim“

791 5537 923 5630 tunc
1400 5537 1521 5631 ero.
1562 5573 1620 5629 Si
1653 5537 1764 5630 me
1797 5537 1925 5633 non
1976 5537 2121 5628 vice?
2228 5537 2799 5646 subjedtasitunobis.
2833 5537 2994 5633 Unde
3014 5537 3147 5630 dicit
3164 5573 3217 5627 et
3232 5553 3520 5639 Apostolus:
3543 5537 3624 5598 Ideo
3640 5538 3695 5583 ιη’
