3976 6188
210 302 359 367 1101

1367 304 1863 367 BREVIARIUM
1908 305 1986 365 lN
2029 306 2173 367 PSA
2186 304 2415 367 LMOS.

3462 312 3619 375 1102

206 438 343 531 “illo
362 451 559 531 εονριξπξ
588 438 849 531 πιαιηινει
877 436 939 491 in
962 439 1301 531 39W"“W_
1335 437 1543 531 νείξξθρν
1602 452 1670 493 ηε
1719 440 1856 531 "fit?
1883 447 1939 513 Α
1971 456 2029 509 in
2057 458 2263 521 sancta,
2298 460 2347 508 et
2378 454 2674 510 benedicite
2718 458 3015 511 Dominum
3042 458 3217 528 (Psal.
3250 473 3481 530 cxxxiii,
3538 461 3618 531 2).

208 527 342 581 aliis
364 525 830 597 praedicansjpse
856 525 1116 596 reprobus
1152 526 1376 595 e/ﬁciar
1406 527 1450 596 (I
1477 528 1602 582 Cor.
1632 542 1710 595 ix,
1741 525 1857 596 27).

212 615 465 686 Imperet
495 614 694 668 anima
721 617 940 681 nostra,
982 613 1194 670 serviat
1249 630 1483 685 corpus,
1544 618 1600 669 et
1657 613 1859 668 statim

216 702 404 759 veniet
432 701 722 770 Christus,
779 706 837 757 et
888 702 1178 758 habitabit
1234 702 1293 757 in
1351 703 1541 759 nobis.
1600 703 1862 773 Denique

213 792 352 864 quid
382 789 526 845 dicit
553 790 678 862 ipse
709 790 767 845 in
811 789 1114 863 Evangelia
1146 791 1173 844 ‘I
1227 792 1470 856 Veniam,
1532 791 1746 863 inquit,
1805 794 1863 844 et

211 880 365 936 stabo
392 881 772 949 anteostium,
804 882 856 933 et
879 880 1110 950 pulsabo
1139 891 1158 930 :
1190 884 1239 933 et
1267 881 1320 934 si
1374 881 1495 951 quis
1539 880 1679 935 mihi
1731 895 1861 950 ape-

212 971 410 1036 ruerit,
444 968 683 1037 intrabo,
729 976 779 1023 et
806 969 1022 1024 comabo
1076 984 1201 1023 cum
1253 984 1315 1024 co
1362 968 1543 1040 (Apoc.
1607 985 1688 1035 in,
1747 969 1860 1037 20).

213 1056 484 1123 Quotidie
513 1061 630 1113 stat
645 1061 780 1113 ante
808 1057 1027 1113 ostium
1051 1057 1302 1128 pectoris
1334 1058 1520 1113 nostri
1566 1056 1861 1127 Christus,

215 1148 437 1203 intrare
482 1145 797 1202 desiderat.
855 1145 1201 1219 Aperiamus
1257 1145 1330 1214 ei,
1384 1146 1745 1218 ingredietur
1800 1145 1858 1200 in

216 1253 349 1304 nos,
378 1239 435 1291 et
462 1235 676 1308 hospes
705 1239 903 1290 noster
930 1234 1060 1304 erit,
1093 1237 1150 1289 et
1180 1234 1441 1302 conviva,
1477 1234 1587 1291 hoc
1634 1238 1745 1299 est,
1805 1237 1863 1289 et

215 1325 526 1382 nobiscum
554 1324 818 1380 comedet
850 1323 982 1379 :cui
1011 1328 1101 1379 est
1152 1321 1338 1395 gloria
1365 1323 1426 1378 in
1470 1322 1682 1379 saecula
1760 1339 1863 1377 sa:-

218 1413 507 1470 culorum.
542 1419 747 1469 Amen.

742 1528 1071 1583 PSALMUS
1100 1526 1338 1582 LXXVI.

222 1638 284 1692 In
314 1636 482 1706 ﬁnem
524 1651 623 1706 pro
674 1634 937 1701 Idithum,
986 1634 1478 1706 PsalmusdAsaph
1534 1633 1610 1700 (ν,
1672 1632 1745 1703 1).
1806 1633 1865 1687 [ιι

295 1704 537 1764 Hebraeo
561 1722 662 1779 per
688 1706 927 1779 [dit/ium
958 1710 1058 1762 ut:
1101 1704 1415 1779 signiﬁcet
1455 1721 1569 1759 non
1631 1720 1734 1779 pro
1790 1718 1857 1779 eo

296 1780 396 1835 sed
420 1796 524 1850 per
551 1774 700 1850 eum
738 1776 1033 1850 psalmum
1093 1774 1274 1850 fuisse
1320 1774 1647 1850 cantatum.
1702 1774 1865 1850 Quod

298 1846 491 1906 autem
541 1846 809 1920 sequitur
856 1848 1038 1920 Asaph
1100 1849 1363 1919 psalmus,
1440 1847 1497 1903 in
1571 1846 1867 1902 veteribus

296 1920 725 1993 exemplaribus
755 1936 870 1975 non
900 1920 1165 1975 habetur.

300 2060 329 2088 «
357 2038 505 2094 Voce
535 2053 665 2093 mea
693 2036 763 2091 ad
792 2035 1108 2092 Dominum
1140 2033 1415 2091 clamavi:
1448 2048 1586 2089 voce
1619 2049 1751 2089 mea
1796 2033 1868 2088 ad

226 2132 430 2193 Deum,
456 2130 514 2183 et
536 2124 785 2181 intendit
814 2124 981 2178 mihi.
1031 2124 1093 2178 In
1138 2123 1231 2178 die
1277 2121 1673 2177 tribulationis
1728 2138 1869 2177 meae

226 2216 412 2271 Deum
441 2213 747 2286 exquisivi.
780 2234 808 2263 »
833 2212 1036 2267 Videte
1067 2212 1360 2283 quomodo
1405 2210 1465 2265 in
1496 2209 1872 2266 tribulatione

227 2308 339 2371 est,
369 2309 427 2359 et
454 2301 765 2359 Dominum
823 2305 881 2355 et
923 2305 1101 2356 Deum
1151 2300 1515 2372 deprecatur,
1563 2302 1621 2354 et
1676 2303 1870 2355 tamen

227 2409 387 2449 unus
416 2397 570 2448 Deus
599 2396 709 2447 est.
724 2411 752 2439 ν
783 2389 935 2445 Voce
963 2405 1093 2445 mea
1124 2389 1195 2445 ad
1230 2387 1544 2444 Dominum
1604 2387 1869 2444 clamavi.

227 2480 492 2536 Clamare
550 2495 616 2535 eo
675 2483 938 2549 tempore
994 2478 1390 2533 necessarium
1448 2481 1556 2544 est,
1639 2477 1873 2548 quando

228 2568 406 2639 longe
434 2571 523 2623 est
542 2567 638 2623 ille
667 2566 768 2638 qui
790 2566 1024 2622 clamat.
1058 2566 1207 2639 Ergo
1230 2566 1342 2622 iste
1371 2567 1525 2637 quod
1550 2565 1727 2620 dicit:
1764 2565 1875 2621 hoe

228 2663 341 2722 est,
372 2657 651 2728 quoniam
685 2660 921 2728 propter
948 2660 1184 2727 peccata
1212 2671 1342 2710 mea
1370 2653 1540 2726 longe
1571 2670 1702 2709 sum
1736 2671 1770 2708 a
1794 2658 1871 2709 te:

230 2749 537 2819 propterea
561 2744 749 2800 clamo
782 2748 846 2800 ut
876 2759 968 2800 me
987 2743 1282 2799 exaudias.
1322 2762 1344 2790 ι
1373 2743 1524 2798 Voce
1554 2742 1625 2797 ad
1683 2741 1876 2797 Domi-

232 2852 399 2902 num,
422 2839 480 2890 et
510 2832 758 2889 intendit
790 2832 954 2888 mihi.
988 2854 1018 2882 »
1051 2837 1250 2904 Ipsum
1281 2835 1372 2887 est
1416 2831 1571 2902 quod
1623 2830 1764 2885 dicit
1820 2835 1878 2885 et

231 2925 293 2980 in
325 2924 437 2979 alio
468 2922 592 2978 loco
624 2939 636 2976 :
670 2921 747 2976 Ad
761 2922 1056 2977 Dominum
1102 2938 1230 2976 cum
1275 2921 1580 2976 tribularer
1607 2920 1872 2989 clamaii,

229 3022 283 3070 et
302 3012 585 3068 exaudivit
614 3027 701 3067 me
732 3011 904 3080 (Psal.
932 3011 1102 3081 cxrx).

304 3124 333 3151 «
366 3103 427 3157 In
455 3100 549 3156 die
568 3098 962 3155 tribulationis
992 3104 1344 3165 meaa,Deum
1376 3098 1679 3169 exquisivi.
1713 3097 1876 3153 Diffi-

231 3191 403 3247 cilem
425 3206 548 3245 rem
578 3188 720 3243 dicit
743 3204 755 3242 :
776 3188 893 3243 Nos
914 3188 1149 3259 quando
1190 3186 1542 3242 tribulamnr
1573 3187 1632 3242 in
1661 3191 1878 3242 terram
1909 3176 1953 3242 C

237 3279 551 3351 dejicimur
581 3296 594 3334 :
630 3276 773 3332 nihil
805 3276 960 3332 aliud
981 3277 1093 3332 nisi
1126 3277 1197 3331 de
1229 3274 1605 3331 tribulatione
1672 3276 1886 3347 cogita-

239 3365 744 3425 mus.lsteveroin
773 3365 1153 3421 tribulatione
1183 3368 1583 3420 commovetur
1614 3364 1882 3420 utDeum

238 3459 602 3529 deprecetur.
635 3457 714 3510 Ac
745 3454 794 3509 si
824 3458 1021 3526 aperte
1045 3453 1219 3523 dicat,
1257 3452 1466 3507 Filium
1498 3452 1743 3524 perdidi,
1794 3453 1880 3507 in-

237 3562 414 3602 censa
442 3544 767 3601 estdomus
799 3558 949 3611 mea,
983 3542 1054 3597 ad
1085 3540 1523 3597 mendicitatem
1553 3540 1682 3596 veni
1719 3558 1732 3596 :
1766 3557 1882 3596 non

238 3651 436 3706 quaero
466 3632 612 3689 illud
652 3632 809 3703 quod
847 3631 1096 3703 perdidi,
1146 3630 1248 3686 sed
1305 3630 1620 3685 Dominum
1665 3646 1882 3700 quaero.

237 3724 305 3780 Si
334 3723 491 3779 enim
521 3722 702 3778 istum
742 3721 1036 3789 invenero,
1089 3720 1147 3774 in
1203 3720 1315 3774 isto
1381 3719 1610 3775 invenio
1666 3719 1883 3774 omnia.

239 3814 491 3881 Quaerite
513 3812 758 3883 primum
778 3825 1010 3880 regnum
1046 3810 1161 3874 Dei,
1186 3811 1235 3864 et
1292 3808 1412 3864 haec
1467 3810 1656 3864 omnia
1712 3824 1886 3880 appo-

235 3908 444 3956 nentur
470 3899 620 3955 vobis
649 3896 856 3969 (Matth.
885 3914 963 3964 v1,
994 3897 1104 3968 33).
1137 3918 1165 3946 ‹‹
1201 3896 1473 3951 Manibus
1518 3896 1663 3951 meis
1712 3901 1880 3952 nocte

237 3994 451 4046 contra
478 4003 650 4043 eum:
677 3990 733 4041 et
760 4002 876 4041 non
908 4001 1043 4041 sum
1074 3986 1371 4057 deceptus.
1436 4007 1465 4034 ››
1524 3990 1588 4039 In
1646 3985 1886 4041 Hebraeo

235 4077 411 4135 aliter
439 4076 665 4132 habet:
700 4098 728 4126 ‹‹
761 4075 970 4130 Manus
1025 4090 1157 4129 mea
1198 4080 1367 4130 nocte
1422 4074 1773 4145 extenditur,
1830 4079 1889 4130 et

237 4183 360 4223 non
391 4164 660 4237 quiescit,
684 4186 713 4214 »
744 4188 773 4214 ‹‹
796 4164 1065 4220 Manibus
1092 4162 1236 4219 meis
1267 4168 1433 4219 nocte
1461 4167 1661 4219 contra
1690 4180 1884 4220 eum.»

237 4254 630 4325 Subauditur,
663 4252 931 4309 clamavi.
967 4253 1169 4308 Videte
1190 4269 1326 4325 ergo
1386 4253 1541 4323 quod
1600 4257 1658 4308 et
1713 4268 1890 4325 opera

242 4348 466 4411 nostra,
499 4342 667 4399 nobis
696 4342 1048 4410 tacentibus,
1088 4339 1347 4397 clamant
1395 4342 1465 4397 ad
1520 4341 1835 4397 Dominum
1871 4359 1885 4397 :

243 4437 550 4506 propterea
580 4430 827 4487 dicitur:
863 4434 1092 4485 Factum
1142 4440 1220 4485 est
1267 4431 1487 4486 verbum
1542 4432 1763 4485 Domini
1829 4432 1892 4485 in

242 4538 419 4578 manu
445 4522 613 4591 Aggei
638 4519 922 4592 prophetae
953 4520 1143 4590 (Aggei
1190 4535 1231 4585 1,
1328 4519 1368 4589 ),
1425 4519 1549 4573 Non
1598 4520 1649 4574 ei
1717 4520 1782 4573 ﬁt
1831 4519 1890 4574 in

246 4628 368 4679 ore,
402 4609 511 4666 hoc
540 4610 715 4665 estin
750 4623 1041 4673 sermone,
1072 4608 1173 4663 sed
1195 4607 1255 4661 in
1295 4624 1495 4675 manu,
1528 4607 1637 4663 hoc
1694 4612 1782 4663 est
1828 4608 1887 4662 in

248 4716 443 4772 opere.
481 4721 510 4751 ι(
541 4698 813 4755 Manibus
844 4696 991 4753 meis
1008 4700 1192 4752 nocte.
1230 4719 1258 4745 ››
1316 4696 1425 4752 hoc
1477 4701 1567 4752 est
1623 4696 1889 4767 clamavi,

248 4790 527 4845 manibus
551 4787 818 4844 clamavi.
851 4785 1388 4858 Proptereadieitur
1416 4789 1474 4840 et
1503 4785 1574 4840 ad
1617 4789 1850 4858 Moysen
1874 4802 1887 4841 :

250 4878 393 4948 Quid
420 4879 627 4934 clamas
654 4878 728 4933 ad
755 4893 838 4932 me
878 4875 1072 4948 (Exod.
1105 4891 1222 4945 xw,
1282 4874 1370 4947 15)
1405 4877 1427 4928 ?
1455 4875 1523 4929 Et
1569 4878 1722 4930 certe
1778 4891 1894 4930 non

248 4972 341 5024 est
370 4969 657 5040 scriptum
688 4965 926 5039 ibiquia
944 4964 1224 5021 clamaret
1272 4964 1500 5033 Moyses
1558 4964 1630 5018 ad
1687 4968 1894 5031 Deum,

250 5056 355 5112 sed
387 5058 665 5127 quoniam
697 5073 796 5113 cor
841 5054 1030 5127 ipsius
1084 5052 1404 5109 clamabat:
1464 5052 1648 5121 Abba,
1706 5057 1893 5108 Pater.

255 5146 398 5201 Inde
417 5149 507 5201 est
533 5146 688 5216 quod
722 5144 936 5200 dicitur
964 5143 1023 5199 in
1052 5142 1371 5199 Jeremiam
1406 5159 1419 5197 :
1451 5144 1577 5197 Non
1607 5142 1766 5196 siluit
1789 5158 1899 5213 pu-

1973 543 2034 597 In
2064 548 2229 598 nocte
2256 542 2429 597 istius
2450 542 2733 611 smculi,et
2753 544 2813 599 in
2835 545 3090 601 tenebris
3112 563 3245 602 cum
3263 547 3361 603 alii
3385 549 3456 603 ad
3480 547 3619 604 vitia

1971 636 2368 703 properarent,
2402 648 2509 703 ego
2540 648 2716 703 opera
2739 648 2868 687 mea
2883 634 2956 688 ad
2988 638 3044 688 te
3075 634 3267 690 solum
3325 636 3615 692 levabam.

1976 742 1997 769 ι
2034 720 2103 775 Et
2124 737 2238 775 non
2272 737 2403 775 sum
2434 722 2728 792 deceptus.
2758 743 2785 770 ››
2817 722 3104 787 Quoniam
3127 722 3210 778 sic
3262 723 3508 779 clamavi
3564 728 3623 779 et

1972 824 2145 880 opere
2169 808 2435 863 clamavi.
2467 810 2644 864 «Non
2697 827 2830 865 sum
2878 812 3175 882 deceptus.
3214 834 3241 860 ››
3302 812 3621 884 Dupliciter

1971 896 2336 968 intelligitur.
2372 900 2487 952 Aut
2536 904 2885 954 consecutus
2934 916 3066 955 sum
3124 900 3278 970 quod
3333 899 3619 971 volebam,

1972 989 2076 1040 aut
2100 990 2253 1041 certe
2283 1003 2397 1041 non
2447 1002 2579 1041 sum
2638 987 2917 1058 deceptus
2968 988 3040 1042 ab
3091 986 3324 1043 insidiis
3380 987 3621 1056 diaboli,

1973 1074 2073 1145 qui
2106 1090 2197 1129 me
2227 1074 2645 1130 circumvenire
2665 1075 2954 1147 cupiebat.
3008 1077 3072 1131 In
3124 1077 3363 1133 Hebraeo
3420 1081 3619 1133 autem

1974 1160 2256 1233 scriptum
2287 1165 2421 1217 est:
2461 1184 2482 1212 ι
2516 1165 2723 1217 Manus
2784 1179 2913 1219 mea
2959 1162 3019 1217 in
3078 1169 3246 1220 nocte
3292 1164 3627 1220 extenditur

1973 1252 2030 1305 et
2050 1266 2165 1305 non
2196 1250 2463 1321 quiescit.
2496 1276 2517 1304 ι
2550 1251 2792 1323 Semper
2821 1252 3078 1307 extendit
3128 1268 3340 1309 manus
3391 1252 3625 1308 virtuti-

1975 1339 2108 1407 bus,
2141 1355 2569 1411 nonnunquam
2602 1340 2855 1411 peccatis
2883 1341 3267 1397 contrahitur.

1971 1482 1981 1492 .
2050 1444 2623 1501 «Renuitconsolari
2682 1446 2881 1503 anima
2940 1463 3153 1504 mea.»
3209 1449 3503 1513 Quantum
3554 1448 3613 1503 in

1976 1534 2228 1604 peccatis
2259 1533 2405 1588 meis
2436 1538 2545 1599 est,
2578 1550 2681 1606 spe
2708 1550 2800 1590 me
2830 1534 2992 1591 nulla
3016 1540 3278 1607 poteram
3310 1536 3624 1593 consolari.

1980 1643 2008 1672 «
2038 1622 2261 1676 Memor
2292 1621 2372 1676 fui
2402 1621 2526 1688 Dei,
2568 1627 2624 1677 et
2681 1622 3002 1679 delectatus
3058 1641 3214 1679 sum.
3250 1650 3271 1676 ι
3327 1627 3622 1690 Quantum

1975 1711 2036 1765 in
2068 1709 2321 1782 peccatis
2348 1710 2494 1765 meis
2527 1710 2639 1765 fuit
2670 1728 2683 1766 :
2731 1710 2952 1767 nullam
2987 1712 3246 1769 invenire
3271 1713 3433 1785 potui
3489 1730 3630 1768 eon-

1897 1811 1945 1875 B
1974 1796 2341 1854 solationem.
2378 1798 2632 1853 Rursum
2665 1799 2909 1869 cogitavi
2941 1800 3012 1856 de
3042 1800 3176 1868 Deo,
3218 1806 3275 1857 et
3332 1802 3393 1856 in
3444 1802 3623 1857 mise-

1980 1886 2441 1957 ricordiaipsius
2467 1886 2787 1941 delectatus
2819 1904 2971 1943 sum.
3028 1890 3090 1943 In
3134 1890 3416 1945 Hebraico
3465 1889 3633 1945 aliter

1978 1974 2189 2029 habet:
2226 1977 2497 2029 «Memor
2544 1975 2627 2029 fui
2683 1974 2803 2042 Dei,
2852 1980 2911 2030 et
2966 1978 3352 2033 conturbatus
3407 1994 3562 2033 sum.
3600 1999 3621 2026 ι

1978 2062 2351 2119 Consideravi
2397 2063 2915 2118 mansuetudinem
2992 2064 3227 2136 ipsius:
3290 2066 3625 2120 considera-

1980 2152 2033 2206 vi
2080 2150 2375 2221 pietatem,
2426 2150 2790 2205 consideravi
2848 2151 3225 2219 munditiam,
3300 2157 3357 2208 et
3425 2152 3632 2208 videns

1982 2238 2271 2310 meipsum
2327 2238 2723 2306 immundum,
2784 2238 3159 2295 vehementer
3216 2240 3629 2296 conturbabar.

1988 2351 2008 2376 α
2044 2326 2401 2382 Exercitatus
2433 2330 2653 2394 sum,et
2680 2326 2893 2382 defecit
2922 2328 3165 2399 spiritus
3199 2330 3493 2384 meusaln
3514 2332 3627 2383 He-

1982 2417 2135 2471 braeo
2157 2415 2367 2471 melius
2390 2414 2592 2471 habet:
2627 2439 2654 2465 «
2690 2415 2997 2487 Loquebar
3029 2416 3088 2471 in
3139 2417 3505 2489 memetipso,
3566 2421 3626 2473 et

1983 2504 2195 2560 defecit
2219 2504 2463 2575 spiritus
2504 2520 2711 2571 meus;
2776 2524 2799 2553 α
2854 2504 2972 2560 sive
3030 2505 3459 2578 desperatione,
3508 2505 3628 2561 sive

1984 2592 2271 2649 desiderio
2290 2592 2410 2648 Dei.

2057 2723 2085 2750 «
2116 2699 2594 2771 Anticipaverunt
2621 2699 2848 2771 vigilias
2874 2700 3027 2756 oculi
3061 2701 3249 2756 mei.»
3280 2702 3346 2756 In
3392 2702 3632 2773 Hebraeo

1986 2787 2154 2843 aliter
2184 2788 2360 2843 habet
2392 2806 2405 2855 ;
2442 2810 2469 2838 «
2506 2788 2890 2843 Prohibebam
2923 2793 3266 2861 suspectum
3325 2789 3631 2845 oculorum

1987 2893 2273 2945 meorum,
2306 2877 2752 2948 constupebam,
2784 2881 2840 2931 et
2870 2893 2985 2932 non
3046 2877 3345 2948 loquebar.
3380 2899 3409 2927 υ
3468 2878 3633 2944 Quod

1986 2965 2127 3020 dicit
2156 2964 2263 3019 hoc
2313 2969 2447 3020 est:
2498 2963 2886 3020 Considerans
2942 2970 3177 3037 peccata
3231 2982 3381 3033 mea,
3432 2965 3634 3021 oculos

1987 3054 2057 3108 ad
2090 3052 2300 3108 coelum
2332 3052 2553 3123 erigere
2594 3069 2708 3107 non
2759 3053 3093 3109 audebam:
3154 3055 3437 3109 Peccalori
3482 3056 3634 3109 enim

1988 3142 2125 3197 dicit
2155 3147 2298 3197 Deus
2320 3160 2338 3195 :
2368 3141 2563 3211 utquid
2582 3144 2641 3196 tu
2672 3157 2900 3196 enarras
2940 3142 3191 3213 justitias
3246 3158 3395 3197 meas
3452 3142 3628 3214 (Psal.

1990 3248 2138 3299 xux,
2182 3230 2269 3301 16)
2290 3230 2318 3284 Ῥ
2370 3233 2676 3300 Propterea
2724 3231 3056 3301 stupebam,
3118 3231 3419 3299 timebam,
3480 3231 3642 3303 loqui

1993 3336 2108 3376 non
2142 3323 2425 3391 poteram.
2476 3317 2594 3373 Hoc
2644 3319 2813 3388 juxta
2860 3319 3151 3374 Hebraeos.
3186 3342 3213 3369 ‹‹
3272 3318 3636 3391 Anticipave-

1992 3412 2133 3463 runt
2161 3406 2390 3479 vigilias
2422 3406 2573 3461 oculi
2600 3405 2733 3461 mei.
2772 3429 2799 3455 »
2831 3411 3166 3479 Antequam
3198 3406 3412 3479 aliquis
3457 3406 3643 3479 vigili-

1993 3502 2082 3552 ret
2118 3513 2131 3551 :
2166 3512 2271 3567 ego
2305 3494 2640 3567 vigilabam.
2670 3495 2942 3568 Legimus
2974 3502 3033 3551 et
3063 3496 3122 3551 in
3148 3496 3379 3552 Daniele
3409 3497 3550 3569 (cap.
3582 3513 3640 3565 x,

1990 3587 2067 3652 5).
2101 3586 2165 3640 Et
2191 3600 2330 3653 ecce,
2361 3583 2575 3656 inquit,
2610 3586 2713 3651 vir,
2774 3584 2830 3638 id
2886 3588 2976 3640 est
3018 3584 3176 3657 vigil.
3218 3586 3334 3641 Non
3388 3585 3648 3640 dormita-

1995 3676 2071 3729 vit
2114 3690 2283 3744 neque
2329 3673 2580 3741 dormiet,
2630 3674 2727 3744 qui
2770 3675 3009 3728 custodit
3054 3675 3225 3729 Israel
3284 3675 3458 3741 (Psal.
3517 3690 3645 3745 cxx,

1994 3764 2071 3835 4).
2097 3762 2241 3833 Ergo
2274 3760 2598 3816 monachus
2638 3761 2737 3832 qui
2773 3778 2885 3816 non
2945 3761 3149 3834 vigilat
3204 3762 3360 3817 hunc
3407 3778 3643 3819 versum

1995 3867 2112 3907 non
2144 3854 2335 3923 potest
2363 3849 2575 3905 dicere.

2070 3979 2092 4008 ι
2117 3957 2409 4013 Turbatus
2438 3973 2592 4023 sum,
2642 3961 2699 4013 et
2730 3974 2845 4013 non
2878 3974 3011 4014 sum
3041 3957 3293 4015 locutus.
3333 3981 3359 4007 »
3383 3958 3501 4014 Hoc
3532 3962 3645 4027 est,

1995 4047 2150 4119 quod
2179 4046 2320 4101 dicit
2350 4046 2661 4117 Apostolus
2697 4063 2709 4101 :
2744 4046 2833 4102 Sol
2863 4063 2975 4103 non
3002 4048 3211 4103 occidat
3238 4064 3401 4119 super
3428 4049 3666 4102 interm--

1989 4138 2142 4207 piam
2174 4138 2408 4191 vestram
2438 4135 2652 4205 (Ephes.
2686 4152 2760 4202 1v,
2811 4137 2925 4204 26).
2987 4158 3015 4187 ‹‹
3073 4136 3368 4191 Turbatus
3420 4152 3577 4203 sum,
3609 4154 3640 4188 ιι

1995 4224 2162 4296 quasi
2192 4224 2369 4279 homo
2404 4240 2416 4278 :
2453 4246 2480 4273 ‹‹
2514 4240 2629 4278 non
2660 4239 2792 4279 sum
2819 4223 3073 4294 locutus,
3108 4248 3130 4277 ι
3168 4224 3337 4296 quasi
3379 4224 3655 4280 Christia-

1997 4329 2130 4367 nus.
2164 4312 2473 4366 Iracundia
2502 4311 2755 4383 ccepitin
2804 4314 2976 4368 corde
3027 4329 3204 4383 meo;
3265 4314 3366 4369 sed
3417 4314 3657 4370 iracun-

1996 4400 2153 4455 diam
2180 4400 2239 4452 in
2271 4398 2445 4453 verba
2485 4415 2599 4454 non
2630 4398 2869 4470 protuli.

2070 4528 2098 4555 «
2133 4502 2388 4576 Cogitavi
2419 4504 2545 4560 dies
2577 4505 2873 4577 antiquos,
2926 4512 2984 4562 et
3040 4526 3227 4564 annos
3286 4514 3536 4564 aeternos
3594 4508 3657 4563 in

2000 4601 2191 4650 mente
2221 4592 2420 4647 habui.
2460 4617 2481 4644 ι
2516 4595 2809 4659 Quantum
2868 4612 2971 4666 pro
3032 4596 3283 4668 peccatis
3343 4596 3489 4652 meis
3546 4600 3656 4665 est,

2002 4682 2421 4754 desperabam:
2459 4687 2517 4737 et
2564 4687 2838 4738 renuerat
2894 4685 3184 4741 consolari
3242 4685 3444 4740 anima
3502 4700 3652 4740 mea.

2002 4770 2158 4844 Ccepi
2190 4771 2443 4842 cogitare
2474 4771 2546 4825 ab
2578 4770 2743 4826 initio
2787 4773 3017 4841 mundi,
3058 4774 3292 4845 quando
3354 4773 3657 4828 hominem

2006 4861 2138 4917 fecit
2158 4865 2329 4927 Deus,
2376 4875 2564 4930 usque
2594 4860 2666 4916 ad
2700 4877 2919 4916 annum
2953 4878 3149 4917 meum
3185 4862 3296 4917 :ab
3317 4861 3505 4916 Adam
3558 4877 3658 4916 us-

2005 4967 2119 5022 que
2139 4949 2211 5004 ad
2242 4954 2478 5020 tempus
2508 4965 2725 5005 meum.

2079 5080 2107 5107 ‹‹
2142 5056 2454 5111 Meditatus
2481 5072 2613 5112 sum
2647 5061 2813 5114 nocte
2836 5074 2968 5114 cum
2991 5059 3164 5116 corde
3216 5075 3367 5125 meo,
3429 5062 3486 5114 et
3541 5074 3665 5115 sco-

2009 5146 2214 5218 pebam
2249 5143 2521 5215 spiritum
2556 5161 2773 5201 meum.
2810 5172 2832 5200 ι
2861 5148 2985 5203 Νοιι
3044 5149 3373 5221 cogitabam
3430 5148 3501 5203 de
3551 5147 3667 5203 ira-

249 5235 396 5307 pilla
423 5235 572 5290 oculi
598 5236 708 5289 mei
747 5234 964 5304 (Thren.
1026 5249 1088 5302 ιι,
1136 5233 1241 5302 18).
1303 5231 1506 5287 Videte
1551 5247 1687 5304 ergo
1744 5232 1899 5302 quod
2010 5234 2244 5300 cundia,
2286 5249 2399 5288 non
2432 5233 2762 5305 cogitabam
2794 5237 2865 5292 de
2892 5236 3131 5292 inimico
3156 5253 3283 5293 meo
3317 5255 3331 5304 ;
3375 5237 3477 5292 sed
3535 5240 3662 5293 tota

255 5328 314 5380 et
343 5322 728 5396 pupillaoculi
760 5323 942 5377 nostri
969 5339 1085 5377 non
1143 5325 1318 5387 tacet,
1365 5321 1464 5375 sed
1525 5320 1899 5392 quotiescun-

2013 5338 2143 5377 mea
2171 5321 2442 5393 cogitatio
2464 5322 2536 5377 de
2571 5324 2682 5377 Deo
2712 5328 2854 5380 erat.
2882 5326 3004 5381 Nox
3033 5342 3162 5397 quae
3194 5324 3344 5381 solet
3389 5340 3541 5394 esse,
3574 5324 3663 5381 vel

258 5430 374 5485 que
430 5414 714 5485 lacrymas
771 5412 1145 5483 proferimus,
1203 5409 1417 5465 totiens
1478 5408 1783 5465 clamanus
1828 5410 1902 5465 ad
2010 5412 2084 5466 ad
2116 5411 2393 5483 quietem,
2418 5410 2506 5465 vel
2532 5412 2604 5466 ab
2637 5412 2941 5470 libidinem
2978 5432 2989 5470 :
3026 5415 3170 5470 mihi
3213 5422 3337 5471 erat
3389 5414 3669 5487 cogitatio

260 5502 470 5558 Deum.
504 5525 532 5553 ι(
555 5502 825 5558 Manibus
857 5500 1002 5555 meis
1033 5504 1201 5555 nocte
1230 5504 1435 5555 contra
1464 5499 1672 5567 Deum,
1705 5500 1762 5554 id
1794 5504 1902 5571 est,

2013 5501 2085 5556 de
2116 5499 2450 5555 virtutibus.
2487 5522 2514 5550 «
2548 5499 2861 5559 Meditatus
2901 5521 3035 5560 sum
3090 5509 3259 5562 nocte
3307 5520 3443 5560 cum
3497 5501 3674 5560 corde

262 5593 422 5673 quod
454 5592 700 5650 dicitur:
731 5593 795 5649 In
843 5589 1089 5648 noctibus
1145 5588 1389 5647 attollite
1447 5603 1646 5647 manus
1693 5593 1906 5652 vestras
2017 5605 2168 5666 meo,
2199 5592 2257 5646 et
2276 5588 2593 5664 soopebam
2624 5591 2898 5668 spiritum
2929 5611 3205 5669 meum,»
3263 5594 3374 5651 hoc
3418 5595 3528 5671 est,
3581 5590 3667 5670 fe.
