3976 6188
521 272 683 333 1103

518 506 727 547 narum
760 488 1010 545 Domini.

590 602 618 629 «
641 576 938 649 Numquid
971 576 1029 630 in
1062 579 1340 630 aeternum
1377 573 1639 645 projiciet
1686 574 1840 628 Deus
1870 573 1897 626 ‘?
1957 597 1977 624 ι
2028 573 2158 627 Hac

517 675 641 724 erat
667 671 792 722 tota
819 664 1091 738 cogitatio
1141 680 1305 719 mea:
1370 664 1523 718 Deus
1581 662 1874 717 hominem
1911 661 2044 716 fecit
2089 661 2160 715 de

503 760 692 822 terra,
723 760 780 810 et
835 753 1103 825 promisit
1148 753 1199 808 ei
1250 753 1430 806 vitam
1489 756 1802 806 aeternam:
1866 750 2158 822 quomodo

517 860 649 916 ergo
681 845 752 899 de
781 843 1050 915 paradiso
1099 844 1317 912 ejectus
1355 840 1485 895 est?
1516 863 1543 888 «
1578 844 1644 893 Et
1664 856 1776 894 non
1828 838 2062 909 adjiciet
2106 838 2158 893 ei

519 937 584 997 ut
614 931 835 1004 placeat
899 932 1110 986 adhuc.
1170 934 1284 985 Aut
1341 931 1400 984 in
1461 929 1634 983 ﬁnem
1696 927 2157 983 misericordiam

518 1037 687 1078 suam
720 1018 1439 1092 abscidetageneratione
1497 1018 1555 1071 in
1613 1017 2070 1088 generationem.
2130 1041 2151 1067 »

517 1110 635 1166 Hoc
663 1114 773 1176 est,
805 1113 1116 1179 utramque
1147 1107 1580 1180 generationem
1605 1105 1886 1177 projiciet,
1907 1112 1964 1160 et
2007 1106 2159 1177 prio-

518 1199 600 1256 ris
630 1199 849 1271 populi,
881 1203 938 1253 et
969 1198 1269 1269 sequentis
1307 1198 1417 1251 PEt
1476 1197 1522 1251 si
1574 1196 1895 1266 projecerat
1937 1196 2161 1250 Judzeo-

518 1305 647 1343 rum
680 1287 982 1359 populum,
1014 1286 1300 1357 numquid
1333 1291 1388 1339 et
1417 1285 1681 1354 gentium
1715 1283 2030 1354 projiciet?

592 1398 612 1426 ι
644 1378 759 1430 Aut
787 1374 1108 1431 continebit
1136 1373 1194 1428 in
1227 1374 1313 1428 ira
1343 1373 1774 1427 misericordias
1808 1390 1966 1427 suas.
1999 1374 2158 1428 «Non

516 1464 708 1536 potuit
737 1463 1040 1536 pulchrius
1073 1463 1262 1516 dicere
1294 1479 1306 1516 :
1343 1461 1613 1532 quamvis
1647 1477 1706 1514 se
1739 1467 2024 1532 teneat,ut
2046 1479 2159 1516 non

516 1552 884 1618 misereatur,
911 1555 1106 1606 tamen
1137 1549 1315 1603 vincit
1348 1549 1514 1603 illum
1568 1548 1973 1604 misericordia
2033 1567 2158 1604 sua.

588 1664 616 1691 ‹‹
650 1641 718 1695 Et
746 1639 884 1710 dixi,
919 1656 1073 1694 nunc
1105 1638 1268 1709 ccepi.
1296 1659 1323 1688 »
1359 1639 1422 1692 In
1467 1638 1701 1692 Hebrst
1765 1637 1932 1693 aliter
1989 1639 2163 1693 habet

521 1752 543 1779 ι
578 1729 648 1783 Et
679 1727 818 1798 dixi,
843 1726 1214 1782 imbecillitas
1246 1726 1496 1796 mea,»id
1531 1726 1755 1793 est,hoc
1787 1727 1941 1797 quod
1974 1728 2162 1798 patior

517 1833 632 1872 non
663 1821 755 1872 est
786 1817 856 1872 de
887 1815 1233 1870 crudelitate
1251 1815 1352 1869 Dei
1387 1832 1399 1882 ;
1434 1816 1533 1870 sed
1565 1816 1635 1870 de
1675 1816 1927 1885 peccatis
1988 1816 2158 1883 meis,

520 1926 548 1983 ᾳ
576 1909 708 1960 Haec
739 1904 986 1960 mutatio
1017 1905 1259 1959 dexteras
1289 1903 1533 1959 Excelsi.
1571 1904 1676 1958 nUt
1706 1904 1990 1958 Dominus
2043 1906 2156 1959 mi-

513 1998 795 2064 sereatur,
819 1997 885 2048 ut
914 1994 1011 2048 det
1042 1993 1290 2065 gratiam
1329 2010 1499 2047 suam
1559 1993 1826 2048 universo
1887 1996 2107 2048 mundo
2139 2011 2151 2047 :

513 2087 726 2139 utnon
777 2082 1023 2138 retineat
1078 2081 1135 2136 in
1196 2081 1282 2135 ira
1341 2098 1448 2136 sua
1507 2080 1937 2137 misericordias
1995 2099 2152 2137 suas.

511 2193 543 2224 ιι
563 2172 694 2228 Haec
723 2170 968 2226 mutatio
997 2170 1240 2225 dexterae
1272 2169 1513 2225 Excelsi.
1554 2193 1573 2218 α
1611 2169 1732 2224 Nisi
1769 2171 2005 2226 dextera
2029 2172 2156 2242 ejus

509 2265 620 2316 hoc
649 2265 739 2316 est
768 2259 950 2315 Filius
997 2259 1145 2329 ejus,
1209 2261 1470 2312 mutatus
1529 2257 1725 2326 fuerit,
1787 2263 1843 2313 et
1901 2259 2156 2314 hominis

511 2363 722 2418 corpus
753 2346 1040 2417 acceperit
1073 2363 1085 2400 :
1121 2361 1226 2399 nos
1257 2343 1718 2400 misericordiam
1752 2347 2009 2418 accipere
2040 2364 2154 2402 non

510 2449 850 2506 possumus.
892 2435 958 2486 Et
976 2433 1117 2498 dixi,
1148 2448 1295 2486 nunc
1323 2435 1480 2503 coepi,
1512 2434 1622 2486 haec
1650 2437 1884 2489 mutatio
1913 2435 2156 2492 dexterm

508 2522 745 2576 Excelsi.
790 2522 895 2588 Qui
940 2536 1063 2574 cum
1105 2523 1166 2574 in
1218 2523 1397 2591 forma
1462 2522 1562 2575 Dei
1614 2531 1746 2577 esset
1814 2525 2150 2595 constitutus,

510 2625 622 2666 non
672 2611 931 2681 rapinam
967 2610 1270 2664 arbitratus
1315 2616 1391 2664 est
1449 2626 1561 2664 esse
1613 2627 1668 2665 se
1715 2614 1984 2681 wquatem
2027 2613 2149 2680 Deo,

507 2699 600 2755 sed
624 2699 930 2755 exinanivit
980 2700 1352 2768 semetipsum,
1392 2701 1630 2769 formam
1687 2703 1831 2754 servi
1884 2703 2154 2773 accipiens

509 2788 774 2860 (Philipp.
806 2805 864 2855 ιι,
897 2789 954 2856 6,
982 2788 1058 2859 7).

588 2899 616 2928 ι(
648 2878 870 2933 Memor
892 2876 975 2931 fui
996 2892 1238 2948 operum
1272 2876 1696 2942 Domini.«Quee
1727 2877 1939 2934 fecerat
1969 2879 2150 2952 Moysi

509 2984 637 3040 quae
671 2968 884 3022 fecerat
914 2965 1153 3021 sanctis.
1204 2985 1225 3012 α
1283 2965 1427 3027 Quia
1487 2982 1711 3019 memor
1757 2983 1852 3020 ero
1911 2967 1982 3021 ab
2041 2968 2150 3022 ini-

503 3057 585 3111 tio
617 3055 977 3111 mirabilium
999 3059 1256 3120 tuorum,
1291 3059 1347 3108 et
1406 3054 1730 3108 meditabor
1765 3056 1822 3109 in
1876 3055 2150 3112 omnibus

2019 264 2444 325 APPENDIX.

469 457 480 470 ,
517 385 748 458 diebam
776 399 944 472 quasi
974 400 1273 471 agrum,ut
1297 397 1376 451 ibi
1396 395 1686 451 mitterem
1718 411 1916 450 semen
1948 395 2159 450 doctri-
2189 399 2240 464 Α
2274 397 2429 452 misti
2465 397 2521 452 in
2555 397 2789 453 brachio
2829 401 2930 453 tuo
2975 395 3248 470 pepulum
3278 400 3440 466 tuum,
3474 422 3496 448 »

3647 272 3745 336 ηυι

3533 401 3577 456 id
3619 413 3680 465 est
3714 409 3746 462 in

2268 485 2513 542 Christo.
2540 509 2565 536 ‹‹
2600 487 2773 541 Filios
2801 486 3063 553 Jacob,et
3088 485 3348 558 Joseph.»
3368 485 3624 560 Utrumque
3639 509 3750 565 popu-

2267 574 2386 629 lum
2399 581 2475 645 ,et
2499 576 2768 631 Judesoru
2781 593 2833 630 m
2853 579 2909 631 et
2925 574 3538 632 Christianorum.Jac-ob
3561 577 3747 653 inpopulo

2264 664 2916 736 Judaeorum,etJoseph
2941 665 2998 718 in
3031 662 3242 736 populo
3298 664 3538 734 gentium.
3581 667 3748 740 Denique

2266 752 2482 824 Joseph
2515 751 3162 825 interpretaturlingua
3214 751 3446 822 Hebrma,
3496 760 3748 825 augmentum.

2270 841 2354 894 Illi
2389 858 2524 914 ergo
2575 845 3023 914 praecesserunt,
3073 847 3128 896 et
3177 857 3277 896 nos
3332 841 3548 911 adjuncti
3593 860 3745 899 sumus:

2269 934 2572 1002 propterea
2601 931 2760 996 dicit,
2801 954 2821 981 α
2860 930 3009 986 ﬁlios
3030 931 3206 986 Jacob
3254 934 3306 985 et
3329 930 3530 1002 Joseph.
3559 952 3579 979 »

2347 1044 2366 1067 α
2393 1019 2676 1075 Viderunt
2708 1025 2763 1074 te
2786 1036 2972 1092 aquas,
3001 1018 3152 1074 Deus
3182 1037 3194 1085 ;
3227 1019 3467 1073 viderunt
3493 1023 3539 1073 te
3561 1037 3685 1091 aqua,
3716 1027 3747 1075 et

2270 1108 2655 1163 timuerunt.»
2695 1109 2929 1164 Interim
2964 1108 3225 1163 dicamus
3281 1107 3557 1162 secundum
3591 1107 3747 1163 litteram

2272 1196 2595 1252 haereamus
2609 1201 2769 1252 terra:
2794 1201 3030 1269 prepter
3050 1196 3626 1268 simpliciores.0uando
3647 1213 3747 1267 popu-

2271 1284 2365 1340 lus
2389 1285 2652 1341 transivit
2683 1302 2786 1358 per
2815 1302 2975 1341 mare
2999 1285 3259 1340 Rubrum
3290 1290 3341 1340 et
3396 1301 3480 1356 per
3519 1285 3742 1340 Jordanem:

2271 1379 2588 1430 creatorem
2623 1391 2795 1430 suum
2827 1373 3235 1430 intellexerunt
3255 1378 3476 1446 aquaz,et
3501 1373 3747 1446 populusnou

2272 1463 2682 1519 intellexit-«Et
2709 1465 2957 1519 turbatis
2979 1468 3124 1519 sunt
3147 1463 3528 1535 abyssi.nMare
3549 1462 3747 1530 viditetfi-

2268 1553 2380 1622 git:
2413 1552 2664 1607 Iordanis
2695 1568 2981 1608 conversus
3009 1557 3380 1609 estretrorsum
3418 1551 3566 1620 (Psat.
3590 1548 3745 1613 cxm,3j'.

2345 1663 2371 1690 «
2397 1641 2707 1695 Multitudo
2738 1641 2968 1697 sonitus
2999 1657 3305 1713 aquarum,
3345 1640 3663 1694 discusserunt
3690 1652 3745 1689 nu-

2268 1729 2392 1783 bes.
2420 1750 2448 1779 »
2484 1733 2592 1783 Pro
2624 1729 2898 1800 nubibus,
2923 1745 3093 1802 aquas
3125 1729 3298 1784 habet
3318 1727 3373 1782 in
3421 1727 3620 1783 Hebraeo.
3659 1727 3745 1790 Quod

2267 1818 2369 1885 ait,
2398 1839 2418 1865 ι
2453 1817 2662 1872 Vocem
2697 1819 2985 1873 dederunt
3017 1819 3224 1881 nubes,
3255 1840 3278 1865 η
3309 1817 3408 1871 hoc
3436 1817 3745 1887 interpretantur

2266 1905 2499 1975 quando
2531 1905 2690 1960 visus
2713 1910 2803 1960 est
2838 1907 2984 1961 Deus
3017 1906 3075 1960 in
3107 1905 3246 1960 Sina
3267 1907 3460 1959 monte.

2337 2016 2363 2041 «
2393 1991 2615 2047 Etenim
2647 1993 2870 2065 sagittae
2900 1998 3012 2048 tua;
3045 1990 3531 2065 perambulabant:
3570 2007 3643 2046 vox
3661 1990 3746 2044 toni-

2263 2081 2377 2136 trui
2411 2082 2492 2135 tui
2526 2082 2583 2136 in
2619 2087 2759 2137 rota.
2797 2104 2822 2130 ››
2856 2087 2922 2137 Et
2943 2082 3054 2138 hoc
3093 2083 3516 2152 interpretantur
3559 2080 3608 2135 de
3642 2078 3745 2148 fulgo-

2265 2170 2447 2236 ribus,
2482 2174 2538 2223 et
2567 2170 2773 2225 dicunt
2816 2187 2827 2225 :
2863 2170 3100 2241 quando
3137 2169 3417 2224 tonitruat‘
3438 2168 3576 2232 Deus,
3595 2164 3745 2220 similem

2263 2274 2460 2312 vocem
2492 2258 2630 2313 facit
2659 2263 2814 2314 rotae.
2850 2258 3075 2314 Videtis
3107 2258 3391 2329 quomodo
3416 2256 3572 2312 adhuc
3592 2255 3632 2308 in
3659 2259 3745 2306 tem

2263 2347 2535 2415 haeream,
2571 2353 2625 2402 et
2656 2348 2862 2419 loquar
2891 2349 3219 2404 secundum
3241 2347 3472 2401 litteram
3498 2342 3742 2399 occidentem.

2335 2459 2363 2486 ‹‹
2397 2435 2718 2490 Illuxerunt
2745 2435 3182 2492 coruscationes
3212 2439 3320 2490 tute
3351 2433 3463 2491 orbi
3485 2438 3622 2488 terra.
3649 2452 3664 2476 η
3693 2425 3746 2480 lin:

2263 2524 2403 2594 quid
2436 2525 2579 2580 facis
2611 2530 2699 2591 tu,
2731 2525 2930 2580 Judaee
2962 2525 2989 2578 ?
3038 2525 3102 2579 In
3145 2525 3291 2579 mari
3327 2525 3409 2578 via
3442 2526 3535 2588 tua,
3566 2529 3602 2573 et
3629 2517 3745 2572 semita

2264 2621 2366 2667 tute
2397 2615 2454 2666 in
2470 2615 2627 2682 aquis
2652 2613 2861 2668 multis.
2896 2613 2962 2667 Et
3007 2613 3120 2668 hoc
3169 2613 3275 2680 fac,
3324 2617 3416 2667 aut
3455 2611 3512 2665 de
3556 2606 3657 2662 mari
3686 2602 3746 2656 dici

2263 2705 2364 2755 aut
2413 2701 2482 2756 de
2523 2702 2795 2757 Jordane.
2851 2702 2912 2756 Et
2947 2703 3180 2773 vestigia
3224 2709 3314 2756 tua
3343 2716 3442 2756 non
3494 2701 3748 2766 cognoscentur

2262 2789 2378 2843 Hoc
2409 2790 2733 2844 secundum
2758 2789 3034 2857 litteram,
3071 2792 3358 2862 quomodo
3386 2782 3644 2859 intelligis?
3674 2785 3747 2834 Pro-

2261 2883 2388 2950 pter
2417 2878 2808 2951 simpliciores
2839 2882 3171 2936 secundum
3200 2879 3437 2935 litteram
3461 2876 3674 2932 diximus:
3705 2883 3749 2920 ιτα

2258 2972 2555 3022 vertamur
2583 2983 2717 3039 ergo
2748 2969 2819 3022 ad
2837 2967 3287 3041 intelligentiam
3309 2956 3750 3039 spiritualem.cVide-

2259 3061 2399 3111 runt
2428 3061 2484 3112 te
2513 3073 2695 3128 aquae,
2757 3062 2923 3112 Deus.
2962 3079 2989 3105 »
3047 3059 3379 3129 Loquamur
3427 3056 3487 3109 de
3528 3046 3748 3106 revelatione

504 3145 800 3217 operibus,
837 3167 859 3195 ι
897 3149 1004 3198 etc.
1037 3142 1181 3197 Tota
1211 3158 1341 3197 mea
1372 3142 1643 3213 cogitatio
1701 3144 1772 3198 de
1829 3145 2145 3201 virtutibus
2174 3131 2218 3194 C
2254 3145 2518 3200 Joannis.
2561 3153 2760 3218 Aquae,
2821 3146 3031 3217 inquit,
3069 3146 3286 3217 multm,
3310 3142 3484 3218 populi
3511 3137 3636 3196 multi
3672 3135 3747 3188 sunt

502 3233 624 3289 tuis
656 3237 762 3289 est.
796 3233 1109 3288 Considero
1144 3232 1437 3302 quomodo
1469 3230 1584 3285 illis
1617 3232 1894 3287 misertus
1943 3250 2026 3299 es,
2087 3239 2145 3290 et

503 3325 575 3381 de
607 3340 699 3379 me
730 3339 846 3378 non
877 3322 1141 3394 despero.

574 3436 602 3464 «
636 3413 810 3482 Deus,
842 3411 902 3466 in
934 3415 1134 3466 sancto
1177 3410 1268 3464 via
1325 3414 1444 3464 tua.
1481 3432 1509 3458 ››
1567 3409 1951 3482 Quidcunque
2007 3427 2143 3484 ergo

501 3506 743 3558 sanctus
797 3517 911 3555 non
971 3504 1077 3568 est,
1135 3499 1226 3553 via
1280 3499 1377 3554 Dei
1429 3499 1486 3552 in
1549 3515 1614 3554 eo
1664 3509 1777 3553 nan
1852 3504 1960 3566 est,
2041 3501 2144 3556 Via

504 3588 604 3644 Dei
663 3606 789 3660 quae
847 3589 988 3642 est?
1069 3590 1194 3660 Ego
1261 3605 1385 3642 sum
1432 3591 1522 3642 via
1576 3597 1625 3643 et
1695 3590 1898 3643 veritas
1959 3591 2140 3661 (Joan.

503 3694 623 3744 xw,
653 3678 729 3747 6).
785 3677 897 3731 [loc
951 3676 1215 3732 Salvator
1261 3678 1418 3732 dicit.
1470 3678 1575 3732 Via
1630 3695 1765 3750 ergo
1811 3679 1912 3733 Dei
1965 3679 2145 3738 Filius

504 3771 614 3831 est,
647 3766 742 3821 via
771 3769 965 3819 autem
998 3765 1097 3818 Dei
1129 3782 1241 3819 non
1274 3772 1361 3820 est
1393 3767 1504 3820 nisi
1562 3767 1621 3821 in
1681 3774 1904 3823 sancto.
1967 3770 2142 3824 Volu-

483 3871 637 3926 ,mus
670 3858 734 3909 ut
763 3853 1028 3908 Christus
1058 3852 1280 3908 habitet
1311 3854 1367 3906 in
1410 3855 1576 3908 nobis
1613 3873 1624 3909 :
1689 3857 1875 3912 simus
1935 3858 2141 3912 sancti.

454 3957 455 3960 ‘
499 3944 600 4000 Dei
631 3945 787 4000 enim
845 3942 933 3998 vir
987 3941 1046 3996 in
1105 3946 1306 3996 sancto
1355 3948 1461 3997 est.
1523 3944 1653 4010 Quis
1712 3950 1854 3999 Deus
1906 3963 2144 4015 magnus

497 4036 643 4090 sicut
663 4035 802 4088 Deus
822 4036 1006 4087 noster
1031 4031 1058 4086 ?
1087 4031 1250 4085 Sicut
1277 4030 1431 4086 enim
1489 4036 1628 4085 sunt
1683 4033 1762 4086 dii
1824 4033 1992 4088 multi
2025 4054 2036 4090 :
2090 4040 2146 4090 et

499 4121 721 4179 domini
755 4119 978 4192 multi(I
1008 4119 1258 4189 Cor.v111,
1280 4120 1483 4190 5).Hoc
1515 4119 1774 4191 loquitur
1803 4123 2139 4193 Apostolus.

497 4212 637 4266 Deus
665 4212 813 4265 stetit
841 4211 900 4264 in
930 4224 1208 4280 synagoga
1245 4208 1488 4264 deorum.
1523 4208 1630 4279 Ego
1675 4209 1818 4279 dixi,
1859 4209 1941 4265 dii
1994 4213 2138 4281 estis,

496 4306 549 4354 et
565 4299 674 4368 ﬁlii
701 4299 917 4353 Επιεεὶδὶ
934 4314 1118 4352 omnes
1148 4297 1670 4370 (Psa,t.Lxxm,6).Et
1720 4299 1791 4353 ad
1850 4303 2080 4372 Moysen
2125 4319 2137 4356 :

495 4387 698 4442 Dedite
725 4387 885 4441 deum
917 4388 1218 4441 Pharaonis
1251 4385 1442 4454 (Exod.
1505 4404 1603 4455 vn,
1683 4388 1753 4458 1).
1819 4388 2013 4443 Sancti
2060 4390 2136 4443 dii

2253 3236 2718 3305 (Apoe.xvm,15).
2755 3257 2782 3284 ‹‹
2812 3235 3099 3291 Viderunt
3130 3240 3184 3290 te
3238 3251 3410 3305 aquae,
3462 3231 3597 3286 Deus.
3623 3248 3638 3278 ι
3674 3223 3747 3285 Ουε

2253 3339 2417 3393 aqua:
2447 3323 2475 3377 ‘2
2505 3325 2578 3378 Et
2599 3339 2755 3394 aquae
2792 3339 2912 3394 quae
2953 3339 3123 3395 super
3169 3323 3322 3379 aetas
3358 3324 3469 3376 sunt
3509 3314 3668 3372 laudent
3693 3322 3747 3361 πθ·

2250 3427 2372 3467 men
2395 3414 2617 3467 Domini
2635 3413 2804 3484 (Psat.
2837 3429 3068 3481 CXLVIII,
3103 3413 3154 3477 4,
3187 3413 3261 3484 5).
3298 3434 3324 3462 ‹‹
3351 3409 3584 3464 Viderunt
3605 3409 3747 3468 tesque

2254 3501 2491 3556 Deus.»
2542 3501 2762 3556 Mentes
2812 3506 2870 3556 et
2925 3501 3140 3558 animae
3190 3518 3361 3573 puris.
3393 3520 3418 3548 «
3475 3489 3746 3573 Viderunt?

2254 3607 2436 3660 aqua,
2472 3593 2527 3644 et
2557 3589 2900 3645 timuerunt.
2939 3611 2967 3638 »
3000 3570 3208 3646 Timor
3237 3607 3345 3645 non
3376 3587 3471 3643 fuit
3494 3585 3550 3640 de
3574 3570 3745 3667 οάἰοβξά

2255 3678 2324 3732 de
2354 3677 2486 3732 ﬁde.
2536 3699 2563 3726 «
2587 3678 2654 3731 Et
2673 3679 2918 3733 turbatae
2942 3684 3087 3734 sunt
3116 3678 3335 3751 abyssi.
3374 3699 3400 3727 »
3447 3673 3654 3729 Dicamus

2255 3767 2392 3837 quid
2427 3765 2751 3821 secundum
2779 3749 3235 3838 intelligentiam
3267 3759 3642 3837 spiritualem.ln
3659 3749 3746 3845 prin'

2255 3854 2404 3926 cipio
2438 3855 2726 3910 Geneseos
2752 3855 3038 3926 scriptum
3070 3863 3161 3911 est
3195 3875 3207 3912 :
3266 3857 3326 3911 Et
3369 3867 3511 3924 super
3538 3856 3669 3916 aquas.
3695 3850 3744 3931 φ’

2254 3944 2400 4015 quit,
2423 3945 2704 4014 ferebatur
2730 3946 2954 4016 spiritus
2990 3945 3149 4015 (Gen.
3177 3963 3213 4016 1,
3254 3945 3327 4016 2).
3375 3943 3436 3997 Et
3475 3935 3632 3994 deinde
3659 3939 3744 3982 mi-

2255 4038 2420 4104 Ptﬂm
2452 4037 2577 4088 est:
2638 4034 2811 4104 Super
2854 4033 3098 4100 abi/esas,
3131 4033 3337 4105 inquit,
3377 4027 3628 4097 ferebantur

2253 4103 2363 4177 brw
2385 4121 2565 4192 (Ibid).
2589 4103 2791 4177 Videte
2829 4137 2964 4194 ergo
3023 4123 3166 4194 quid
3212 4103 3426 4176 dicitur
3473 4116 3521 4171 in
3566 4103 3741 4194 Princle

2252 4210 2540 4265 Geneseos
2573 4209 2715 4264 :hoc
2744 4214 2850 4277 est,
2905 4211 3233 4266 secundum
3281 4201 3647 4278 intelligentiam
3678 4204 3743 4258 ὕφ’

2252 4297 2542 4354 ritualem.
2576 4299 2762 4370 Super
2791 4315 3000 4369 aquas,
3033 4298 3247 4371 inquit,
3276 4297 3536 4354 ferebatur
3577 4281 3741 4371 ερίτίὲξιεο

2249 4387 2378 4443 Jam
2403 4405 2469 4442 eo
2530 4367 2790 4458 tempore
2841 4367 3209 4460 baptismum
3236 4367 3635 4459 signiﬁcabatur.
3672 4367 3739 4422 N00

492 4472 790 4531 dicuntur.
818 4475 906 4529 Illi
939 4475 1262 4529 secundum
1323 4475 1572 4547 gratiam
1631 4475 1709 4530 dii
1749 4494 1760 4530 :
1817 4482 1878 4532 tu
1940 4484 2134 4533 autem
2170 4495 2212 4558 D
2247 4477 2403 4532 enim
2435 4480 2658 4548 poterat
2679 4492 2806 4532 esse
2835 4475 3198 4547 baptismum
3241 4477 3360 4531 sine
3410 4469 3598 4544 spiritu.
3633 4460 3741 4558 311‘?"

491 4568 703 4620 natura
733 4564 885 4619 Deus
917 4579 998 4618 es.
1034 4564 1152 4617 «Tu
1186 4580 1245 4618 es
1267 4564 1418 4618 Deus
1468 4564 1565 4634 qui
1600 4565 1742 4620 facis
1773 4566 2130 4621 mirabilia.»

487 4653 616 4709 Non
641 4653 913 4724 dixit,qui
948 4652 1166 4722 fecisti;
1201 4652 1324 4717 sed,
1359 4675 1385 4700 «
1420 4653 1520 4722 qui
1568 4653 1709 4707 facis
1771 4654 2130 4710 mirabilia.»

488 4743 754 4809 Quotidie
784 4742 921 4797 facit
946 4743 1092 4796 Deus
1115 4739 1490 4809 mirabilia,et
1511 4747 1801 4814 cperatur,
1836 4749 1892 4797 et
1931 4743 2129 4811 Filius,

483 4832 804 4904 etSpiritus
820 4829 1210 4885 sanctus.«'l‘u
1235 4846 1296 4884 es
1319 4829 1472 4884 Deus
1499 4831 1598 4900 qui
1622 4830 1762 4886 facis
1783 4831 2128 4887 mirabilia.»

484 4919 617 4976 Heri
639 4919 986 4987 latro,hodie
1012 4917 1394 4974 Christianus.
1431 4917 1562 4972 Heri
1593 4919 1927 4985 fornicator,
1960 4920 2129 4978 hodie

483 5009 946 5065 continens.Heri
979 5007 1244 5080 rapiehas
1277 5006 1486 5077 aliena,
1521 5024 1675 5062 nunc
1707 5013 1806 5063 tua
1855 5009 2121 5082 porrigis.

556 5121 577 5148 ιι
622 5099 831 5154 Notam
889 5097 1074 5152 fecisti
1134 5096 1193 5151 in
1255 5095 1485 5167 populis
1543 5097 1816 5152 virtutem
1877 5103 2121 5153 tuam.»

479 5185 745 5242 Christus
775 5186 877 5242 Dei
918 5186 1102 5241 virtus
1151 5189 1207 5240 et
1264 5186 1359 5240 Dei
1410 5185 1717 5256 sapientia,
1778 5188 2123 5257 mysterium

478 5275 633 5344 quod
665 5291 699 5329 a
731 5273 958 5329 saeculis
993 5275 1182 5328 fuerat
1229 5275 1663 5344 absconditum,
1718 5292 1873 5330 nunc
1932 5282 2122 5332 totum

475 5361 613 5418 fecit
642 5362 698 5416 in
733 5363 983 5434 populis.
1010 5385 1036 5412 »
1074 5363 1387 5417 Redemisti
1419 5363 1474 5417 in
1509 5363 1744 5419 brachio
1776 5370 1876 5419 tuo
1938 5383 2120 5437 popu-

474 5452 597 5508 lum
631 5458 823 5508 tuum.
861 5474 888 5502 »
921 5453 1180 5519 Domine,
1211 5452 1343 5524 quis
1379 5453 1606 5508 creditit
1637 5455 1862 5509 auditui
1894 5460 2117 5524 nostro,

432 5578 446 5592 ο
473 5545 529 5606 et
558 5540 862 5602 brachium
903 5541 1128 5598 Domini
1158 5541 1248 5596 cui
1282 5540 1594 5598 revelatum
1647 5543 1787 5599 est?
1849 5564 1874 5597 α
1929 5543 2118 5601 Rede-

2242 4543 2484 4637 abyssos
2515 4581 2647 4620 vero
2677 4543 3073 4620 tenebraiJsta
3093 4570 3182 4620 est
3197 4543 3516 4636 abyssusad
3537 4563 3660 4625 quam

2243 4629 2447 4710 mdnes
2469 4653 2787 4725 postulant,
2812 4670 2882 4708 ne
2906 4653 3218 4709 mittantur
3236 4629 3421 4708 a'Jesu
3439 4629 3738 4725 (Laevia,

2242 4745 2430 4815 Super
2457 4718 2699 4814 abyssos
2729 4718 2864 4815 ergo
2898 4744 3169 4799 tenebrae.
3194 4744 3255 4797 In
3287 4718 3560 4812 aquiserat
3597 4718 3736 4782 mundi-

2238 4833 2365 4887 tia:
2399 4832 2456 4885 in
2489 4830 2735 4902 abyssis,
2786 4831 3056 4886 tenebrae.
3117 4833 3252 4897 Quae
3299 4831 3428 4884 sunt
3487 4815 3736 4902 αδγεείιβθῗ

2238 4925 2483 4986 tacente,
2516 4894 2842 4991 in'telligitis
2873 4936 2885 4975 :
2921 4894 3199 4991 quoniam
3237 4919 3503 4974 dmmones
3528 4894 3737 4991 foratidwi

2238 5010 2320 5064 ire
2350 5009 2409 5063 in
2432 4987 2734 5080 abyssum:
2771 5031 2798 5058 ‹‹
2826 4987 3037 5064 Vocem
3054 5009 3335 5064 dederunt
3360 5004 3536 5060 nubes.
3561 5017 3583 5045 ι»
3601 4987 3734 5080 Νυδοξν

2237 5072 2529 5169 Propheta;
2561 5113 2574 5152 :
2596 5113 2722 5168 quae
2743 5097 2771 5151 J
2783 5097 2966 5152 udaeis
2979 5095 3460 5167 tacuerunt,nobis
3481 5082 3620 5143 locuti
3641 5072 3734 5130 sunt

2236 5210 2262 5235 ‹‹
2286 5186 2496 5241 Vocem
2529 5185 2815 5240 dederunt
2835 5186 3289 5256 nubes,-etenim
3314 5181 3609 5254 sagittesuae
3623 5170 3738 5220 in"?

2235 5276 2443 5331 ierunt.
2479 5274 2812 5330 Praedicatio
2843 5275 3130 5330 sermonis
3160 5272 3362 5328 Christi
3403 5269 3453 5323 in
3505 5257 3732 5340 universa?

2232 5365 2428 5420 orbem
2457 5363 2732 5419 cucurrit.
2757 5387 2784 5413 «
2820 5366 2940 5417 Vox
2970 5361 3211 5418 tonitrui
3242 5361 3319 5416 tui
3352 5359 3402 5413 in
3434 5358 3536 5410 rota
3576 5369 3598 5396 υ
3621 5341 3733 5396 Του¹⁰

2230 5459 2355 5510 trus
2387 5453 2638 5525 proprie,
2670 5453 2910 5525 grandis
2932 5469 3039 5508 vox
3067 5457 3174 5508 est.
3208 5449 3445 5520 Denique
3469 5457 3523 5498 eo
3560 5435 3732 5525 Emito”:

2230 5521 2462 5617 quando
2495 5521 2954 5598 Deus-locutus
3006 5545 3138 5598 est:
3195 5541 3284 5599 His
3327 5541 3401 5594 est
3448 5529 3587 5589 Filius
3633 5521 3730 5572 Μ
