3976 6188
235 448 393 516 1109

1427 444 1921 513 BREVIARIUM
1969 447 2048 513 1N
2094 447 2470 513 PSALMOS.

3477 445 3636 513 1110

224 584 259 645 J
267 585 595 655 udmorum,
612 580 714 641 sed
739 586 940 643 nostra
964 582 1265 658 sepultura
1284 588 1390 641 est.
1405 583 1522 641 Nos
1543 584 1699 639 enim
1722 600 1881 657 pere—
1908 583 1963 650 Α
1990 584 2222 653 Filium,
2257 588 2563 659 propterea
2594 600 2708 640 non
2749 580 2966 655 recepit
3010 580 3286 656 Spiritum
3336 587 3626 640 sanctum.

226 675 382 751 grini
432 673 660 730 fuimus
707 679 765 730 et
814 675 1069 740 advenae,
1103 677 1160 730 et
1210 690 1326 730 non
1373 674 1737 730 habebamus
1777 672 1875 728 ubi

227 764 752 837 requiesceremus.
780 763 883 819 Ille
914 763 1225 820 cruciﬁxus
1251 768 1360 831 est,
1385 769 1444 819 et
1472 769 1742 819 mortuus
1766 766 1875 831 est,

227 861 287 911 et
316 870 427 910 nos
459 869 593 909 cum
625 851 724 908 illo
764 852 1093 926 consepulti
1135 869 1357 909 sumus.
1394 854 1464 909 Ut
1514 852 1875 924 impleretur,

226 943 445 1017 inquit,
478 942 632 1013 quod
675 942 959 1014 scriptum
1007 946 1095 998 est
1140 942 1197 997 in
1247 942 1496 998 Jeremia
1546 941 1875 1014 propheta:

226 1033 460 1099 Retulit,
516 1031 731 1103 inquit,
781 1032 1019 1106 triginta
1076 1041 1384 1102 argenteos,
1437 1033 1679 1105 pretium
1734 1032 1881 1102 quod

225 1122 613 1195 appretiatum
676 1126 771 1187 est,
833 1126 891 1177 et
955 1127 1181 1178 caetera.
1244 1122 1395 1177 Sicut
1446 1123 1712 1193 scriptum
1777 1124 1874 1190 est,

225 1210 445 1282 inquit,
478 1212 538 1265 in
567 1212 804 1267 Jeremia
840 1213 1105 1282 propheta
1135 1229 1152 1263 :
1202 1211 1311 1266 hoc
1342 1211 1401 1266 in
1432 1210 1702 1266 Matthan
1733 1209 1874 1264 scri-

224 1305 395 1374 ptum
445 1303 534 1355 est
579 1299 736 1371 (Ibid.
768 1301 845 1368 9).
898 1300 1331 1372 Requisivimus
1373 1300 1433 1355 in
1463 1298 1714 1355 Jeremia
1743 1315 1875 1369 pro-

225 1389 425 1462 pheta,
459 1395 512 1444 et
545 1388 654 1444 hoc
700 1387 933 1461 penitus
986 1389 1243 1444 invenire
1275 1406 1386 1444 non
1421 1388 1739 1460 potuimus,
1774 1388 1874 1442 sed

153 1476 161 1481 ’
227 1476 564 1533 invenimus
593 1475 741 1531 illud
775 1476 833 1531 in
864 1477 1141 1533 Zacharia
1168 1477 1354 1547 (Zach.
1387 1495 1464 1545 x1,
1499 1477 1623 1547 12):
1658 1474 1877 1531 Videtis

228 1583 391 1639 ergo,
425 1566 564 1637 quia
591 1569 647 1621 et
675 1565 770 1621 hic
800 1582 961 1622 error
1000 1566 1128 1634 fuit,
1164 1565 1314 1621 sicut
1346 1567 1447 1622 ibi.

304 1678 331 1705 «
363 1655 590 1719 Quanta
645 1654 981 1711 audivimus
1037 1659 1096 1711 et
1152 1655 1530 1728 cognovimus
1587 1672 1672 1710 ea.
1725 1677 1744 1703 ι
1811 1654 1875 1708 1ιί

223 1743 497 1800 versiculi
547 1744 668 1799 ab:
727 1765 754 1797 α
783 1744 1101 1813 Attendite,
1156 1745 1409 1817 populus
1458 1761 1649 1813 meus,
1686 1743 1875 1816 legem

225 1850 441 1899 meam,
477 1855 505 1883 »
559 1851 745 1906 usque
795 1834 854 1889 in
915 1834 1099 1890 istum
1158 1834 1538 1900 versiculum,
1590 1856 1618 1884 ‹‹
1652 1837 1878 1905 Loquar

222 1921 653 2015 propositiones
701 1923 774 1979 ab
821 1923 1008 1992 initio,
1046 1944 1073 1972 »
1126 1939 1195 1979 ex
1244 1940 1495 1996 persona
1522 1921 1736 1979 Christi
1787 1920 1874 1975 di—
1904 1951 1953 2015 B

220 2014 458 2083 cuntur,
500 2016 559 2067 et
608 2012 733 2085 ipsc
786 2012 1051 2069 Salvator
1106 2012 1386 2085 loquitur.
1445 2012 1577 2067 Jam
1635 2014 1875 2067 caeteros

219 2099 542 2156 versiculos
593 2116 782 2172 usque
838 2101 909 2155 ad
971 2101 1146 2156 ﬁnem
1206 2101 1441 2172 psalmi,
1499 2116 1569 2155 ex
1626 2116 1877 2172 persona

223 2189 631 2261 apostolorum
682 2189 963 2245 debemus
1012 2188 1289 2261 accipere.
1321 2188 1556 2245 Dicente
1595 2205 1730 2261 ergo
1760 2189 1877 2243 Do-

222 2278 387 2334 mino
446 2296 460 2333 :
522 2278 792 2333 Inclinate
854 2294 1046 2333 aurem
1108 2287 1343 2333 vestram
1407 2278 1476 2333 ad
1540 2277 1705 2333 verba
1770 2278 1879 2332 oris

219 2367 356 2421 mei.
408 2365 452 2420 0
504 2363 772 2437 apostoli,
809 2364 973 2436 quod,
1008 2364 1220 2437 inquit,
1251 2364 1497 2421 audistis
1545 2365 1607 2419 in
1652 2372 1874 2431 secreto,

210 2452 532 2526 praedicate
578 2469 744 2525 super
789 2457 926 2509 tecta
976 2452 1189 2524 (Matth.
1220 2470 1277 2520 x,
1320 2454 1432 2525 27).
1484 2452 1630 2519 Quid
1675 2453 1880 2509 dicunt

228 2539 533 2613 apostoli?
565 2563 592 2591 ‹‹
618 2542 846 2605 Quanta
866 2540 1198 2597 audivimus
1225 2545 1282 2596 et
1310 2541 1689 2614 cognovimus
1719 2558 1822 2610 ea;
1848 2562 1875 2591 »

218 2633 279 2685 et
314 2629 660 2701 patriarcha
690 2634 748 2685 et
778 2628 1075 2703 prophetae
1125 2628 1303 2685 locuti
1334 2634 1473 2685 sunt
1501 2630 1689 2686 nobis.
1747 2652 1773 2679 «
1808 2630 1877 2684 Et

219 2722 424 2790 patres
454 2718 636 2774 nostri
668 2723 1053 2775 narraverunt
1100 2719 1290 2775 nobis.
1324 2719 1450 2775 Non
1501 2723 1643 2775 sunt
1688 2717 1877 2775 occul-

217 2809 285 2862 ta
316 2824 350 2862 a
377 2805 513 2863 ﬁliis
541 2824 764 2876 eorum,
799 2828 827 2858 »
880 2811 991 2864 etc.
1042 2809 1352 2880 Propterea
1391 2807 1475 2862 illi
1505 2807 1683 2864 locuti
1714 2811 1873 2876 sunt,

219 2901 291 2951 ut
318 2913 425 2952 nos
454 2895 558 2951 ﬁlii
588 2913 790 2952 eorum
823 2896 1131 2952 sciremus.
1185 2920 1212 2947 ‹‹
1245 2898 1314 2953 Et
1356 2897 1542 2969 legem
1588 2897 1786 2970 posuit
1815 2897 1875 2951 in

226 2984 442 3055 Israel;
462 2989 684 3058 quanta
706 2984 1002 3041 mandavit
1024 2987 1289 3057 patribus
1310 2987 1590 3042 nostris.»
1616 2986 1739 3041 lllis
1756 3003 1878 3041 car-

225 3075 442 3132 naliter
460 3075 639 3133 locuti
666 3080 840 3143 sunt;
866 3075 966 3131 sed
991 3091 1096 3131 nos
1117 3092 1185 3131 ea
1205 3075 1589 3147 spiritualiter
1609 3075 1879 3147 intelligi-

224 3181 386 3220 mus.
424 3165 549 3220 «Ut
578 3168 716 3220 nota
742 3165 997 3220 facerent
1021 3180 1088 3219 ea
1108 3163 1246 3219 filiis
1278 3164 1424 3234 suis,
1455 3185 1481 3213 »
1514 3164 1623 3218 hoc
1654 3167 1743 3219 est
1773 3179 1875 3218 no-

226 3253 345 3310 bis.
368 3256 680 3326 Propterea
709 3252 826 3307 illis
855 3252 1087 3308 locutus
1118 3256 1226 3321 est,
1251 3257 1316 3308 ut
1343 3252 1513 3308 nobis
1542 3253 1872 3324 proderent.

1987 675 2247 747 Denique
2301 674 2555 747 Spiritus
2609 676 2868 741 sanctus,
2926 673 3160 744 quando
3218 672 3515 729 descendit
3569 672 3629 729 in

1988 765 2181 837 specie
2234 763 2537 831 COlumeB,
2570 780 2687 818 non
2735 760 3037 817 descendit
3080 777 3256 833 super
3288 762 3489 818 turbas
3515 762 3627 818 Ju-

1988 857 2267 923 daeorum,
2283 855 2383 909 sed
2407 870 2581 926 super
2601 870 2785 909 unum
2811 852 3032 908 Jesum.
3055 850 3115 906 Si
3131 851 3220 905 vis
3240 851 3626 922 ergo,Judaae,

1988 944 2261 1017 spiritum
2282 943 2559 1017 accipere,
2578 943 2746 998 crede
2763 942 2820 996 in
2838 942 3062 1012 Jesum,
3077 939 3355 1013 quoniam
3373 938 3631 1011 Spiritus

1987 1038 2228 1089 sanctus
2258 1034 2421 1089 sedet
2452 1033 2511 1087 in
2542 1032 2700 1089 Jesu.

2065 1143 2086 1169 α
2120 1121 2243 1178 Filii
2274 1122 2547 1195 Ephraim
2570 1122 2938 1177 intendentes
2957 1124 3013 1175 et
3036 1118 3333 1175 mittentes
3353 1133 3575 1173 arcum.
3597 1137 3626 1167 »

1986 1211 2030 1267 Ο
2081 1214 2301 1283 quanta
2353 1211 2671 1283 mysteria!
2722 1227 2754 1265 ο
2802 1209 3006 1282 quanti
3063 1207 3270 1263 ﬂores!
3326 1208 3451 1263 Non
3500 1204 3629 1262 dico

1987 1301 2130 1367 dies,
2166 1301 2265 1356 sed
2311 1304 2367 1355 et
2408 1304 2566 1355 totus
2613 1300 2832 1355 mensis
2874 1300 2945 1354 ad
2978 1297 3424 1369 intelligentiam
3456 1295 3631 1351 istius

1986 1389 2199 1461 psalmi
2249 1406 2363 1444 non
2420 1392 2611 1460 potest
2666 1388 2951 1443 sufﬁcere.
3011 1387 3072 1442 In
3134 1385 3384 1458 singulis
3439 1383 3632 1440 verbis

1986 1494 2196 1533 sensus
2247 1481 2403 1533 sunt.
2456 1479 2721 1532 Habemus
2769 1486 2820 1532 et
2867 1478 3189 1532 thesaurum
3235 1477 3299 1531 in
3336 1476 3481 1529 vasis
3510 1474 3632 1528 istis

1983 1567 2243 1636 ﬁctilibus
2301 1566 2372 1635 (II
2411 1566 2535 1622 Cor.
2571 1583 2645 1632 ιν,
2676 1565 2752 1636 7).
2804 1564 2965 1620 Multi
3015 1565 3124 1620 hoc
3173 1565 3632 1636 interpretantur

1986 1655 2055 1710 de
2086 1671 2344 1727 corpore,
2375 1658 2432 1710 et
2475 1655 2545 1709 de
2594 1654 2815 1726 Spiritu
2861 1658 3063 1709 sancto
3098 1672 3109 1708 :
3166 1652 3275 1708 hoc
3317 1656 3425 1719 est,
3459 1650 3627 1705 habe-

1984 1760 2106 1799 mus
2160 1744 2484 1799 thesaurum
2530 1745 2592 1799 in
2644 1745 2794 1799 vasis
2845 1744 3123 1813 ﬁctilibus.
3170 1743 3271 1796 Est
3307 1740 3542 1812 quidem
3575 1740 3632 1793 et

1986 1832 2099 1888 ista
2126 1832 2516 1905 intelligentia
2547 1850 2558 1887 :
2615 1833 2714 1888 sed
2748 1832 2861 1887 ista
2891 1831 3075 1887 multo
3108 1829 3314 1886 melior
3341 1832 3449 1897 est,
3481 1843 3625 1899 quo-

1985 1921 2141 1976 niam
2173 1921 2460 1977 habemus
2492 1922 2833 1976 thesaurum
2864 1919 3356 1992 pretiosissimum
3383 1917 3442 1972 in
3471 1915 3627 1971 vasis

1985 2009 2284 2076 ﬁctilibus,
2324 2010 2435 2064 hoc
2492 2014 2581 2065 est
2634 2010 2694 2063 in
2751 2010 2942 2065 verbis
3001 2008 3236 2064 rusticis
3294 2006 3629 2077 Scriptura-

1985 2116 2138 2154 rum.
2202 2122 2229 2149 «
2278 2098 2405 2154 Filii
2462 2098 2738 2170 Ephraim
2797 2098 3163 2153 intendentes
3217 2101 3275 2152 et
3329 2094 3631 2150 mittentes

1987 2204 2212 2255 arcum,
2257 2188 2519 2243 conversi
2574 2194 2712 2243 sunt
2762 2188 2817 2241 in
2868 2187 2960 2241 die
3007 2185 3164 2253 belli,
3202 2207 3230 2234 »
3288 2189 3347 2240 et
3402 2186 3631 2239 caetera.

1989 2277 2265 2349 Legimus
2295 2277 2354 2332 in
2388 2277 2612 2349 Regum
2644 2276 2811 2331 libris
2845 2294 2857 2331 :
2915 2274 3192 2348 quoniam
3226 2273 3336 2329 sub
3369 2272 3631 2327 Robcam

1988 2365 2107 2422 ﬁlio
2140 2365 2489 2435 Salomonis,
2519 2365 2832 2420 Jeroboam
2878 2363 3037 2419 ﬁlius
3064 2362 3290 2419 Nabath
3324 2360 3501 2416 scidit
3532 2376 3634 2431 po-

1988 2455 2193 2528 pulum
2235 2472 2269 2510 a
2319 2454 2545 2526 reliquo
2575 2453 2813 2526 populo,
2844 2458 2900 2510 et
2930 2455 3129 2508 decem
3160 2452 3349 2508 tribus
3380 2449 3545 2506 duxit
3572 2447 3632 2502 in

1985 2542 2309 2599 Samariam
2376 2544 2472 2615 (ΙΙΙ
2528 2546 2654 2612 Reg.
2714 2561 2826 2609 x11,
2880 2544 2951 2597 28
3006 2541 3198 2613 seqq.).
3269 2539 3435 2595 Judae
3499 2553 3635 2594 vero

1985 2633 2197 2700 tribus,
2228 2637 2286 2687 et
2314 2632 2618 2703 Benjamin
2652 2616 3064 2687 remanserunt
3105 2631 3216 2686 sub
3246 2628 3491 2701 imperio
3521 2628 3636 2683 Ro-

1986 2722 2179 2789 boam,
2213 2725 2273 2777 et
2320 2720 2488 2775 multi
2544 2722 2615 2777 de
2666 2721 2821 2776 tribu
2870 2720 3020 2791 Levi,
3056 2720 3156 2791 qui
3196 2717 3544 2773 habitabant
3571 2715 3633 2771 in

1984 2810 2307 2865 Jerusalem
2367 2810 2696 2865 sacerdotes
2752 2814 2809 2864 et
2865 2808 3094 2876 Levites,
3136 2807 3291 2863 sicut
3346 2805 3630 2877 scriptum

1985 2903 2075 2954 est
2123 2899 2182 2953 in
2235 2898 2736 2970 Paralipomenon,
2777 2897 2994 2953 reversi
3046 2901 3187 2952 sunt
3236 2896 3296 2950 in
3343 2894 3632 2967 templum

1987 2988 2107 3054 Dei,
2140 2987 2248 3042 hoc
2296 2990 2383 3043 est
2424 2988 2481 3042 in
2512 2987 2837 3043 Jerusalem
2891 2986 2962 3057 (II
2992 2985 3181 3040 Paral.
3214 3002 3292 3053 ιιι,
3324 2984 3433 3055 16).
3484 2984 3628 3038 Tres

1986 3092 2121 3148 ergo
2181 3076 2370 3131 tribus
2426 3077 2704 3132 fuerunt:
2755 3076 2863 3131 hoc
2921 3079 3030 3142 est,
3079 3075 3253 3139 Juda,
3302 3073 3455 3128 Juda
3500 3073 3630 3144 ipsa

1985 3164 2197 3237 regalis
2244 3166 2455 3237 tribus,
2488 3169 2545 3220 et
2590 3165 2917 3236 Benjamin,
2952 3168 3008 3219 et
3052 3166 3254 3236 postea
3299 3161 3503 3217 Levita:
3553 3161 3635 3217 ibi

1985 3258 2266 3310 venerant
2314 3256 2385 3311 de
2432 3254 2677 3310 diversis
2724 3254 2998 3309 tribubus
3051 3253 3122 3308 ad
3176 3250 3485 3323 templum.
3527 3250 3636 3317 Qui

303 3365 332 3392 «
368 3341 527 3397 Filiis
582 3342 683 3414 qui
743 3345 1058 3396 nascentur
1104 3345 1162 3396 et
1209 3345 1541 3413 exsurgent,
1573 3345 1630 3396 et
1676 3358 1874 3396 narra-
1907 3315 1951 3381 ρ·
1990 3348 2158 3399 erant
2202 3360 2339 3416 ergo
2386 3344 2445 3398 in
2491 3342 2773 3409 Samaria,
2814 3344 2884 3397 de
2928 3342 3085 3397 tribu
3133 3340 3408 3413 Ephraim
3458 3339 3637 3395 habe-

226 3433 382 3487 bunt
430 3429 568 3487 filiis
615 3430 761 3486 suis.
800 3453 821 3478 ι
874 3430 981 3485 Pro
1028 3430 1315 3502 patribus,
1347 3429 1559 3501 inquit,
1592 3429 1717 3493 tuis,
1762 3430 1881 3486 nati

228 3524 373 3578 sunt
418 3520 523 3576 tibi
583 3520 688 3575 ﬁlii
747 3520 918 3591 (Psat.
966 3537 1112 3591 xmv,
1171 3520 1279 3592 17).
1339 3518 1455 3574 Nos
1511 3518 1614 3573 ﬁlii
1672 3536 1880 3575 sumus

222 3608 486 3665 illorum.
522 3608 610 3665 Illi
643 3608 812 3666 nobis
843 3613 1246 3675 narraverunt,
1281 3613 1337 3664 et
1368 3624 1474 3664 nos
1512 3608 1879 3664 narravimus

220 3698 366 3755 ﬁliis
398 3698 638 3768 nostris,
669 3698 773 3754 ﬁlii
805 3715 1006 3754 eorum
1039 3716 1146 3754 nos
1182 3715 1409 3754 sumus.

303 3810 333 3838 ‹‹
367 3788 439 3844 Ut
468 3791 690 3859 ponant
737 3787 799 3841 in
848 3786 964 3842 Deo
1003 3803 1168 3859 spem
1201 3803 1393 3843 suam.
1427 3809 1453 3836 »
1511 3787 1730 3857 Utjam
1762 3804 1878 3843 non

218 3877 471 3934 credant
515 3874 574 3928 in
631 3874 824 3943 idolis,
858 3875 957 3930 sed
1006 3875 1066 3929 in
1114 3876 1229 3931 Deo
1283 3876 1542 3931 credant.
1603 3898 1631 3925 ι(
1667 3877 1733 3932 Ut
1762 3892 1876 3930 non

219 3963 649 4021 obliviscantur
703 3979 878 4034 opera
930 3963 1053 4018 Dei.
1090 3987 1111 4014 ι
1176 3964 1250 4018 Ut
1316 3964 1548 4019 videant
1612 3965 1875 4020 ordinem

220 4056 523 4121 creature,
555 4056 608 4107 et
639 4067 712 4106 ex
753 4054 1007 4107 creatura
1037 4053 1349 4123 intelligant
1379 4052 1695 4110 Creatorem
1724 4054 1873 4126 (Sap.

221 4160 353 4211 xm,
383 4142 459 4213 5).
518 4164 545 4191 ‹‹
579 4141 649 4195 Et
678 4141 955 4195 mandata
984 4141 1112 4212 ejus
1142 4142 1467 4213 exquirant.
1503 4164 1531 4191 »
1576 4145 1700 4197 Non
1734 4160 1876 4198 con-

220 4234 496 4288 temnant
517 4230 671 4287 sicut
691 4229 896 4301 Judaei,
913 4230 1013 4286 sed
1036 4231 1346 4304 exquirant
1364 4230 1516 4287 sicut
1536 4230 1873 4287 Christiani.

301 4343 331 4372 «
364 4324 479 4376 Nec
533 4320 677 4375 ﬁant
725 4319 875 4375 sicut
902 4323 1098 4392 patres
1136 4337 1359 4376 eorum.
1395 4342 1422 4369 »
1476 4321 1558 4375 Ne
1609 4337 1875 4376 murmu-

227 4412 360 4465 rent
396 4408 547 4464 sicut
578 4413 1095 4465 murmuraverunt
1142 4408 1379 4481 quidam
1425 4408 1484 4463 in
1536 4410 1787 4479 deserto,
1819 4414 1877 4466 et

227 4497 527 4571 perierunt
585 4497 631 4570 (Ι
689 4496 809 4551 Cor.
869 4515 926 4563 x,
987 4497 1095 4568 10).
1158 4520 1185 4546 ‹‹
1228 4497 1533 4553 Generatio
1591 4515 1769 4569 prava
1821 4503 1878 4554 et

226 4603 599 4659 exasperans.
635 4607 663 4636 »
697 4585 822 4641 Non
856 4601 960 4658 ego
992 4584 1102 4640 hoc
1131 4585 1339 4657 loquor
1373 4603 1386 4640 :
1422 4585 1707 4658 Propheta
1738 4590 1875 4643 tuus

1988 3434 2133 3488 bant
2189 3449 2405 3506 regem.
2464 3432 2764 3496 Quomodo
2822 3430 2977 3487 enim
3036 3430 3137 3501 qui
3194 3429 3519 3501 regnabant
3573 3428 3635 3483 in

1986 3523 2205 3591 Judaea,
2237 3522 2533 3579 habebant
2580 3537 2776 3593 regem
2825 3522 2897 3576 de
2943 3521 3095 3575 tribu
3137 3519 3311 3588 Juda,
3344 3523 3402 3572 et
3428 3533 3639 3590 genere

1988 3612 2213 3667 David:
2268 3612 2351 3667 sic
2399 3611 2497 3683 qui
2546 3611 2870 3684 regnabant
2919 3610 2978 3664 in
3027 3607 3308 3679 Samaria,
3341 3606 3638 3662 habebant

1988 3717 2182 3774 regem
2214 3702 2285 3756 de
2313 3701 2467 3755 tribu
2500 3699 2800 3772 Ephraim,
2832 3704 2889 3755 et
2934 3714 3100 3770 reges
3145 3696 3410 3770 ipsorum
3459 3712 3636 3752 voca-

1987 3791 2203 3846 bantur
2251 3789 2553 3862 Ephraim.
2610 3790 2897 3861 Legamus
2954 3788 3099 3842 Osee
3154 3785 3522 3858 prophetam,
3577 3788 3636 3840 et

1987 3895 2219 3934 omnem
2269 3878 2632 3951 prophetiam
2679 3878 2806 3948 ejus
2837 3881 3040 3932 contra
3067 3874 3345 3948 Ephraim
3378 3873 3632 3945 reperie-

1987 3983 2142 4022 mus.
2176 3970 2243 4021 Et
2289 3967 2504 4021 dicitur
2550 3965 2678 4020 ibi:
2732 3966 3013 4037 Ephraim,
3064 3963 3277 4034 inquit,
3326 3964 3509 4032 factus
3554 3964 3632 4015 est

1986 4058 2146 4126 quasi
2191 4056 2447 4111 columba
2497 4055 2765 4126 insipiens
2816 4053 2967 4124 (Osee
2997 4069 3096 4120 vn,
3130 4050 3240 4121 11).
3293 4049 3439 4104 Vide
3487 4047 3630 4119 quid

1984 4144 2157 4200 dicat.
2191 4142 2472 4199 Columba
2499 4143 2656 4199 enim
2686 4140 2973 4212 insipiens
3002 4138 3282 4210 relinquit
3316 4136 3626 4209 templum,

1985 4237 2041 4287 et
2086 4233 2314 4288 habitat
2366 4231 2426 4285 in
2473 4231 2655 4285 silvis.
2690 4229 2972 4283 Columba
3002 4242 3233 4296 semper
3262 4226 3321 4280 in
3353 4225 3628 4281 domibus

1983 4321 2227 4376 habitat.
2277 4320 2552 4392 Ephraim
2593 4334 2727 4373 vero
2757 4316 3029 4371 columba
3059 4331 3189 4371 mea
3217 4313 3455 4387 reliquit
3481 4317 3630 4370 tem-

1984 4409 2169 4482 plum,
2202 4408 2439 4481 reliquit
2493 4408 2757 4473 domum,
2810 4408 2867 4460 et
2913 4404 3142 4460 habitat
3189 4404 3250 4459 in
3304 4402 3487 4471 silvis,
3519 4403 3630 4458 ha-

1984 4499 2132 4554 bitat
2175 4498 2234 4552 in
2283 4496 2548 4553 desertis.
2582 4496 2699 4550 Hoc
2728 4494 2961 4549 interim
2994 4493 3319 4549 secundum
3350 4492 3628 4557 litteram,

1984 4588 2267 4643 debemus
2316 4585 2468 4642 enim
2530 4588 2588 4640 et
2644 4584 2950 4639 historiam
3000 4598 3235 4655 ponere.
3276 4582 3444 4639 Nunc
3494 4595 3629 4636 vero

226 4676 337 4731 hoc
359 4675 623 4747 loquitur
642 4675 712 4731 de
728 4678 804 4730 te.
831 4697 852 4724 α
876 4674 1179 4730 Generatio
1202 4690 1379 4746 prava
1395 4679 1451 4729 et
1468 4690 1877 4748 exasperans.»
1908 4685 1954 4748 Ι)
1987 4682 2119 4750 post
2167 4675 2443 4744 litteram,
2478 4673 2647 4745 quasi
2699 4690 2802 4745 per
2848 4672 3134 4744 quosdam
3189 4671 3407 4743 gradus
3461 4669 3634 4724 debe-

229 4764 520 4821 Generatio
550 4764 803 4820 adultera
830 4766 881 4818 et
903 4764 1147 4835 pessima
1173 4764 1395 4832 signum
1444 4766 1666 4834 quaerit,
1698 4773 1752 4819 et
1797 4767 1875 4819 si-

226 4870 399 4925 gnum
444 4870 557 4910 non
603 4853 827 4908 dabitur
881 4854 952 4923 ei,
1012 4853 1126 4906 nisi
1178 4852 1399 4923 signum
1453 4854 1608 4910 Iona?
1661 4854 1871 4923 (Matth.

225 4958 342 5015 xv1,
377 4942 451 5015 4).
511 4942 699 5006 Quare
752 4940 916 5009 dixit,
960 4943 1181 5012 prava?
1230 4940 1373 5006 Quia
1429 4940 1563 4995 facti
1620 4944 1758 4996 sunt
1814 4940 1872 4995 in

228 5048 431 5087 arcum
464 5047 821 5104 perversum.
854 5035 1039 5086 Arcus
1086 5029 1240 5085 enim
1274 5046 1577 5101 nunquam
1611 5030 1873 5085 extendi-

229 5123 328 5176 tur
356 5120 417 5175 in
449 5135 584 5175 eum
616 5119 715 5192 qui
747 5134 808 5174 se
852 5117 1052 5188 mittit,
1083 5118 1183 5174 sed
1234 5122 1437 5174 contra
1488 5118 1869 5175 adversarios.

229 5211 348 5265 Ista
377 5211 573 5264 autem
604 5207 900 5281 generatio
930 5223 1064 5263 cum
1095 5211 1249 5264 esset
1291 5212 1446 5263 recta
1494 5225 1527 5263 a
1582 5212 1692 5263 Deo
1737 5225 1871 5263 con-

234 5296 372 5369 dita,
406 5302 463 5353 et
514 5297 828 5353 haberetur
874 5296 932 5352 in
983 5313 1161 5352 manu
1212 5296 1315 5352 Dei
1368 5296 1538 5369 quasi
1585 5314 1776 5367 arcus,
1810 5302 1876 5352 ut

234 5385 488 5442 mitteret
533 5401 637 5459 per
681 5401 807 5441 eam
858 5385 1123 5458 sagittas,
1152 5402 1321 5442 versa
1366 5390 1455 5442 est
1501 5386 1671 5458 quasi
1702 5403 1872 5441 arcus

234 5490 570 5546 perversus,
627 5472 1043 5545 blasphemans
1098 5475 1157 5529 in
1217 5475 1545 5530 Creatorem
1604 5491 1799 5530 suum.

308 5584 336 5614 «
368 5563 672 5620 Generatio
702 5579 828 5635 quae
860 5579 974 5618 non
1005 5563 1215 5619 direxit
1246 5580 1346 5619 cor
1374 5580 1570 5619 suum.
1602 5584 1629 5615 ιι
1681 5563 1875 5635 Usque

235 5650 407 5709 hodie
453 5669 760 5725 perversus
808 5656 896 5708 est
946 5652 1142 5709 Israel.
1195 5676 1222 5703 «
1254 5654 1325 5709 Et
1355 5669 1469 5710 non
1501 5656 1586 5708 est
1619 5653 1874 5708 creditus

237 5757 370 5799 cum
420 5746 534 5799 Deo
585 5740 827 5815 spiritus
885 5742 1035 5815 ejus.
1070 5764 1099 5793 »
1147 5743 1431 5809 Quoniam
1488 5759 1605 5798 non
1662 5742 1877 5814 recepit

1987 4784 2119 4843 mus
2150 4767 2221 4821 ad
2264 4766 2486 4835 majora
2534 4764 2945 4819 conscendere.
2984 4761 3255 4817 Dicamus
3283 4776 3443 4831 ergo,
3477 4757 3630 4814 ﬁlios

1984 4854 2280 4925 Ephraim,
2340 4869 2543 4908 omnes
2603 4867 2730 4908 esse
2789 4851 3111 4906 haereticos.
3170 4850 3239 4904 Et
3306 4848 3406 4903 isti
3471 4846 3629 4902 enim

1982 4947 2351 4999 recesserunt
2377 4943 2449 4996 de
2480 4943 2653 4997 domo
2686 4941 2802 5009 Dei,
2828 4945 2885 4996 et
2913 4940 3011 4995 isti
3044 4938 3397 4993 dimiserunt
3423 4935 3625 5007 David,

1983 5037 2039 5088 et
2094 5031 2439 5088 habitabant
2494 5030 2553 5085 in
2611 5029 2881 5085 desertis.
2926 5030 2997 5084 Et
3050 5028 3329 5083 dicuntur
3386 5025 3626 5097 quidem

1982 5121 2285 5190 columbae,
2318 5120 2455 5191 quia
2500 5119 2705 5191 legunt
2758 5118 2869 5188 ipsi
2925 5117 3277 5187 Scripturas,
3328 5114 3429 5170 sed
3480 5113 3627 5169 insi-

1982 5209 2207 5281 pienter
2238 5207 2592 5279 intelligunt.
2625 5206 2787 5260 Multi
2819 5209 2956 5261 sunt
2986 5206 3086 5277 qui
3116 5204 3392 5259 dicuntur
3436 5225 3465 5253 «
3504 5200 3628 5257 Filii

1982 5297 2280 5370 Ephraim,
2314 5297 2685 5351 intendentes
2715 5300 2771 5350 ct
2803 5293 3100 5349 mittentes
3140 5310 3361 5350 arcum.
3397 5315 3425 5343 ››
3479 5292 3626 5347 Vide

1982 5402 2187 5443 omnes
2245 5384 2567 5449 haereticos,
2629 5382 2729 5455 qui
2786 5382 3224 5454 dereliquerunt
3274 5381 3623 5451 Jerusalem,

1984 5476 2083 5548 qui
2131 5475 2568 5545 dereliquerunt
2618 5472 2905 5545 templum
2955 5472 3076 5538 Dei,
3110 5472 3208 5544 qui
3259 5470 3529 5527 habitant
3566 5470 3627 5524 in

1984 5564 2268 5620 Samaria.
2305 5563 2411 5618 Ubi
2466 5564 2726 5617 fecerunt
2766 5561 2977 5617 vitulos
3007 5562 3262 5617 aureos?
3307 5561 3370 5615 In
3403 5558 3624 5629 Bethel,

1985 5657 2040 5709 et
2086 5653 2144 5707 in
2197 5658 2337 5707 Dan.
2379 5657 2445 5707 Et
2490 5652 2620 5708 vide
2667 5651 2806 5724 quid
2854 5652 3055 5707 dicat:
3106 5653 3379 5707 Fecerunt
3424 5648 3629 5704 vitulos

1983 5758 2176 5798 aureos
2225 5744 2285 5798 in
2332 5740 2516 5798 Belhel
2568 5742 2667 5814 (ΙΙΙ
2710 5746 2839 5812 Reg.
2880 5742 2971 5809 28,
3009 5740 3122 5812 29),
3170 5738 3231 5793 in
3280 5738 3453 5794 domo
3509 5732 3628 5803 Dei,
