3976 6188
318 396 471 462 uti
1802 388 2223 461 APPENDIX.
2282 438 2285 445 .
2323 401 2328 407 ·
2374 436 2377 441 .
3562 382 3722 469 tua

322 528 639 589 idololatrae
697 526 833 587 facti
891 533 1046 588 sunt.
1106 532 1171 587 Et
1220 531 1471 602 fecerunt
1528 525 1671 583 illud
1724 525 1781 581 in
1844 530 1965 582 Dan
1995 526 2429 592 AAmbulabat
2459 482 2740 583 Dominus
2773 539 2950 597 super
2998 536 3180 590 mare,
3212 521 3273 578 et
3297 519 3512 583 ﬂuctus
3541 521 3731 577 maris

324 622 529 695 (Ibid.),
561 623 669 680 hoc
699 626 788 680 est
819 622 876 678 in
896 621 1190 694 judicium
1214 637 1413 687 suum,
1440 623 1497 675 et
1525 619 1584 674 in
1616 617 1967 673 condemna-

325 711 568 768 tionem.
626 711 1073 782 Dereliquerunt
1130 710 1371 765 domum
1438 707 1770 770 Domini.et
1823 704 1968 760 nihil

322 799 481 857 aliud
534 801 648 857 nisi
698 802 767 856 de
814 817 955 857 auro
1004 799 1281 872 cogitant.
1316 798 1479 853 Dicat
1517 795 1748 867 aliquis,
1782 797 1970 860 Quare

324 890 590 946 fecerunt
630 889 842 947 vitulos
887 889 1142 946 aureos?
1190 888 1400 944 Noster
1444 886 1757 941 thesaurus
1805 900 1970 956 repo-

324 979 474 1035 situs
503 983 593 1035 est
626 980 681 1034 in
713 978 868 1035 vasis
908 977 1204 1034 ﬁctilibus.
1239 974 1627 1032 Ecclesiastici
1661 975 1840 1044 enim,
1873 989 1968 1027 ru-

326 1067 457 1143 stici
489 1073 628 1124 sunt
656 1074 713 1124 et
742 1068 1039 1140 simplices
1074 1083 1085 1123 :
1129 1083 1333 1122 omnes
1366 1081 1497 1121 vero
1531 1062 1806 1130 haeretici,
1840 1060 1969 1116 Ari-

325 1157 574 1227 stotelici
630 1163 688 1214 et
744 1157 1023 1213 Platonici
1091 1161 1247 1211 sunt.
1311 1155 1571 1226 Denique
1642 1158 1706 1207 ut
1772 1150 1971 1206 sciatis

326 1247 605 1318 quoniam
654 1248 845 1304 omnis
875 1246 1208 1319 eloquentia
1238 1244 1554 1314 saecularis,
1588 1258 1796 1298 aurum
1830 1238 1971 1294 dici-

326 1341 468 1393 tur:
520 1338 629 1393 hoc
679 1343 788 1406 est,
820 1338 1099 1409 quoniam
1150 1336 1350 1407 lingua
1399 1350 1598 1389 eorum
1640 1330 1806 1403 quasi
1840 1347 1970 1401 pro-

325 1431 456 1499 pter
476 1426 843 1498 splendorem
872 1426 997 1483 auri
1021 1425 1235 1480 dicitur
1261 1442 1273 1479 :
1302 1423 1458 1479 Calix
1481 1438 1693 1477 aureus
1717 1417 1971 1491 Babylon

324 1514 389 1593 in
416 1532 595 1571 manu
628 1515 883 1571 Domini.
906 1514 1108 1569 Videte
1140 1513 1278 1584 quid
1313 1512 1469 1566 dicat
1504 1527 1515 1566 :
1552 1509 1803 1580 Babylon
1835 1524 1971 1562 con-

324 1603 594 1661 fusionis.
627 1605 774 1677 Ergo
825 1603 1082 1659 mundus
1132 1603 1260 1667 iste,
1296 1599 1443 1655 calix
1497 1615 1707 1653 aureus
1753 1599 1859 1651 est.
1894 1599 1972 1649 De

324 1693 436 1749 hoc
494 1692 672 1749 calice
724 1707 899 1747 aureo
961 1691 1235 1746 omnibus
1296 1688 1570 1761 gentibus
1629 1684 1974 1758 propinatur

326 1781 544 1853 (Jerem.
606 1799 686 1852 ιι,
746 1782 822 1851 7).
886 1803 912 1830 ‹‹
968 1779 1094 1835 Filii
1153 1777 1427 1850 Ephraim
1494 1775 1859 1832 intendentes
1918 1776 1975 1827 et

2081 618 2384 691 mitigavit,
2418 621 2474 675 et
2522 635 2628 674 nos
2680 614 2967 690 perduxit.
3020 613 3401 686 «Interrupit
3451 628 3641 683 mare,
3672 617 3731 669 et

2080 708 2275 764 eduxit
2298 725 2416 764 eos.
2447 732 2466 757 η
2503 708 2697 779 Usque
2719 705 2912 770 hodie,
2933 722 2965 760 ο
2998 703 3281 759 monache
3303 701 3516 773 fidelis,
3542 719 3729 774 quan-

2079 797 2150 853 do
2199 797 2464 871 educeris
2512 798 2583 853 de
2638 797 2902 869 ngypto,
2946 791 3397 865 interrumpitur
3456 808 3645 859 mare,
3675 797 3733 848 et

2080 887 2163 943 sic
2210 886 2495 943 educeris.
2555 908 2582 935 «
2618 884 2836 941 Statuit
2865 900 3049 957 aquas
3095 881 3263 954 quasi
3293 881 3357 936 in
3388 885 3542 937 utre.
3579 904 3608 931 »
3664 882 3727 937 In

2078 977 2316 1033 Hebraeo
2348 992 2463 1031 non
2494 974 2672 1031 habet
2700 978 2890 1029 utrem
2927 988 2939 1027 :
2991 972 3114 1038 sed,
3171 995 3198 1021 «
3231 970 3385 1026 sicut
3433 987 3731 1027 acervum.

2079 1067 2149 1121 Et
2178 1064 2416 1121 deduxit
2447 1081 2545 1119 eos
2578 1064 2635 1119 in
2669 1063 2823 1119 nube
2851 1061 2985 1117 diei.
3021 1082 3048 1111 »
3101 1062 3241 1116 Ecce
3269 1061 3535 1117 Dominus
3587 1064 3733 1115 venit

2080 1157 2142 1210 in
2196 1157 2487 1226 ngyptum
2542 1155 2597 1207 in
2654 1152 2797 1207 nube
2853 1152 2960 1208 levi
3016 1152 3144 1222 (Isa.
3196 1167 3311 1216 nx,
3366 1150 3439 1221 l).
3501 1149 3736 1205 Nubem

2082 1242 2290 1312 levem,
2349 1246 2449 1298 aut
2505 1241 2733 1314 proprie
2792 1240 3107 1297 Salvatoris
3165 1256 3377 1311 corpus
3443 1238 3739 1295 debemus

2082 1332 2344 1405 accipere
2377 1351 2388 1388 :
2443 1332 2543 1404 qui
2574 1330 2698 1386 leve
2727 1330 2856 1399 fuit,
2891 1334 2948 1385 et
2998 1327 3161 1384 nullo
3210 1332 3445 1401 peccato
3477 1344 3737 1401 praegra-

2081 1426 2278 1477 vatum
2331 1426 2436 1477 est.
2468 1423 2583 1476 Aut
2631 1422 2784 1475 certe
2820 1419 3036 1474 nubem
3068 1418 3252 1474 levem
3281 1417 3575 1473 debemus
3609 1434 3739 1472 san-

2082 1515 2235 1567 ctam
2291 1510 2530 1565 Mariam
2590 1509 2851 1581 accipere
2898 1526 2912 1565 :
2968 1506 3128 1563 nullo
3185 1505 3409 1563 semine
3466 1506 3737 1563 humano

2082 1602 2521 1672 praegravatam.
2554 1600 2698 1654 Ecce
2746 1597 3030 1653 Dominus
3075 1596 3235 1653 venit
3283 1596 3343 1650 in
3386 1596 3737 1669 ﬁgyptum,

2082 1687 2279 1744 saeculi
2311 1686 2483 1743 istius
2515 1706 2528 1744 :
2563 1703 2740 1760 super
2769 1687 2985 1742 nubem
3016 1685 3219 1756 levem,
3254 1683 3572 1757 Virginem.
3610 1708 3641 1733 α
3672 1686 3743 1741 Et

2084 1775 2323 1832 deduxit
2370 1791 2470 1832 eos
2521 1776 2581 1831 in
2631 1776 2785 1831 nube
2827 1775 3025 1832 diei.»
3081 1773 3326 1829 Pulchre
3356 1773 3522 1837 dixit,
3574 1773 3740 1827 diei:

327 1868 626 1929 mittentes
668 1887 890 1926 arcum.
926 1892 954 1919 ››
1013 1870 1433 1939 Quamcumque
1471 1864 1686 1923 videris
1716 1862 1973 1935 scriptu-
2007 1898 2055 1963 B
2085 1864 2283 1921 Nubes
2314 1865 2469 1921 enim
2501 1863 2604 1920 illa
2633 1881 2746 1919 non
2781 1863 2891 1919 fuit
2934 1864 2990 1917 in
3040 1861 3318 1929 tenebris,
3350 1861 3455 1917 sed
3502 1877 3741 1933 semper

328 1974 455 2017 ram
504 1958 928 2027 haereticorum,
981 1975 1184 2014 omnes
1240 1956 1687 2028 superstitiones
1736 1953 1975 2008 habent.

333 2070 360 2097 ‹‹
394 2049 627 2106 Reversi
658 2052 798 2104 sunt
845 2048 903 2103 in
951 2047 1042 2104 die
1091 2046 1248 2103 belli.
1288 2069 1308 2095 ››
1365 2044 1647 2101 Nesciunt
1692 2060 1826 2099 eum
1876 2044 1976 2112 qui

334 2137 483 2194 dixit
514 2155 526 2194 :
576 2144 776 2196 Pacem
804 2155 981 2195 meam
1011 2139 1079 2193 do
1109 2137 1275 2207 vobis,
1304 2152 1493 2207 pacem
1522 2151 1701 2190 meam
1731 2133 1977 2203 relinquo

329 2229 478 2286 vobis
532 2230 715 2301 (Joan.
746 2246 860 2299 xxv,
891 2228 983 2298 27)
1020 2244 1032 2281 :
1085 2226 1185 2282 sed
1235 2226 1305 2280 ad
1355 2226 1528 2280 verba
1573 2227 1713 2279 sunt
1755 2238 1974 2293 praepa-

331 2319 461 2376 rati.
498 2318 723 2373 Habent
770 2317 965 2383 verba,
999 2316 1097 2370 sed
1146 2314 1384 2370 audient
1434 2312 1578 2369 illud
1631 2311 1783 2383 quod
1836 2310 1975 2365 scri-

330 2394 497 2480 ptum
547 2410 682 2461 est:
737 2406 960 2476 Dissipa
1004 2411 1188 2472 gentes
1236 2418 1356 2473 quae
1406 2400 1553 2457 bella
1587 2401 1773 2455 volunt
1802 2400 1970 2471 (Psal.

329 2512 503 2561 van,
565 2494 677 2563 31).
740 2492 902 2547 Dicat
959 2491 1190 2563 aliquis,
1251 2494 1507 2545 nostram
1564 2506 1691 2545 esse
1748 2492 1975 2544 senten-

332 2581 521 2638 tiam:
557 2579 876 2635 Videamus
906 2578 1322 2650 consequentia
1354 2596 1366 2633 :

398 2692 426 2719 ‹‹
460 2670 585 2725 Non
619 2668 1022 2725 custodierunt
1066 2670 1483 2723 testamentum
1517 2666 1639 2734 Dei,
1671 2670 1728 2721 et
1757 2666 1815 2721 in
1847 2666 1971 2739 lege

328 2760 459 2831 ejus
506 2758 822 2815 noluerunt
868 2757 1192 2825 ambulare,
1232 2760 1288 2812 et
1337 2755 1501 2811 obliti
1551 2758 1693 2811 sunt
1737 2755 1968 2811 benefa-

326 2853 554 2905 ctorum
605 2848 752 2918 ejus.
787 2869 815 2897 ››
871 2847 1371 2902 Consurrexerunt
1418 2847 1619 2900 contra
1677 2860 1812 2900 eum
1870 2844 1971 2915 qui

325 2954 428 2995 eos
479 2935 838 3010 regeneravit
892 2936 951 2991 in
1009 2935 1378 3007 baptismate.
1431 2956 1458 2982 «
1494 2933 1561 2987 Et
1610 2931 1969 2988 mirabilium

326 3027 455 3099 ejus
504 3042 631 3099 quae
685 3024 940 3081 ostendit
991 3023 1093 3079 eis.
1129 3046 1156 3073 »
1210 3023 1409 3077 Videte
1440 3038 1676 3077 sensum
1710 3021 1970 3093 Scriptu-

329 3132 551 3181 rarum,
587 3114 878 3186 quomodo
910 3114 980 3168 de
1011 3113 1148 3168 ﬁliis
1177 3111 1453 3183 Ephraim
1484 3111 1641 3166 venit
1669 3110 1741 3165 ad
1793 3109 1972 3166 histo-

327 3204 445 3275 rias
475 3202 795 3275 praeteritas
830 3219 842 3257 :
876 3205 942 3257 ut
971 3200 1113 3257 illud
1148 3200 1301 3272 quod
1334 3198 1617 3272 scriptum
1652 3202 1741 3254 est
1772 3215 1784 3252 :
1818 3203 1968 3270 Ape-

327 3292 475 3354 riam
509 3292 569 3346 in
601 3289 895 3363 parabolis
941 3308 1005 3347 os
1056 3306 1275 3357 meum,
1308 3288 1515 3360 loquar
1543 3287 1968 3359 propositiones
2000 3260 2042 3327 α

327 3381 398 3438 ab
431 3381 638 3449 initio;
670 3379 1000 3453 parabolice
1031 3379 1254 3434 dictum
1304 3377 1575 3433 ostendit.

396 3492 424 3519 ι(
459 3474 662 3525 Coram
696 3468 963 3541 patribus
1010 3484 1210 3523 eorum
1263 3483 1391 3538 qum
1425 3465 1559 3521 fecit
1588 3464 1881 3520 mirabilia
1911 3464 1967 3519 in

323 3561 484 3613 terra
510 3555 762 3629 Egypti,
794 3555 854 3610 in
887 3572 1092 3626 campo
1123 3556 1350 3610 Taneos
1383 3571 1395 3609 :
1446 3552 1757 3623 interrupit
1788 3568 1966 3619 mare,
2021 3621 2027 3626 ,

322 3648 380 3712 et
426 3644 693 3715 perduxit
738 3660 860 3707 eos,
913 3645 1119 3698 statuit
1167 3660 1352 3715 aquas
1400 3633 1567 3713 quasi
1625 3641 1685 3696 in
1738 3644 1885 3711 utre,
1916 3645 1972 3696 et

327 3720 685 3787 deduxiteos
714 3731 771 3786 in
806 3732 960 3786 nube
985 3731 1120 3787 diei.
1150 3754 1176 3780 ››
1209 3732 1370 3787 Dicat
1390 3729 1607 3802 aliquis
1632 3746 1643 3785 :
1673 3729 1803 3785 Vim
1827 3729 1970 3785 fanis

323 3818 634 3892 scripturae
684 3836 696 3874 :
747 3818 1096 3891 simpliciter
1146 3819 1301 3873 enim
1359 3819 1574 3874 dicitur
1628 3820 1699 3875 de
1756 3818 1970 3891 populo

323 3908 524 3976 Israel,
573 3908 808 3981 quando
859 3908 1105 3963 eductus
1155 3910 1244 3962 est
1296 3907 1365 3962 de
1416 3912 1570 3962 terra
1616 3907 1865 3980 .‘Egypti,
1913 3912 1971 3963 et

322 4001 628 4070 propterea
677 3997 1004 4053 secundum
1062 3994 1373 4052 historiam
1433 3995 1668 4051 dicitur.
1720 3996 1788 4050 Et
1836 3995 1972 4069 legi-

324 4102 457 4142 mus
503 4086 704 4141 decem
753 4085 941 4141 tribus
986 4084 1263 4156 quoniam
1297 4083 1734 4155 dereliquerunt
1765 4084 1967 4155 Deum,

322 4179 381 4234 et
411 4173 729 4231 idololatraa
756 4174 941 4231 effecti
974 4178 1134 4242 sunt,
1160 4177 1216 4229 et
1236 4172 1405 4244 quasi
1436 4172 1620 4229 secuti
1656 4177 1795 4228 sunt
1822 4173 1971 4228 vitu-

244 4274 251 4277 '
318 4261 408 4318 los
464 4279 671 4318 aureos
739 4263 835 4330 (III
896 4265 1020 4334 Reg.
1089 4280 1198 4333 x11,
1261 4264 1326 4317 16
1389 4261 1583 4333 seqq.)
1652 4260 1969 4317 Videamus

321 4349 513 4420 Asaph
570 4350 851 4423 propheta
898 4368 1013 4423 quo
1064 4356 1328 4423 tempore
1387 4351 1581 4406 fuerit.
1616 4350 1825 4423 Utique
1870 4350 1967 4406 illo

316 4442 598 4511 tempore,
644 4440 877 4511 quando
931 4439 1043 4495 fuit
1093 4440 1266 4495 David
1328 4439 1718 4513 quadraginta
1773 4440 1964 4495 annis.

318 4528 572 4603 Rursum
605 4527 938 4584 Salomonis
988 4528 1118 4585 aliis
1167 4529 1559 4602 quadraginta
1606 4527 1796 4584 annis.
1830 4528 1968 4583 Post

2089 1954 2146 2009 in
2179 1955 2323 2024 luce.
2380 1976 2408 2003 ‹‹
2442 1955 2511 2008 Et
2538 1957 2659 2008 tota
2690 1956 2856 2008 nocte
2901 1951 2963 2007 in
3012 1950 3443 2007 illuminatione
3492 1950 3675 2022 ignis.
3704 1972 3735 1999 ιι

2086 2045 2159 2097 Et
2193 2045 2425 2098 tenebrae
2455 2059 2563 2098 non
2616 2050 2742 2097 sunt
2790 2043 3057 2097 absconsae
3106 2057 3140 2095 a
3184 2046 3236 2096 te
3282 2040 3454 2112 (Psal.
3487 2055 3739 2094 cxxxvm

2088 2132 2198 2204 l2).
2246 2132 2408 2187 Sicut
2460 2132 2558 2186 lux
2610 2131 2737 2200 tibi,
2785 2131 2864 2186 ita
2913 2135 2972 2186 et
3019 2147 3131 2185 nox
3176 2128 3282 2185 tibi
3324 2129 3505 2200 (Deut.
3538 2128 3639 2198 Iv).
3672 2129 3740 2183 Et

2086 2224 2208 2277 tota
2248 2224 2415 2276 nocte
2467 2221 2526 2276 in
2575 2220 3006 2276 illuminatione
3036 2218 3205 2290 ignis.
3238 2218 3507 2274 Dominus
3532 2225 3731 2285 noster,

2086 2312 2232 2379 ignis
2288 2326 2607 2365 consumens
2663 2313 2740 2366 est
2794 2310 2953 2381 (Heb.
3000 2326 3100 2377 χιι,
3132 2310 3245 2376 29).
3306 2307 3469 2380 Ignis
3525 2323 3736 2369 censue

2088 2416 2272 2456 mens.
2309 2401 2431 2455 Non
2483 2399 2626 2455 dixit
2677 2398 2816 2471 quid
2867 2414 3242 2463 consumens,
3299 2396 3470 2460 nobis
3521 2395 3736 2452 intelli-

2083 2489 2339 2560 gentiam
2384 2488 2712 2559 dereliquit.
2745 2487 2851 2553 Qui
2884 2503 3060 2559 super
3088 2486 3541 2542 fundamentum
3572 2485 3735 2540 Chri.

2085 2576 2160 2632 sti
2192 2577 2650 2644 aedificaverunt,
2681 2575 2929 2648 lignum,
2961 2575 3182 2642 fenum,
3214 2573 3500 2646 stipulam
3530 2575 3579 2645 (1
3609 2575 3731 2629 Cor.

2082 2683 2166 2734 ιιι,
2200 2658 2293 2733 12)
2323 2684 2335 2721 :
2370 2666 2654 2722 Dominus
2706 2664 2822 2721 illis
2852 2664 3008 2738 ignis
3039 2680 3395 2720 consumens
3424 2668 3536 2719 est.
3570 2663 3733 2737 Ignis

2080 2753 2373 2826 duplicem
2434 2754 2610 2810 habet
2668 2758 2962 2820 naturam,
3008 2758 3060 2809 et
3118 2751 3292 2817 lucet,
3353 2757 3410 2807 et
3469 2752 3613 2808 urit.
3672 2752 3730 2807 Si

2080 2847 2410 2916 peccatores
2441 2859 2672 2910 sumus,
2704 2842 2965 2899 incendit
2997 2860 3009 2896 :
3063 2842 3111 2898 si
3144 2842 3313 2913 justi,
3347 2840 3509 2897 lucet
3539 2839 3731 2897 nobis.

2153 2955 2179 2981 ‹‹
2214 2932 2533 3003 Interrupit
2563 2936 2788 3004 petram
2820 2931 2879 2986 in
2911 2932 3161 2988 deserto.
3194 2954 3223 2980 α
3258 2933 3599 3003 Interrupta
3627 2947 3730 2985 no-

2079 3020 2171 3076 bis
2198 3026 2287 3077 est
2316 3025 2478 3093 petra
2504 3020 2565 3075 in
2596 3038 2809 3077 eremo.
2834 3025 3120 3077 Percussa
3141 3024 3231 3076 est
3259 3024 3445 3092 petra,
3468 3027 3531 3076 et
3554 3021 3731 3076 ﬂuxe-

2080 3113 2218 3165 runt
2247 3127 2430 3181 aquaa.
2462 3109 2567 3166 Illa
2595 3113 2760 3181 petra
2802 3127 2930 3181 quae
2980 3109 3120 3165 dicit
3155 3126 3167 3164 :
3221 3110 3325 3178 Qui
3372 3112 3515 3179 sint,
3546 3111 3731 3165 veniat

2079 3203 2133 3254 et
2182 3200 2366 3267 bibat,-
2411 3199 2475 3254 de
2521 3200 2678 3267 cuius
2723 3207 2906 3254 ventre
2952 3201 3235 3270 ﬂuxerunt
3280 3200 3521 3269 ﬂumina
3550 3199 3728 3270 (Joan.

2080 3305 2179 3354 v11,
2224 3288 2314 3353 37,
2362 3288 2474 3357 38).
2527 3311 2553 3336 «
2592 3288 2657 3342 Et
2706 3287 3022 3360 adaquavit
3066 3304 3165 3344 eos
3210 3286 3369 3342 velut
3408 3286 3472 3342 in
3519 3287 3731 3359 abysso

2080 3378 2287 3432 multa.
2317 3399 2343 3425 υ
2377 3378 2438 3431 In
2461 3376 2710 3447 deserto,
2734 3376 2832 3431 ubi
2864 3393 3017 3448 aqua
3050 3393 3161 3432 non
3193 3381 3337 3448 erat,
3360 3376 3732 3432 abundantia

2080 3465 2249 3522 nobis
2295 3481 2580 3538 aquarum
2632 3465 2782 3520 facta
2826 3470 2936 3520 est.
2991 3487 3019 3515 ‹‹
3053 3465 3123 3520 Et
3167 3465 3367 3521 eduxit
3407 3481 3630 3537 aquam
3660 3465 3728 3519 de

2079 3559 2261 3628 petra,
2293 3557 2348 3610 et
2378 3553 2577 3609 eduxit
2604 3558 2885 3625 tanquam
2927 3553 3173 3609 ﬂumina
3219 3570 3425 3627 aquas,
3456 3554 3519 3609 et
3548 3571 3729 3628 appo-

2079 3646 2327 3700 suerunt
2381 3642 2571 3697 adhuc
2631 3658 2867 3715 peccare
2921 3642 2995 3711 ei,
3029 3666 3057 3693 n
3105 3647 3217 3699 etc.
3273 3643 3316 3699 0
3376 3643 3733 3715 perversitas

2082 3732 2274 3789 cordis
2304 3730 2486 3803 pravi,
2518 3729 2577 3785 in
2610 3730 2792 3786 Deum
2825 3730 2977 3787 male
3004 3730 3285 3804 loquitur,
3315 3736 3375 3788 et
3404 3731 3507 3805 qui
3549 3731 3729 3805 justi-

2078 3821 2221 3876 tiam
2269 3818 2492 3875 esurire
2541 3819 2841 3887 debuerat,
2889 3836 3094 3875 carnes
3146 3820 3391 3892 requirit
3437 3824 3498 3876 et
3548 3820 3729 3877 olera.

2078 3910 2223 3965 Nam
2258 3908 2410 3965 sicut
2440 3908 2663 3981 Moyses
2706 3908 2997 3980 percussit
3042 3908 3103 3963 in
3145 3925 3339 3965 eremo
3387 3914 3645 3981 petram,
3672 3914 3733 3965 et

2079 3998 2354 4070 produxit
2382 3996 2598 4071 pepulo
2630 4013 2816 4070 aquas
2846 4002 3034 4069 (Num.
3066 4015 3163 4067 xx,
3196 3998 3305 4069 11),
3336 3997 3422 4053 ita
3448 4002 3510 4053 et
3539 3998 3735 4055 Domi-

2079 4104 2191 4143 nus
2221 4102 2392 4159 quem
2426 4085 2642 4141 Paulus
2689 4102 3033 4158 percussum
3084 4087 3168 4142 ait
3214 4091 3452 4160 propter
3491 4094 3734 4160 peccata

2078 4179 2277 4231 nostra
2307 4175 2479 4247 (Rom.
2516 4192 2590 4243 ιν,
2621 4175 2736 4246 25),
2771 4175 3092 4232 immensos
3124 4175 3294 4231 nobis
3324 4175 3573 4249 protulit
3604 4176 3729 4233 fon-

2077 4268 2166 4319 tes
2202 4282 2214 4319 :
2266 4263 2562 4335 apostolos
2607 4263 2849 4331 scilicet,
2882 4280 3034 4336 quos
3080 4269 3243 4336 petra
3272 4265 3652 4335 monstravit,
3678 4270 3735 4321 et

2076 4368 2179 4423 per
2208 4338 2355 4424 quos
2386 4352 2677 4407 ﬂuxerunt
2706 4355 3011 4408 torrentes.
3044 4354 3355 4409 Torrentes
3398 4358 3603 4410 autem
3635 4355 3734 4410 do-

2076 4446 2263 4497 ctores
2284 4440 2607 4513 accipimus
2633 4457 2646 4496 ι
2676 4457 2776 4514 per
2795 4457 2943 4513 quos
2972 4445 3280 4510 torrentes,
3304 4441 3362 4497 id
3390 4447 3503 4510 est,
3526 4443 3733 4499 subse-

2076 4535 2321 4600 quentes
2345 4528 2730 4584 Ecclesiarum
2755 4530 3022 4585 doctores
3042 4529 3246 4602 repleti
3264 4535 3433 4586 sunt.
3469 4532 3554 4587 Ex
3580 4548 3724 4605 quo-

318 4616 611 4690 octoginta
642 4633 826 4674 annos
860 4617 969 4673 sub
1016 4618 1294 4683 Roboam,
1329 4622 1533 4689 postea
1582 4617 1778 4673 scissae
1830 4620 1970 4673 sunt
2002 4631 2045 4696 ι)
2077 4635 2208 4673 rum
2233 4635 2339 4673 nos
2360 4617 2786 4690 praedicatione,
2807 4618 2966 4674 sitim
2990 4618 3148 4674 verbi
3176 4620 3272 4676 Dei
3295 4619 3728 4694 restinguimus

319 4705 521 4787 decem
552 4705 764 4762 tribus.
796 4705 973 4762 Vides
1020 4722 1155 4778 ergo
1206 4706 1359 4778 quod
1412 4705 1645 4775 dicitur,
1681 4722 1793 4761 non
1826 4705 1967 4760 dici-

318 4799 415 4861 tur
443 4796 515 4851 de
555 4794 755 4851 decem
790 4794 1079 4863 tribubus,
1113 4795 1212 4851 sed
1263 4795 1332 4851 de
1379 4793 1665 4851 haereticis
1716 4793 1964 4867 prophe-

318 4887 496 4940 tatur.
552 4908 578 4933 ‹‹
611 4885 818 4942 Coram
871 4884 1137 4956 patribus
1189 4900 1390 4941 eorum
1424 4882 1557 4940 fecit
1585 4882 1896 4940 mirabilia.
1936 4905 1961 4931 »

318 4971 493 5028 Obliti
517 4988 653 5045 ergo
702 4976 842 5029 sunt
871 4972 1126 5029 hmretici
1158 4972 1338 5045 patris
1370 4972 1484 5044 sui,
1509 4972 1609 5045 qui
1632 4972 1767 5027 fecit
1788 4971 1963 5027 mira-

317 5058 461 5114 bilia
507 5060 565 5114 in
613 5065 767 5116 terra
816 5061 1066 5135 Egypti,
1113 5061 1171 5116 in
1223 5061 1477 5117 tenebris
1526 5062 1695 5117 istius
1744 5060 1960 5132 saeculi,

316 5149 610 5220 quomodo
661 5148 795 5205 illos
839 5150 1125 5207 liberavit.
1160 5151 1221 5206 In
1265 5149 1518 5207 Ecclesia
1568 5151 1753 5206 renati
1801 5154 1958 5217 sunt,

316 5240 374 5304 et
402 5240 605 5311 postea
635 5238 735 5294 ubi
768 5239 886 5295 nati
919 5244 1077 5308 sunt,
1109 5239 1376 5312 displicet
1405 5239 1487 5296 eis
1521 5239 1790 5308 Ecclesia,
1841 5262 1866 5293 α
1897 5243 1959 5294 In

314 5330 470 5381 terra
500 5326 725 5399 {Egypti
758 5326 815 5382 in
864 5344 1069 5401 campo
1099 5330 1345 5394 Taneos,
1385 5352 1405 5378 ιι
1461 5328 1561 5385 ubi
1610 5328 1958 5394 idololatria,

316 5414 415 5471 ubi
465 5431 563 5470 rex
610 5414 860 5488 zEgypti,
897 5417 996 5472 ubi
1049 5419 1345 5490 equitatus
1388 5418 1639 5492 ngypti,
1673 5418 1771 5473 ubi
1816 5419 1957 5475 Jan-

316 5520 418 5561 nes
450 5507 507 5560 et
536 5503 827 5559 Mambres
867 5505 1177 5562 adversarii
1228 5506 1435 5579 Moysi,
1466 5507 1561 5562 ubi
1612 5506 1955 5563 idololatria.

315 5584 433 5649 Nee
482 5608 685 5648 omnes
737 5607 972 5648 eramus
1016 5595 1074 5648 in
1110 5595 1366 5667 ZEgypto,
1401 5600 1457 5651 et
1488 5613 1520 5651 a
1553 5595 1794 5659 Domino
1823 5594 1961 5651 libe-

317 5680 429 5738 rati
475 5697 702 5738 sumus.
757 5704 782 5730 ‹‹
819 5680 1137 5751 Interrupit
1187 5698 1369 5751 mare,
1424 5687 1481 5739 et
1529 5682 1727 5738 eduxit
1773 5698 1891 5739 eos.
1926 5704 1953 5733 ››

2076 4707 2185 4761 Sed
2228 4711 2284 4761 et
2333 4706 2405 4761 ad
2453 4706 2669 4762 fontem
2721 4707 2996 4779 baptismi
3030 4708 3200 4764 nobis
3229 4713 3405 4781 atque
3433 4710 3724 4784 martyrii,

2075 4794 2277 4850 eadem
2308 4799 2471 4867 petra
2490 4795 2765 4851 ostendit.
2790 4796 2869 4851 De
2899 4795 3077 4852 latere
3098 4796 3253 4852 enim
3276 4798 3406 4870 ejus
3432 4815 3574 4855 cum
3597 4817 3724 4873 per-

2074 4900 2285 4939 cussus
2306 4888 2414 4951 est,
2439 4883 2680 4956 sanguis
2700 4887 2757 4939 et
2777 4901 2930 4956 aqua
2951 4886 3236 4958 processit
3257 4888 3437 4957 (Joan.
3460 4905 3587 4962 xxx,
3608 4890 3723 4963 34),

2072 4972 2229 5044 quod
2261 4972 2619 5045 baptismum
2643 4978 2698 5028 ct
2726 4974 3069 5047 martyrium
3093 4975 3382 5048 ﬁguravit.
3405 4978 3725 5036 Torrentes

2071 5065 2268 5117 autem
2292 5062 2557 5117 doctores
2582 5062 2741 5129 dicti,
2768 5064 2906 5133 quia
2930 5063 3275 5136 priusquam
3296 5067 3627 5137 crederent,
3651 5069 3721 5124 ab

2071 5149 2360 5205 imbribus
2398 5154 2455 5206 et
2499 5149 2820 5207 volutabris
2853 5150 3029 5222 hujus
3060 5154 3258 5209 seculi
3289 5160 3460 5212 erant
3489 5158 3717 5231 repleti.

2070 5240 2234 5296 Nunc
2265 5244 2458 5295 autem
2489 5239 2781 5313 baptismo
2804 5240 3010 5308 abluti,
3034 5258 3068 5296 a
3098 5242 3258 5299 fonte
3281 5243 3408 5300 vitae
3440 5247 3721 5319 perennis

2067 5328 2519 5384 inundaverant.
2556 5328 2732 5385 Addit
2763 5330 3152 5387 murmuratio
3180 5331 3445 5403 Judaica,
3467 5335 3714 5394 dicens:

2142 5418 2497 5490 «Numquid
2541 5421 2599 5472 et
2644 5434 2854 5490 panem
2909 5420 3117 5487 poterit
3165 5421 3323 5492 dare,
3356 5426 3459 5478 aut
3508 5440 3719 5497 parare

2069 5522 2331 5562 mensam
2365 5505 2578 5580 populo
2609 5523 2715 5562 suo
2738 5505 2767 5560 ‘l
2802 5528 2829 5555 »
2881 5506 3188 5564 Difﬁcilem
3238 5514 3406 5582 putat
3435 5511 3712 5571 virtutem

2068 5594 2167 5651 Dei
2205 5613 2217 5651 :
2275 5598 2337 5650 ut
2385 5595 2483 5668 qui
2532 5595 2795 5652 eduxerit
2844 5611 3057 5668 aquam
3097 5597 3169 5654 de
3197 5615 3358 5673 saxo,
3391 5604 3564 5673 quasi
3600 5620 3710 5660 non

2068 5683 2255 5754 possit
2285 5700 2500 5739 manna
2529 5684 2668 5739 dare
2698 5684 2769 5741 de
2797 5682 2961 5742 coelo.
