3976 6188
263 437 417 504 1113

1435 445 1937 513 BREVIMIIUM
1979 445 2059 510 IN
2103 446 2483 511 PSALMOS.

3503 449 3668 533 mi

327 599 355 628 ‹‹
389 574 522 633 Ideo
555 575 776 634 audivit
804 576 1109 648 Dominus,
1142 585 1198 636 et
1227 581 1474 638 distulit.
1523 605 1550 633 »
1586 582 1796 654 Utique
1838 598 1901 638 se
1927 583 1984 649 Α
2015 583 2221 640 Christi
2249 583 2498 656 indigne,
2522 581 2796 655 judicium
2835 582 2942 640 sibi
2975 583 3146 640 sumit
3191 586 3245 639 et
3293 583 3427 641 bibit
3457 584 3506 657 (I
3532 587 3637 642 Cor

254 667 326 723 ab
359 666 463 734 eis,
498 683 571 721 ne
601 667 660 722 in
691 671 906 724 terram
937 670 1411 742 repromissionis
1442 672 1742 730 intrarent.
1779 697 1806 722 ‹‹
1835 674 1904 729 Et

253 755 408 830 ignis
437 772 720 812 accensus
751 762 840 813 est
870 758 929 813 in
958 761 1157 827 Jacob,
1191 765 1246 816 et
1284 761 1369 816 ira
1420 762 1680 818 ascendit
1713 763 1770 817 in
1819 764 1900 817 Is-

253 845 392 903 rael.
440 869 468 895 ››
507 846 688 902 Jacob
737 863 852 903 non
901 865 1132 922 semper
1176 850 1585 923 supplantator
1629 851 1900 907 vitiorum

252 934 645 1008 intelligitur:
681 952 785 991 nec
835 937 1009 992 Israel
1050 938 1106 992 in
1159 939 1434 996 omnibus
1486 941 1686 997 videns
1717 941 1902 996 Deum

254 1024 557 1097 accipitur.
613 1025 926 1096 Apostolus
982 1032 1177 1082 autem
1235 1029 1402 1085 docet
1448 1046 1576 1086 esse
1630 1031 1901 1086 Israelem

255 1114 580 1170 secundum
613 1131 848 1170 carnem
880 1116 926 1184 (I
956 1116 1076 1171 Cor.
1111 1135 1165 1183 κ,
1205 1120 1310 1189 18),
1365 1119 1436 1174 de
1481 1137 1596 1191 quo
1640 1119 1854 1175 dicitur
1888 1137 1900 1174 :

255 1203 322 1259 Et
351 1203 673 1259 fornicatus
715 1209 800 1259 est
851 1204 1025 1260 Israel
1074 1206 1276 1277 (Judic.
1328 1225 1452 1275 Vlll,
1501 1210 1612 1279 27).
1645 1209 1699 1263 Si
1746 1209 1901 1263 enim

254 1292 497 1348 vidisset
527 1297 719 1348 mente
753 1294 1281 1360 Deum,fornicatus
1302 1297 1504 1367 utique
1535 1315 1648 1353 non
1675 1298 1901 1353 fuisset.

257 1381 350 1437 Sic
382 1382 452 1437 de
483 1381 680 1448 Jacob,
715 1399 848 1437 cum
881 1383 1031 1438 Esau
1064 1383 1352 1455 pollutum
1387 1385 1559 1442 idolis
1599 1387 1900 1452 adorabat,

257 1471 502 1527 dicens:
542 1471 700 1525 Video
729 1473 926 1538 faciem
976 1481 1125 1527 tuam
1169 1482 1432 1545 tanquam
1475 1477 1676 1546 faciem
1721 1476 1905 1546 angeli

253 1561 353 1616 Dei
384 1559 536 1627 (Gen.
571 1577 769 1629 xxxm,
808 1561 922 1630 10);
957 1561 1064 1631 vel,
1098 1579 1232 1617 cum
1282 1564 1685 1636 impinguatus
1716 1563 1903 1620 recal-

256 1648 626 1714 citravit,non
657 1653 782 1704 erat
813 1649 1222 1722 supplantator
1253 1652 1543 1708 vitiorum.
1571 1655 1700 1709 Ideo
1723 1658 1780 1709 et
1809 1652 1903 1708 hic

255 1737 342 1793 ita
370 1735 813 1810 intelligendum
845 1744 932 1794 est
966 1756 978 1794 :
1013 1740 1152 1810 quia
1181 1757 1462 1798 accensus
1491 1747 1580 1797 est
1626 1743 1685 1798 in
1726 1742 1902 1797 Jacob

259 1832 525 1883 terrenus
556 1825 710 1898 ignis
743 1828 1247 1899 concupiscentiae,
1281 1834 1337 1885 et
1366 1830 1446 1886 ita
1475 1831 1533 1886 in
1566 1830 1786 1887 ultione
1817 1831 1903 1886 di-

253 1916 408 1982 vina,
443 1931 621 1988 super
651 1915 828 1972 Israel
860 1917 1152 1974 carnalem
1184 1920 1465 1975 ascendit.

329 2028 355 2054 ‹‹
389 2004 534 2070 Quia
578 2021 693 2060 non
735 2005 1107 2062 crediderunt
1137 2007 1194 2062 in
1229 2008 1435 2075 Deum,
1487 2026 1589 2064 nec
1639 2025 1904 2074 sperave-

255 2099 396 2150 ruut
424 2094 484 2149 in
515 2093 756 2149 salutari
801 2096 948 2166 ejus.
987 2118 1006 2143 ιι
1043 2096 1157 2151 Nec
1211 2097 1463 2161 Patrem,
1516 2114 1619 2152 nec
1670 2097 1903 2164 Filium,

256 2183 359 2255 qui
390 2182 550 2238 salus
580 2182 786 2238 mundi
819 2188 926 2253 est,
951 2183 1343 2240 crediderunt.

333 2294 362 2321 ‹‹
393 2273 459 2328 Et
491 2271 786 2326 mandavit
819 2272 1076 2327 nubibus
1107 2273 1379 2344 desuper,
1412 2279 1469 2329 et
1514 2275 1733 2345 januas
1781 2273 1906 2330 cmli

257 2360 508 2432 aperuit.
541 2363 608 2414 Et
639 2359 787 2430 pluit
815 2359 932 2415 illis
963 2377 1180 2416 manna
1217 2363 1287 2417 ad
1337 2363 1835 2419 manducandum.
1880 2387 1906 2411 »

256 2447 529 2505 Prasstita
556 2447 674 2502 haec
707 2453 846 2503 sunt
875 2449 1130 2506 Hebraeis
1162 2467 1174 2504 :
1210 2452 1310 2506 sed
1343 2456 1399 2507 et
1429 2453 1600 2508 modo
1623 2453 1682 2507 in
1715 2452 1906 2509 Eccle-

260 2536 351 2592 sia
401 2535 703 2608 prophetis
761 2541 818 2591 et
877 2537 1156 2608 apostolis
1205 2540 1560 2611 praecipitur,
1619 2544 1682 2595 ut
1738 2541 1907 2596 nobis

257 2625 501 2680 verbum
535 2625 985 2696 praedicationis,
1020 2643 1135 2698 quo
1166 2627 1363 2683 anima
1391 2629 1776 2701 spiritualiter
1805 2647 1906 2701 pa-

258 2717 478 2780 scatur,
512 2714 882 2770 annuntient.
913 2736 940 2764 κ
973 2715 1182 2771 Panem
1209 2715 1334 2772 cmli
1367 2718 1528 2773 dedit
1557 2719 1662 2786 eis,
1697 2735 1905 2790 panem

258 2801 602 2875 angelorum
635 2803 1012 2858 manducavit
1041 2804 1268 2860 homo.»
1304 2805 1434 2878 Ipse
1464 2807 1688 2862 homini
1711 2807 1907 2863 cibum

258 2891 526 2965 praebuit,
579 2892 674 2961 qui
727 2891 871 2946 dixit
923 2909 934 2946 :
987 2895 1100 2960 Ego
1153 2911 1274 2948 sum
1321 2897 1484 2966 panis
1525 2898 1676 2962 vitae,
1701 2900 1796 2967 qui
1845 2898 1910 2954 de

255 2981 388 3036 caelo
431 2980 684 3036 descendi
727 2999 744 3034 :
795 2983 891 3052 qui
938 2983 1347 3038 manducauerit
1393 3000 1462 3039 ea;
1517 3001 1599 3054 eo,
1659 2989 1799 3041 vivet
1848 2989 1907 3042 in

254 3077 532 3127 aeternum
589 3069 765 3140 (Joan.
820 3086 892 3138 v1,
941 3071 1031 3137 51,
1084 3072 1197 3139 52).
1258 3073 1339 3126 Ex
1389 3072 1500 3127 hoc
1554 3073 1710 3130 enim
1761 3092 1910 3146 pane

257 3156 386 3212 caeli
438 3157 625 3212 sancti
680 3157 1018 3213 reﬁciuntur
1065 3165 1121 3213 et
1165 3159 1376 3229 angeli.
1417 3181 1442 3212 α
1474 3161 1702 3216 Cibaria
1751 3163 1911 3219 misit

257 3244 346 3301 eis
397 3245 454 3300 in
487 3246 866 3301 abundantia.
902 3268 930 3295 »
963 3246 1034 3301 Ut
1077 3248 1203 3318 jam
1255 3265 1370 3304 non
1418 3249 1620 3304 littera:
1666 3251 1902 3320 hordeo,

256 3333 361 3391 sed
393 3333 716 3406 spiritualis
747 3335 925 3390 tritici
958 3336 1228 3408 dogmate
1261 3321 1568 3394 satientur.

337 3443 363 3474 α
389 3423 462 3479 Et
491 3422 791 3479 transtulit
835 3426 1109 3480 Austrum
1159 3425 1230 3480 de
1278 3425 1440 3488 coelo.
1482 3431 1539 3482 et
1585 3428 1814 3484 induxit
1852 3431 1909 3484 in

260 3511 480 3568 virtute
525 3529 634 3568 sua
682 3512 965 3580 Africum,
999 3518 1056 3570 et
1085 3513 1233 3586 pluit
1263 3532 1439 3587 super
1467 3533 1566 3572 eos
1599 3517 1751 3573 sicut
1780 3519 1912 3590 pul-

253 3617 454 3657 verem
501 3618 728 3664 carnes.
789 3624 815 3649 »
864 3605 972 3657 etc.
1028 3604 1089 3657 In
1138 3603 1347 3673 ventis,
1401 3605 1604 3661 ﬂatum
1662 3608 1912 3679 Spiritus

256 3689 443 3746 sancti
497 3689 880 3745 demonstrat.
942 3689 1182 3747 Collatio
1241 3697 1438 3748 autem
1488 3694 1906 3764 multitudinis,

255 3795 384 3850 quae
417 3777 640 3850 pulveri
671 3777 762 3832 vel
794 3794 980 3832 arenae
1009 3779 1189 3834 maris
1223 3781 1910 3850 assimilatur,terrenum

252 3871 314 3923 et
343 3868 561 3922 durum
592 3881 795 3920 eorum
827 3865 1020 3939 arguit
1050 3883 1311 3922 sensum.
1338 3892 1364 3917 (ι
1401 3871 1468 3924 Et
1497 3871 1829 3926 ceciderunt
1851 3872 1910 3928 in

251 3955 450 4012 medio
481 3957 810 4009 castrorum
842 3970 1070 4020 eorum,
1103 3955 1259 4010 circa
1290 3957 1664 4016 tabernacula
1684 3977 1906 4033 eorum,

250 4049 310 4102 et
342 4042 929 4113 manducaverunt,et
958 4043 1204 4099 saturati
1239 4050 1377 4100 sunt
1408 4047 1649 4103 nimis.»
1683 4048 1911 4118 Castra,

252 4147 582 4206 synagogas
631 4130 788 4187 dicit.
833 4131 1234 4188 Tabernacula
1280 4151 1432 4203 vero,
1485 4136 1659 4192 corda
1707 4155 1907 4195 eorum

254 4222 314 4277 in
347 4220 563 4294 quibus
595 4219 716 4276 haec
747 4221 1136 4278 defluxerunt.
1170 4223 1333 4286 Quod
1365 4228 1561 4280 autem
1593 4243 1690 4282 eos
1733 4229 1911 4284 nimis

255 4309 479 4366 indicat
531 4313 845 4380 saturatos,
897 4309 1215 4382 ingluviem
1262 4327 1464 4368 eorum
1495 4314 1788 4372 carnalem
1821 4317 1908 4372 in-

257 4401 454 4470 erepat
488 4398 693 4470 :quod
725 4397 788 4452 hi
821 4397 922 4467 qui
955 4399 1026 4452 de
1061 4399 1158 4454 Dei
1189 4402 1493 4474 praeceptis
1523 4404 1676 4459 refici
1701 4406 1912 4462 debue-

258 4491 410 4559 rant,
442 4487 512 4542 de
553 4483 841 4559 pulvereis
888 4501 951 4540 se
999 4488 1274 4544 carnibus
1330 4491 1593 4547 sentiunt
1642 4494 1908 4563 satiatos,

260 4598 288 4627 ‹‹
315 4576 386 4631 Et
417 4574 775 4632 desiderium
807 4590 1016 4629 eorum
1049 4575 1244 4630 attulit
1269 4576 1352 4632 eis
1387 4594 1399 4633 :
1435 4595 1550 4634 non
1583 4587 1722 4636 sunt
1751 4582 1912 4638 frau-

1936 1955 1983 2019 B

2011 691 2088 742 xi,
2122 674 2234 741 '29).
2275 696 2296 724 α
2333 669 2397 729 Et
2425 673 2638 729 electos
2682 673 2860 729 Israel
2906 673 3222 744 impedivit.
3259 696 3286 723 »
3322 673 3656 747 Impediun-

2011 765 2108 817 tur
2138 767 2193 818 et
2224 779 2378 818 nunc
2411 762 2575 819 electi
2608 761 2871 818 Ecclesiae
2908 781 2920 818 :
2956 762 3004 819 si
3037 779 3110 818 ne
3138 763 3250 834 ipsi
3285 779 3515 834 quoque
3560 781 3656 819 sa-

2013 851 2278 906 cerdotes
2311 851 2650 906 innocenter
2679 851 2799 906 haec
2830 854 3196 906 sacramenta
3224 850 3567 921 percipiant.

2091 961 2116 991 α
2172 941 2233 994 In
2287 941 2561 996 omnibus
2615 939 2707 995 his
2757 944 3141 1010 peccaverunt
3188 938 3380 994 adhuc
3413 957 3426 994 :
3457 943 3656 995 etnon

2013 1030 2383 1084 crediderunt
2429 1029 2488 1082 in
2545 1028 2894 1084 mirabililus
2942 1029 3090 1098 ejus.
3125 1029 3193 1083 Et
3239 1028 3594 1096 defecerunt,
3632 1049 3658 1076 »

2013 1122 2120 1173 etc.
2158 1118 2401 1172 Peccant
2431 1117 2692 1188 quotidie
2725 1117 3331 1188 iniqui,quoadusque
3361 1114 3658 1180 deficiant,

2013 1211 2069 1261 et
2101 1223 2232 1260 cum
2266 1205 2637 1262 festinatione
2667 1205 2971 1261 deficiunt:
3009 1205 3107 1277 qui
3138 1204 3539 1260 sacerdotibus
3565 1203 3660 1258 Dei

2014 1295 2294 1350 obaudire
2343 1299 2746 1360 contemnunt,
2801 1295 2953 1350 sicut
3005 1299 3061 1348 et
3121 1292 3370 1366 populus
3413 1293 3508 1348 ille
3559 1293 3661 1364 qui

2013 1388 2216 1439 contra
2246 1382 2532 1438 famulum
2566 1382 2666 1438 Dei
2696 1386 2950 1455 Moysem
2983 1383 3408 1438 murmurabat.

2089 1493 2116 1525 α
2145 1473 2289 1528 Cum
2321 1472 2608 1528 occideret
2637 1487 2757 1538 eos,
2791 1472 3126 1543 querebant
3146 1488 3302 1534 eum,
3333 1475 3390 1526 et
3420 1473 3661 1525 reverte-

2013 1562 2245 1627 bantur,
2280 1566 2335 1616 et
2365 1558 2625 1615 diluculo
2673 1560 2980 1615 veniebant
3012 1561 3082 1615 ad
3115 1576 3269 1615 eum.
3303 1577 3328 1609 ι
3363 1556 3662 1630 Flagellati

2014 1651 2072 1706 in
2105 1651 2356 1721 peccatis
2389 1649 2828 1705 revertebantur
2860 1666 2871 1702 :
2905 1665 3263 1719 cxcussoque
3295 1647 3661 1703 infidelitatis

2015 1757 2242 1810 somno,
2278 1739 2651 1795 maturabant
2681 1744 2745 1793 ut
2774 1738 3046 1794 audirent
3072 1738 3313 1802 verbum
3340 1737 3460 1792 Dei.

2091 1849 2116 1881 ιι
2133 1830 2200 1884 Et
2231 1829 2720 1896 rememorabant,
2737 1827 2874 1900 quia
2896 1827 3050 1883 Deus
3072 1826 3307 1897 adjutor
3325 1830 3416 1881 est
3437 1841 3663 1895 eorum,

2015 1923 2071 1975 et
2101 1919 2254 1974 Deus
2282 1917 2546 1973 excelsus
2597 1918 2931 1987 redemptor
2973 1931 3174 1970 eorum
3221 1918 3328 1970 est.
3367 1936 3393 1962 »
3424 1913 3661 1969 Nullum

2016 2025 2186 2080 posse
2211 2005 2622 2061 intellexerunt
2652 2003 3009 2075 adjutorium
3045 2002 3340 2070 ferre,nisi
3373 2001 3541 2057 illum
3563 2002 3662 2073 qui

2016 2113 2114 2152 eos
2145 2097 2214 2152 de
2245 2095 2522 2150 servitute
2553 2092 2778 2165 rEgypti
2808 2091 3093 2147 liberavit.

2089 2209 2115 2233 ‹‹
2151 2189 2217 2239 Et
2249 2183 2575 2238 dilexerunt
2605 2198 2738 2237 eum
2773 2182 2830 2236 in
2863 2197 2960 2236 ore
2988 2197 3114 2236 suo.
3147 2203 3174 2229 »
3197 2183 3339 2235 Cum
3371 2177 3660 2236 dicerent:

2019 2274 2212 2330 Omnia
2244 2287 2602 2343 quazcumque
2626 2271 2948 2343 praeceperit
2970 2269 3169 2341 Moyses
3191 2267 3662 2340 faciemus(Exod.

2016 2380 2130 2430 xxx,
2161 2361 2236 2431 8).
2277 2362 2400 2416 «Et
2427 2359 2628 2431 lingua
2660 2376 2766 2415 sua
2798 2357 3022 2414 mentiti
3073 2363 3211 2414 sunt
3257 2357 3328 2413 ei.
3380 2379 3407 2406 »
3456 2357 3663 2412 Dicen-

2015 2457 2103 2508 tes
2132 2451 2314 2523 Moysi
2349 2466 2361 2504 :
2397 2451 2593 2505 Omnia
2633 2463 2969 2520 quaecunque
3012 2449 3222 2504 dixerit
3271 2447 3532 2502 Dominus
3576 2453 3665 2516 [a-

2017 2557 2156 2594 mus.

2090 2653 2115 2678 «
2153 2629 2263 2684 Cor
2291 2632 2486 2683 autem
2517 2627 2780 2699 ipsorum
2822 2643 2937 2682 non
2985 2631 3110 2682 erat
3155 2631 3377 2682 rectum
3411 2643 3546 2684 cum
3577 2643 3667 2693 eo,

2021 2735 2123 2774 nec
2155 2716 2354 2773 ﬁdeles
2385 2716 2568 2772 habiti
2602 2721 2739 2772 sunt
2769 2716 2827 2770 in
2861 2720 3212 2772 testamento
3263 2717 3412 2786 ejus.
3447 2737 3475 2764 »
3520 2720 3665 2771 Nam

2017 2812 2074 2862 et
2105 2807 2390 2862 Dominus
2420 2803 2753 2860 testimonio
2787 2810 2958 2859 utens
2993 2804 3152 2859 Isaiae
3182 2803 3477 2875 prOphetae
3509 2803 3663 2859 dioe-

2019 2896 2118 2951 bat
2151 2913 2164 2950 :
2199 2896 2442 2966 Papulas
2472 2894 2560 2948 hic
2590 2893 2754 2948 labiis
2783 2909 2871 2948 me
2899 2892 3129 2948 honorat
3159 2910 3178 2947 :
3207 2909 3300 2947 cor
3328 2896 3512 2947 autem
3548 2893 3668 2964 ejus

2019 2985 2185 3057 longe
2213 2989 2290 3040 est
2322 3000 2354 3038 a
2385 2999 2472 3038 me
2503 2982 2726 3053 (Matth.
2761 2999 2854 3050 xv,
2884 2983 2949 3049 8;
2983 2983 3084 3036 Isa.
3118 2999 3270 3052 xxix,
3307 2982 3413 3048 18).

2091 3096 2117 3123 ‹‹
2168 3075 2297 3144 Ipse
2344 3076 2538 3127 autem
2587 3075 2676 3126 est
2725 3070 3078 3142 misericors,
3130 3075 3186 3126 et
3233 3069 3522 3144 propitius
3573 3070 3669 3126 fiet

2017 3163 2274 3235 peccatis
2307 3177 2532 3226 eorum,
2562 3180 2588 3212 ιι
2627 3165 2737 3216 etc.
2772 3159 3084 3216 Multitudo
3133 3159 3288 3216 enim
3338 3159 3668 3216 misericor-

2020 3251 2251 3306 diarum
2283 3249 2539 3306 continet
2567 3265 2726 3313 eum,
2760 3253 2824 3304 ut
2867 3250 3007 3304 dum
3059 3253 3353 3320 exspectat
3382 3249 3665 3322 poeniten-

1941 3319 1983 3386 C
2024 3340 2190 3410 tiam,
2242 3356 2355 3395 non
2406 3338 2612 3410 puniat
2659 3337 3095 3410 delinquentem
3149 3319 3178 3393 :7
3209 3338 3346 3409 quia
3383 3319 3510 3394 ‘non
3547 3338 3672 3393 vult

2022 3433 2270 3484 mortem
2329 3427 2672 3501 peccatoris,
2723 3429 2821 3483 sed
2876 3431 2940 3482 ut
2988 3431 3363 3483 convertatur
3409 3431 3466 3482 et
3519 3426 3671 3482 vivat

2021 3518 2234 3587 (Ex-ach.
2269 3535 2428 3588 xvm,
2462 3518 2573 3588 23).

2095 3631 2121 3655 ‹‹
2175 3611 2242 3662 Et
2289 3610 2711 3662 rememoratus
2763 3609 2852 3661 est
2900 3605 3038 3677 quia
3090 3621 3223 3661 caro
3271 3610 3428 3661 sunt.
3473 3629 3492 3654 ι
3550 3605 3672 3661 Scit

2024 3697 2180 3751 enim
2216 3695 2350 3766 quia
2385 3712 2519 3750 caro
2553 3711 2785 3766 semper
2816 3695 3037 3750 resistit
3064 3693 3175 3767 legi
3208 3694 3326 3750 Dei.
3359 3718 3386 3744 ‹‹
3417 3693 3671 3766 Spiritus

2020 3785 2257 3850 vadens,
2287 3788 2344 3840 et
2374 3801 2489 3838 non
2523 3783 2776 3838 rediens.
2809 3804 2836 3835 ιι
2872 3783 3039 3838 Novit
3079 3784 3234 3839 enim
3284 3782 3425 3855 quia
3471 3782 3668 3851 homo,

2022 3873 2240 3928 amisso
2290 3872 2524 3944 spiritu,
2577 3872 2635 3927 in
2688 3872 2984 3944 pulverem
3033 3872 3360 3928 revertitur.
3410 3872 3557 3927 Nam
3616 3874 3673 3926 et

2019 3962 2271 4034 Spiritus
2302 3967 2542 4017 sanctus
2569 3978 2700 4016 curn
2730 3961 2946 4017 recedit
2976 3978 3008 4015 a
3041 3960 3671 4032 peccatoribus,quam-

2020 4051 2120 4106 diu
2152 4051 2210 4106 in
2242 4050 2565 4106 volutabris
2597 4050 3000 4122 peccaminum
3032 4054 3191 4117 sunt,
3216 4065 3328 4104 non
3361 4047 3670 4105 revertitur

2020 4141 2091 4196 ad
2123 4156 2242 4196 eos.

2096 4229 2388 4296 «Quoties
2432 4229 2922 4285 exacerbaverunt
2967 4243 3104 4282 eum
3153 4226 3212 4280 in
3266 4226 3492 4281 deserto
3545 4240 3558 4280 :
3610 4225 3666 4280 in

2021 4317 2167 4373 iram
2201 4318 2637 4373 concitaverunt
2664 4332 2797 4371 eum
2831 4315 2890 4370 in
2918 4315 3222 4387 inaquoso.
3258 4338 3279 4366 ι
3320 4314 3380 4370 In
3408 4313 3671 4370 incredu-

2021 4405 2184 4462 litate
2218 4406 2420 4477 utique
2450 4411 2625 4476 atque
2655 4403 2924 4461 ariditate
2955 4403 3145 4460 cordis
3179 4403 3292 4459 sui.

2093 4517 2120 4543 ‹‹
2154 4495 2223 4549 Et
2253 4495 2512 4549 conversi
2546 4498 2704 4558 sunt,
2735 4497 2792 4548 et
2820 4497 3189 4548 teutavcrunt
3218 4497 3420 4561 Deum,
3444 4496 3500 4547 et
3529 4491 3670 4546 San-

2020 4587 2179 4639 ctum
2231 4583 2409 4638 Israel
2463 4583 2973 4638 exacerbaverunt.
3013 4604 3038 4630 »
3071 4583 3206 4638 Erat
3255 4587 3392 4636 tunc
3441 4581 3670 4651 Moyses

258 4665 380 4722 dati
413 4682 445 4720 a
475 4663 762 4755 desiderio
793 4681 920 4755 suo.
953 4686 980 4713 ››
1017 4663 1312 4722 Immensa
1343 4667 1527 4738 pietas
1558 4669 1812 4736 Domini,
1847 4676 1911 4728 ut
1941 4690 1988 4755 Β
2020 4677 2261 4729 sanctus
2294 4671 2491 4740 Israel,
2526 4671 2626 4744 qui
2661 4672 2842 4728 Deum
2875 4676 2933 4728 et
2961 4675 3152 4727 mente
3180 4670 3412 4726 videbat
3440 4674 3497 4724 et
3526 4685 3670 4724 ocu-

257 4759 487 4811 terreno
538 4754 693 4810 victu
739 4753 1066 4810 esurientes
1120 4755 1353 4826 pascit:
1389 4755 1472 4812 sic
1520 4762 1578 4814 et
1625 4759 1726 4830 qui
1774 4777 1908 4816 eum

258 4841 692 4911 desideraverit,
751 4841 992 4909 caelesti,
1059 4859 1236 4914 quem
1303 4845 1574 4916 superius
1633 4848 1910 4916 diximus,

256 4948 408 5005 pane
437 4930 639 5003 replet.
675 4931 823 5003 Ergo
871 4929 931 4985 hi
984 4929 1084 5002 qui
1119 4947 1322 4988 carnes
1380 4938 1632 5004 tantum,
1690 4943 1746 4992 ot.
1795 4954 1908 4994 non

255 5026 439 5077 Deum
470 5019 974 5090 desideraverunt,
1007 5019 1147 5091 quid
1180 5020 1238 5077 in
1265 5024 1530 5094 sequenti
1563 5024 1803 5082 tulerint
1835 5027 1910 5081 vi-

255 5109 521 5166 deamus.

327 5222 355 5250 ‹‹
387 5198 595 5254 Adhuc
626 5213 758 5254 esca
787 5213 988 5254 eorum
1023 5202 1148 5255 erat
1177 5199 1236 5255 in
1269 5218 1365 5258 ore
1399 5202 1690 5276 ipsopum,
1725 5208 1779 5261 et
1822 5205 1911 5261 ira

258 5288 353 5345 Dei
383 5287 652 5345 ascendit
681 5303 860 5360 super
888 5303 1008 5355 eos,
1041 5293 1097 5344 et
1127 5290 1338 5348 occidit
1365 5291 1614 5366 pingues
1646 5310 1908 5350 eorum.»

256 5376 383 5433 Haec
413 5377 484 5432 de
516 5376 608 5432 his
639 5376 738 5447 qui
775 5377 956 5432 Deum
989 5383 1120 5449 post
1149 5386 1453 5452 acceptum
1487 5399 1702 5439 manna
1746 5385 1908 5440 dere-

256 5465 729 5539 liquerunt.Nam
761 5467 820 5520 et
850 5481 1007 5521 nunc
1039 5466 1095 5520 in
1130 5467 1386 5526 Ecclesia
1415 5471 1462 5526 si
1496 5472 1630 5544 quis
1659 5488 1832 5528 carne
1855 5477 1908 5528 et

256 5555 545 5627 sanguine
574 5553 789 5610 Christi
823 5553 1102 5622 reficitur,
1134 5560 1190 5612 et
1219 5557 1473 5615 declinat
1511 5561 1579 5616 ad
1617 5559 1771 5628 vitia,
1807 5579 1908 5616 no-

254 5643 400 5699 verit
450 5643 561 5698 sibi
612 5642 713 5698 Dei
759 5640 1056 5714 judicium
1101 5643 1430 5715 imminere,
1484 5649 1635 5704 sicut
1692 5650 1908 5707 Paulus

254 5731 550 5804 apostolus
595 5731 674 5789 ait
719 5747 732 5788 :
783 5731 887 5800 Qui
935 5735 1198 5805 acceperit
1240 5751 1431 5810 corpus
1479 5742 1530 5796 et
1577 5741 1906 5809 sanguinem

2020 4761 2114 4833 lis,
2147 4778 2322 4833 quem
2371 4760 2584 4833 saapius
2633 4761 3074 4817 exacerbabant.
3107 4761 3216 4816 Sed
3249 4763 3305 4814 et
3334 4775 3490 4814 nunc
3537 4775 3669 4814 exa-

2023 4851 2280 4917 cerbant,
2313 4867 2444 4906 cum
2480 4849 2915 4922 audiunt,quod
2948 4849 3242 4905 Christum
3275 4847 3588 4904 Dominum
3608 4847 3664 4902 in

2021 4955 2193 4996 carne
2227 4939 2594 4995 nasciturum
2625 4939 2954 4995 annuntiat.

2092 5051 2118 5079 ‹‹
2152 5029 2277 5085 Non
2309 5034 2450 5084 sunt
2476 5029 2760 5085 recordati
2792 5045 3003 5084 manus
3033 5029 3162 5096 ejus
3197 5045 3210 5083 :
3241 5027 3334 5082 die
3365 5044 3481 5100 qua
3512 5027 3668 5083 rede-

2020 5117 2127 5174 mit
2157 5135 2254 5175 eos
2281 5119 2351 5174 de
2387 5134 2568 5174 mauu
2622 5117 2978 5174 tribulantis.
3017 5139 3045 5166 ››
3078 5117 3397 5174 Pharaonis
3446 5116 3665 5188 utique,

2020 5207 2119 5279 qui
2151 5206 2474 5280 ﬁguraliter
2505 5205 2775 5262 diabolus
2809 5206 3040 5262 dicitur.

2092 5320 2119 5346 ‹‹
2153 5297 2312 5352 Sicut
2341 5297 2537 5369 posuit
2565 5295 2625 5350 in
2657 5296 2901 5369 [Egypto
2933 5296 3102 5368 signa
3129 5313 3257 5362 sua,
3300 5299 3357 5351 et
3402 5294 3670 5368 prodigia

2019 5403 2127 5441 sua
2158 5385 2215 5441 in
2246 5403 2450 5457 campo
2480 5386 2724 5441 Taneos.
2761 5408 2786 5432 ››
2819 5385 2978 5440 Sicut
3019 5385 3173 5440 enim
3207 5390 3347 5441 tunc
3378 5387 3437 5440 in
3467 5385 3666 5440 decem

2019 5473 2225 5547 signis,
2261 5475 2314 5530 id
2347 5477 2435 5530 est
2465 5473 2678 5546 plagis,
2713 5473 2936 5545 Moyses
2983 5473 3260 5544 populum
3313 5490 3381 5530 ex
3423 5474 3664 5546 IEgypto

2020 5563 2286 5620 liberavit
2317 5582 2329 5619 :
2365 5564 2444 5618 ita
2474 5568 2530 5618 et
2562 5561 2779 5617 Paulus
2812 5561 3112 5634 apostolus
3144 5564 3342 5620 decem
3391 5560 3666 5634 Epistolis

2019 5652 2289 5725 praesenti
2320 5652 2525 5708 mundi
2559 5652 2828 5707 tenebras
2857 5652 3165 5725 oppressit.

2093 5765 2120 5791 ‹‹
2149 5742 2444 5800 Convertit
2474 5741 2532 5798 in
2566 5740 2915 5814 sanguinem
2943 5741 3190 5800 ﬂumina
3215 5756 3440 5808 eorum,
3473 5741 3530 5795 et
3556 5737 3664 5793 im-
