  <div class='ocr_page' id='page_1' title='image "/cluster/home/n/w/nwhite01/storage/ocr_20150623/26/hvd.32044052772472/588.png"; bbox 0 0 3976 6188; ppageno 0'>
   <div class='ocr_carea' id='block_1_1' title="bbox 227 470 380 535">
    <p class='ocr_par' dir='ltr' id='par_1_1' title="bbox 227 470 380 535">
     <span class='ocr_line' id='line_1_1' title="bbox 227 470 380 535; baseline -0.02 -2"><span class='ocrx_word' id='word_1_1' title='bbox 227 470 380 535; x_wconf 84' lang='grc'><strong>1117</strong></span> 
     </span>
    </p>
   </div>
   <div class='ocr_carea' id='block_1_2' title="bbox 1400 466 2454 534">
    <p class='ocr_par' dir='ltr' id='par_1_2' title="bbox 1400 466 2454 534">
     <span class='ocr_line' id='line_1_2' title="bbox 1400 466 2454 534; baseline -0.001 -2"><span class='ocrx_word' id='word_1_2' title='bbox 1400 467 1901 534; x_wconf 67' lang='lat' dir='ltr'>BREVIARIUM</span> <span class='ocrx_word' id='word_1_3' title='bbox 1945 466 2023 531; x_wconf 84' lang='lat' dir='ltr'>IN</span> <span class='ocrx_word' id='word_1_4' title='bbox 2068 470 2454 534; x_wconf 78' lang='lat' dir='ltr'>PSALMUS.</span> 
     </span>
    </p>
   </div>
   <div class='ocr_carea' id='block_1_3' title="bbox 3474 461 3631 528">
    <p class='ocr_par' dir='ltr' id='par_1_3' title="bbox 3474 461 3631 528">
     <span class='ocr_line' id='line_1_3' title="bbox 3474 461 3631 528; baseline -0.006 0"><span class='ocrx_word' id='word_1_5' title='bbox 3474 461 3631 528; x_wconf 86' lang='grc'><strong>1118</strong></span> 
     </span>
    </p>
   </div>
   <div class='ocr_carea' id='block_1_4' title="bbox 229 600 3630 680">
    <p class='ocr_par' dir='ltr' id='par_1_4' title="bbox 229 600 3630 680">
     <span class='ocr_line' id='line_1_4' title="bbox 229 600 3630 680; baseline -0.002 -17"><span class='ocrx_word' id='word_1_6' title='bbox 229 605 382 680; x_wconf 87' lang='lat' dir='ltr'>regis</span> <span class='ocrx_word' id='word_1_7' title='bbox 419 603 663 678; x_wconf 77' lang='lat' dir='ltr'>virginis</span> <span class='ocrx_word' id='word_1_8' title='bbox 712 604 1084 678; x_wconf 80' lang='lat' dir='ltr'>incorruptae,</span> <span class='ocrx_word' id='word_1_9' title='bbox 1116 603 1235 661; x_wconf 85' lang='lat' dir='ltr'>sive</span> <span class='ocrx_word' id='word_1_10' title='bbox 1263 604 1498 661; x_wconf 77' lang='lat' dir='ltr'>Ecleciae</span> <span class='ocrx_word' id='word_1_11' title='bbox 1547 609 1760 660; x_wconf 84' lang='lat' dir='ltr'>sanctae</span> <span class='ocrx_word' id='word_1_12' title='bbox 1807 621 1876 660; x_wconf 83' lang='lat' dir='ltr'>ex</span> <span class='ocrx_word' id='word_1_13' title='bbox 1904 605 1959 672; x_wconf 83' lang='grc' dir='ltr'><strong>Α</strong></span> <span class='ocrx_word' id='word_1_14' title='bbox 1988 605 2325 680; x_wconf 90' lang='lat' dir='ltr'>polluerunt</span> <span class='ocrx_word' id='word_1_15' title='bbox 2354 604 2641 678; x_wconf 83' lang='lat' dir='ltr'>templum</span> <span class='ocrx_word' id='word_1_16' title='bbox 2672 604 2940 660; x_wconf 88' lang='lat' dir='ltr'>sanctum</span> <span class='ocrx_word' id='word_1_17' title='bbox 2977 604 3166 658; x_wconf 89' lang='lat' dir='ltr'>tuum.</span> <span class='ocrx_word' id='word_1_18' title='bbox 3197 600 3510 674; x_wconf 83' lang='lat' dir='ltr'>Apostolus</span> <span class='ocrx_word' id='word_1_19' title='bbox 3540 601 3630 657; x_wconf 91' lang='lat' dir='ltr'>di-</span> 
     </span>
    </p>
   </div>
   <div class='ocr_carea' id='block_1_5' title="bbox 230 695 796 770">
    <p class='ocr_par' dir='ltr' id='par_1_5' title="bbox 230 695 796 770">
     <span class='ocr_line' id='line_1_5' title="bbox 230 695 796 770; baseline -0.004 -18"><span class='ocrx_word' id='word_1_20' title='bbox 230 695 500 770; x_wconf 88' lang='lat' dir='ltr'>gentibus</span> <span class='ocrx_word' id='word_1_21' title='bbox 529 700 796 750; x_wconf 70' lang='lat' dir='ltr'>avocatae.</span> 
     </span>
    </p>
   </div>
   <div class='ocr_carea' id='block_1_6' title="bbox 308 784 1878 856">
    <p class='ocr_par' dir='ltr' id='par_1_6' title="bbox 308 784 1878 856">
     <span class='ocr_line' id='line_1_6' title="bbox 308 784 1878 856; baseline -0.001 -16"><span class='ocrx_word' id='word_1_22' title='bbox 308 810 327 834; x_wconf 78' lang='grc' dir='ltr'>ει</span> <span class='ocrx_word' id='word_1_23' title='bbox 365 784 632 840; x_wconf 78' lang='lat' dir='ltr'>Tradidit</span> <span class='ocrx_word' id='word_1_24' title='bbox 677 785 738 838; x_wconf 90' lang='lat' dir='ltr'>in</span> <span class='ocrx_word' id='word_1_25' title='bbox 787 784 1182 856; x_wconf 76' lang='lat' dir='ltr'>captivitatem</span> <span class='ocrx_word' id='word_1_26' title='bbox 1231 784 1502 839; x_wconf 79' lang='lat' dir='ltr'>virtutem</span> <span class='ocrx_word' id='word_1_27' title='bbox 1552 800 1774 853; x_wconf 91' lang='lat' dir='ltr'>eorum,</span> <span class='ocrx_word' id='word_1_28' title='bbox 1822 787 1878 839; x_wconf 87' lang='lat' dir='ltr'>et</span> 
     </span>
    </p>
   </div>
   <div class='ocr_carea' id='block_1_7' title="bbox 231 872 1876 947">
    <p class='ocr_par' dir='ltr' id='par_1_7' title="bbox 231 872 1876 947">
     <span class='ocr_line' id='line_1_7' title="bbox 231 872 1876 947; baseline -0.002 -18"><span class='ocrx_word' id='word_1_29' title='bbox 231 873 730 947; x_wconf 82' lang='lat' dir='ltr'>pulchritudinem</span> <span class='ocrx_word' id='word_1_30' title='bbox 761 890 963 929; x_wconf 89' lang='lat' dir='ltr'>eorum</span> <span class='ocrx_word' id='word_1_31' title='bbox 997 874 1055 927; x_wconf 90' lang='lat' dir='ltr'>in</span> <span class='ocrx_word' id='word_1_32' title='bbox 1097 890 1305 928; x_wconf 90' lang='lat' dir='ltr'>manus</span> <span class='ocrx_word' id='word_1_33' title='bbox 1349 872 1571 927; x_wconf 89' lang='lat' dir='ltr'>inimici</span> <span class='ocrx_word' id='word_1_34' title='bbox 1604 890 1616 926; x_wconf 93' lang='lat'><strong>:</strong></span> <span class='ocrx_word' id='word_1_35' title='bbox 1652 878 1708 927; x_wconf 91' lang='lat' dir='ltr'>et</span> <span class='ocrx_word' id='word_1_36' title='bbox 1736 889 1876 927; x_wconf 91' lang='lat' dir='ltr'>con-</span> 
     </span>
    </p>
   </div>
   <div class='ocr_carea' id='block_1_8' title="bbox 232 961 1875 1034">
    <p class='ocr_par' dir='ltr' id='par_1_8' title="bbox 232 961 1875 1034">
     <span class='ocr_line' id='line_1_8' title="bbox 232 961 1875 1034; baseline -0.004 -14"><span class='ocrx_word' id='word_1_37' title='bbox 232 963 495 1020; x_wconf 89' lang='lat' dir='ltr'>clusitin</span> <span class='ocrx_word' id='word_1_38' title='bbox 527 961 720 1034; x_wconf 88' lang='lat' dir='ltr'>gladio</span> <span class='ocrx_word' id='word_1_39' title='bbox 779 962 1062 1034; x_wconf 88' lang='lat' dir='ltr'>populum</span> <span class='ocrx_word' id='word_1_40' title='bbox 1119 978 1316 1032; x_wconf 88' lang='lat' dir='ltr'>suum,</span> <span class='ocrx_word' id='word_1_41' title='bbox 1368 966 1424 1016; x_wconf 91' lang='lat' dir='ltr'>et</span> <span class='ocrx_word' id='word_1_42' title='bbox 1477 961 1875 1016; x_wconf 79' lang='lat' dir='ltr'>haereditatem</span> 
     </span>
    </p>
   </div>
   <div class='ocr_carea' id='block_1_9' title="bbox 232 1049 1877 1123">
    <p class='ocr_par' dir='ltr' id='par_1_9' title="bbox 232 1049 1877 1123">
     <span class='ocr_line' id='line_1_9' title="bbox 232 1049 1877 1123; baseline -0.003 -15"><span class='ocrx_word' id='word_1_43' title='bbox 232 1069 399 1108; x_wconf 91' lang='lat' dir='ltr'>suam</span> <span class='ocrx_word' id='word_1_44' title='bbox 457 1051 695 1123; x_wconf 84' lang='lat' dir='ltr'>sprevit.</span> <span class='ocrx_word' id='word_1_45' title='bbox 752 1051 1004 1106; x_wconf 90' lang='lat' dir='ltr'>Juvenes</span> <span class='ocrx_word' id='word_1_46' title='bbox 1063 1067 1284 1121; x_wconf 90' lang='lat' dir='ltr'>eorum,</span> <span class='ocrx_word' id='word_1_47' title='bbox 1331 1073 1357 1098; x_wconf 88' lang='grc'>››</span> <span class='ocrx_word' id='word_1_48' title='bbox 1408 1054 1514 1106; x_wconf 88' lang='lat' dir='ltr'>etc.</span> <span class='ocrx_word' id='word_1_49' title='bbox 1576 1049 1877 1104; x_wconf 85' lang='lat' dir='ltr'>Manifeste</span> 
     </span>
    </p>
   </div>
   <div class='ocr_carea' id='block_1_10' title="bbox 229 1137 1877 1211">
    <p class='ocr_par' dir='ltr' id='par_1_10' title="bbox 229 1137 1877 1211">
     <span class='ocr_line' id='line_1_10' title="bbox 229 1137 1877 1211; baseline -0.002 -16"><span class='ocrx_word' id='word_1_50' title='bbox 229 1139 348 1196; x_wconf 70' lang='lat' dir='ltr'>haec</span> <span class='ocrx_word' id='word_1_51' title='bbox 374 1138 666 1194; x_wconf 82' lang='lat' dir='ltr'>excidium</span> <span class='ocrx_word' id='word_1_52' title='bbox 700 1138 846 1193; x_wconf 91' lang='lat' dir='ltr'>illud</span> <span class='ocrx_word' id='word_1_53' title='bbox 879 1139 1036 1209; x_wconf 90' lang='lat' dir='ltr'>quod</span> <span class='ocrx_word' id='word_1_54' title='bbox 1066 1138 1124 1193; x_wconf 93' lang='lat' dir='ltr'>in</span> <span class='ocrx_word' id='word_1_55' title='bbox 1159 1138 1575 1211; x_wconf 79' lang='lat' dir='ltr'>Hierosolymis</span> <span class='ocrx_word' id='word_1_56' title='bbox 1610 1139 1720 1194; x_wconf 86' lang='lat' dir='ltr'>sub</span> <span class='ocrx_word' id='word_1_57' title='bbox 1752 1137 1877 1192; x_wconf 90' lang='lat' dir='ltr'>Tito</span> 
     </span>
    </p>
   </div>
   <div class='ocr_carea' id='block_1_11' title="bbox 228 1226 1880 1300">
    <p class='ocr_par' dir='ltr' id='par_1_11' title="bbox 228 1226 1880 1300">
     <span class='ocr_line' id='line_1_11' title="bbox 228 1226 1880 1300; baseline -0.003 -16"><span class='ocrx_word' id='word_1_58' title='bbox 228 1228 705 1300; x_wconf 85' lang='lat' dir='ltr'>Vespasianoque</span> <span class='ocrx_word' id='word_1_59' title='bbox 761 1232 954 1282; x_wconf 90' lang='lat' dir='ltr'>actum</span> <span class='ocrx_word' id='word_1_60' title='bbox 1013 1232 1130 1294; x_wconf 90' lang='lat' dir='ltr'>est,</span> <span class='ocrx_word' id='word_1_61' title='bbox 1190 1228 1557 1299; x_wconf 67' lang='lat' dir='ltr'>prisconavit.</span> <span class='ocrx_word' id='word_1_62' title='bbox 1619 1229 1688 1281; x_wconf 88' lang='lat' dir='ltr'>Et</span> <span class='ocrx_word' id='word_1_63' title='bbox 1741 1226 1880 1297; x_wconf 84' lang='lat' dir='ltr'>quia</span> 
     </span>
    </p>
   </div>
   <div class='ocr_carea' id='block_1_12' title="bbox 228 1315 1876 1389">
    <p class='ocr_par' dir='ltr' id='par_1_12' title="bbox 228 1315 1876 1389">
     <span class='ocr_line' id='line_1_12' title="bbox 228 1315 1876 1389; baseline -0.003 -16"><span class='ocrx_word' id='word_1_64' title='bbox 228 1321 511 1388; x_wconf 88' lang='lat' dir='ltr'>tanquam</span> <span class='ocrx_word' id='word_1_65' title='bbox 544 1322 673 1372; x_wconf 89' lang='lat' dir='ltr'>acta</span> <span class='ocrx_word' id='word_1_66' title='bbox 727 1317 952 1387; x_wconf 89' lang='lat' dir='ltr'>agenda</span> <span class='ocrx_word' id='word_1_67' title='bbox 1001 1315 1282 1389; x_wconf 62' lang='lat' dir='ltr'>praedixit,</span> <span class='ocrx_word' id='word_1_68' title='bbox 1318 1315 1536 1370; x_wconf 84' lang='lat' dir='ltr'>noverit</span> <span class='ocrx_word' id='word_1_69' title='bbox 1569 1317 1667 1387; x_wconf 88' lang='lat' dir='ltr'>qui</span> <span class='ocrx_word' id='word_1_70' title='bbox 1717 1315 1876 1387; x_wconf 83' lang='lat' dir='ltr'>legit,</span> 
     </span>
    </p>
   </div>
   <div class='ocr_carea' id='block_1_13' title="bbox 231 1403 1878 1477">
    <p class='ocr_par' dir='ltr' id='par_1_13' title="bbox 231 1403 1878 1477">
     <span class='ocr_line' id='line_1_13' title="bbox 231 1403 1878 1477; baseline -0.001 -17"><span class='ocrx_word' id='word_1_71' title='bbox 231 1405 366 1477; x_wconf 88' lang='lat' dir='ltr'>quia</span> <span class='ocrx_word' id='word_1_72' title='bbox 397 1405 553 1476; x_wconf 89' lang='lat' dir='ltr'>apud</span> <span class='ocrx_word' id='word_1_73' title='bbox 577 1404 758 1460; x_wconf 89' lang='lat' dir='ltr'>Deum</span> <span class='ocrx_word' id='word_1_74' title='bbox 785 1406 980 1460; x_wconf 86' lang='lat' dir='ltr'>futura</span> <span class='ocrx_word' id='word_1_75' title='bbox 1000 1406 1124 1475; x_wconf 87' lang='lat' dir='ltr'>jam</span> <span class='ocrx_word' id='word_1_76' title='bbox 1156 1405 1308 1459; x_wconf 87' lang='lat' dir='ltr'>facta</span> <span class='ocrx_word' id='word_1_77' title='bbox 1331 1409 1487 1459; x_wconf 90' lang='lat' dir='ltr'>sunt.</span> <span class='ocrx_word' id='word_1_78' title='bbox 1507 1405 1617 1458; x_wconf 85' lang='lat' dir='ltr'>Sed</span> <span class='ocrx_word' id='word_1_79' title='bbox 1651 1403 1878 1458; x_wconf 80' lang='lat' dir='ltr'>utinam</span> 
     </span>
    </p>
   </div>
   <div class='ocr_carea' id='block_1_14' title="bbox 229 1493 1879 1564">
    <p class='ocr_par' dir='ltr' id='par_1_14' title="bbox 229 1493 1879 1564">
     <span class='ocr_line' id='line_1_14' title="bbox 229 1493 1879 1564; baseline -0.002 -14"><span class='ocrx_word' id='word_1_80' title='bbox 229 1499 284 1550; x_wconf 91' lang='lat' dir='ltr'>et</span> <span class='ocrx_word' id='word_1_81' title='bbox 313 1495 370 1549; x_wconf 93' lang='lat' dir='ltr'>in</span> <span class='ocrx_word' id='word_1_82' title='bbox 409 1493 576 1549; x_wconf 89' lang='lat' dir='ltr'>nobis</span> <span class='ocrx_word' id='word_1_83' title='bbox 616 1494 758 1559; x_wconf 62' lang='lat' dir='ltr'>haec,</span> <span class='ocrx_word' id='word_1_84' title='bbox 802 1493 1046 1549; x_wconf 90' lang='lat' dir='ltr'>Domino</span> <span class='ocrx_word' id='word_1_85' title='bbox 1079 1498 1446 1564; x_wconf 82' lang='lat' dir='ltr'>cooperante,</span> <span class='ocrx_word' id='word_1_86' title='bbox 1483 1494 1602 1563; x_wconf 87' lang='lat' dir='ltr'>fiat,</span> <span class='ocrx_word' id='word_1_87' title='bbox 1637 1496 1701 1546; x_wconf 93' lang='lat' dir='ltr'>ut</span> <span class='ocrx_word' id='word_1_88' title='bbox 1739 1508 1879 1547; x_wconf 91' lang='lat' dir='ltr'>con-</span> 
     </span>
    </p>
   </div>
   <div class='ocr_carea' id='block_1_15' title="bbox 229 1582 1876 1656">
    <p class='ocr_par' dir='ltr' id='par_1_15' title="bbox 229 1582 1876 1656">
     <span class='ocr_line' id='line_1_15' title="bbox 229 1582 1876 1656; baseline -0.004 -16"><span class='ocrx_word' id='word_1_89' title='bbox 229 1584 590 1656; x_wconf 90' lang='lat' dir='ltr'>cupiscentia</span> <span class='ocrx_word' id='word_1_90' title='bbox 647 1583 903 1650; x_wconf 86' lang='lat' dir='ltr'>decidat,</span> <span class='ocrx_word' id='word_1_91' title='bbox 965 1588 1157 1637; x_wconf 90' lang='lat' dir='ltr'>erecta</span> <span class='ocrx_word' id='word_1_92' title='bbox 1230 1587 1516 1654; x_wconf 83' lang='lat' dir='ltr'>potestate</span> <span class='ocrx_word' id='word_1_93' title='bbox 1569 1582 1876 1636; x_wconf 87' lang='lat' dir='ltr'>virtutum.</span> 
     </span>
    </p>
   </div>
   <div class='ocr_carea' id='block_1_16' title="bbox 229 1670 1880 1743">
    <p class='ocr_par' dir='ltr' id='par_1_16' title="bbox 229 1670 1880 1743">
     <span class='ocr_line' id='line_1_16' title="bbox 229 1670 1880 1743; baseline -0.003 -15"><span class='ocrx_word' id='word_1_94' title='bbox 229 1673 440 1728; x_wconf 86' lang='lat' dir='ltr'>Forma</span> <span class='ocrx_word' id='word_1_95' title='bbox 472 1671 655 1743; x_wconf 91' lang='lat' dir='ltr'>iniqui</span> <span class='ocrx_word' id='word_1_96' title='bbox 691 1672 912 1727; x_wconf 91' lang='lat' dir='ltr'>amoris</span> <span class='ocrx_word' id='word_1_97' title='bbox 943 1675 1196 1739; x_wconf 88' lang='lat' dir='ltr'>corruat,</span> <span class='ocrx_word' id='word_1_98' title='bbox 1231 1676 1422 1726; x_wconf 87' lang='lat' dir='ltr'>erecta</span> <span class='ocrx_word' id='word_1_99' title='bbox 1454 1670 1720 1725; x_wconf 68' lang='lat' dir='ltr'>Ecclesiae</span> <span class='ocrx_word' id='word_1_100' title='bbox 1754 1670 1880 1742; x_wconf 89' lang='lat' dir='ltr'>pul-</span> 
     </span>
    </p>
   </div>
   <div class='ocr_carea' id='block_1_17' title="bbox 231 1757 1881 1832">
    <p class='ocr_par' dir='ltr' id='par_1_17' title="bbox 231 1757 1881 1832">
     <span class='ocr_line' id='line_1_17' title="bbox 231 1757 1881 1832; baseline -0.003 -15"><span class='ocrx_word' id='word_1_101' title='bbox 231 1761 584 1817; x_wconf 88' lang='lat' dir='ltr'>chritudine.</span> <span class='ocrx_word' id='word_1_102' title='bbox 634 1761 1016 1816; x_wconf 88' lang='lat' dir='ltr'>Interimatur</span> <span class='ocrx_word' id='word_1_103' title='bbox 1063 1760 1315 1832; x_wconf 91' lang='lat' dir='ltr'>populus</span> <span class='ocrx_word' id='word_1_104' title='bbox 1362 1760 1660 1826; x_wconf 90' lang='lat' dir='ltr'>vitiorum,</span> <span class='ocrx_word' id='word_1_105' title='bbox 1697 1757 1881 1814; x_wconf 84' lang='lat' dir='ltr'>vivifi-</span> 
     </span>
    </p>
   </div>
   <div class='ocr_carea' id='block_1_18' title="bbox 233 1849 1882 1921">
    <p class='ocr_par' dir='ltr' id='par_1_18' title="bbox 233 1849 1882 1921">
     <span class='ocr_line' id='line_1_18' title="bbox 233 1849 1882 1921; baseline -0.002 -15"><span class='ocrx_word' id='word_1_106' title='bbox 233 1856 359 1907; x_wconf 85' lang='lat' dir='ltr'>cata</span> <span class='ocrx_word' id='word_1_107' title='bbox 385 1851 807 1906; x_wconf 88' lang='lat' dir='ltr'>numerositate</span> <span class='ocrx_word' id='word_1_108' title='bbox 828 1850 1130 1904; x_wconf 89' lang='lat' dir='ltr'>virtutum.</span> <span class='ocrx_word' id='word_1_109' title='bbox 1160 1853 1490 1921; x_wconf 84' lang='lat' dir='ltr'>Respuatur</span> <span class='ocrx_word' id='word_1_110' title='bbox 1511 1854 1740 1904; x_wconf 90' lang='lat' dir='ltr'>terrena</span> <span class='ocrx_word' id='word_1_111' title='bbox 1771 1849 1882 1903; x_wconf 69' lang='lat' dir='ltr'>haz-</span> 
     </span>
    </p>
   </div>
   <div class='ocr_carea' id='block_1_19' title="bbox 232 1937 1879 2012">
    <p class='ocr_par' dir='ltr' id='par_1_19' title="bbox 232 1937 1879 2012">
     <span class='ocr_line' id='line_1_19' title="bbox 232 1937 1879 2012; baseline -0.002 -18"><span class='ocrx_word' id='word_1_112' title='bbox 232 1940 473 2009; x_wconf 75' lang='lat' dir='ltr'>reditas,</span> <span class='ocrx_word' id='word_1_113' title='bbox 533 1939 873 2011; x_wconf 88' lang='lat' dir='ltr'>acquiratur</span> <span class='ocrx_word' id='word_1_114' title='bbox 931 1955 1176 2012; x_wconf 84' lang='lat' dir='ltr'>regnum</span> <span class='ocrx_word' id='word_1_115' title='bbox 1236 1939 1357 1993; x_wconf 89' lang='lat' dir='ltr'>Dei.</span> <span class='ocrx_word' id='word_1_116' title='bbox 1406 1937 1788 2004; x_wconf 89' lang='lat' dir='ltr'>Juvcnculus,</span> <span class='ocrx_word' id='word_1_117' title='bbox 1823 1937 1879 1991; x_wconf 88' lang='lat' dir='ltr'>id</span> 
     </span>
    </p>
   </div>
   <div class='ocr_carea' id='block_1_20' title="bbox 232 2027 1883 2100">
    <p class='ocr_par' dir='ltr' id='par_1_20' title="bbox 232 2027 1883 2100">
     <span class='ocr_line' id='line_1_20' title="bbox 232 2027 1883 2100; baseline -0.002 -16"><span class='ocrx_word' id='word_1_118' title='bbox 232 2033 337 2096; x_wconf 88' lang='lat' dir='ltr'>est,</span> <span class='ocrx_word' id='word_1_119' title='bbox 370 2028 658 2100; x_wconf 84' lang='lat' dir='ltr'>incipiens</span> <span class='ocrx_word' id='word_1_120' title='bbox 707 2033 1032 2100; x_wconf 83' lang='lat' dir='ltr'>peccatum,</span> <span class='ocrx_word' id='word_1_121' title='bbox 1068 2045 1101 2082; x_wconf 90' lang='lat' dir='ltr'>a</span> <span class='ocrx_word' id='word_1_122' title='bbox 1131 2028 1342 2082; x_wconf 88' lang='lat' dir='ltr'>virtute</span> <span class='ocrx_word' id='word_1_123' title='bbox 1395 2028 1580 2082; x_wconf 87' lang='lat' dir='ltr'>sancti</span> <span class='ocrx_word' id='word_1_124' title='bbox 1630 2027 1883 2098; x_wconf 89' lang='lat' dir='ltr'>Spiritus</span> 
     </span>
    </p>
   </div>
   <div class='ocr_carea' id='block_1_21' title="bbox 232 2115 1885 2188">
    <p class='ocr_par' dir='ltr' id='par_1_21' title="bbox 232 2115 1885 2188">
     <span class='ocr_line' id='line_1_21' title="bbox 232 2115 1885 2188; baseline -0.002 -16"><span class='ocrx_word' id='word_1_125' title='bbox 232 2121 528 2181; x_wconf 80' lang='lat' dir='ltr'>exuratur,</span> <span class='ocrx_word' id='word_1_126' title='bbox 563 2121 619 2172; x_wconf 91' lang='lat' dir='ltr'>et</span> <span class='ocrx_word' id='word_1_127' title='bbox 647 2118 808 2188; x_wconf 91' lang='lat' dir='ltr'>virgo</span> <span class='ocrx_word' id='word_1_128' title='bbox 836 2117 1034 2172; x_wconf 90' lang='lat' dir='ltr'>anima</span> <span class='ocrx_word' id='word_1_129' title='bbox 1064 2115 1398 2170; x_wconf 71' lang='lat' dir='ltr'>collactetur.</span> <span class='ocrx_word' id='word_1_130' title='bbox 1432 2117 1767 2169; x_wconf 87' lang='lat' dir='ltr'>Incentores</span> <span class='ocrx_word' id='word_1_131' title='bbox 1795 2115 1885 2169; x_wconf 86' lang='lat' dir='ltr'>vi--</span> 
     </span>
    </p>
   </div>
   <div class='ocr_carea' id='block_1_22' title="bbox 231 2204 1887 2277">
    <p class='ocr_par' dir='ltr' id='par_1_22' title="bbox 231 2204 1887 2277">
     <span class='ocr_line' id='line_1_22' title="bbox 231 2204 1887 2277; baseline -0.003 -16"><span class='ocrx_word' id='word_1_132' title='bbox 231 2205 474 2273; x_wconf 86' lang='lat' dir='ltr'>tiorum,</span> <span class='ocrx_word' id='word_1_133' title='bbox 506 2205 724 2277; x_wconf 91' lang='lat' dir='ltr'>gladio,</span> <span class='ocrx_word' id='word_1_134' title='bbox 779 2205 836 2258; x_wconf 89' lang='lat' dir='ltr'>id</span> <span class='ocrx_word' id='word_1_135' title='bbox 885 2209 995 2270; x_wconf 88' lang='lat' dir='ltr'>est,</span> <span class='ocrx_word' id='word_1_136' title='bbox 1029 2206 1202 2259; x_wconf 90' lang='lat' dir='ltr'>verbo</span> <span class='ocrx_word' id='word_1_137' title='bbox 1256 2204 1352 2259; x_wconf 90' lang='lat' dir='ltr'>Dei</span> <span class='ocrx_word' id='word_1_138' title='bbox 1400 2204 1784 2271; x_wconf 87' lang='lat' dir='ltr'>trucidentur,</span> <span class='ocrx_word' id='word_1_139' title='bbox 1821 2205 1887 2257; x_wconf 89' lang='lat' dir='ltr'>ut</span> 
     </span>
    </p>
   </div>
   <div class='ocr_carea' id='block_1_23' title="bbox 232 2291 1739 2351">
    <p class='ocr_par' dir='ltr' id='par_1_23' title="bbox 232 2291 1739 2351">
     <span class='ocr_line' id='line_1_23' title="bbox 232 2291 1739 2351; baseline -0.004 0"><span class='ocrx_word' id='word_1_140' title='bbox 232 2294 528 2351; x_wconf 85' lang='lat' dir='ltr'>exsultent</span> <span class='ocrx_word' id='word_1_141' title='bbox 559 2298 790 2349; x_wconf 87' lang='lat' dir='ltr'>mentes</span> <span class='ocrx_word' id='word_1_142' title='bbox 822 2294 892 2348; x_wconf 90' lang='lat' dir='ltr'>ab</span> <span class='ocrx_word' id='word_1_143' title='bbox 924 2293 1018 2348; x_wconf 91' lang='lat' dir='ltr'>his</span> <span class='ocrx_word' id='word_1_144' title='bbox 1049 2293 1293 2348; x_wconf 80' lang='lat' dir='ltr'>viduatae</span> <span class='ocrx_word' id='word_1_145' title='bbox 1325 2309 1458 2347; x_wconf 90' lang='lat' dir='ltr'>cum</span> <span class='ocrx_word' id='word_1_146' title='bbox 1489 2291 1739 2346; x_wconf 87' lang='lat' dir='ltr'>Christo.</span> 
     </span>
    </p>
   </div>
   <div class='ocr_carea' id='block_1_24' title="bbox 308 2380 1885 2452">
    <p class='ocr_par' dir='ltr' id='par_1_24' title="bbox 308 2380 1885 2452">
     <span class='ocr_line' id='line_1_24' title="bbox 308 2380 1885 2452; baseline -0.001 -15"><span class='ocrx_word' id='word_1_147' title='bbox 308 2404 337 2432; x_wconf 90' lang='grc'>‹‹</span> <span class='ocrx_word' id='word_1_148' title='bbox 369 2383 440 2437; x_wconf 92' lang='lat' dir='ltr'>Et</span> <span class='ocrx_word' id='word_1_149' title='bbox 474 2381 758 2437; x_wconf 84' lang='lat' dir='ltr'>excitatus</span> <span class='ocrx_word' id='word_1_150' title='bbox 809 2386 898 2437; x_wconf 90' lang='lat' dir='ltr'>est</span> <span class='ocrx_word' id='word_1_151' title='bbox 939 2386 1219 2452; x_wconf 89' lang='lat' dir='ltr'>tanquam</span> <span class='ocrx_word' id='word_1_152' title='bbox 1252 2381 1548 2436; x_wconf 88' lang='lat' dir='ltr'>dormiens</span> <span class='ocrx_word' id='word_1_153' title='bbox 1582 2380 1885 2448; x_wconf 88' lang='lat' dir='ltr'>Dominus,</span> 
     </span>
    </p>
   </div>
   <div class='ocr_carea' id='block_1_25' title="bbox 232 2468 1888 2542">
    <p class='ocr_par' dir='ltr' id='par_1_25' title="bbox 232 2468 1888 2542">
     <span class='ocr_line' id='line_1_25' title="bbox 232 2468 1888 2542; baseline -0.001 -18"><span class='ocrx_word' id='word_1_154' title='bbox 232 2474 518 2541; x_wconf 85' lang='lat' dir='ltr'>tanquam</span> <span class='ocrx_word' id='word_1_155' title='bbox 575 2474 782 2542; x_wconf 88' lang='lat' dir='ltr'>potens</span> <span class='ocrx_word' id='word_1_156' title='bbox 834 2470 1174 2542; x_wconf 91' lang='lat' dir='ltr'>crapulatus</span> <span class='ocrx_word' id='word_1_157' title='bbox 1223 2487 1255 2524; x_wconf 91' lang='lat' dir='ltr'>a</span> <span class='ocrx_word' id='word_1_158' title='bbox 1305 2469 1458 2536; x_wconf 88' lang='lat' dir='ltr'>vino,</span> <span class='ocrx_word' id='word_1_159' title='bbox 1493 2474 1549 2524; x_wconf 89' lang='lat' dir='ltr'>et</span> <span class='ocrx_word' id='word_1_160' title='bbox 1600 2468 1888 2541; x_wconf 84' lang='lat' dir='ltr'>percussit</span> 
     </span>
    </p>
   </div>
   <div class='ocr_carea' id='block_1_26' title="bbox 232 2557 1889 2630">
    <p class='ocr_par' dir='ltr' id='par_1_26' title="bbox 232 2557 1889 2630">
     <span class='ocr_line' id='line_1_26' title="bbox 232 2557 1889 2630; baseline -0.001 -18"><span class='ocrx_word' id='word_1_161' title='bbox 232 2558 508 2612; x_wconf 90' lang='lat' dir='ltr'>inimicos</span> <span class='ocrx_word' id='word_1_162' title='bbox 540 2575 678 2613; x_wconf 90' lang='lat' dir='ltr'>suos</span> <span class='ocrx_word' id='word_1_163' title='bbox 709 2558 768 2612; x_wconf 89' lang='lat' dir='ltr'>in</span> <span class='ocrx_word' id='word_1_164' title='bbox 801 2559 1147 2630; x_wconf 88' lang='lat' dir='ltr'>posteriora,</span> <span class='ocrx_word' id='word_1_165' title='bbox 1181 2559 1559 2630; x_wconf 89' lang='lat' dir='ltr'>opprobrium</span> <span class='ocrx_word' id='word_1_166' title='bbox 1587 2557 1889 2629; x_wconf 90' lang='lat' dir='ltr'>sempiter-</span> 
     </span>
    </p>
   </div>
   <div class='ocr_carea' id='block_1_27' title="bbox 235 2645 1884 2717">
    <p class='ocr_par' dir='ltr' id='par_1_27' title="bbox 235 2645 1884 2717">
     <span class='ocr_line' id='line_1_27' title="bbox 235 2645 1884 2717; baseline -0.002 -15"><span class='ocrx_word' id='word_1_167' title='bbox 235 2663 379 2702; x_wconf 88' lang='lat' dir='ltr'>num</span> <span class='ocrx_word' id='word_1_168' title='bbox 432 2647 592 2701; x_wconf 87' lang='lat' dir='ltr'>dedit</span> <span class='ocrx_word' id='word_1_169' title='bbox 649 2647 812 2702; x_wconf 87' lang='lat' dir='ltr'>eis.»</span> <span class='ocrx_word' id='word_1_170' title='bbox 862 2647 934 2702; x_wconf 89' lang='lat' dir='ltr'>Ut</span> <span class='ocrx_word' id='word_1_171' title='bbox 980 2646 1275 2702; x_wconf 90' lang='lat' dir='ltr'>dormiens</span> <span class='ocrx_word' id='word_1_172' title='bbox 1325 2650 1383 2700; x_wconf 92' lang='lat' dir='ltr'>et</span> <span class='ocrx_word' id='word_1_173' title='bbox 1440 2646 1607 2717; x_wconf 88' lang='lat' dir='ltr'>quasi</span> <span class='ocrx_word' id='word_1_174' title='bbox 1664 2645 1884 2716; x_wconf 90' lang='lat' dir='ltr'>ebrius,</span> 
     </span>
    </p>
   </div>
   <div class='ocr_carea' id='block_1_28' title="bbox 234 2735 1884 2805">
    <p class='ocr_par' dir='ltr' id='par_1_28' title="bbox 234 2735 1884 2805">
     <span class='ocr_line' id='line_1_28' title="bbox 234 2735 1884 2805; baseline -0.001 -15"><span class='ocrx_word' id='word_1_175' title='bbox 234 2735 488 2790; x_wconf 89' lang='lat' dir='ltr'>habetur</span> <span class='ocrx_word' id='word_1_176' title='bbox 544 2735 827 2790; x_wconf 89' lang='lat' dir='ltr'>Dominus</span> <span class='ocrx_word' id='word_1_177' title='bbox 889 2736 944 2788; x_wconf 91' lang='lat' dir='ltr'>in</span> <span class='ocrx_word' id='word_1_178' title='bbox 995 2735 1272 2790; x_wconf 87' lang='lat' dir='ltr'>cordibus</span> <span class='ocrx_word' id='word_1_179' title='bbox 1329 2735 1689 2805; x_wconf 89' lang='lat' dir='ltr'>iniquorum.</span> <span class='ocrx_word' id='word_1_180' title='bbox 1739 2736 1884 2790; x_wconf 82' lang='lat' dir='ltr'>Cum</span> 
     </span>
    </p>
   </div>
   <div class='ocr_carea' id='block_1_29' title="bbox 235 2821 1890 2895">
    <p class='ocr_par' dir='ltr' id='par_1_29' title="bbox 235 2821 1890 2895">
     <span class='ocr_line' id='line_1_29' title="bbox 235 2821 1890 2895; baseline -0.002 -16"><span class='ocrx_word' id='word_1_181' title='bbox 235 2827 432 2879; x_wconf 87' lang='lat' dir='ltr'>autem</span> <span class='ocrx_word' id='word_1_182' title='bbox 483 2821 885 2894; x_wconf 77' lang='lat' dir='ltr'>pmnitentiam</span> <span class='ocrx_word' id='word_1_183' title='bbox 935 2839 1103 2895; x_wconf 88' lang='lat' dir='ltr'>agere</span> <span class='ocrx_word' id='word_1_184' title='bbox 1151 2822 1450 2895; x_wconf 77' lang='lat' dir='ltr'>cmperint,</span> <span class='ocrx_word' id='word_1_185' title='bbox 1484 2823 1786 2878; x_wconf 86' lang='lat' dir='ltr'>excitatur.</span> <span class='ocrx_word' id='word_1_186' title='bbox 1822 2823 1890 2876; x_wconf 88' lang='lat' dir='ltr'>Et</span> 
     </span>
    </p>
   </div>
   <div class='ocr_carea' id='block_1_30' title="bbox 235 2909 1884 2982">
    <p class='ocr_par' dir='ltr' id='par_1_30' title="bbox 235 2909 1884 2982">
     <span class='ocr_line' id='line_1_30' title="bbox 235 2909 1884 2982; baseline 0 -17"><span class='ocrx_word' id='word_1_187' title='bbox 235 2909 532 2982; x_wconf 86' lang='lat' dir='ltr'>percussis</span> <span class='ocrx_word' id='word_1_188' title='bbox 581 2910 734 2965; x_wconf 88' lang='lat' dir='ltr'>vitiis</span> <span class='ocrx_word' id='word_1_189' title='bbox 797 2927 982 2982; x_wconf 88' lang='lat' dir='ltr'>usque</span> <span class='ocrx_word' id='word_1_190' title='bbox 1039 2911 1100 2965; x_wconf 91' lang='lat' dir='ltr'>in</span> <span class='ocrx_word' id='word_1_191' title='bbox 1159 2912 1481 2982; x_wconf 88' lang='lat' dir='ltr'>posteriora</span> <span class='ocrx_word' id='word_1_192' title='bbox 1529 2915 1884 2982; x_wconf 86' lang='lat' dir='ltr'>temporum,</span> 
     </span>
    </p>
   </div>
   <div class='ocr_carea' id='block_1_31' title="bbox 233 2999 1889 3071">
    <p class='ocr_par' dir='ltr' id='par_1_31' title="bbox 233 2999 1889 3071">
     <span class='ocr_line' id='line_1_31' title="bbox 233 2999 1889 3071; baseline -0.001 -17"><span class='ocrx_word' id='word_1_193' title='bbox 233 2999 582 3071; x_wconf 85' lang='lat' dir='ltr'>traditisque</span> <span class='ocrx_word' id='word_1_194' title='bbox 631 3000 690 3053; x_wconf 92' lang='lat' dir='ltr'>in</span> <span class='ocrx_word' id='word_1_195' title='bbox 748 3000 1128 3071; x_wconf 90' lang='lat' dir='ltr'>opprobrium</span> <span class='ocrx_word' id='word_1_196' title='bbox 1189 3000 1635 3071; x_wconf 89' lang='lat' dir='ltr'>sempiternum,</span> <span class='ocrx_word' id='word_1_197' title='bbox 1686 2999 1889 3070; x_wconf 82' lang='lat' dir='ltr'>vigilat</span> 
     </span>
    </p>
   </div>
   <div class='ocr_carea' id='block_1_32' title="bbox 239 3089 434 3144">
    <p class='ocr_par' dir='ltr' id='par_1_32' title="bbox 239 3089 434 3144">
     <span class='ocr_line' id='line_1_32' title="bbox 239 3089 434 3144; baseline 0.01 -2"><span class='ocrx_word' id='word_1_198' title='bbox 239 3089 298 3143; x_wconf 92' lang='lat' dir='ltr'>in</span> <span class='ocrx_word' id='word_1_199' title='bbox 329 3089 434 3144; x_wconf 91' lang='lat' dir='ltr'>eis.</span> 
     </span>
    </p>
   </div>
   <div class='ocr_carea' id='block_1_33' title="bbox 304 3175 1888 3249">
    <p class='ocr_par' dir='ltr' id='par_1_33' title="bbox 304 3175 1888 3249">
     <span class='ocr_line' id='line_1_33' title="bbox 304 3175 1888 3249; baseline 0.002 -21"><span class='ocrx_word' id='word_1_200' title='bbox 304 3200 333 3228; x_wconf 92' lang='grc'>‹‹</span> <span class='ocrx_word' id='word_1_201' title='bbox 366 3178 437 3233; x_wconf 90' lang='lat' dir='ltr'>Et</span> <span class='ocrx_word' id='word_1_202' title='bbox 498 3176 710 3249; x_wconf 91' lang='lat' dir='ltr'>repulit</span> <span class='ocrx_word' id='word_1_203' title='bbox 765 3175 1208 3231; x_wconf 86' lang='lat' dir='ltr'>tabernaculum</span> <span class='ocrx_word' id='word_1_204' title='bbox 1261 3177 1503 3248; x_wconf 89' lang='lat' dir='ltr'>Joseph,</span> <span class='ocrx_word' id='word_1_205' title='bbox 1547 3181 1602 3231; x_wconf 90' lang='lat' dir='ltr'>et</span> <span class='ocrx_word' id='word_1_206' title='bbox 1667 3177 1888 3232; x_wconf 88' lang='lat' dir='ltr'>tribum</span> 
     </span>
    </p>
   </div>
   <div class='ocr_carea' id='block_1_34' title="bbox 237 3264 1891 3337">
    <p class='ocr_par' dir='ltr' id='par_1_34' title="bbox 237 3264 1891 3337">
     <span class='ocr_line' id='line_1_34' title="bbox 237 3264 1891 3337; baseline -0.001 -15"><span class='ocrx_word' id='word_1_207' title='bbox 237 3265 518 3337; x_wconf 88' lang='lat' dir='ltr'>Ephraim</span> <span class='ocrx_word' id='word_1_208' title='bbox 551 3282 664 3320; x_wconf 93' lang='lat' dir='ltr'>non</span> <span class='ocrx_word' id='word_1_209' title='bbox 698 3264 872 3336; x_wconf 86' lang='lat' dir='ltr'>elegit</span> <span class='ocrx_word' id='word_1_210' title='bbox 901 3283 912 3319; x_wconf 95' lang='lat'>:</span> <span class='ocrx_word' id='word_1_211' title='bbox 943 3266 1045 3320; x_wconf 89' lang='lat' dir='ltr'>sed</span> <span class='ocrx_word' id='word_1_212' title='bbox 1078 3265 1252 3337; x_wconf 85' lang='lat' dir='ltr'>elegit</span> <span class='ocrx_word' id='word_1_213' title='bbox 1280 3266 1497 3320; x_wconf 89' lang='lat' dir='ltr'>tribum</span> <span class='ocrx_word' id='word_1_214' title='bbox 1531 3266 1704 3333; x_wconf 90' lang='lat' dir='ltr'>Juda,</span> <span class='ocrx_word' id='word_1_215' title='bbox 1729 3283 1891 3321; x_wconf 85' lang='lat' dir='ltr'>mon-</span> 
     </span>
    </p>
   </div>
   <div class='ocr_carea' id='block_1_35' title="bbox 1987 691 3630 766">
    <p class='ocr_par' dir='ltr' id='par_1_35' title="bbox 1987 691 3630 766">
     <span class='ocr_line' id='line_1_35' title="bbox 1987 691 3630 766; baseline -0.003 -16"><span class='ocrx_word' id='word_1_216' title='bbox 1987 695 2064 750; x_wconf 89' lang='lat' dir='ltr'>cit</span> <span class='ocrx_word' id='word_1_217' title='bbox 2090 714 2102 750; x_wconf 91' lang='lat'><strong>:</strong></span> <span class='ocrx_word' id='word_1_218' title='bbox 2143 700 2246 751; x_wconf 85' lang='lat' dir='ltr'>Vos</span> <span class='ocrx_word' id='word_1_219' title='bbox 2277 697 2404 750; x_wconf 82' lang='lat' dir='ltr'>estis</span> <span class='ocrx_word' id='word_1_220' title='bbox 2435 695 2694 766; x_wconf 84' lang='lat' dir='ltr'>templum</span> <span class='ocrx_word' id='word_1_221' title='bbox 2725 694 2838 761; x_wconf 89' lang='lat' dir='ltr'>Dei,</span> <span class='ocrx_word' id='word_1_222' title='bbox 2860 700 2912 748; x_wconf 91' lang='lat' dir='ltr'>et</span> <span class='ocrx_word' id='word_1_223' title='bbox 2939 691 3176 763; x_wconf 76' lang='lat' dir='ltr'>Spiritus</span> <span class='ocrx_word' id='word_1_224' title='bbox 3207 693 3306 747; x_wconf 87' lang='lat' dir='ltr'>Dei</span> <span class='ocrx_word' id='word_1_225' title='bbox 3334 691 3546 747; x_wconf 85' lang='lat' dir='ltr'>habitat</span> <span class='ocrx_word' id='word_1_226' title='bbox 3569 692 3630 747; x_wconf 82' lang='lat' dir='ltr'>in</span> 
     </span>
    </p>
   </div>
   <div class='ocr_carea' id='block_1_36' title="bbox 1984 779 3630 855">
    <p class='ocr_par' dir='ltr' id='par_1_36' title="bbox 1984 779 3630 855">
     <span class='ocr_line' id='line_1_36' title="bbox 1984 779 3630 855; baseline -0.002 -15"><span class='ocrx_word' id='word_1_227' title='bbox 1984 785 2156 840; x_wconf 81' lang='lat' dir='ltr'>vobis.</span> <span class='ocrx_word' id='word_1_228' title='bbox 2192 784 2250 838; x_wconf 88' lang='lat' dir='ltr'>Si</span> <span class='ocrx_word' id='word_1_229' title='bbox 2277 786 2396 855; x_wconf 84' lang='lat' dir='ltr'>quis</span> <span class='ocrx_word' id='word_1_230' title='bbox 2421 785 2681 855; x_wconf 82' lang='lat' dir='ltr'>templum</span> <span class='ocrx_word' id='word_1_231' title='bbox 2712 784 2807 837; x_wconf 87' lang='lat' dir='ltr'>Dei</span> <span class='ocrx_word' id='word_1_232' title='bbox 2835 781 3142 848; x_wconf 81' lang='lat' dir='ltr'>violaverit,</span> <span class='ocrx_word' id='word_1_233' title='bbox 3167 779 3438 851; x_wconf 67' lang='lat' dir='ltr'>disperdat</span> <span class='ocrx_word' id='word_1_234' title='bbox 3467 781 3630 836; x_wconf 88' lang='lat' dir='ltr'>illum</span> 
     </span>
    </p>
   </div>
   <div class='ocr_carea' id='block_1_37' title="bbox 1986 868 3628 942">
    <p class='ocr_par' dir='ltr' id='par_1_37' title="bbox 1986 868 3628 942">
     <span class='ocr_line' id='line_1_37' title="bbox 1986 868 3628 942; baseline -0.002 -14"><span class='ocrx_word' id='word_1_235' title='bbox 1986 875 2125 928; x_wconf 84' lang='lat' dir='ltr'>Deus</span> <span class='ocrx_word' id='word_1_236' title='bbox 2168 873 2216 941; x_wconf 90' lang='lat' dir='ltr'>(l</span> <span class='ocrx_word' id='word_1_237' title='bbox 2245 874 2365 928; x_wconf 86' lang='lat' dir='ltr'>Cor.</span> <span class='ocrx_word' id='word_1_238' title='bbox 2397 890 2480 939; x_wconf 89' lang='grc' dir='ltr'>ιιι,</span> <span class='ocrx_word' id='word_1_239' title='bbox 2516 874 2622 939; x_wconf 64' lang='lat'>~16).</span> <span class='ocrx_word' id='word_1_240' title='bbox 2673 873 2821 942; x_wconf 86' lang='lat' dir='ltr'>Ergo</span> <span class='ocrx_word' id='word_1_241' title='bbox 2870 870 2916 925; x_wconf 89' lang='lat' dir='ltr'>si</span> <span class='ocrx_word' id='word_1_242' title='bbox 2966 868 3425 925; x_wconf 87' lang='lat' dir='ltr'>increscentibus</span> <span class='ocrx_word' id='word_1_243' title='bbox 3471 869 3628 925; x_wconf 77' lang='lat' dir='ltr'>vitiis</span> 
     </span>
    </p>
   </div>
   <div class='ocr_carea' id='block_1_38' title="bbox 1987 957 3629 1027">
    <p class='ocr_par' dir='ltr' id='par_1_38' title="bbox 1987 957 3629 1027">
     <span class='ocr_line' id='line_1_38' title="bbox 1987 957 3629 1027; baseline -0.003 -10"><span class='ocrx_word' id='word_1_244' title='bbox 1987 961 2318 1017; x_wconf 88' lang='lat' dir='ltr'>succumbit</span> <span class='ocrx_word' id='word_1_245' title='bbox 2349 961 2545 1017; x_wconf 90' lang='lat' dir='ltr'>anima</span> <span class='ocrx_word' id='word_1_246' title='bbox 2575 960 2947 1016; x_wconf 83' lang='lat' dir='ltr'>Christiana:</span> <span class='ocrx_word' id='word_1_247' title='bbox 2981 963 3120 1014; x_wconf 91' lang='lat' dir='ltr'>tunc</span> <span class='ocrx_word' id='word_1_248' title='bbox 3163 957 3468 1012; x_wconf 78' lang='lat' dir='ltr'>haereditas</span> <span class='ocrx_word' id='word_1_249' title='bbox 3503 973 3629 1027; x_wconf 71' lang='lat' dir='ltr'>quae</span> 
     </span>
    </p>
   </div>
   <div class='ocr_carea' id='block_1_39' title="bbox 1987 1046 3632 1114">
    <p class='ocr_par' dir='ltr' id='par_1_39' title="bbox 1987 1046 3632 1114">
     <span class='ocr_line' id='line_1_39' title="bbox 1987 1046 3632 1114; baseline -0.003 -9"><span class='ocrx_word' id='word_1_250' title='bbox 1987 1050 2084 1106; x_wconf 89' lang='lat' dir='ltr'>Dei</span> <span class='ocrx_word' id='word_1_251' title='bbox 2126 1067 2254 1106; x_wconf 91' lang='lat' dir='ltr'>esse</span> <span class='ocrx_word' id='word_1_252' title='bbox 2301 1051 2601 1114; x_wconf 87' lang='lat' dir='ltr'>debuerat,</span> <span class='ocrx_word' id='word_1_253' title='bbox 2659 1048 2988 1104; x_wconf 84' lang='lat' dir='ltr'>adversario</span> <span class='ocrx_word' id='word_1_254' title='bbox 3046 1046 3340 1113; x_wconf 89' lang='lat' dir='ltr'>subditur,</span> <span class='ocrx_word' id='word_1_255' title='bbox 3390 1050 3446 1102; x_wconf 91' lang='lat' dir='ltr'>et</span> <span class='ocrx_word' id='word_1_256' title='bbox 3492 1049 3632 1101; x_wconf 90' lang='lat' dir='ltr'>tunc</span> 
     </span>
    </p>
   </div>
   <div class='ocr_carea' id='block_1_40' title="bbox 1987 1133 3629 1210">
    <p class='ocr_par' dir='ltr' id='par_1_40' title="bbox 1987 1133 3629 1210">
     <span class='ocr_line' id='line_1_40' title="bbox 1987 1133 3629 1210; baseline -0.004 -17"><span class='ocrx_word' id='word_1_257' title='bbox 1987 1139 2272 1210; x_wconf 90' lang='lat' dir='ltr'>templum</span> <span class='ocrx_word' id='word_1_258' title='bbox 2327 1138 2566 1210; x_wconf 89' lang='lat' dir='ltr'>Spiritui</span> <span class='ocrx_word' id='word_1_259' title='bbox 2629 1141 2828 1193; x_wconf 87' lang='lat' dir='ltr'>sancto</span> <span class='ocrx_word' id='word_1_260' title='bbox 2885 1137 3239 1203; x_wconf 88' lang='lat' dir='ltr'>dedicatum,</span> <span class='ocrx_word' id='word_1_261' title='bbox 3291 1133 3629 1206; x_wconf 88' lang='lat' dir='ltr'>coinquina-</span> 
     </span>
    </p>
   </div>
   <div class='ocr_carea' id='block_1_41' title="bbox 1988 1225 3634 1300">
    <p class='ocr_par' dir='ltr' id='par_1_41' title="bbox 1988 1225 3634 1300">
     <span class='ocr_line' id='line_1_41' title="bbox 1988 1225 3634 1300; baseline -0.003 -17"><span class='ocrx_word' id='word_1_262' title='bbox 1988 1232 2113 1283; x_wconf 91' lang='lat' dir='ltr'>tum</span> <span class='ocrx_word' id='word_1_263' title='bbox 2160 1246 2193 1283; x_wconf 90' lang='lat' dir='ltr'>a</span> <span class='ocrx_word' id='word_1_264' title='bbox 2239 1228 2500 1300; x_wconf 89' lang='lat' dir='ltr'>gentium</span> <span class='ocrx_word' id='word_1_265' title='bbox 2555 1227 2901 1282; x_wconf 87' lang='lat' dir='ltr'>criminibus</span> <span class='ocrx_word' id='word_1_266' title='bbox 2951 1225 3324 1296; x_wconf 87' lang='lat' dir='ltr'>disperditur.</span> <span class='ocrx_word' id='word_1_267' title='bbox 3365 1247 3383 1273; x_wconf 78' lang='grc' dir='ltr'>α</span> <span class='ocrx_word' id='word_1_268' title='bbox 3423 1227 3634 1278; x_wconf 90' lang='lat' dir='ltr'>Posue-</span> 
     </span>
    </p>
   </div>
   <div class='ocr_carea' id='block_1_42' title="bbox 1989 1312 3634 1387">
    <p class='ocr_par' dir='ltr' id='par_1_42' title="bbox 1989 1312 3634 1387">
     <span class='ocr_line' id='line_1_42' title="bbox 1989 1312 3634 1387; baseline -0.002 -16"><span class='ocrx_word' id='word_1_269' title='bbox 1989 1322 2126 1371; x_wconf 90' lang='lat' dir='ltr'>runt</span> <span class='ocrx_word' id='word_1_270' title='bbox 2181 1316 2507 1372; x_wconf 84' lang='lat' dir='ltr'>Jerusalem</span> <span class='ocrx_word' id='word_1_271' title='bbox 2555 1317 2613 1371; x_wconf 90' lang='lat' dir='ltr'>in</span> <span class='ocrx_word' id='word_1_272' title='bbox 2663 1332 2972 1387; x_wconf 89' lang='lat' dir='ltr'>pomorum</span> <span class='ocrx_word' id='word_1_273' title='bbox 3030 1315 3376 1370; x_wconf 83' lang='lat' dir='ltr'>custodiam.</span> <span class='ocrx_word' id='word_1_274' title='bbox 3415 1336 3435 1362; x_wconf 77' lang='grc' dir='ltr'>ι</span> <span class='ocrx_word' id='word_1_275' title='bbox 3471 1312 3634 1367; x_wconf 91' lang='lat' dir='ltr'>Sicut</span> 
     </span>
    </p>
   </div>
   <div class='ocr_carea' id='block_1_43' title="bbox 1989 1401 3633 1477">
    <p class='ocr_par' dir='ltr' id='par_1_43' title="bbox 1989 1401 3633 1477">
     <span class='ocr_line' id='line_1_43' title="bbox 1989 1401 3633 1477; baseline -0.004 -16"><span class='ocrx_word' id='word_1_276' title='bbox 1989 1407 2144 1461; x_wconf 90' lang='lat' dir='ltr'>enim</span> <span class='ocrx_word' id='word_1_277' title='bbox 2180 1422 2354 1477; x_wconf 89' lang='lat' dir='ltr'>poma</span> <span class='ocrx_word' id='word_1_278' title='bbox 2391 1422 2523 1460; x_wconf 88' lang='lat' dir='ltr'>cum</span> <span class='ocrx_word' id='word_1_279' title='bbox 2561 1411 2948 1460; x_wconf 85' lang='lat' dir='ltr'>maturescere</span> <span class='ocrx_word' id='word_1_280' title='bbox 2980 1402 3278 1475; x_wconf 72' lang='lat' dir='ltr'>cmperint,</span> <span class='ocrx_word' id='word_1_281' title='bbox 3311 1420 3344 1456; x_wconf 87' lang='lat' dir='ltr'>a</span> <span class='ocrx_word' id='word_1_282' title='bbox 3374 1401 3498 1457; x_wconf 90' lang='lat' dir='ltr'>suis</span> <span class='ocrx_word' id='word_1_283' title='bbox 3527 1419 3633 1456; x_wconf 88' lang='lat' dir='ltr'>cu-</span> 
     </span>
    </p>
   </div>
   <div class='ocr_carea' id='block_1_44' title="bbox 1989 1492 3637 1564">
    <p class='ocr_par' dir='ltr' id='par_1_44' title="bbox 1989 1492 3637 1564">
     <span class='ocr_line' id='line_1_44' title="bbox 1989 1492 3637 1564; baseline -0.004 -15"><span class='ocrx_word' id='word_1_284' title='bbox 1989 1495 2347 1561; x_wconf 90' lang='lat' dir='ltr'>stodiuntur,</span> <span class='ocrx_word' id='word_1_285' title='bbox 2385 1498 2730 1564; x_wconf 81' lang='lat' dir='ltr'>matureque</span> <span class='ocrx_word' id='word_1_286' title='bbox 2779 1492 3006 1548; x_wconf 86' lang='lat' dir='ltr'>facilius</span> <span class='ocrx_word' id='word_1_287' title='bbox 3035 1493 3386 1547; x_wconf 87' lang='lat' dir='ltr'>devorantur</span> <span class='ocrx_word' id='word_1_288' title='bbox 3420 1508 3431 1544; x_wconf 94' lang='lat'><strong>:</strong></span> <span class='ocrx_word' id='word_1_289' title='bbox 3468 1492 3548 1544; x_wconf 89' lang='lat' dir='ltr'>Ita</span> <span class='ocrx_word' id='word_1_290' title='bbox 3579 1493 3637 1544; x_wconf 92' lang='lat' dir='ltr'>et</span> 
     </span>
    </p>
   </div>
   <div class='ocr_carea' id='block_1_45' title="bbox 1987 1576 3637 1638">
    <p class='ocr_par' dir='ltr' id='par_1_45' title="bbox 1987 1576 3637 1638">
     <span class='ocr_line' id='line_1_45' title="bbox 1987 1576 3637 1638; baseline -0.005 0"><span class='ocrx_word' id='word_1_291' title='bbox 1987 1582 2356 1638; x_wconf 82' lang='lat' dir='ltr'>adversarius</span> <span class='ocrx_word' id='word_1_292' title='bbox 2385 1586 2584 1638; x_wconf 85' lang='lat' dir='ltr'>noster</span> <span class='ocrx_word' id='word_1_293' title='bbox 2625 1580 2985 1637; x_wconf 71' lang='lat' dir='ltr'>irruentibus</span> <span class='ocrx_word' id='word_1_294' title='bbox 3017 1580 3174 1634; x_wconf 89' lang='lat' dir='ltr'>vitiis</span> <span class='ocrx_word' id='word_1_295' title='bbox 3222 1578 3481 1635; x_wconf 87' lang='lat' dir='ltr'>custodit</span> <span class='ocrx_word' id='word_1_296' title='bbox 3523 1576 3637 1632; x_wconf 89' lang='lat' dir='ltr'>sibi</span> 
     </span>
    </p>
   </div>
   <div class='ocr_carea' id='block_1_46' title="bbox 1991 1667 3638 1739">
    <p class='ocr_par' dir='ltr' id='par_1_46' title="bbox 1991 1667 3638 1739">
     <span class='ocr_line' id='line_1_46' title="bbox 1991 1667 3638 1739; baseline -0.004 -12"><span class='ocrx_word' id='word_1_297' title='bbox 1991 1671 2452 1727; x_wconf 83' lang='lat' dir='ltr'>consentientem</span> <span class='ocrx_word' id='word_1_298' title='bbox 2485 1671 2742 1726; x_wconf 90' lang='lat' dir='ltr'>animam</span> <span class='ocrx_word' id='word_1_299' title='bbox 2775 1671 2956 1726; x_wconf 89' lang='lat' dir='ltr'>donec</span> <span class='ocrx_word' id='word_1_300' title='bbox 2987 1686 3114 1724; x_wconf 89' lang='lat' dir='ltr'>eam</span> <span class='ocrx_word' id='word_1_301' title='bbox 3158 1669 3228 1722; x_wconf 93' lang='lat' dir='ltr'>ad</span> <span class='ocrx_word' id='word_1_302' title='bbox 3270 1667 3509 1739; x_wconf 90' lang='lat' dir='ltr'>plenum</span> <span class='ocrx_word' id='word_1_303' title='bbox 3540 1683 3638 1721; x_wconf 90' lang='lat' dir='ltr'>vo-</span> 
     </span>
    </p>
   </div>
   <div class='ocr_carea' id='block_1_47' title="bbox 1990 1755 3634 1823">
    <p class='ocr_par' dir='ltr' id='par_1_47' title="bbox 1990 1755 3634 1823">
     <span class='ocr_line' id='line_1_47' title="bbox 1990 1755 3634 1823; baseline -0.003 -9"><span class='ocrx_word' id='word_1_304' title='bbox 1990 1759 2236 1815; x_wconf 89' lang='lat' dir='ltr'>luntatis</span> <span class='ocrx_word' id='word_1_305' title='bbox 2267 1777 2383 1814; x_wconf 68' lang='lat' dir='ltr'>sua:</span> <span class='ocrx_word' id='word_1_306' title='bbox 2407 1777 2759 1816; x_wconf 88' lang='lat' dir='ltr'>consensum</span> <span class='ocrx_word' id='word_1_307' title='bbox 2792 1759 3111 1823; x_wconf 89' lang='lat' dir='ltr'>adducens,</span> <span class='ocrx_word' id='word_1_308' title='bbox 3136 1755 3326 1811; x_wconf 86' lang='lat' dir='ltr'>valeat</span> <span class='ocrx_word' id='word_1_309' title='bbox 3347 1757 3634 1810; x_wconf 89' lang='lat' dir='ltr'>devorare.</span> 
     </span>
    </p>
   </div>
   <div class='ocr_carea' id='block_1_48' title="bbox 1991 1843 3640 1913">
    <p class='ocr_par' dir='ltr' id='par_1_48' title="bbox 1991 1843 3640 1913">
     <span class='ocr_line' id='line_1_48' title="bbox 1991 1843 3640 1913; baseline -0.004 -9"><span class='ocrx_word' id='word_1_310' title='bbox 1991 1849 2279 1913; x_wconf 90' lang='lat' dir='ltr'>Quamdiu</span> <span class='ocrx_word' id='word_1_311' title='bbox 2325 1849 2483 1903; x_wconf 92' lang='lat' dir='ltr'>enim</span> <span class='ocrx_word' id='word_1_312' title='bbox 2515 1849 2575 1902; x_wconf 93' lang='lat' dir='ltr'>in</span> <span class='ocrx_word' id='word_1_313' title='bbox 2617 1866 2683 1904; x_wconf 92' lang='lat' dir='ltr'>ea</span> <span class='ocrx_word' id='word_1_314' title='bbox 2736 1847 2993 1903; x_wconf 88' lang='lat' dir='ltr'>scintilla</span> <span class='ocrx_word' id='word_1_315' title='bbox 3038 1847 3196 1901; x_wconf 89' lang='lat' dir='ltr'>lucet</span> <span class='ocrx_word' id='word_1_316' title='bbox 3244 1844 3400 1911; x_wconf 86' lang='lat' dir='ltr'>fidei,</span> <span class='ocrx_word' id='word_1_317' title='bbox 3434 1843 3640 1899; x_wconf 90' lang='lat' dir='ltr'>acerba</span> 
     </span>
    </p>
   </div>
   <div class='ocr_carea' id='block_1_49' title="bbox 1992 1937 2659 1994">
    <p class='ocr_par' dir='ltr' id='par_1_49' title="bbox 1992 1937 2659 1994">
     <span class='ocr_line' id='line_1_49' title="bbox 1992 1937 2659 1994; baseline -0.009 0"><span class='ocrx_word' id='word_1_318' title='bbox 1992 1943 2080 1994; x_wconf 88' lang='lat' dir='ltr'>est</span> <span class='ocrx_word' id='word_1_319' title='bbox 2111 1937 2394 1992; x_wconf 83' lang='lat' dir='ltr'>dentibus</span> <span class='ocrx_word' id='word_1_320' title='bbox 2419 1937 2659 1992; x_wconf 89' lang='lat' dir='ltr'>inimici.</span> 
     </span>
    </p>
   </div>
   <div class='ocr_carea' id='block_1_50' title="bbox 2069 2025 3640 2081">
    <p class='ocr_par' dir='ltr' id='par_1_50' title="bbox 2069 2025 3640 2081">
     <span class='ocr_line' id='line_1_50' title="bbox 2069 2025 3640 2081; baseline -0.003 -2"><span class='ocrx_word' id='word_1_321' title='bbox 2069 2049 2096 2076; x_wconf 90' lang='grc'>‹‹</span> <span class='ocrx_word' id='word_1_322' title='bbox 2126 2030 2456 2081; x_wconf 88' lang='lat' dir='ltr'>Posuerunt</span> <span class='ocrx_word' id='word_1_323' title='bbox 2487 2025 2794 2081; x_wconf 89' lang='lat' dir='ltr'>morticina</span> <span class='ocrx_word' id='word_1_324' title='bbox 2841 2040 3139 2081; x_wconf 88' lang='lat' dir='ltr'>servorum</span> <span class='ocrx_word' id='word_1_325' title='bbox 3191 2027 3427 2077; x_wconf 88' lang='lat' dir='ltr'>tuorum</span> <span class='ocrx_word' id='word_1_326' title='bbox 3478 2037 3640 2076; x_wconf 89' lang='lat' dir='ltr'>escas</span> 
     </span>
    </p>
   </div>
   <div class='ocr_carea' id='block_1_51' title="bbox 1994 2109 3640 2170">
    <p class='ocr_par' dir='ltr' id='par_1_51' title="bbox 1994 2109 3640 2170">
     <span class='ocr_line' id='line_1_51' title="bbox 1994 2109 3640 2170; baseline -0.004 -1"><span class='ocrx_word' id='word_1_327' title='bbox 1994 2114 2328 2170; x_wconf 90' lang='lat' dir='ltr'>volatilibus</span> <span class='ocrx_word' id='word_1_328' title='bbox 2356 2114 2482 2168; x_wconf 86' lang='lat' dir='ltr'>coeli</span> <span class='ocrx_word' id='word_1_329' title='bbox 2511 2130 2524 2168; x_wconf 93' lang='lat'>:</span> <span class='ocrx_word' id='word_1_330' title='bbox 2559 2130 2764 2169; x_wconf 86' lang='lat' dir='ltr'>carnes</span> <span class='ocrx_word' id='word_1_331' title='bbox 2799 2118 3136 2169; x_wconf 86' lang='lat' dir='ltr'>sanctorum</span> <span class='ocrx_word' id='word_1_332' title='bbox 3167 2114 3405 2166; x_wconf 92' lang='lat' dir='ltr'>tuorum</span> <span class='ocrx_word' id='word_1_333' title='bbox 3439 2109 3640 2165; x_wconf 90' lang='lat' dir='ltr'>bestiis</span> 
     </span>
    </p>
   </div>
   <div class='ocr_carea' id='block_1_52' title="bbox 1993 2201 3637 2273">
    <p class='ocr_par' dir='ltr' id='par_1_52' title="bbox 1993 2201 3637 2273">
     <span class='ocr_line' id='line_1_52' title="bbox 1993 2201 3637 2273; baseline -0.004 -15"><span class='ocrx_word' id='word_1_334' title='bbox 1993 2209 2180 2258; x_wconf 70' lang='lat' dir='ltr'>terrae.</span> <span class='ocrx_word' id='word_1_335' title='bbox 2235 2203 2577 2257; x_wconf 84' lang='lat' dir='ltr'>Etl‘uderunt</span> <span class='ocrx_word' id='word_1_336' title='bbox 2628 2202 2977 2273; x_wconf 88' lang='lat' dir='ltr'>sanguinem</span> <span class='ocrx_word' id='word_1_337' title='bbox 3036 2201 3297 2272; x_wconf 91' lang='lat' dir='ltr'>ipsorum</span> <span class='ocrx_word' id='word_1_338' title='bbox 3356 2203 3637 2269; x_wconf 87' lang='lat' dir='ltr'>tanquam</span> 
     </span>
    </p>
   </div>
   <div class='ocr_carea' id='block_1_53' title="bbox 1995 2287 3638 2362">
    <p class='ocr_par' dir='ltr' id='par_1_53' title="bbox 1995 2287 3638 2362">
     <span class='ocr_line' id='line_1_53' title="bbox 1995 2287 3638 2362; baseline -0.004 -16"><span class='ocrx_word' id='word_1_339' title='bbox 1995 2308 2209 2362; x_wconf 87' lang='lat' dir='ltr'>aquam</span> <span class='ocrx_word' id='word_1_340' title='bbox 2241 2291 2300 2346; x_wconf 90' lang='lat' dir='ltr'>in</span> <span class='ocrx_word' id='word_1_341' title='bbox 2331 2291 2579 2346; x_wconf 87' lang='lat' dir='ltr'>circuitu</span> <span class='ocrx_word' id='word_1_342' title='bbox 2626 2291 2973 2355; x_wconf 89' lang='lat' dir='ltr'>Jerusalem,</span> <span class='ocrx_word' id='word_1_343' title='bbox 3006 2293 3062 2344; x_wconf 91' lang='lat' dir='ltr'>et</span> <span class='ocrx_word' id='word_1_344' title='bbox 3100 2305 3214 2344; x_wconf 90' lang='lat' dir='ltr'>non</span> <span class='ocrx_word' id='word_1_345' title='bbox 3245 2291 3369 2343; x_wconf 89' lang='lat' dir='ltr'>erat</span> <span class='ocrx_word' id='word_1_346' title='bbox 3398 2287 3497 2359; x_wconf 91' lang='lat' dir='ltr'>qui</span> <span class='ocrx_word' id='word_1_347' title='bbox 3547 2301 3638 2341; x_wconf 91' lang='lat' dir='ltr'>se-</span> 
     </span>
    </p>
   </div>
   <div class='ocr_carea' id='block_1_54' title="bbox 1995 2377 3640 2452">
    <p class='ocr_par' dir='ltr' id='par_1_54' title="bbox 1995 2377 3640 2452">
     <span class='ocr_line' id='line_1_54' title="bbox 1995 2377 3640 2452; baseline -0.004 -16"><span class='ocrx_word' id='word_1_348' title='bbox 1995 2380 2272 2452; x_wconf 86' lang='lat' dir='ltr'>peliret.»</span> <span class='ocrx_word' id='word_1_349' title='bbox 2309 2381 2436 2436; x_wconf 80' lang='lat' dir='ltr'>Haec</span> <span class='ocrx_word' id='word_1_350' title='bbox 2487 2380 2722 2452; x_wconf 89' lang='lat' dir='ltr'>quidem</span> <span class='ocrx_word' id='word_1_351' title='bbox 2762 2380 2820 2434; x_wconf 91' lang='lat' dir='ltr'>in</span> <span class='ocrx_word' id='word_1_352' title='bbox 2869 2377 3193 2434; x_wconf 88' lang='lat' dir='ltr'>Jerusalem</span> <span class='ocrx_word' id='word_1_353' title='bbox 3244 2381 3378 2432; x_wconf 89' lang='lat' dir='ltr'>ante</span> <span class='ocrx_word' id='word_1_354' title='bbox 3425 2377 3640 2432; x_wconf 86' lang='lat' dir='ltr'>adven-</span> 
     </span>
    </p>
   </div>
   <div class='ocr_carea' id='block_1_55' title="bbox 1997 2465 3637 2539">
    <p class='ocr_par' dir='ltr' id='par_1_55' title="bbox 1997 2465 3637 2539">
     <span class='ocr_line' id='line_1_55' title="bbox 1997 2465 3637 2539; baseline -0.004 -16"><span class='ocrx_word' id='word_1_355' title='bbox 1997 2473 2121 2524; x_wconf 91' lang='lat' dir='ltr'>tum</span> <span class='ocrx_word' id='word_1_356' title='bbox 2154 2474 2284 2523; x_wconf 88' lang='lat' dir='ltr'>acta</span> <span class='ocrx_word' id='word_1_357' title='bbox 2307 2473 2446 2522; x_wconf 90' lang='lat' dir='ltr'>sunt</span> <span class='ocrx_word' id='word_1_358' title='bbox 2469 2467 2820 2523; x_wconf 87' lang='lat' dir='ltr'>Salvatoris:</span> <span class='ocrx_word' id='word_1_359' title='bbox 2851 2469 2949 2522; x_wconf 90' lang='lat' dir='ltr'>sed</span> <span class='ocrx_word' id='word_1_360' title='bbox 2979 2466 3313 2539; x_wconf 87' lang='lat' dir='ltr'>passionem</span> <span class='ocrx_word' id='word_1_361' title='bbox 3345 2465 3637 2519; x_wconf 83' lang='lat' dir='ltr'>infantum</span> 
     </span>
    </p>
   </div>
   <div class='ocr_carea' id='block_1_56' title="bbox 1995 2551 3642 2629">
    <p class='ocr_par' dir='ltr' id='par_1_56' title="bbox 1995 2551 3642 2629">
     <span class='ocr_line' id='line_1_56' title="bbox 1995 2551 3642 2629; baseline -0.002 -18"><span class='ocrx_word' id='word_1_362' title='bbox 1995 2558 2413 2629; x_wconf 81' lang='lat' dir='ltr'>ﬁguraverunt,</span> <span class='ocrx_word' id='word_1_363' title='bbox 2450 2557 2546 2611; x_wconf 92' lang='lat' dir='ltr'>ubi</span> <span class='ocrx_word' id='word_1_364' title='bbox 2579 2573 2782 2612; x_wconf 88' lang='lat' dir='ltr'>carnes</span> <span class='ocrx_word' id='word_1_365' title='bbox 2813 2573 3016 2612; x_wconf 91' lang='lat' dir='ltr'>eorum</span> <span class='ocrx_word' id='word_1_366' title='bbox 3047 2554 3251 2611; x_wconf 89' lang='lat' dir='ltr'>bestiis</span> <span class='ocrx_word' id='word_1_367' title='bbox 3281 2557 3456 2624; x_wconf 90' lang='lat' dir='ltr'>atque</span> <span class='ocrx_word' id='word_1_368' title='bbox 3483 2551 3642 2608; x_wconf 90' lang='lat' dir='ltr'>volu-</span> 
     </span>
    </p>
   </div>
   <div class='ocr_carea' id='block_1_57' title="bbox 1997 2643 3642 2717">
    <p class='ocr_par' dir='ltr' id='par_1_57' title="bbox 1997 2643 3642 2717">
     <span class='ocr_line' id='line_1_57' title="bbox 1997 2643 3642 2717; baseline -0.004 -17"><span class='ocrx_word' id='word_1_369' title='bbox 1997 2646 2212 2717; x_wconf 89' lang='lat' dir='ltr'>cribus,</span> <span class='ocrx_word' id='word_1_370' title='bbox 2260 2645 2317 2700; x_wconf 92' lang='lat' dir='ltr'>id</span> <span class='ocrx_word' id='word_1_371' title='bbox 2373 2649 2461 2700; x_wconf 90' lang='lat' dir='ltr'>est</span> <span class='ocrx_word' id='word_1_372' title='bbox 2516 2644 3009 2717; x_wconf 89' lang='lat' dir='ltr'>persecutoribus,</span> <span class='ocrx_word' id='word_1_373' title='bbox 3060 2643 3330 2715; x_wconf 76' lang='lat' dir='ltr'>expositae</span> <span class='ocrx_word' id='word_1_374' title='bbox 3383 2644 3540 2708; x_wconf 92' lang='lat' dir='ltr'>sunt,</span> <span class='ocrx_word' id='word_1_375' title='bbox 3584 2643 3642 2695; x_wconf 90' lang='lat' dir='ltr'>et</span> 
     </span>
    </p>
   </div>
   <div class='ocr_carea' id='block_1_58' title="bbox 1995 2728 3640 2806">
    <p class='ocr_par' dir='ltr' id='par_1_58' title="bbox 1995 2728 3640 2806">
     <span class='ocr_line' id='line_1_58' title="bbox 1995 2728 3640 2806; baseline -0.003 -17"><span class='ocrx_word' id='word_1_376' title='bbox 1995 2738 2158 2790; x_wconf 89' lang='lat' dir='ltr'>tanta</span> <span class='ocrx_word' id='word_1_377' title='bbox 2179 2734 2492 2789; x_wconf 90' lang='lat' dir='ltr'>multitudo</span> <span class='ocrx_word' id='word_1_378' title='bbox 2515 2733 2821 2806; x_wconf 86' lang='lat' dir='ltr'>sanguinis</span> <span class='ocrx_word' id='word_1_379' title='bbox 2841 2737 2928 2788; x_wconf 86' lang='lat' dir='ltr'>est</span> <span class='ocrx_word' id='word_1_380' title='bbox 2949 2733 3152 2799; x_wconf 82' lang='lat' dir='ltr'>ell&#39;usa,</span> <span class='ocrx_word' id='word_1_381' title='bbox 3177 2735 3242 2786; x_wconf 92' lang='lat' dir='ltr'>ut</span> <span class='ocrx_word' id='word_1_382' title='bbox 3263 2730 3355 2785; x_wconf 83' lang='lat' dir='ltr'>vix</span> <span class='ocrx_word' id='word_1_383' title='bbox 3377 2728 3640 2784; x_wconf 90' lang='lat' dir='ltr'>omnium</span> 
     </span>
    </p>
   </div>
   <div class='ocr_carea' id='block_1_59' title="bbox 1997 2817 3640 2895">
    <p class='ocr_par' dir='ltr' id='par_1_59' title="bbox 1997 2817 3640 2895">
     <span class='ocr_line' id='line_1_59' title="bbox 1997 2817 3640 2895; baseline -0.004 -17"><span class='ocrx_word' id='word_1_384' title='bbox 1997 2823 2227 2895; x_wconf 88' lang='lat' dir='ltr'>sepeliri</span> <span class='ocrx_word' id='word_1_385' title='bbox 2283 2823 2631 2895; x_wconf 87' lang='lat' dir='ltr'>corpuscula</span> <span class='ocrx_word' id='word_1_386' title='bbox 2679 2826 2938 2894; x_wconf 89' lang='lat' dir='ltr'>possent.</span> <span class='ocrx_word' id='word_1_387' title='bbox 2989 2821 3280 2876; x_wconf 84' lang='lat' dir='ltr'>Circuitus</span> <span class='ocrx_word' id='word_1_388' title='bbox 3327 2822 3521 2873; x_wconf 90' lang='lat' dir='ltr'>autem</span> <span class='ocrx_word' id='word_1_389' title='bbox 3583 2817 3640 2871; x_wconf 89' lang='lat' dir='ltr'>in</span> 
     </span>
    </p>
   </div>
   <div class='ocr_carea' id='block_1_60' title="bbox 1997 2907 3640 2983">
    <p class='ocr_par' dir='ltr' id='par_1_60' title="bbox 1997 2907 3640 2983">
     <span class='ocr_line' id='line_1_60' title="bbox 1997 2907 3640 2983; baseline -0.005 -16"><span class='ocrx_word' id='word_1_390' title='bbox 1997 2911 2433 2983; x_wconf 80' lang='lat' dir='ltr'>Hierosolymis,</span> <span class='ocrx_word' id='word_1_391' title='bbox 2461 2911 2744 2983; x_wconf 90' lang='lat' dir='ltr'>plorantis</span> <span class='ocrx_word' id='word_1_392' title='bbox 2768 2909 3032 2966; x_wconf 65' lang='lat' dir='ltr'>Ecclesiae</span> <span class='ocrx_word' id='word_1_393' title='bbox 3057 2907 3401 2980; x_wconf 86' lang='lat' dir='ltr'>intelligitur</span> <span class='ocrx_word' id='word_1_394' title='bbox 3427 2907 3640 2973; x_wconf 89' lang='lat' dir='ltr'>luctus,</span> 
     </span>
    </p>
   </div>
   <div class='ocr_carea' id='block_1_61' title="bbox 1989 2995 3647 3073">
    <p class='ocr_par' dir='ltr' id='par_1_61' title="bbox 1989 2995 3647 3073">
     <span class='ocr_line' id='line_1_61' title="bbox 1989 2995 3647 3073; baseline -0.004 -18"><span class='ocrx_word' id='word_1_395' title='bbox 1989 3002 2162 3073; x_wconf 82' lang='lat' dir='ltr'>juxta</span> <span class='ocrx_word' id='word_1_396' title='bbox 2213 3000 2404 3056; x_wconf 92' lang='lat' dir='ltr'>illud:</span> <span class='ocrx_word' id='word_1_397' title='bbox 2445 3000 2637 3056; x_wconf 80' lang='lat' dir='ltr'>Rachel</span> <span class='ocrx_word' id='word_1_398' title='bbox 2691 3001 2917 3072; x_wconf 78' lang='lat' dir='ltr'>plorans</span> <span class='ocrx_word' id='word_1_399' title='bbox 2972 3000 3114 3068; x_wconf 83' lang='lat' dir='ltr'>ﬁlios</span> <span class='ocrx_word' id='word_1_400' title='bbox 3169 3012 3313 3067; x_wconf 87' lang='lat' dir='ltr'>suos,</span> <span class='ocrx_word' id='word_1_401' title='bbox 3360 3000 3410 3052; x_wconf 89' lang='lat' dir='ltr'>et</span> <span class='ocrx_word' id='word_1_402' title='bbox 3465 2995 3647 3050; x_wconf 73' lang='lat' dir='ltr'>noluit</span> 
     </span>
    </p>
   </div>
   <div class='ocr_carea' id='block_1_62' title="bbox 1996 3086 3639 3160">
    <p class='ocr_par' dir='ltr' id='par_1_62' title="bbox 1996 3086 3639 3160">
     <span class='ocr_line' id='line_1_62' title="bbox 1996 3086 3639 3160; baseline -0.005 -16"><span class='ocrx_word' id='word_1_403' title='bbox 1996 3091 2288 3158; x_wconf 78' lang='lat' dir='ltr'>consolari,</span> <span class='ocrx_word' id='word_1_404' title='bbox 2337 3092 2464 3160; x_wconf 85' lang='lat' dir='ltr'>quia</span> <span class='ocrx_word' id='word_1_405' title='bbox 2515 3105 2624 3144; x_wconf 86' lang='lat' dir='ltr'>non</span> <span class='ocrx_word' id='word_1_406' title='bbox 2671 3097 2803 3144; x_wconf 84' lang='lat' dir='ltr'>sunt</span> <span class='ocrx_word' id='word_1_407' title='bbox 2852 3091 3071 3159; x_wconf 87' lang='lat' dir='ltr'>(Jerem.</span> <span class='ocrx_word' id='word_1_408' title='bbox 3126 3105 3241 3156; x_wconf 71' lang='lat' dir='ltr'>xxr,</span> <span class='ocrx_word' id='word_1_409' title='bbox 3293 3086 3390 3153; x_wconf 86' lang='lat'>15;</span> <span class='ocrx_word' id='word_1_410' title='bbox 3445 3087 3639 3141; x_wconf 84' lang='lat' dir='ltr'>Matth.</span> 
     </span>
    </p>
   </div>
   <div class='ocr_carea' id='block_1_63' title="bbox 1997 3170 3610 3250">
    <p class='ocr_par' dir='ltr' id='par_1_63' title="bbox 1997 3170 3610 3250">
     <span class='ocr_line' id='line_1_63' title="bbox 1997 3170 3610 3250; baseline -0.003 -16"><span class='ocrx_word' id='word_1_411' title='bbox 1997 3196 2059 3247; x_wconf 84' lang='lat' dir='ltr'>II,</span> <span class='ocrx_word' id='word_1_412' title='bbox 2094 3180 2203 3250; x_wconf 85' lang='grc'>18).</span> <span class='ocrx_word' id='word_1_413' title='bbox 3605 3170 3610 3174; x_wconf 60' lang='grc'>’</span> 
     </span>
    </p>
   </div>
   <div class='ocr_carea' id='block_1_64' title="bbox 2075 3263 3645 3339">
    <p class='ocr_par' dir='ltr' id='par_1_64' title="bbox 2075 3263 3645 3339">
     <span class='ocr_line' id='line_1_64' title="bbox 2075 3263 3645 3339; baseline -0.004 -16"><span class='ocrx_word' id='word_1_414' title='bbox 2075 3289 2102 3316; x_wconf 92' lang='grc'><em>‹‹</em></span> <span class='ocrx_word' id='word_1_415' title='bbox 2137 3267 2293 3323; x_wconf 86' lang='lat' dir='ltr'>Facti</span> <span class='ocrx_word' id='word_1_416' title='bbox 2325 3283 2532 3322; x_wconf 91' lang='lat' dir='ltr'>sumus</span> <span class='ocrx_word' id='word_1_417' title='bbox 2566 3267 2944 3339; x_wconf 89' lang='lat' dir='ltr'>opprobrium</span> <span class='ocrx_word' id='word_1_418' title='bbox 2977 3265 3182 3321; x_wconf 89' lang='lat' dir='ltr'>vicinis</span> <span class='ocrx_word' id='word_1_419' title='bbox 3213 3263 3449 3330; x_wconf 86' lang='lat' dir='ltr'>nostris,</span> <span class='ocrx_word' id='word_1_420' title='bbox 3477 3284 3503 3310; x_wconf 84' lang='lat'>»</span> <span class='ocrx_word' id='word_1_421' title='bbox 3535 3264 3645 3318; x_wconf 92' lang='lat' dir='ltr'>etc.</span> 
     </span>
    </p>
   </div>
   <div class='ocr_carea' id='block_1_65' title="bbox 235 3347 3647 3428">
    <p class='ocr_par' dir='ltr' id='par_1_65' title="bbox 235 3347 3647 3428">
     <span class='ocr_line' id='line_1_65' title="bbox 235 3347 3647 3428; baseline -0.001 -18"><span class='ocrx_word' id='word_1_422' title='bbox 235 3358 352 3410; x_wconf 89' lang='lat' dir='ltr'>tem</span> <span class='ocrx_word' id='word_1_423' title='bbox 383 3356 523 3410; x_wconf 91' lang='lat' dir='ltr'>Sion</span> <span class='ocrx_word' id='word_1_424' title='bbox 556 3369 731 3424; x_wconf 90' lang='lat' dir='ltr'>quem</span> <span class='ocrx_word' id='word_1_425' title='bbox 784 3352 1002 3408; x_wconf 85' lang='lat' dir='ltr'>dilexit.</span> <span class='ocrx_word' id='word_1_426' title='bbox 1032 3376 1057 3402; x_wconf 87' lang='lat'>»</span> <span class='ocrx_word' id='word_1_427' title='bbox 1092 3353 1216 3408; x_wconf 91' lang='lat' dir='ltr'>Non</span> <span class='ocrx_word' id='word_1_428' title='bbox 1252 3354 1322 3408; x_wconf 90' lang='lat' dir='ltr'>ad</span> <span class='ocrx_word' id='word_1_429' title='bbox 1371 3353 1479 3408; x_wconf 89' lang='lat' dir='ltr'>hoc</span> <span class='ocrx_word' id='word_1_430' title='bbox 1529 3353 1740 3425; x_wconf 89' lang='lat' dir='ltr'>repulit</span> <span class='ocrx_word' id='word_1_431' title='bbox 1786 3353 1892 3408; x_wconf 90' lang='lat' dir='ltr'>tri-</span> <span class='ocrx_word' id='word_1_432' title='bbox 1925 3347 1967 3413; x_wconf 89' lang='lat' dir='ltr'>C</span> <span class='ocrx_word' id='word_1_433' title='bbox 2007 3355 2395 3428; x_wconf 87' lang='lat' dir='ltr'>Opprobrium</span> <span class='ocrx_word' id='word_1_434' title='bbox 2431 3357 2580 3410; x_wconf 84' lang='lat' dir='ltr'>ﬁunt</span> <span class='ocrx_word' id='word_1_435' title='bbox 2612 3357 2798 3412; x_wconf 87' lang='lat' dir='ltr'>sancti</span> <span class='ocrx_word' id='word_1_436' title='bbox 2831 3355 2922 3410; x_wconf 88' lang='lat' dir='ltr'>his</span> <span class='ocrx_word' id='word_1_437' title='bbox 2954 3354 3053 3427; x_wconf 86' lang='lat' dir='ltr'>qui</span> <span class='ocrx_word' id='word_1_438' title='bbox 3094 3353 3256 3426; x_wconf 91' lang='lat' dir='ltr'>prius</span> <span class='ocrx_word' id='word_1_439' title='bbox 3289 3353 3495 3407; x_wconf 83' lang='lat' dir='ltr'>fratres</span> <span class='ocrx_word' id='word_1_440' title='bbox 3525 3351 3647 3405; x_wconf 88' lang='lat' dir='ltr'>fue-</span> 
     </span>
    </p>
   </div>
   <div class='ocr_carea' id='block_1_66' title="bbox 238 3441 1890 3515">
    <p class='ocr_par' dir='ltr' id='par_1_66' title="bbox 238 3441 1890 3515">
     <span class='ocr_line' id='line_1_66' title="bbox 238 3441 1890 3515; baseline 0 -16"><span class='ocrx_word' id='word_1_441' title='bbox 238 3445 378 3499; x_wconf 90' lang='lat' dir='ltr'>bum</span> <span class='ocrx_word' id='word_1_442' title='bbox 409 3443 632 3515; x_wconf 91' lang='lat' dir='ltr'>Joseph</span> <span class='ocrx_word' id='word_1_443' title='bbox 655 3441 741 3497; x_wconf 90' lang='lat' dir='ltr'>vel</span> <span class='ocrx_word' id='word_1_444' title='bbox 767 3441 1064 3514; x_wconf 88' lang='lat' dir='ltr'>Ephraim,</span> <span class='ocrx_word' id='word_1_445' title='bbox 1084 3447 1147 3496; x_wconf 89' lang='lat' dir='ltr'>ut</span> <span class='ocrx_word' id='word_1_446' title='bbox 1171 3444 1229 3496; x_wconf 91' lang='lat' dir='ltr'>in</span> <span class='ocrx_word' id='word_1_447' title='bbox 1254 3445 1534 3497; x_wconf 74' lang='lat' dir='ltr'>aeternum</span> <span class='ocrx_word' id='word_1_448' title='bbox 1557 3447 1890 3514; x_wconf 87' lang='lat' dir='ltr'>sperneret:</span> 
     </span>
    </p>
   </div>
   <div class='ocr_carea' id='block_1_67' title="bbox 239 3530 1891 3603">
    <p class='ocr_par' dir='ltr' id='par_1_67' title="bbox 239 3530 1891 3603">
     <span class='ocr_line' id='line_1_67' title="bbox 239 3530 1891 3603; baseline -0.001 -15"><span class='ocrx_word' id='word_1_449' title='bbox 239 3533 339 3588; x_wconf 88' lang='lat' dir='ltr'>sed</span> <span class='ocrx_word' id='word_1_450' title='bbox 377 3532 569 3588; x_wconf 90' lang='lat' dir='ltr'>noluit</span> <span class='ocrx_word' id='word_1_451' title='bbox 597 3533 668 3586; x_wconf 92' lang='lat' dir='ltr'>de</span> <span class='ocrx_word' id='word_1_452' title='bbox 699 3548 767 3585; x_wconf 87' lang='lat' dir='ltr'>ea</span> <span class='ocrx_word' id='word_1_453' title='bbox 809 3530 1106 3602; x_wconf 89' lang='lat' dir='ltr'>suscipere</span> <span class='ocrx_word' id='word_1_454' title='bbox 1137 3547 1391 3598; x_wconf 86' lang='lat' dir='ltr'>carnem,</span> <span class='ocrx_word' id='word_1_455' title='bbox 1425 3531 1645 3603; x_wconf 90' lang='lat' dir='ltr'>eligens</span> <span class='ocrx_word' id='word_1_456' title='bbox 1672 3532 1891 3586; x_wconf 91' lang='lat' dir='ltr'>tribum</span> 
     </span>
    </p>
   </div>
   <div class='ocr_carea' id='block_1_68' title="bbox 239 3619 1891 3692">
    <p class='ocr_par' dir='ltr' id='par_1_68' title="bbox 239 3619 1891 3692">
     <span class='ocr_line' id='line_1_68' title="bbox 239 3619 1891 3692; baseline -0.002 -16"><span class='ocrx_word' id='word_1_457' title='bbox 239 3621 410 3691; x_wconf 89' lang='lat' dir='ltr'>Juda,</span> <span class='ocrx_word' id='word_1_458' title='bbox 446 3621 520 3676; x_wconf 90' lang='lat' dir='ltr'>de</span> <span class='ocrx_word' id='word_1_459' title='bbox 550 3637 666 3690; x_wconf 90' lang='lat' dir='ltr'>qua</span> <span class='ocrx_word' id='word_1_460' title='bbox 710 3620 879 3675; x_wconf 89' lang='lat' dir='ltr'>beata</span> <span class='ocrx_word' id='word_1_461' title='bbox 926 3619 1106 3674; x_wconf 89' lang='lat' dir='ltr'>Maria</span> <span class='ocrx_word' id='word_1_462' title='bbox 1158 3620 1512 3692; x_wconf 91' lang='lat' dir='ltr'>procederet,</span> <span class='ocrx_word' id='word_1_463' title='bbox 1546 3635 1614 3674; x_wconf 85' lang='lat' dir='ltr'>cx</span> <span class='ocrx_word' id='word_1_464' title='bbox 1643 3636 1759 3690; x_wconf 91' lang='lat' dir='ltr'>qua</span> <span class='ocrx_word' id='word_1_465' title='bbox 1790 3637 1891 3673; x_wconf 90' lang='lat' dir='ltr'>na-</span> 
     </span>
    </p>
   </div>
   <div class='ocr_carea' id='block_1_69' title="bbox 239 3707 1895 3780">
    <p class='ocr_par' dir='ltr' id='par_1_69' title="bbox 239 3707 1895 3780">
     <span class='ocr_line' id='line_1_69' title="bbox 239 3707 1895 3780; baseline -0.001 -15"><span class='ocrx_word' id='word_1_466' title='bbox 239 3713 498 3766; x_wconf 90' lang='lat' dir='ltr'>sceretur</span> <span class='ocrx_word' id='word_1_467' title='bbox 544 3707 691 3780; x_wconf 89' lang='lat' dir='ltr'>ipse,</span> <span class='ocrx_word' id='word_1_468' title='bbox 724 3712 788 3766; x_wconf 89' lang='lat' dir='ltr'>ut</span> <span class='ocrx_word' id='word_1_469' title='bbox 839 3707 1166 3764; x_wconf 89' lang='lat' dir='ltr'>dilectionis</span> <span class='ocrx_word' id='word_1_470' title='bbox 1215 3726 1334 3763; x_wconf 82' lang='lat' dir='ltr'>suae</span> <span class='ocrx_word' id='word_1_471' title='bbox 1389 3713 1671 3777; x_wconf 90' lang='lat' dir='ltr'>montem,</span> <span class='ocrx_word' id='word_1_472' title='bbox 1708 3709 1763 3763; x_wconf 89' lang='lat' dir='ltr'>id</span> <span class='ocrx_word' id='word_1_473' title='bbox 1805 3713 1895 3764; x_wconf 90' lang='lat' dir='ltr'>est</span> 
     </span>
    </p>
   </div>
   <div class='ocr_carea' id='block_1_70' title="bbox 240 3795 882 3865">
    <p class='ocr_par' dir='ltr' id='par_1_70' title="bbox 240 3795 882 3865">
     <span class='ocr_line' id='line_1_70' title="bbox 240 3795 882 3865; baseline -0.006 -13"><span class='ocrx_word' id='word_1_474' title='bbox 240 3796 579 3865; x_wconf 90' lang='lat' dir='ltr'>Ecclesiam,</span> <span class='ocrx_word' id='word_1_475' title='bbox 614 3795 882 3849; x_wconf 88' lang='lat' dir='ltr'>elevaret.</span> 
     </span>
    </p>
   </div>
   <div class='ocr_carea' id='block_1_71' title="bbox 309 3881 1890 3940">
    <p class='ocr_par' dir='ltr' id='par_1_71' title="bbox 309 3881 1890 3940">
     <span class='ocr_line' id='line_1_71' title="bbox 309 3881 1890 3940; baseline 0.004 -6"><span class='ocrx_word' id='word_1_476' title='bbox 309 3909 337 3935; x_wconf 93' lang='grc'>‹‹</span> <span class='ocrx_word' id='word_1_477' title='bbox 371 3887 442 3939; x_wconf 91' lang='lat' dir='ltr'>Et</span> <span class='ocrx_word' id='word_1_478' title='bbox 500 3881 806 3938; x_wconf 70' lang='lat' dir='ltr'>aedificavit</span> <span class='ocrx_word' id='word_1_479' title='bbox 862 3883 1016 3937; x_wconf 90' lang='lat' dir='ltr'>sicut</span> <span class='ocrx_word' id='word_1_480' title='bbox 1072 3883 1442 3938; x_wconf 88' lang='lat' dir='ltr'>unicornium</span> <span class='ocrx_word' id='word_1_481' title='bbox 1502 3885 1890 3940; x_wconf 83' lang='lat' dir='ltr'>sanctiﬁcium</span> 
     </span>
    </p>
   </div>
   <div class='ocr_carea' id='block_1_72' title="bbox 238 3972 1891 4045">
    <p class='ocr_par' dir='ltr' id='par_1_72' title="bbox 238 3972 1891 4045">
     <span class='ocr_line' id='line_1_72' title="bbox 238 3972 1891 4045; baseline 0.001 -16"><span class='ocrx_word' id='word_1_482' title='bbox 238 3989 417 4030; x_wconf 88' lang='lat' dir='ltr'>suum</span> <span class='ocrx_word' id='word_1_483' title='bbox 450 3973 509 4026; x_wconf 92' lang='lat' dir='ltr'>in</span> <span class='ocrx_word' id='word_1_484' title='bbox 545 3975 718 4040; x_wconf 89' lang='lat' dir='ltr'>terra,</span> <span class='ocrx_word' id='word_1_485' title='bbox 764 3987 942 4042; x_wconf 90' lang='lat' dir='ltr'>quam</span> <span class='ocrx_word' id='word_1_486' title='bbox 994 3972 1255 4026; x_wconf 82' lang='lat' dir='ltr'>fundavit</span> <span class='ocrx_word' id='word_1_487' title='bbox 1283 3973 1342 4026; x_wconf 91' lang='lat' dir='ltr'>in</span> <span class='ocrx_word' id='word_1_488' title='bbox 1377 3973 1608 4028; x_wconf 67' lang='lat' dir='ltr'>saecula.</span> <span class='ocrx_word' id='word_1_489' title='bbox 1637 3999 1658 4026; x_wconf 75' lang='grc' dir='ltr'><strong><em>ι</em></strong></span> <span class='ocrx_word' id='word_1_490' title='bbox 1697 3979 1891 4045; x_wconf 87' lang='lat' dir='ltr'>Ipsam</span> 
     </span>
    </p>
   </div>
   <div class='ocr_carea' id='block_1_73' title="bbox 235 4058 1889 4132">
    <p class='ocr_par' dir='ltr' id='par_1_73' title="bbox 235 4058 1889 4132">
     <span class='ocr_line' id='line_1_73' title="bbox 235 4058 1889 4132; baseline 0.001 -17"><span class='ocrx_word' id='word_1_491' title='bbox 235 4059 557 4117; x_wconf 90' lang='lat' dir='ltr'>Ecclesiam</span> <span class='ocrx_word' id='word_1_492' title='bbox 589 4076 759 4115; x_wconf 89' lang='lat' dir='ltr'>suam</span> <span class='ocrx_word' id='word_1_493' title='bbox 807 4058 1092 4132; x_wconf 88' lang='lat' dir='ltr'>singulari</span> <span class='ocrx_word' id='word_1_494' title='bbox 1125 4060 1336 4115; x_wconf 92' lang='lat' dir='ltr'>virtute</span> <span class='ocrx_word' id='word_1_495' title='bbox 1369 4061 1643 4131; x_wconf 78' lang='lat' dir='ltr'>firmavit,</span> <span class='ocrx_word' id='word_1_496' title='bbox 1676 4066 1739 4117; x_wconf 89' lang='lat' dir='ltr'>ut</span> <span class='ocrx_word' id='word_1_497' title='bbox 1778 4062 1889 4117; x_wconf 89' lang='lat' dir='ltr'>im-</span> 
     </span>
    </p>
   </div>
   <div class='ocr_carea' id='block_1_74' title="bbox 236 4147 1581 4221">
    <p class='ocr_par' dir='ltr' id='par_1_74' title="bbox 236 4147 1581 4221">
     <span class='ocr_line' id='line_1_74' title="bbox 236 4147 1581 4221; baseline 0.001 -17"><span class='ocrx_word' id='word_1_498' title='bbox 236 4149 470 4206; x_wconf 90' lang='lat' dir='ltr'>mobilis</span> <span class='ocrx_word' id='word_1_499' title='bbox 503 4149 564 4203; x_wconf 91' lang='lat' dir='ltr'>in</span> <span class='ocrx_word' id='word_1_500' title='bbox 593 4147 806 4204; x_wconf 71' lang='lat' dir='ltr'>saacula</span> <span class='ocrx_word' id='word_1_501' title='bbox 835 4149 1194 4221; x_wconf 85' lang='lat' dir='ltr'>sempiterna</span> <span class='ocrx_word' id='word_1_502' title='bbox 1224 4149 1581 4221; x_wconf 88' lang='lat' dir='ltr'>persisteret.</span> 
     </span>
    </p>
   </div>
   <div class='ocr_carea' id='block_1_75' title="bbox 305 4237 1891 4310">
    <p class='ocr_par' dir='ltr' id='par_1_75' title="bbox 305 4237 1891 4310">
     <span class='ocr_line' id='line_1_75' title="bbox 305 4237 1891 4310; baseline 0.002 -17"><span class='ocrx_word' id='word_1_503' title='bbox 305 4261 331 4288; x_wconf 88' lang='grc'>‹‹</span> <span class='ocrx_word' id='word_1_504' title='bbox 367 4237 559 4310; x_wconf 85' lang='lat' dir='ltr'>Elegit</span> <span class='ocrx_word' id='word_1_505' title='bbox 589 4237 768 4292; x_wconf 88' lang='lat' dir='ltr'>David</span> <span class='ocrx_word' id='word_1_506' title='bbox 800 4253 1034 4293; x_wconf 85' lang='lat' dir='ltr'>servum</span> <span class='ocrx_word' id='word_1_507' title='bbox 1067 4255 1264 4305; x_wconf 91' lang='lat' dir='ltr'>suum,</span> <span class='ocrx_word' id='word_1_508' title='bbox 1289 4243 1346 4294; x_wconf 90' lang='lat' dir='ltr'>et</span> <span class='ocrx_word' id='word_1_509' title='bbox 1377 4239 1620 4295; x_wconf 91' lang='lat' dir='ltr'>sustulit</span> <span class='ocrx_word' id='word_1_510' title='bbox 1651 4256 1785 4296; x_wconf 89' lang='lat' dir='ltr'>eum</span> <span class='ocrx_word' id='word_1_511' title='bbox 1820 4241 1891 4296; x_wconf 88' lang='lat' dir='ltr'>de</span> 
     </span>
    </p>
   </div>
   <div class='ocr_carea' id='block_1_76' title="bbox 237 4325 1884 4402">
    <p class='ocr_par' dir='ltr' id='par_1_76' title="bbox 237 4325 1884 4402">
     <span class='ocr_line' id='line_1_76' title="bbox 237 4325 1884 4402; baseline 0.001 -21"><span class='ocrx_word' id='word_1_512' title='bbox 237 4327 514 4400; x_wconf 89' lang='lat' dir='ltr'>gregibus</span> <span class='ocrx_word' id='word_1_513' title='bbox 547 4325 765 4394; x_wconf 90' lang='lat' dir='ltr'>ovium,</span> <span class='ocrx_word' id='word_1_514' title='bbox 797 4330 855 4381; x_wconf 90' lang='lat' dir='ltr'>et</span> <span class='ocrx_word' id='word_1_515' title='bbox 885 4327 956 4381; x_wconf 90' lang='lat' dir='ltr'>de</span> <span class='ocrx_word' id='word_1_516' title='bbox 987 4331 1118 4398; x_wconf 87' lang='lat' dir='ltr'>post</span> <span class='ocrx_word' id='word_1_517' title='bbox 1148 4328 1394 4384; x_wconf 83' lang='lat' dir='ltr'>fetantes</span> <span class='ocrx_word' id='word_1_518' title='bbox 1425 4329 1646 4402; x_wconf 91' lang='lat' dir='ltr'>accepit</span> <span class='ocrx_word' id='word_1_519' title='bbox 1677 4346 1833 4384; x_wconf 89' lang='lat' dir='ltr'>eum.</span> <span class='ocrx_word' id='word_1_520' title='bbox 1862 4352 1884 4382; x_wconf 76' lang='grc' dir='ltr'>ι</span> 
     </span>
    </p>
   </div>
   <div class='ocr_carea' id='block_1_77' title="bbox 239 4413 1889 4486">
    <p class='ocr_par' dir='ltr' id='par_1_77' title="bbox 239 4413 1889 4486">
     <span class='ocr_line' id='line_1_77' title="bbox 239 4413 1889 4486; baseline 0.004 -15"><span class='ocrx_word' id='word_1_521' title='bbox 239 4419 496 4486; x_wconf 86' lang='lat' dir='ltr'>Pascere,</span> <span class='ocrx_word' id='word_1_522' title='bbox 529 4418 639 4469; x_wconf 91' lang='lat' dir='ltr'>etc.</span> <span class='ocrx_word' id='word_1_523' title='bbox 674 4413 886 4469; x_wconf 89' lang='lat' dir='ltr'>Omnia</span> <span class='ocrx_word' id='word_1_524' title='bbox 934 4414 1056 4470; x_wconf 79' lang='lat' dir='ltr'>haec</span> <span class='ocrx_word' id='word_1_525' title='bbox 1106 4417 1178 4470; x_wconf 91' lang='lat' dir='ltr'>ad</span> <span class='ocrx_word' id='word_1_526' title='bbox 1231 4417 1527 4472; x_wconf 85' lang='lat' dir='ltr'>Christum</span> <span class='ocrx_word' id='word_1_527' title='bbox 1574 4418 1889 4478; x_wconf 83' lang='lat' dir='ltr'>Dominum</span> 
     </span>
    </p>
   </div>
   <div class='ocr_carea' id='block_1_78' title="bbox 239 4501 1890 4574">
    <p class='ocr_par' dir='ltr' id='par_1_78' title="bbox 239 4501 1890 4574">
     <span class='ocr_line' id='line_1_78' title="bbox 239 4501 1890 4574; baseline 0.002 -16"><span class='ocrx_word' id='word_1_528' title='bbox 239 4503 544 4559; x_wconf 86' lang='lat' dir='ltr'>referenda</span> <span class='ocrx_word' id='word_1_529' title='bbox 583 4505 742 4569; x_wconf 88' lang='lat' dir='ltr'>sunt,</span> <span class='ocrx_word' id='word_1_530' title='bbox 778 4501 877 4572; x_wconf 89' lang='lat' dir='ltr'>qui</span> <span class='ocrx_word' id='word_1_531' title='bbox 910 4519 943 4556; x_wconf 87' lang='lat' dir='ltr'>a</span> <span class='ocrx_word' id='word_1_532' title='bbox 975 4506 1214 4574; x_wconf 89' lang='lat' dir='ltr'>paterno</span> <span class='ocrx_word' id='word_1_533' title='bbox 1262 4505 1524 4572; x_wconf 89' lang='lat' dir='ltr'>consilio,</span> <span class='ocrx_word' id='word_1_534' title='bbox 1559 4507 1630 4561; x_wconf 92' lang='lat' dir='ltr'>ad</span> <span class='ocrx_word' id='word_1_535' title='bbox 1662 4507 1890 4561; x_wconf 89' lang='lat' dir='ltr'>redem-</span> 
     </span>
    </p>
   </div>
   <div class='ocr_carea' id='block_1_79' title="bbox 238 4590 1884 4666">
    <p class='ocr_par' dir='ltr' id='par_1_79' title="bbox 238 4590 1884 4666">
     <span class='ocr_line' id='line_1_79' title="bbox 238 4590 1884 4666; baseline 0.003 -20"><span class='ocrx_word' id='word_1_536' title='bbox 238 4593 496 4664; x_wconf 91' lang='lat' dir='ltr'>ptionem</span> <span class='ocrx_word' id='word_1_537' title='bbox 530 4594 792 4647; x_wconf 88' lang='lat' dir='ltr'>nostram</span> <span class='ocrx_word' id='word_1_538' title='bbox 823 4590 1042 4646; x_wconf 90' lang='lat' dir='ltr'>electus</span> <span class='ocrx_word' id='word_1_539' title='bbox 1075 4597 1164 4646; x_wconf 90' lang='lat' dir='ltr'>est</span> <span class='ocrx_word' id='word_1_540' title='bbox 1195 4593 1265 4647; x_wconf 89' lang='lat' dir='ltr'>de</span> <span class='ocrx_word' id='word_1_541' title='bbox 1296 4609 1469 4666; x_wconf 91' lang='lat' dir='ltr'>grege</span> <span class='ocrx_word' id='word_1_542' title='bbox 1499 4595 1833 4650; x_wconf 90' lang='lat' dir='ltr'>mortalium</span> <span class='ocrx_word' id='word_1_543' title='bbox 1872 4613 1884 4651; x_wconf 93' lang='lat'><strong>:</strong></span> 
     </span>
    </p>
   </div>
   <div class='ocr_carea' id='block_1_80' title="bbox 2003 3442 3647 3516">
    <p class='ocr_par' dir='ltr' id='par_1_80' title="bbox 2003 3442 3647 3516">
     <span class='ocr_line' id='line_1_80' title="bbox 2003 3442 3647 3516; baseline -0.005 -16"><span class='ocrx_word' id='word_1_544' title='bbox 2003 3449 2155 3511; x_wconf 87' lang='lat' dir='ltr'>rant,</span> <span class='ocrx_word' id='word_1_545' title='bbox 2189 3449 2245 3500; x_wconf 91' lang='lat' dir='ltr'>et</span> <span class='ocrx_word' id='word_1_546' title='bbox 2273 3449 2411 3500; x_wconf 89' lang='lat' dir='ltr'>tunc</span> <span class='ocrx_word' id='word_1_547' title='bbox 2443 3446 2694 3516; x_wconf 88' lang='lat' dir='ltr'>separati</span> <span class='ocrx_word' id='word_1_548' title='bbox 2734 3445 2806 3499; x_wconf 89' lang='lat' dir='ltr'>ab</span> <span class='ocrx_word' id='word_1_549' title='bbox 2852 3442 3129 3506; x_wconf 86' lang='lat' dir='ltr'>Ecclesia,</span> <span class='ocrx_word' id='word_1_550' title='bbox 3159 3442 3434 3496; x_wconf 90' lang='lat' dir='ltr'>timentes</span> <span class='ocrx_word' id='word_1_551' title='bbox 3467 3443 3647 3493; x_wconf 90' lang='lat' dir='ltr'>Deum</span> 
     </span>
    </p>
   </div>
   <div class='ocr_carea' id='block_1_81' title="bbox 2003 3531 3432 3606">
    <p class='ocr_par' dir='ltr' id='par_1_81' title="bbox 2003 3531 3432 3606">
     <span class='ocr_line' id='line_1_81' title="bbox 2003 3531 3432 3606; baseline -0.003 -17"><span class='ocrx_word' id='word_1_552' title='bbox 2003 3539 2436 3606; x_wconf 89' lang='lat' dir='ltr'>persequuntur</span> <span class='ocrx_word' id='word_1_553' title='bbox 2467 3550 2481 3589; x_wconf 89' lang='lat'><strong>:</strong></span> <span class='ocrx_word' id='word_1_554' title='bbox 2515 3535 2670 3604; x_wconf 90' lang='lat' dir='ltr'>quod</span> <span class='ocrx_word' id='word_1_555' title='bbox 2703 3534 2774 3589; x_wconf 92' lang='lat' dir='ltr'>ad</span> <span class='ocrx_word' id='word_1_556' title='bbox 2805 3533 3109 3588; x_wconf 80' lang='lat' dir='ltr'>haereticos</span> <span class='ocrx_word' id='word_1_557' title='bbox 3140 3531 3387 3586; x_wconf 89' lang='lat' dir='ltr'>refertur</span> <span class='ocrx_word' id='word_1_558' title='bbox 3419 3546 3432 3585; x_wconf 88' lang='lat'>:</span> 
     </span>
    </p>
   </div>
   <div class='ocr_carea' id='block_1_82' title="bbox 2081 3637 3651 3712">
    <p class='ocr_par' dir='ltr' id='par_1_82' title="bbox 2081 3637 3651 3712">
     <span class='ocr_line' id='line_1_82' title="bbox 2081 3637 3651 3712; baseline -0.004 -16"><span class='ocrx_word' id='word_1_559' title='bbox 2081 3665 2100 3690; x_wconf 75' lang='grc' dir='ltr'>ι</span> <span class='ocrx_word' id='word_1_560' title='bbox 2135 3642 2469 3712; x_wconf 90' lang='lat' dir='ltr'>Usquequo,</span> <span class='ocrx_word' id='word_1_561' title='bbox 2517 3641 2775 3707; x_wconf 88' lang='lat' dir='ltr'>Domine,</span> <span class='ocrx_word' id='word_1_562' title='bbox 2809 3638 3074 3694; x_wconf 82' lang='lat' dir='ltr'>irasceris</span> <span class='ocrx_word' id='word_1_563' title='bbox 3117 3637 3178 3693; x_wconf 90' lang='lat' dir='ltr'>in</span> <span class='ocrx_word' id='word_1_564' title='bbox 3224 3639 3421 3704; x_wconf 80' lang='lat' dir='ltr'>tinem,</span> <span class='ocrx_word' id='word_1_565' title='bbox 3453 3652 3651 3691; x_wconf 87' lang='lat' dir='ltr'>accen-</span> 
     </span>
    </p>
   </div>
   <div class='ocr_carea' id='block_1_83' title="bbox 2004 3723 3648 3800">
    <p class='ocr_par' dir='ltr' id='par_1_83' title="bbox 2004 3723 3648 3800">
     <span class='ocr_line' id='line_1_83' title="bbox 2004 3723 3648 3800; baseline -0.004 -16"><span class='ocrx_word' id='word_1_566' title='bbox 2004 3729 2177 3784; x_wconf 90' lang='lat' dir='ltr'>detur</span> <span class='ocrx_word' id='word_1_567' title='bbox 2203 3728 2340 3783; x_wconf 87' lang='lat' dir='ltr'>velit</span> <span class='ocrx_word' id='word_1_568' title='bbox 2371 3729 2523 3800; x_wconf 90' lang='lat' dir='ltr'>ignis</span> <span class='ocrx_word' id='word_1_569' title='bbox 2547 3729 2704 3785; x_wconf 91' lang='lat' dir='ltr'>zelus</span> <span class='ocrx_word' id='word_1_570' title='bbox 2727 3733 2863 3783; x_wconf 90' lang='lat' dir='ltr'>tuus</span> <span class='ocrx_word' id='word_1_571' title='bbox 2886 3728 2914 3782; x_wconf 86' lang='lat'><strong><em>?</em></strong></span> <span class='ocrx_word' id='word_1_572' title='bbox 2940 3728 3183 3782; x_wconf 81' lang='lat' dir='ltr'>Etl‘unde</span> <span class='ocrx_word' id='word_1_573' title='bbox 3215 3727 3362 3781; x_wconf 87' lang='lat' dir='ltr'>iram</span> <span class='ocrx_word' id='word_1_574' title='bbox 3394 3729 3558 3780; x_wconf 89' lang='lat' dir='ltr'>tuam</span> <span class='ocrx_word' id='word_1_575' title='bbox 3587 3723 3648 3778; x_wconf 89' lang='lat' dir='ltr'>in</span> 
     </span>
    </p>
   </div>
   <div class='ocr_carea' id='block_1_84' title="bbox 2003 3817 3648 3892">
    <p class='ocr_par' dir='ltr' id='par_1_84' title="bbox 2003 3817 3648 3892">
     <span class='ocr_line' id='line_1_84' title="bbox 2003 3817 3648 3892; baseline -0.004 -18"><span class='ocrx_word' id='word_1_576' title='bbox 2003 3821 2204 3892; x_wconf 87' lang='lat' dir='ltr'>gentes</span> <span class='ocrx_word' id='word_1_577' title='bbox 2235 3835 2361 3889; x_wconf 59' lang='lat' dir='ltr'>quae</span> <span class='ocrx_word' id='word_1_578' title='bbox 2394 3822 2448 3872; x_wconf 93' lang='lat' dir='ltr'>te</span> <span class='ocrx_word' id='word_1_579' title='bbox 2480 3835 2592 3874; x_wconf 89' lang='lat' dir='ltr'>non</span> <span class='ocrx_word' id='word_1_580' title='bbox 2647 3821 2950 3883; x_wconf 90' lang='lat' dir='ltr'>noverunt,</span> <span class='ocrx_word' id='word_1_581' title='bbox 2984 3821 3040 3872; x_wconf 89' lang='lat' dir='ltr'>et</span> <span class='ocrx_word' id='word_1_582' title='bbox 3071 3817 3129 3870; x_wconf 92' lang='lat' dir='ltr'>in</span> <span class='ocrx_word' id='word_1_583' title='bbox 3162 3832 3340 3887; x_wconf 89' lang='lat' dir='ltr'>regna</span> <span class='ocrx_word' id='word_1_584' title='bbox 3373 3831 3498 3886; x_wconf 75' lang='lat' dir='ltr'>quae</span> <span class='ocrx_word' id='word_1_585' title='bbox 3547 3830 3648 3868; x_wconf 91' lang='lat' dir='ltr'>no-</span> 
     </span>
    </p>
   </div>
   <div class='ocr_carea' id='block_1_85' title="bbox 2003 3901 3646 3979">
    <p class='ocr_par' dir='ltr' id='par_1_85' title="bbox 2003 3901 3646 3979">
     <span class='ocr_line' id='line_1_85' title="bbox 2003 3901 3646 3979; baseline -0.003 -17"><span class='ocrx_word' id='word_1_586' title='bbox 2003 3924 2158 3973; x_wconf 89' lang='lat' dir='ltr'>men,</span> <span class='ocrx_word' id='word_1_587' title='bbox 2184 3930 2203 3955; x_wconf 71' lang='lat' dir='ltr'><strong><em>n</em></strong></span> <span class='ocrx_word' id='word_1_588' title='bbox 2235 3912 2343 3961; x_wconf 89' lang='lat' dir='ltr'>etc.</span> <span class='ocrx_word' id='word_1_589' title='bbox 2377 3907 2458 3961; x_wconf 91' lang='lat' dir='ltr'>Ne</span> <span class='ocrx_word' id='word_1_590' title='bbox 2486 3908 2654 3962; x_wconf 90' lang='lat' dir='ltr'>nobis</span> <span class='ocrx_word' id='word_1_591' title='bbox 2687 3906 2958 3962; x_wconf 90' lang='lat' dir='ltr'>irascaris</span> <span class='ocrx_word' id='word_1_592' title='bbox 2989 3921 3349 3979; x_wconf 78' lang='lat' dir='ltr'>quaesumus,</span> <span class='ocrx_word' id='word_1_593' title='bbox 3381 3901 3646 3971; x_wconf 83' lang='lat' dir='ltr'>Domine,</span> 
     </span>
    </p>
   </div>
   <div class='ocr_carea' id='block_1_86' title="bbox 2003 3991 3646 4068">
    <p class='ocr_par' dir='ltr' id='par_1_86' title="bbox 2003 3991 3646 4068">
     <span class='ocr_line' id='line_1_86' title="bbox 2003 3991 3646 4068; baseline -0.004 -18"><span class='ocrx_word' id='word_1_594' title='bbox 2003 3996 2100 4068; x_wconf 89' lang='lat' dir='ltr'>qui</span> <span class='ocrx_word' id='word_1_595' title='bbox 2136 4000 2190 4050; x_wconf 90' lang='lat' dir='ltr'>te</span> <span class='ocrx_word' id='word_1_596' title='bbox 2224 3996 2494 4052; x_wconf 90' lang='lat' dir='ltr'>novimus</span> <span class='ocrx_word' id='word_1_597' title='bbox 2531 4013 2543 4052; x_wconf 91' lang='lat'><strong>:</strong></span> <span class='ocrx_word' id='word_1_598' title='bbox 2577 3997 2676 4052; x_wconf 91' lang='lat' dir='ltr'>scd</span> <span class='ocrx_word' id='word_1_599' title='bbox 2711 3997 2769 4051; x_wconf 91' lang='lat' dir='ltr'>in</span> <span class='ocrx_word' id='word_1_600' title='bbox 2802 3996 2931 4051; x_wconf 92' lang='lat' dir='ltr'>illos</span> <span class='ocrx_word' id='word_1_601' title='bbox 2962 3995 3156 4067; x_wconf 88' lang='lat' dir='ltr'>potius</span> <span class='ocrx_word' id='word_1_602' title='bbox 3191 3997 3463 4061; x_wconf 90' lang='lat' dir='ltr'>retorque</span> <span class='ocrx_word' id='word_1_603' title='bbox 3491 3991 3646 4045; x_wconf 84' lang='lat' dir='ltr'>furo-</span> 
     </span>
    </p>
   </div>
   <div class='ocr_carea' id='block_1_87' title="bbox 2002 4083 3326 4156">
    <p class='ocr_par' dir='ltr' id='par_1_87' title="bbox 2002 4083 3326 4156">
     <span class='ocr_line' id='line_1_87' title="bbox 2002 4083 3326 4156; baseline -0.003 -18"><span class='ocrx_word' id='word_1_604' title='bbox 2002 4101 2123 4140; x_wconf 89' lang='lat' dir='ltr'>rem</span> <span class='ocrx_word' id='word_1_605' title='bbox 2156 4088 2346 4151; x_wconf 91' lang='lat' dir='ltr'>tuum,</span> <span class='ocrx_word' id='word_1_606' title='bbox 2380 4085 2479 4156; x_wconf 91' lang='lat' dir='ltr'>qui</span> <span class='ocrx_word' id='word_1_607' title='bbox 2511 4085 2807 4141; x_wconf 88' lang='lat' dir='ltr'>Christum</span> <span class='ocrx_word' id='word_1_608' title='bbox 2835 4089 3003 4138; x_wconf 93' lang='lat' dir='ltr'>tuum</span> <span class='ocrx_word' id='word_1_609' title='bbox 3036 4083 3326 4155; x_wconf 88' lang='lat' dir='ltr'>ignorant.</span> 
     </span>
    </p>
   </div>
   <div class='ocr_carea' id='block_1_88' title="bbox 2079 4166 3648 4238">
    <p class='ocr_par' dir='ltr' id='par_1_88' title="bbox 2079 4166 3648 4238">
     <span class='ocr_line' id='line_1_88' title="bbox 2079 4166 3648 4238; baseline -0.003 -14"><span class='ocrx_word' id='word_1_610' title='bbox 2079 4192 2106 4224; x_wconf 75' lang='grc' dir='ltr'><strong>α</strong></span> <span class='ocrx_word' id='word_1_611' title='bbox 2133 4173 2278 4237; x_wconf 90' lang='lat' dir='ltr'>Quia</span> <span class='ocrx_word' id='word_1_612' title='bbox 2307 4173 2685 4228; x_wconf 89' lang='lat' dir='ltr'>comederunt</span> <span class='ocrx_word' id='word_1_613' title='bbox 2710 4172 2913 4238; x_wconf 85' lang='lat' dir='ltr'>Jacob,</span> <span class='ocrx_word' id='word_1_614' title='bbox 2948 4177 3004 4225; x_wconf 92' lang='lat' dir='ltr'>et</span> <span class='ocrx_word' id='word_1_615' title='bbox 3042 4169 3235 4225; x_wconf 91' lang='lat' dir='ltr'>locum</span> <span class='ocrx_word' id='word_1_616' title='bbox 3267 4169 3394 4237; x_wconf 82' lang='lat' dir='ltr'>ejus</span> <span class='ocrx_word' id='word_1_617' title='bbox 3425 4166 3648 4222; x_wconf 91' lang='lat' dir='ltr'>desola-</span> 
     </span>
    </p>
   </div>
   <div class='ocr_carea' id='block_1_89' title="bbox 1999 4257 3647 4329">
    <p class='ocr_par' dir='ltr' id='par_1_89' title="bbox 1999 4257 3647 4329">
     <span class='ocr_line' id='line_1_89' title="bbox 1999 4257 3647 4329; baseline -0.003 -14"><span class='ocrx_word' id='word_1_618' title='bbox 1999 4265 2227 4316; x_wconf 89' lang='lat' dir='ltr'>verunt.</span> <span class='ocrx_word' id='word_1_619' title='bbox 2267 4283 2294 4310; x_wconf 83' lang='lat'>»</span> <span class='ocrx_word' id='word_1_620' title='bbox 2330 4261 2499 4316; x_wconf 89' lang='lat' dir='ltr'>Illum</span> <span class='ocrx_word' id='word_1_621' title='bbox 2555 4258 2870 4328; x_wconf 87' lang='lat' dir='ltr'>carnalem,</span> <span class='ocrx_word' id='word_1_622' title='bbox 2903 4258 3004 4329; x_wconf 92' lang='lat' dir='ltr'>qui</span> <span class='ocrx_word' id='word_1_623' title='bbox 3059 4257 3337 4313; x_wconf 88' lang='lat' dir='ltr'>seductus</span> <span class='ocrx_word' id='word_1_624' title='bbox 3377 4259 3466 4311; x_wconf 90' lang='lat' dir='ltr'>est</span> <span class='ocrx_word' id='word_1_625' title='bbox 3516 4260 3647 4311; x_wconf 88' lang='lat' dir='ltr'>astu</span> 
     </span>
    </p>
   </div>
   <div class='ocr_carea' id='block_1_90' title="bbox 1998 4348 2244 4404">
    <p class='ocr_par' dir='ltr' id='par_1_90' title="bbox 1998 4348 2244 4404">
     <span class='ocr_line' id='line_1_90' title="bbox 1998 4348 2244 4404; baseline 0 -2"><span class='ocrx_word' id='word_1_626' title='bbox 1998 4348 2244 4404; x_wconf 86' lang='lat' dir='ltr'>inimici.</span> 
     </span>
    </p>
   </div>
   <div class='ocr_carea' id='block_1_91' title="bbox 2072 4433 3648 4506">
    <p class='ocr_par' dir='ltr' id='par_1_91' title="bbox 2072 4433 3648 4506">
     <span class='ocr_line' id='line_1_91' title="bbox 2072 4433 3648 4506; baseline -0.003 -15"><span class='ocrx_word' id='word_1_627' title='bbox 2072 4459 2099 4486; x_wconf 85' lang='lat'>«</span> <span class='ocrx_word' id='word_1_628' title='bbox 2135 4437 2216 4492; x_wconf 89' lang='lat' dir='ltr'>Ne</span> <span class='ocrx_word' id='word_1_629' title='bbox 2249 4436 2587 4492; x_wconf 89' lang='lat' dir='ltr'>memineris</span> <span class='ocrx_word' id='word_1_630' title='bbox 2620 4434 2990 4506; x_wconf 81' lang='lat' dir='ltr'>iniquitatem</span> <span class='ocrx_word' id='word_1_631' title='bbox 3024 4438 3355 4491; x_wconf 88' lang='lat' dir='ltr'>nostrarum</span> <span class='ocrx_word' id='word_1_632' title='bbox 3378 4433 3648 4504; x_wconf 88' lang='lat' dir='ltr'>antiqua-</span> 
     </span>
    </p>
   </div>
   <div class='ocr_carea' id='block_1_92' title="bbox 2001 4521 3650 4595">
    <p class='ocr_par' dir='ltr' id='par_1_92' title="bbox 2001 4521 3650 4595">
     <span class='ocr_line' id='line_1_92' title="bbox 2001 4521 3650 4595; baseline -0.003 -17"><span class='ocrx_word' id='word_1_633' title='bbox 2001 4540 2132 4580; x_wconf 92' lang='lat' dir='ltr'>rum</span> <span class='ocrx_word' id='word_1_634' title='bbox 2166 4541 2180 4579; x_wconf 89' lang='lat'><strong>:</strong></span> <span class='ocrx_word' id='word_1_635' title='bbox 2218 4524 2330 4580; x_wconf 91' lang='lat' dir='ltr'>cito</span> <span class='ocrx_word' id='word_1_636' title='bbox 2359 4524 2679 4595; x_wconf 76' lang='lat' dir='ltr'>anticipant</span> <span class='ocrx_word' id='word_1_637' title='bbox 2710 4541 2816 4579; x_wconf 89' lang='lat' dir='ltr'>nos</span> <span class='ocrx_word' id='word_1_638' title='bbox 2848 4523 3259 4580; x_wconf 62' lang='lat' dir='ltr'>misericordia</span> <span class='ocrx_word' id='word_1_639' title='bbox 3291 4527 3422 4590; x_wconf 65' lang='lat' dir='ltr'>tuae,</span> <span class='ocrx_word' id='word_1_640' title='bbox 3457 4521 3650 4576; x_wconf 87' lang='lat' dir='ltr'>Domi-</span> 
     </span>
    </p>
   </div>
   <div class='ocr_carea' id='block_1_93' title="bbox 2000 4603 3650 4686">
    <p class='ocr_par' dir='ltr' id='par_1_93' title="bbox 2000 4603 3650 4686">
     <span class='ocr_line' id='line_1_93' title="bbox 2000 4603 3650 4686; baseline -0.002 -18"><span class='ocrx_word' id='word_1_641' title='bbox 2000 4631 2092 4684; x_wconf 90' lang='lat' dir='ltr'>ne,</span> <span class='ocrx_word' id='word_1_642' title='bbox 2129 4603 2268 4685; x_wconf 76' lang='lat' dir='ltr'>quia</span> <span class='ocrx_word' id='word_1_643' title='bbox 2299 4630 2586 4686; x_wconf 86' lang='lat' dir='ltr'>pauperes</span> <span class='ocrx_word' id='word_1_644' title='bbox 2615 4613 2748 4669; x_wconf 92' lang='lat' dir='ltr'>facti</span> <span class='ocrx_word' id='word_1_645' title='bbox 2782 4630 2990 4669; x_wconf 91' lang='lat' dir='ltr'>sumus</span> <span class='ocrx_word' id='word_1_646' title='bbox 3037 4613 3234 4668; x_wconf 90' lang='lat' dir='ltr'>nimis.</span> <span class='ocrx_word' id='word_1_647' title='bbox 3273 4635 3298 4660; x_wconf 89' lang='grc'><strong>››</strong></span> <span class='ocrx_word' id='word_1_648' title='bbox 3334 4610 3650 4666; x_wconf 68' lang='lat' dir='ltr'>Presveniat</span> 
     </span>
    </p>
   </div>
   <div class='ocr_carea' id='block_1_94' title="bbox 240 4679 3650 4781">
    <p class='ocr_par' dir='ltr' id='par_1_94' title="bbox 240 4679 3650 4781">
     <span class='ocr_line' id='line_1_94' title="bbox 240 4679 3650 4781; baseline 0 -29"><span class='ocrx_word' id='word_1_649' title='bbox 240 4695 468 4779; x_wconf 64' lang='grc' dir='ltr'>οξπηθω</span> <span class='ocrx_word' id='word_1_650' title='bbox 503 4695 837 4781; x_wconf 61' lang='grc' dir='ltr'>δεξευξῐλξδηεν</span> <span class='ocrx_word' id='word_1_651' title='bbox 868 4695 1116 4781; x_wconf 57' lang='grc' dir='ltr'>Ρθιείξξξηε</span> <span class='ocrx_word' id='word_1_652' title='bbox 1148 4679 1550 4779; x_wconf 39' lang='lat' dir='ltr'>miris-uanum</span> <span class='ocrx_word' id='word_1_653' title='bbox 1583 4683 1889 4781; x_wconf 37' lang='lat' dir='ltr'>901311.1ng</span> <span class='ocrx_word' id='word_1_654' title='bbox 1927 4717 1970 4781; x_wconf 82' lang='lat' dir='ltr'>D</span> <span class='ocrx_word' id='word_1_655' title='bbox 2003 4719 2108 4758; x_wconf 92' lang='lat' dir='ltr'>nos</span> <span class='ocrx_word' id='word_1_656' title='bbox 2163 4679 2525 4774; x_wconf 70' lang='lat' dir='ltr'>quaesumus,</span> <span class='ocrx_word' id='word_1_657' title='bbox 2584 4703 2848 4774; x_wconf 88' lang='lat' dir='ltr'>Domine,</span> <span class='ocrx_word' id='word_1_658' title='bbox 2904 4691 3322 4769; x_wconf 87' lang='lat' dir='ltr'>misericordia,</span> <span class='ocrx_word' id='word_1_659' title='bbox 3379 4717 3505 4772; x_wconf 72' lang='lat' dir='ltr'>qua:</span> <span class='ocrx_word' id='word_1_660' title='bbox 3561 4703 3650 4754; x_wconf 92' lang='lat' dir='ltr'>est</span> 
     </span>
    </p>
   </div>
   <div class='ocr_carea' id='block_1_95' title="bbox 241 4768 1890 4842">
    <p class='ocr_par' dir='ltr' id='par_1_95' title="bbox 241 4768 1890 4842">
     <span class='ocr_line' id='line_1_95' title="bbox 241 4768 1890 4842; baseline 0.001 -18"><span class='ocrx_word' id='word_1_661' title='bbox 241 4769 355 4825; x_wconf 89' lang='lat' dir='ltr'>sive</span> <span class='ocrx_word' id='word_1_662' title='bbox 392 4769 901 4842; x_wconf 88' lang='lat' dir='ltr'>supplantatorem</span> <span class='ocrx_word' id='word_1_663' title='bbox 948 4768 1244 4837; x_wconf 89' lang='lat' dir='ltr'>vitiorum,</span> <span class='ocrx_word' id='word_1_664' title='bbox 1275 4770 1394 4824; x_wconf 90' lang='lat' dir='ltr'>sive</span> <span class='ocrx_word' id='word_1_665' title='bbox 1450 4775 1644 4826; x_wconf 89' lang='lat' dir='ltr'>mente</span> <span class='ocrx_word' id='word_1_666' title='bbox 1691 4772 1890 4826; x_wconf 51' lang='lat' dir='ltr'>viden;</span> 
     </span>
    </p>
   </div>
   <div class='ocr_carea' id='block_1_96' title="bbox 240 4856 1888 4923">
    <p class='ocr_par' dir='ltr' id='par_1_96' title="bbox 240 4856 1888 4923">
     <span class='ocr_line' id='line_1_96' title="bbox 240 4856 1888 4923; baseline 0.002 -12"><span class='ocrx_word' id='word_1_667' title='bbox 240 4859 352 4913; x_wconf 88' lang='lat' dir='ltr'>tem</span> <span class='ocrx_word' id='word_1_668' title='bbox 387 4863 592 4914; x_wconf 92' lang='lat' dir='ltr'>Deum.</span> <span class='ocrx_word' id='word_1_669' title='bbox 617 4857 724 4923; x_wconf 89' lang='lat' dir='ltr'>Qui</span> <span class='ocrx_word' id='word_1_670' title='bbox 747 4874 902 4912; x_wconf 91' lang='lat' dir='ltr'>nunc</span> <span class='ocrx_word' id='word_1_671' title='bbox 932 4856 1249 4913; x_wconf 85' lang='lat' dir='ltr'>Ecclesiam</span> <span class='ocrx_word' id='word_1_672' title='bbox 1278 4875 1448 4914; x_wconf 88' lang='lat' dir='ltr'>suam</span> <span class='ocrx_word' id='word_1_673' title='bbox 1480 4859 1605 4915; x_wconf 89' lang='lat' dir='ltr'>suis</span> <span class='ocrx_word' id='word_1_674' title='bbox 1627 4859 1888 4915; x_wconf 88' lang='lat' dir='ltr'>volunta-</span> 
     </span>
    </p>
   </div>
   <div class='ocr_carea' id='block_1_97' title="bbox 239 4945 1885 5020">
    <p class='ocr_par' dir='ltr' id='par_1_97' title="bbox 239 4945 1885 5020">
     <span class='ocr_line' id='line_1_97' title="bbox 239 4945 1885 5020; baseline 0.002 -19"><span class='ocrx_word' id='word_1_675' title='bbox 239 4946 395 5003; x_wconf 91' lang='lat' dir='ltr'>tibus</span> <span class='ocrx_word' id='word_1_676' title='bbox 426 4947 831 5016; x_wconf 60' lang='lat' dir='ltr'>inharentem,</span> <span class='ocrx_word' id='word_1_677' title='bbox 866 4945 922 5000; x_wconf 94' lang='lat' dir='ltr'>in</span> <span class='ocrx_word' id='word_1_678' title='bbox 970 4947 1229 5002; x_wconf 87' lang='lat' dir='ltr'>bonitate</span> <span class='ocrx_word' id='word_1_679' title='bbox 1277 4948 1470 5003; x_wconf 90' lang='lat' dir='ltr'>cordis</span> <span class='ocrx_word' id='word_1_680' title='bbox 1503 4949 1592 5003; x_wconf 91' lang='lat' dir='ltr'>sui</span> <span class='ocrx_word' id='word_1_681' title='bbox 1628 4965 1885 5020; x_wconf 85' lang='lat' dir='ltr'>pascere,</span> 
     </span>
    </p>
   </div>
   <div class='ocr_carea' id='block_1_98' title="bbox 240 5033 1890 5109">
    <p class='ocr_par' dir='ltr' id='par_1_98' title="bbox 240 5033 1890 5109">
     <span class='ocr_line' id='line_1_98' title="bbox 240 5033 1890 5109; baseline 0.001 -20"><span class='ocrx_word' id='word_1_682' title='bbox 240 5038 294 5089; x_wconf 88' lang='lat' dir='ltr'>et</span> <span class='ocrx_word' id='word_1_683' title='bbox 337 5036 393 5091; x_wconf 89' lang='lat' dir='ltr'>in</span> <span class='ocrx_word' id='word_1_684' title='bbox 442 5034 667 5092; x_wconf 88' lang='lat' dir='ltr'>ccclesti</span> <span class='ocrx_word' id='word_1_685' title='bbox 721 5033 1046 5091; x_wconf 87' lang='lat' dir='ltr'>Jerusalem</span> <span class='ocrx_word' id='word_1_686' title='bbox 1101 5035 1381 5091; x_wconf 89' lang='lat' dir='ltr'>collocare</span> <span class='ocrx_word' id='word_1_687' title='bbox 1443 5036 1735 5109; x_wconf 87' lang='lat' dir='ltr'>dignetur.</span> <span class='ocrx_word' id='word_1_688' title='bbox 1774 5037 1890 5109; x_wconf 88' lang='lat' dir='ltr'>Ipsi</span> 
     </span>
    </p>
   </div>
   <div class='ocr_carea' id='block_1_99' title="bbox 240 5123 1890 5198">
    <p class='ocr_par' dir='ltr' id='par_1_99' title="bbox 240 5123 1890 5198">
     <span class='ocr_line' id='line_1_99' title="bbox 240 5123 1890 5198; baseline 0.003 -21"><span class='ocrx_word' id='word_1_689' title='bbox 240 5123 419 5194; x_wconf 87' lang='lat' dir='ltr'>gloria</span> <span class='ocrx_word' id='word_1_690' title='bbox 448 5141 586 5182; x_wconf 86' lang='lat' dir='ltr'>cum</span> <span class='ocrx_word' id='word_1_691' title='bbox 618 5128 831 5181; x_wconf 75' lang='lat' dir='ltr'>aeterno</span> <span class='ocrx_word' id='word_1_692' title='bbox 881 5124 1046 5180; x_wconf 89' lang='lat' dir='ltr'>Patre</span> <span class='ocrx_word' id='word_1_693' title='bbox 1079 5129 1134 5180; x_wconf 91' lang='lat' dir='ltr'>et</span> <span class='ocrx_word' id='word_1_694' title='bbox 1163 5126 1384 5198; x_wconf 89' lang='lat' dir='ltr'>Spiritu</span> <span class='ocrx_word' id='word_1_695' title='bbox 1435 5129 1659 5196; x_wconf 89' lang='lat' dir='ltr'>sancto,</span> <span class='ocrx_word' id='word_1_696' title='bbox 1691 5128 1749 5181; x_wconf 88' lang='lat' dir='ltr'>in</span> <span class='ocrx_word' id='word_1_697' title='bbox 1783 5145 1890 5183; x_wconf 70' lang='lat' dir='ltr'>saa-</span> 
     </span>
    </p>
   </div>
   <div class='ocr_carea' id='block_1_100' title="bbox 241 5211 997 5270">
    <p class='ocr_par' dir='ltr' id='par_1_100' title="bbox 241 5211 997 5270">
     <span class='ocr_line' id='line_1_100' title="bbox 241 5211 997 5270; baseline 0.001 -3"><span class='ocrx_word' id='word_1_698' title='bbox 241 5211 370 5268; x_wconf 89' lang='lat' dir='ltr'>cula</span> <span class='ocrx_word' id='word_1_699' title='bbox 395 5212 767 5270; x_wconf 65' lang='lat' dir='ltr'>saeculorum.</span> <span class='ocrx_word' id='word_1_700' title='bbox 793 5214 997 5268; x_wconf 88' lang='lat' dir='ltr'>Amen.</span> 
     </span>
    </p>
   </div>
   <div class='ocr_carea' id='block_1_101' title="bbox 729 5302 1392 5359">
    <p class='ocr_par' dir='ltr' id='par_1_101' title="bbox 729 5302 1392 5359">
     <span class='ocr_line' id='line_1_101' title="bbox 729 5302 1392 5359; baseline 0.003 -2"><span class='ocrx_word' id='word_1_701' title='bbox 729 5302 1055 5358; x_wconf 88' lang='lat' dir='ltr'>PSALMUS</span> <span class='ocrx_word' id='word_1_702' title='bbox 1104 5302 1392 5359; x_wconf 86' lang='lat' dir='ltr'>LXXVIII.</span> 
     </span>
    </p>
   </div>
   <div class='ocr_carea' id='block_1_102' title="bbox 246 5388 1890 5462">
    <p class='ocr_par' dir='ltr' id='par_1_102' title="bbox 246 5388 1890 5462">
     <span class='ocr_line' id='line_1_102' title="bbox 246 5388 1890 5462; baseline 0.005 -21"><span class='ocrx_word' id='word_1_703' title='bbox 246 5388 493 5462; x_wconf 76' lang='lat' dir='ltr'>Psalmus</span> <span class='ocrx_word' id='word_1_704' title='bbox 525 5391 722 5462; x_wconf 83' lang='lat' dir='ltr'>Asaph.</span> <span class='ocrx_word' id='word_1_705' title='bbox 760 5391 874 5462; x_wconf 90' lang='lat' dir='ltr'>Iste</span> <span class='ocrx_word' id='word_1_706' title='bbox 926 5390 1192 5462; x_wconf 91' lang='lat' dir='ltr'>psalmus</span> <span class='ocrx_word' id='word_1_707' title='bbox 1221 5409 1419 5449; x_wconf 89' lang='lat' dir='ltr'>vocem</span> <span class='ocrx_word' id='word_1_708' title='bbox 1461 5394 1718 5450; x_wconf 90' lang='lat' dir='ltr'>continet</span> <span class='ocrx_word' id='word_1_709' title='bbox 1747 5399 1890 5449; x_wconf 90' lang='lat' dir='ltr'>Pro-</span> 
     </span>
    </p>
   </div>
   <div class='ocr_carea' id='block_1_103' title="bbox 317 5461 1892 5537">
    <p class='ocr_par' dir='ltr' id='par_1_103' title="bbox 317 5461 1892 5537">
     <span class='ocr_line' id='line_1_103' title="bbox 317 5461 1892 5537; baseline 0.003 -22"><span class='ocrx_word' id='word_1_710' title='bbox 317 5461 526 5537; x_wconf 61' lang='lat' dir='ltr'>pheta),</span> <span class='ocrx_word' id='word_1_711' title='bbox 580 5461 975 5537; x_wconf 80' lang='lat' dir='ltr'>captivitatem</span> <span class='ocrx_word' id='word_1_712' title='bbox 1027 5467 1268 5520; x_wconf 67' lang='lat' dir='ltr'>terrenae</span> <span class='ocrx_word' id='word_1_713' title='bbox 1316 5465 1651 5537; x_wconf 18' lang='lat' dir='ltr'>Jerusalem,</span> <span class='ocrx_word' id='word_1_714' title='bbox 1689 5467 1892 5537; x_wconf 85' lang='lat' dir='ltr'>deplo-</span> 
     </span>
    </p>
   </div>
   <div class='ocr_carea' id='block_1_104' title="bbox 321 5533 1890 5606">
    <p class='ocr_par' dir='ltr' id='par_1_104' title="bbox 321 5533 1890 5606">
     <span class='ocr_line' id='line_1_104' title="bbox 321 5533 1890 5606; baseline 0.004 -21"><span class='ocrx_word' id='word_1_715' title='bbox 321 5535 530 5606; x_wconf 87' lang='lat' dir='ltr'>rantis;</span> <span class='ocrx_word' id='word_1_716' title='bbox 565 5551 692 5606; x_wconf 70' lang='lat' dir='ltr'>quaa</span> <span class='ocrx_word' id='word_1_717' title='bbox 743 5533 1046 5606; x_wconf 87' lang='lat' dir='ltr'>captivitas</span> <span class='ocrx_word' id='word_1_718' title='bbox 1079 5552 1192 5606; x_wconf 90' lang='lat' dir='ltr'>non</span> <span class='ocrx_word' id='word_1_719' title='bbox 1237 5541 1469 5592; x_wconf 85' lang='lat' dir='ltr'>tantum</span> <span class='ocrx_word' id='word_1_720' title='bbox 1497 5538 1565 5592; x_wconf 92' lang='lat' dir='ltr'>ad</span> <span class='ocrx_word' id='word_1_721' title='bbox 1620 5533 1781 5592; x_wconf 79' lang='lat' dir='ltr'>illam</span> <span class='ocrx_word' id='word_1_722' title='bbox 1813 5538 1890 5592; x_wconf 88' lang='lat' dir='ltr'>ci-</span> 
     </span>
    </p>
   </div>
   <div class='ocr_carea' id='block_1_105' title="bbox 323 5603 1893 5680">
    <p class='ocr_par' dir='ltr' id='par_1_105' title="bbox 323 5603 1893 5680">
     <span class='ocr_line' id='line_1_105' title="bbox 323 5603 1893 5680; baseline 0.005 -23"><span class='ocrx_word' id='word_1_723' title='bbox 323 5603 904 5680; x_wconf 40' lang='lat' dir='ltr'>vitatem,‘quantum</span> <span class='ocrx_word' id='word_1_724' title='bbox 931 5605 1001 5658; x_wconf 87' lang='lat' dir='ltr'>ad</span> <span class='ocrx_word' id='word_1_725' title='bbox 1037 5605 1314 5677; x_wconf 88' lang='lat' dir='ltr'>animam,</span> <span class='ocrx_word' id='word_1_726' title='bbox 1350 5626 1477 5680; x_wconf 70' lang='lat' dir='ltr'>quae</span> <span class='ocrx_word' id='word_1_727' title='bbox 1509 5626 1659 5680; x_wconf 62' lang='lat' dir='ltr'>sape</span> <span class='ocrx_word' id='word_1_728' title='bbox 1690 5609 1893 5665; x_wconf 86' lang='lat' dir='ltr'>civitas</span> 
     </span>
    </p>
   </div>
   <div class='ocr_carea' id='block_1_106' title="bbox 327 5676 1074 5746">
    <p class='ocr_par' dir='ltr' id='par_1_106' title="bbox 327 5676 1074 5746">
     <span class='ocr_line' id='line_1_106' title="bbox 327 5676 1074 5746; baseline 0.001 -17"><span class='ocrx_word' id='word_1_729' title='bbox 327 5676 616 5746; x_wconf 91' lang='lat' dir='ltr'>scribitur,</span> <span class='ocrx_word' id='word_1_730' title='bbox 648 5676 947 5732; x_wconf 85' lang='lat' dir='ltr'>referenda</span> <span class='ocrx_word' id='word_1_731' title='bbox 969 5680 1074 5731; x_wconf 90' lang='lat' dir='ltr'>est.</span> 
     </span>
    </p>
   </div>
   <div class='ocr_carea' id='block_1_107' title="bbox 329 5763 1890 5837">
    <p class='ocr_par' dir='ltr' id='par_1_107' title="bbox 329 5763 1890 5837">
     <span class='ocr_line' id='line_1_107' title="bbox 329 5763 1890 5837; baseline 0.005 -17"><span class='ocrx_word' id='word_1_732' title='bbox 329 5785 354 5811; x_wconf 85' lang='lat'><strong>«</strong></span> <span class='ocrx_word' id='word_1_733' title='bbox 382 5763 553 5832; x_wconf 89' lang='lat' dir='ltr'>Deus,</span> <span class='ocrx_word' id='word_1_734' title='bbox 585 5768 866 5824; x_wconf 83' lang='lat' dir='ltr'>venerunt</span> <span class='ocrx_word' id='word_1_735' title='bbox 913 5769 1116 5837; x_wconf 87' lang='lat' dir='ltr'>gentes</span> <span class='ocrx_word' id='word_1_736' title='bbox 1146 5765 1205 5823; x_wconf 91' lang='lat' dir='ltr'>in</span> <span class='ocrx_word' id='word_1_737' title='bbox 1237 5767 1632 5827; x_wconf 69' lang='lat' dir='ltr'>haereditath</span> <span class='ocrx_word' id='word_1_738' title='bbox 1683 5773 1842 5826; x_wconf 87' lang='lat' dir='ltr'>tuam</span> <span class='ocrx_word' id='word_1_739' title='bbox 1878 5788 1890 5828; x_wconf 90' lang='lat'><strong>:</strong></span> 
     </span>
    </p>
   </div>
   <div class='ocr_carea' id='block_1_108' title="bbox 2004 4785 3650 4865">
    <p class='ocr_par' dir='ltr' id='par_1_108' title="bbox 2004 4785 3650 4865">
     <span class='ocr_line' id='line_1_108' title="bbox 2004 4785 3650 4865; baseline -0.004 -18"><span class='ocrx_word' id='word_1_740' title='bbox 2004 4792 2343 4865; x_wconf 89' lang='lat' dir='ltr'>unigenitus</span> <span class='ocrx_word' id='word_1_741' title='bbox 2377 4797 2536 4859; x_wconf 90' lang='lat' dir='ltr'>tuus,</span> <span class='ocrx_word' id='word_1_742' title='bbox 2569 4796 2633 4846; x_wconf 92' lang='lat' dir='ltr'>ut</span> <span class='ocrx_word' id='word_1_743' title='bbox 2676 4792 2913 4848; x_wconf 90' lang='lat' dir='ltr'>veniens</span> <span class='ocrx_word' id='word_1_744' title='bbox 2945 4791 3290 4864; x_wconf 76' lang='lat' dir='ltr'>propitiatur</span> <span class='ocrx_word' id='word_1_745' title='bbox 3332 4785 3650 4859; x_wconf 84' lang='lat' dir='ltr'>iniquitati-</span> 
     </span>
    </p>
   </div>
   <div class='ocr_carea' id='block_1_109' title="bbox 1997 4879 3647 4952">
    <p class='ocr_par' dir='ltr' id='par_1_109' title="bbox 1997 4879 3647 4952">
     <span class='ocr_line' id='line_1_109' title="bbox 1997 4879 3647 4952; baseline -0.002 -17"><span class='ocrx_word' id='word_1_746' title='bbox 1997 4881 2109 4935; x_wconf 91' lang='lat' dir='ltr'>bus</span> <span class='ocrx_word' id='word_1_747' title='bbox 2171 4881 2408 4952; x_wconf 88' lang='lat' dir='ltr'>nostris,</span> <span class='ocrx_word' id='word_1_748' title='bbox 2477 4885 2532 4936; x_wconf 89' lang='lat' dir='ltr'>et</span> <span class='ocrx_word' id='word_1_749' title='bbox 2571 4886 2737 4936; x_wconf 88' lang='lat' dir='ltr'>eruat</span> <span class='ocrx_word' id='word_1_750' title='bbox 2783 4897 2890 4936; x_wconf 91' lang='lat' dir='ltr'>nos</span> <span class='ocrx_word' id='word_1_751' title='bbox 2940 4898 2973 4935; x_wconf 91' lang='lat' dir='ltr'>a</span> <span class='ocrx_word' id='word_1_752' title='bbox 3022 4879 3293 4952; x_wconf 90' lang='lat' dir='ltr'>peccatis,</span> <span class='ocrx_word' id='word_1_753' title='bbox 3356 4881 3647 4948; x_wconf 88' lang='lat' dir='ltr'>Pauperes</span> 
     </span>
    </p>
   </div>
   <div class='ocr_carea' id='block_1_110' title="bbox 2000 4967 3405 5042">
    <p class='ocr_par' dir='ltr' id='par_1_110' title="bbox 2000 4967 3405 5042">
     <span class='ocr_line' id='line_1_110' title="bbox 2000 4967 3405 5042; baseline -0.003 -18"><span class='ocrx_word' id='word_1_754' title='bbox 2000 4969 2157 5024; x_wconf 90' lang='lat' dir='ltr'>enim</span> <span class='ocrx_word' id='word_1_755' title='bbox 2188 4969 2321 5025; x_wconf 84' lang='lat' dir='ltr'>facti</span> <span class='ocrx_word' id='word_1_756' title='bbox 2362 4986 2569 5025; x_wconf 92' lang='lat' dir='ltr'>sumus</span> <span class='ocrx_word' id='word_1_757' title='bbox 2609 4970 2667 5025; x_wconf 90' lang='lat' dir='ltr'>in</span> <span class='ocrx_word' id='word_1_758' title='bbox 2701 4970 2919 5025; x_wconf 87' lang='lat' dir='ltr'>mundo</span> <span class='ocrx_word' id='word_1_759' title='bbox 2951 4973 3187 5042; x_wconf 89' lang='lat' dir='ltr'>propter</span> <span class='ocrx_word' id='word_1_760' title='bbox 3215 4967 3405 5022; x_wconf 91' lang='lat' dir='ltr'>illum.</span> 
     </span>
    </p>
   </div>
   <div class='ocr_carea' id='block_1_111' title="bbox 2073 5057 3650 5129">
    <p class='ocr_par' dir='ltr' id='par_1_111' title="bbox 2073 5057 3650 5129">
     <span class='ocr_line' id='line_1_111' title="bbox 2073 5057 3650 5129; baseline -0.003 -16"><span class='ocrx_word' id='word_1_761' title='bbox 2073 5080 2100 5107; x_wconf 86' lang='lat'><strong>«</strong></span> <span class='ocrx_word' id='word_1_762' title='bbox 2133 5059 2363 5129; x_wconf 80' lang='lat' dir='ltr'>Adjuva</span> <span class='ocrx_word' id='word_1_763' title='bbox 2412 5076 2538 5126; x_wconf 89' lang='lat' dir='ltr'>nos,</span> <span class='ocrx_word' id='word_1_764' title='bbox 2571 5063 2743 5122; x_wconf 91' lang='lat' dir='ltr'>Deus,</span> <span class='ocrx_word' id='word_1_765' title='bbox 2797 5057 3072 5113; x_wconf 88' lang='lat' dir='ltr'>salutaris</span> <span class='ocrx_word' id='word_1_766' title='bbox 3132 5062 3353 5123; x_wconf 89' lang='lat' dir='ltr'>noster;</span> <span class='ocrx_word' id='word_1_767' title='bbox 3415 5057 3650 5127; x_wconf 92' lang='lat' dir='ltr'>propter</span> 
     </span>
    </p>
   </div>
   <div class='ocr_carea' id='block_1_112' title="bbox 1999 5143 3648 5219">
    <p class='ocr_par' dir='ltr' id='par_1_112' title="bbox 1999 5143 3648 5219">
     <span class='ocr_line' id='line_1_112' title="bbox 1999 5143 3648 5219; baseline -0.002 -18"><span class='ocrx_word' id='word_1_768' title='bbox 1999 5147 2246 5219; x_wconf 89' lang='lat' dir='ltr'>gloriam</span> <span class='ocrx_word' id='word_1_769' title='bbox 2282 5148 2538 5203; x_wconf 88' lang='lat' dir='ltr'>nominis</span> <span class='ocrx_word' id='word_1_770' title='bbox 2567 5147 2673 5216; x_wconf 90' lang='lat' dir='ltr'>tui,</span> <span class='ocrx_word' id='word_1_771' title='bbox 2708 5147 2970 5214; x_wconf 88' lang='lat' dir='ltr'>Domine,</span> <span class='ocrx_word' id='word_1_772' title='bbox 3004 5146 3187 5202; x_wconf 91' lang='lat' dir='ltr'>libera</span> <span class='ocrx_word' id='word_1_773' title='bbox 3216 5162 3346 5213; x_wconf 85' lang='lat' dir='ltr'>nos,</span> <span class='ocrx_word' id='word_1_774' title='bbox 3377 5148 3434 5200; x_wconf 89' lang='lat' dir='ltr'>et</span> <span class='ocrx_word' id='word_1_775' title='bbox 3462 5143 3648 5215; x_wconf 92' lang='lat' dir='ltr'>propi-</span> 
     </span>
    </p>
   </div>
   <div class='ocr_carea' id='block_1_113' title="bbox 2004 5232 3645 5308">
    <p class='ocr_par' dir='ltr' id='par_1_113' title="bbox 2004 5232 3645 5308">
     <span class='ocr_line' id='line_1_113' title="bbox 2004 5232 3645 5308; baseline -0.002 -18"><span class='ocrx_word' id='word_1_776' title='bbox 2004 5237 2121 5291; x_wconf 89' lang='lat' dir='ltr'>tius</span> <span class='ocrx_word' id='word_1_777' title='bbox 2163 5241 2288 5292; x_wconf 87' lang='lat' dir='ltr'>esto</span> <span class='ocrx_word' id='word_1_778' title='bbox 2340 5237 2591 5308; x_wconf 90' lang='lat' dir='ltr'>peccatis</span> <span class='ocrx_word' id='word_1_779' title='bbox 2642 5238 2932 5303; x_wconf 78' lang='lat' dir='ltr'>nostris,»</span> <span class='ocrx_word' id='word_1_780' title='bbox 2967 5241 3078 5293; x_wconf 90' lang='lat' dir='ltr'>etc.</span> <span class='ocrx_word' id='word_1_781' title='bbox 3107 5237 3270 5291; x_wconf 89' lang='lat' dir='ltr'>Tunc</span> <span class='ocrx_word' id='word_1_782' title='bbox 3299 5234 3506 5301; x_wconf 80' lang='lat' dir='ltr'>nobis,</span> <span class='ocrx_word' id='word_1_783' title='bbox 3557 5232 3645 5289; x_wconf 93' lang='lat' dir='ltr'>vel</span> 
     </span>
    </p>
   </div>
   <div class='ocr_carea' id='block_1_114' title="bbox 2001 5321 3644 5398">
    <p class='ocr_par' dir='ltr' id='par_1_114' title="bbox 2001 5321 3644 5398">
     <span class='ocr_line' id='line_1_114' title="bbox 2001 5321 3644 5398; baseline -0.002 -18"><span class='ocrx_word' id='word_1_784' title='bbox 2001 5326 2263 5397; x_wconf 87' lang='lat' dir='ltr'>adjuvas,</span> <span class='ocrx_word' id='word_1_785' title='bbox 2297 5326 2386 5381; x_wconf 92' lang='lat' dir='ltr'>vel</span> <span class='ocrx_word' id='word_1_786' title='bbox 2441 5326 2806 5398; x_wconf 90' lang='lat' dir='ltr'>propitiaris;</span> <span class='ocrx_word' id='word_1_787' title='bbox 2854 5326 2901 5381; x_wconf 92' lang='lat' dir='ltr'>si</span> <span class='ocrx_word' id='word_1_788' title='bbox 2952 5325 3184 5382; x_wconf 87' lang='lat' dir='ltr'>claritas</span> <span class='ocrx_word' id='word_1_789' title='bbox 3234 5323 3489 5380; x_wconf 90' lang='lat' dir='ltr'>nominis</span> <span class='ocrx_word' id='word_1_790' title='bbox 3536 5321 3644 5390; x_wconf 90' lang='lat' dir='ltr'>tui,</span> 
     </span>
    </p>
   </div>
   <div class='ocr_carea' id='block_1_115' title="bbox 2001 5414 3647 5486">
    <p class='ocr_par' dir='ltr' id='par_1_115' title="bbox 2001 5414 3647 5486">
     <span class='ocr_line' id='line_1_115' title="bbox 2001 5414 3647 5486; baseline -0.002 -17"><span class='ocrx_word' id='word_1_791' title='bbox 2001 5432 2128 5486; x_wconf 77' lang='lat' dir='ltr'>quae</span> <span class='ocrx_word' id='word_1_792' title='bbox 2185 5416 2244 5469; x_wconf 91' lang='lat' dir='ltr'>in</span> <span class='ocrx_word' id='word_1_793' title='bbox 2300 5416 2575 5486; x_wconf 88' lang='lat' dir='ltr'>gentibus</span> <span class='ocrx_word' id='word_1_794' title='bbox 2633 5414 3010 5485; x_wconf 90' lang='lat' dir='ltr'>benedicitur,</span> <span class='ocrx_word' id='word_1_795' title='bbox 3047 5433 3151 5471; x_wconf 89' lang='lat' dir='ltr'>nos</span> <span class='ocrx_word' id='word_1_796' title='bbox 3211 5418 3396 5470; x_wconf 88' lang='lat' dir='ltr'>morte</span> <span class='ocrx_word' id='word_1_797' title='bbox 3454 5428 3560 5468; x_wconf 88' lang='lat' dir='ltr'>sua</span> <span class='ocrx_word' id='word_1_798' title='bbox 3613 5427 3647 5465; x_wconf 91' lang='lat' dir='ltr'>a</span> 
     </span>
    </p>
   </div>
   <div class='ocr_carea' id='block_1_116' title="bbox 2003 5504 2445 5574">
    <p class='ocr_par' dir='ltr' id='par_1_116' title="bbox 2003 5504 2445 5574">
     <span class='ocr_line' id='line_1_116' title="bbox 2003 5504 2445 5574; baseline 0 -16"><span class='ocrx_word' id='word_1_799' title='bbox 2003 5507 2187 5558; x_wconf 88' lang='lat' dir='ltr'>morte</span> <span class='ocrx_word' id='word_1_800' title='bbox 2217 5504 2445 5574; x_wconf 88' lang='lat' dir='ltr'>eripiat.</span> 
     </span>
    </p>
   </div>
   <div class='ocr_carea' id='block_1_117' title="bbox 2075 5587 3644 5666">
    <p class='ocr_par' dir='ltr' id='par_1_117' title="bbox 2075 5587 3644 5666">
     <span class='ocr_line' id='line_1_117' title="bbox 2075 5587 3644 5666; baseline -0.004 -18"><span class='ocrx_word' id='word_1_801' title='bbox 2075 5616 2101 5641; x_wconf 84' lang='lat'><strong>«</strong></span> <span class='ocrx_word' id='word_1_802' title='bbox 2137 5593 2457 5664; x_wconf 90' lang='lat' dir='ltr'>Nequando</span> <span class='ocrx_word' id='word_1_803' title='bbox 2489 5593 2686 5648; x_wconf 88' lang='lat' dir='ltr'>dicant</span> <span class='ocrx_word' id='word_1_804' title='bbox 2713 5597 2934 5666; x_wconf 87' lang='lat' dir='ltr'>gentes,</span> <span class='ocrx_word' id='word_1_805' title='bbox 2972 5595 3068 5648; x_wconf 87' lang='lat' dir='ltr'>ubi</span> <span class='ocrx_word' id='word_1_806' title='bbox 3100 5599 3187 5649; x_wconf 88' lang='lat' dir='ltr'>est</span> <span class='ocrx_word' id='word_1_807' title='bbox 3219 5597 3366 5649; x_wconf 91' lang='lat' dir='ltr'>Deus</span> <span class='ocrx_word' id='word_1_808' title='bbox 3399 5587 3644 5645; x_wconf 84' lang='lat' dir='ltr'>eorum?</span> 
     </span>
    </p>
   </div>
   <div class='ocr_carea' id='block_1_118' title="bbox 2003 5676 3636 5740">
    <p class='ocr_par' dir='ltr' id='par_1_118' title="bbox 2003 5676 3636 5740">
     <span class='ocr_line' id='line_1_118' title="bbox 2003 5676 3636 5740; baseline -0.005 -3"><span class='ocrx_word' id='word_1_809' title='bbox 2003 5686 2059 5737; x_wconf 91' lang='lat' dir='ltr'>et</span> <span class='ocrx_word' id='word_1_810' title='bbox 2087 5681 2414 5738; x_wconf 89' lang='lat' dir='ltr'>innotescat</span> <span class='ocrx_word' id='word_1_811' title='bbox 2444 5682 2503 5736; x_wconf 90' lang='lat' dir='ltr'>in</span> <span class='ocrx_word' id='word_1_812' title='bbox 2543 5682 2878 5739; x_wconf 88' lang='lat' dir='ltr'>nationibus</span> <span class='ocrx_word' id='word_1_813' title='bbox 2908 5701 3102 5740; x_wconf 90' lang='lat' dir='ltr'>coram</span> <span class='ocrx_word' id='word_1_814' title='bbox 3141 5681 3324 5738; x_wconf 88' lang='lat' dir='ltr'>oculis</span> <span class='ocrx_word' id='word_1_815' title='bbox 3354 5676 3585 5733; x_wconf 88' lang='lat' dir='ltr'>nostris.</span> <span class='ocrx_word' id='word_1_816' title='bbox 3614 5696 3636 5724; x_wconf 75' lang='grc' dir='ltr'>ι</span> 
     </span>
    </p>
   </div>
   <div class='ocr_carea' id='block_1_119' title="bbox 2007 5765 3640 5844">
    <p class='ocr_par' dir='ltr' id='par_1_119' title="bbox 2007 5765 3640 5844">
     <span class='ocr_line' id='line_1_119' title="bbox 2007 5765 3640 5844; baseline -0.006 -19"><span class='ocrx_word' id='word_1_817' title='bbox 2007 5769 2215 5840; x_wconf 84' lang='lat' dir='ltr'>Gentes,</span> <span class='ocrx_word' id='word_1_818' title='bbox 2275 5770 2392 5828; x_wconf 92' lang='lat' dir='ltr'>sive</span> <span class='ocrx_word' id='word_1_819' title='bbox 2449 5770 2747 5843; x_wconf 88' lang='lat' dir='ltr'>nationes,</span> <span class='ocrx_word' id='word_1_820' title='bbox 2806 5777 3122 5844; x_wconf 87' lang='lat' dir='ltr'>potestates</span> <span class='ocrx_word' id='word_1_821' title='bbox 3177 5770 3428 5826; x_wconf 81' lang='lat' dir='ltr'>adversae</span> <span class='ocrx_word' id='word_1_822' title='bbox 3480 5765 3640 5836; x_wconf 80' lang='lat' dir='ltr'>sunt,</span> 
     </span>
    </p>
   </div>
  </div>
