3976 6188
400 412 556 479 H19

1886 419 2309 484 APPENDIX.

3581 439 3688 504 im

401 573 527 630 qua
567 556 932 614 invalescunt
960 557 1268 615 adversum
1301 577 1428 628 nos,
1460 560 1716 618 dicentes
1753 576 1764 613 :
1801 557 1906 615 Ubi
1955 560 2044 612 est
2073 555 2128 621 A
2157 573 2336 629 super
2364 556 2684 615 orationem
2731 560 2880 616 servi
2911 559 3092 618 tui?»
3125 561 3248 620 Non
3294 563 3437 623 enim
3481 567 3697 646 irascitur,

399 647 551 703 Deus
582 663 753 704 verax
783 649 1010 705 vester?
1055 649 1217 704 Sicut
1248 652 1458 724 pagani
1492 651 1847 724 martyribus
1893 667 2046 720 sape

399 737 691 794 dicebant.

471 850 498 876 «
535 826 685 882 Ultio
726 829 1030 900 sanguinis
1080 848 1378 887 servorum
1409 837 1645 888 tuorum
1677 831 1776 903 qui
1823 831 2045 886 effusus

399 920 508 970 est.
545 939 572 964 »
603 916 902 972 Judicium
945 919 1039 974 hic
1081 920 1307 976 invocat
1341 939 1353 976 :
1389 939 1503 993 quo
1535 921 1779 993 sanguis
1829 925 2043 991 marty-

400 1022 532 1060 rum
565 1007 906 1077 exquiratur
936 1025 970 1062 a
1003 1009 1263 1081 Domino,
1297 1011 1396 1082 qui
1429 1012 1488 1066 in
1533 1009 1878 1083 Apocalypsi
1913 1009 1995 1063 ait
2029 1025 2040 1061 :

402 1095 670 1163 Quiescite
697 1097 988 1164 modicum,
1019 1099 1186 1155 donec
1215 1101 1511 1171 impleatur
1539 1117 1800 1155 numerus
1829 1115 2042 1154 conser-

400 1201 593 1240 vorum
640 1195 942 1243 vestrorum
978 1191 1161 1260 (Apoc.
1198 1209 1274 1260 v1,
1309 1193 1415 1262 il).
1450 1215 1475 1241 «
1512 1191 1763 1247 Introeat
1793 1191 1851 1246 in
1883 1208 2046 1246 cons-

402 1280 570 1346 pectu
605 1280 704 1331 tuo
734 1277 990 1348 gemitus
1019 1280 1500 1354 compeditqrum.
1531 1304 1557 1328 »
1581 1281 1684 1344 Qui
1721 1285 1774 1335 te
1797 1296 1897 1350 per
1925 1279 2046 1332 lon-

402 1380 505 1435 gas
545 1364 830 1437 lacrymas
881 1367 1264 1438 requirentes,
1296 1369 1515 1425 absolvi
1565 1375 1621 1424 et
1673 1374 1864 1424 tecum
1915 1385 2044 1422 esse

402 1453 760 1510 desiderant.

473 1565 502 1592 «
536 1543 870 1600 Secundum
913 1547 1378 1618 magnitudinem
1421 1549 1644 1605 brachii
1675 1550 1780 1614 tui,
1811 1547 2044 1620 posside

401 1630 552 1687 filios
586 1635 1090 1690 mortificatorum.
1120 1659 1145 1684 ››
1170 1637 1278 1692 Eos
1311 1637 1530 1694 scilicet
1561 1638 1659 1710 qui
1691 1657 1792 1711 per
1824 1646 2043 1711 marty-

401 1737 532 1776 rum
563 1721 828 1792 exempla
870 1729 1188 1795 currentes,
1235 1726 1646 1784 crucifixerunt
1693 1745 1755 1784 se
1800 1729 1958 1785 vitiis
1989 1734 2046 1786 et

402 1809 910 1880 concupiscentiis.

477 1920 499 1946 ιι
536 1899 730 1955 Redde
774 1901 980 1958 vicinis
1029 1904 1247 1960 nostris
1278 1906 1614 1979 septuplum
1665 1907 1722 1963 in
1771 1908 1902 1964 sinu
1947 1926 2041 1964 eo-
2077 1929 2122 1993 Β

400 2003 552 2041 rum.
581 2009 608 2036 »
635 1992 709 2043 Ut
739 2007 854 2045 non
878 1992 1086 2062 judicii
1120 2011 1288 2065 pana
1317 1995 1689 2067 damnentur,
1714 1998 1815 2053 sed
1848 1998 1906 2052 in
1935 1997 2045 2053 hoc

399 2076 610 2133 saculo
659 2079 988 2152 septuplam
1033 2084 1513 2154 compositionem
1563 2087 1893 2157 panitendo
1923 2087 2044 2142 dis-

400 2164 647 2223 solvant.
681 2167 850 2224 Sinus
901 2174 1095 2227 autem
1127 2189 1278 2243 sape
1309 2178 1508 2244 pectus
1541 2174 1798 2231 hominis
1827 2175 2044 2231 intelli-

397 2255 575 2326 gitur,
631 2256 690 2311 in
750 2275 865 2328 quo
923 2260 1120 2316 anima
1177 2262 1510 2332 requiescit.
1545 2287 1571 2312 «
1622 2265 2043 2337 Improperium

399 2343 662 2414 ipsorum
695 2347 849 2415 quod
883 2350 1375 2417 exprobraverunt
1404 2351 1530 2420 tibi,
1563 2352 1880 2408 Domine.»
1914 2355 2042 2410 Tibi

397 2431 553 2488 enim
584 2435 933 2504 exprobrant
969 2453 980 2489 :
1014 2437 1153 2507 quia
1201 2443 1486 2511 martyres
1534 2446 1666 2498 tuos
1715 2443 1774 2497 in
1829 2443 2044 2514 quibus

403 2520 654 2588 habitas,
688 2523 1060 2578 contumeliis
1091 2526 1382 2598 afﬂigunt.

470 2631 498 2658 ‹‹
531 2610 646 2665 Nos
677 2615 873 2666 autem
908 2613 1161 2684 populus
1184 2621 1341 2686 tuus,
1366 2623 1422 2673 et
1447 2635 1581 2674 oves
1613 2637 1839 2692 pascua
1871 2626 2042 2677 tua.»

397 2698 642 2770 Propter
694 2700 1086 2758 innocentiam
1137 2709 1354 2773 autem,
1405 2724 1583 2779 quam
1631 2715 1862 2780 gerunt,
1910 2727 2044 2767 oves

397 2792 694 2856 vocantur,
753 2788 843 2844 vel
901 2791 1039 2862 quia
1096 2793 1395 2851 Christum
1453 2802 1744 2867 pastorem
1805 2799 2040 2855 habent.

397 2897 425 2925 «
455 2876 873 2932 Confitebimur
902 2877 1006 2932 tibi
1047 2878 1106 2934 in
1148 2880 1376 2953 sacula,
1409 2887 1466 2939 et
1494 2884 1553 2938 in
1587 2886 1958 2956 generatione
1988 2890 2046 2942 et

397 2964 852 3034 generationem.
888 2989 917 3016 »
961 2972 1081 3024 Hoc
1141 2974 1250 3035 est,
1299 2988 1334 3026 a
1385 2973 1684 3044 prophetis
1743 2991 1928 3046 usque
1984 2975 2042 3030 in

401 3053 710 3126 Evangelia
743 3073 754 3112 :
781 3080 808 3105 ‹‹
843 3058 1342 3116 Annuntiabimus
1371 3060 1602 3119 laudem
1635 3067 1818 3119 tuam.
1843 3085 1870 3112 ››
1899 3065 2046 3130 Quia

398 3141 504 3197 tibi
536 3147 625 3197 est
654 3159 787 3198 cum
835 3151 1049 3201 aterno
1082 3150 1248 3203 Patre
1277 3154 1334 3204 et
1361 3149 1574 3221 Spiritu
1608 3158 1808 3208 sancto
1858 3151 2046 3209 honor

399 3234 456 3286 et
485 3229 687 3302 gloria,
720 3231 780 3288 in
809 3235 1020 3290 sacula
1046 3235 1417 3294 saculorum.
1453 3245 1660 3295 Amen.

919 3342 1246 3400 PSALMUS
1293 3345 1524 3402 LXXIX.

398 3429 460 3483 In
503 3429 668 3502 ﬁnem
714 3446 810 3500 pro
860 3431 944 3486 his
995 3434 1092 3502 qui
1132 3435 1642 3502 commutabantur,
1673 3438 2046 3492 testimonium

470 3501 668 3580 ᾼδαρΙι.
723 3503 836 3580 Iste
884 3501 1148 3580 psalmus
1195 3521 1393 3561 vocem
1442 3501 1701 3580 continet
1744 3507 2045 3580 Propheta

443 3571 854 3642 deprecantis,
885 3571 1300 3648 harrantisque
1332 3577 1627 3651 magnalia
1658 3578 1776 3634 Dei.

479 3696 500 3723 ι
535 3675 643 3739 Qui
691 3677 840 3749 regis
885 3680 1083 3743 Israel.
1116 3682 1372 3740 intende.
1401 3707 1428 3734 »
1451 3687 1495 3740 A
1527 3690 1640 3740 Deo
1673 3685 1914 3758 regitur,
1946 3687 2047 3758 qui

401 3769 596 3822 mente
625 3765 782 3821 videt
810 3771 1015 3822 Deum.
1045 3769 1190 3842 Ergo
1223 3771 1380 3828 hunc
1425 3773 1709 3846 Propheta
1746 3775 2048 3832 intendere

403 3853 515 3910 sibi
547 3854 825 3926 deposcit.
861 3879 888 3906 «
923 3857 1030 3922 Qui
1063 3859 1264 3915 educis
1293 3864 1574 3932 tanquam
1608 3879 1741 3919 oves
1769 3864 2048 3935 Joseph.»

402 3944 526 3999 Non
557 3942 724 3998 illum
751 3944 990 4016 Joseph,
1024 3947 1195 4016 cujus
1226 3951 1429 4018 typum
1470 3949 1528 4003 in
1560 3948 1671 4004 alio
1708 3950 1934 4022 psalmo
1968 3969 2050 4008 re-

292 4023 294 4026 ’
403 4023 554 4095 pulit
587 4039 599 4078 :
635 4023 734 4078 sed
767 4023 934 4079 illum
969 4025 1068 4096 qui
1106 4025 1350 4098 triginta
1379 4029 1670 4100 argenteis
1696 4046 1730 4085 a
1758 4029 2048 4103 discipulo

401 4111 692 4180 venditus,
725 4117 970 4184 paterna
1014 4113 1226 4170 virtute
1273 4131 1342 4171 ex
1389 4116 1612 4172 inferno
1645 4117 1930 4174 deductus
1963 4124 2052 4175 est

403 4215 538 4254 cum
568 4217 741 4274 grege
763 4203 1084 4272 justorum.

476 4311 502 4336 ‹‹
538 4289 644 4354 Qui
676 4291 844 4346 sedes
873 4309 1051 4364 super
1077 4293 1411 4350 Cherubim.
1447 4318 1474 4344 ››
1507 4295 1689 4367 Super
1733 4295 2050 4367 plenitudi-

405 4394 539 4434 nem
585 4377 778 4435 omnis
822 4381 1097 4436 scientia.
1132 4383 1364 4455 Appare.
1400 4383 1543 4439 Huic
1593 4385 1814 4440 mundo
1862 4389 1918 4441 te
1966 4384 2050 4440 vi-

404 4467 663 4524 dendum
722 4470 932 4540 prabe.
965 4473 1172 4528 Coram
1221 4473 1504 4544 Ephraim,
1554 4478 1606 4529 et
1649 4476 1960 4543 Beniamin,
2001 4482 2051 4530 et

402 4557 666 4615 Manasse.
703 4557 870 4613 Illum
903 4559 1180 4631 Ephraim
1211 4561 1659 4634 Manassemque
1690 4579 2051 4620 commemo-

405 4652 516 4714 rat,
541 4663 692 4719 quos
725 4647 863 4702 alibi
894 4648 1298 4706 fortitudinem
1329 4650 1421 4706 sui
1451 4649 1660 4723 capitis
1690 4651 1851 4722 dicit,
1876 4652 1931 4707 id
1963 4657 2052 4707 est
2083 4671 2130 4734 D

406 4735 723 4793 Ecclesium
757 4735 846 4791 vel
876 4737 1189 4809 apostolos.
1223 4740 1385 4802 Quod
1427 4743 1623 4795 autem
1654 4740 1960 4811 Benjamin
1991 4740 2051 4796 in

407 4826 595 4882 medio
629 4825 823 4898 posuit
864 4844 877 4882 :
929 4826 1221 4898 significat
1269 4827 1513 4884 Paulum
1563 4829 1914 4901 apostolum,
1948 4829 2050 4902 qui

405 4913 474 4969 de
504 4916 659 4971 tribu
691 4914 997 4987 Benjamin
1029 4915 1330 4972 descendit
1361 4918 1630 4989 (Philipp.
1665 4935 1748 4984 III,
1779 4918 1857 4990 5),
1881 4923 2051 4973 cate-

407 5003 487 5058 ris
519 5005 800 5077 apostolis
830 5006 1195 5063 sociandum.

477 5114 502 5141 «
539 5093 734 5149 Excita
793 5095 1050 5167 potentia
1105 5101 1288 5150 tuam.
1335 5117 1362 5144 ‹‹
1412 5095 1596 5159 Quam
1644 5095 1928 5169 {Egyptiis
1986 5113 2051 5151 ac

407 5179 542 5237 filiis
574 5182 750 5238 Israel
799 5184 1130 5240 ostendisti.
1166 5207 1192 5235 «
1227 5185 1297 5240 Et
1338 5185 1486 5251 veni,
1522 5189 1585 5240 ut
1632 5185 1822 5242 salvos
1872 5185 2052 5241 facias

406 5287 532 5327 nos.
560 5293 588 5321 ››
614 5269 684 5326 Ut
713 5271 866 5328 sicut
895 5271 1026 5328 illos
1056 5273 1261 5328 eruisti
1293 5275 1365 5330 de
1394 5275 1660 5346 ngypto,
1695 5273 1776 5330 ita
1806 5291 1911 5330 nos
1943 5274 2054 5331 sal-

402 5377 500 5417 ves
531 5377 566 5415 a
596 5364 880 5433 potestate
911 5361 1265 5418 daemonum.

476 5473 502 5500 ‹‹
540 5450 713 5518 Deus,
746 5457 1010 5506 converte
1045 5468 1169 5508 nos.
1198 5474 1222 5499 υ
1261 5452 1343 5507 Ad
1376 5457 1430 5508 te
1463 5453 1954 5526 cognoscendum.
1989 5453 2054 5507 Et

403 5541 619 5596 ostende
647 5541 846 5612 [aciem
868 5544 1040 5609 tuam,
1062 5545 1112 5596 et
1131 5542 1270 5596 salvi
1295 5543 1521 5597 erimus.
1555 5543 1808 5599 Ostende
1838 5541 2051 5598 Filium

401 5634 597 5696 tuum,
631 5633 695 5686 ut
725 5627 1037 5685 salvemur.

478 5739 504 5779 ri
546 5717 789 5782 Domine
846 5719 1001 5776 Deus
1055 5717 1360 5785 virtutum,
1416 5734 1725 5790 quousque
1780 5720 2051 5779 irasceris

2157 644 2206 701 si
2227 646 2520 716 justitiam
2567 655 2871 721 petamus;
2907 652 3006 708 sed
3047 652 3393 711 conscientia
3435 657 3604 727 delicti,
3628 644 3700 732 pu-

2156 738 2241 789 tat
2270 735 2445 790 etiam
2477 737 2550 791 ah
2582 738 2846 794 oratione
2875 739 3068 796 irasci.

2230 845 2256 873 «
2288 823 2519 881 Cibabis
2550 842 2656 882 nos
2688 845 2836 899 pane
2868 828 3278 903 lacrymarum,
3309 837 3359 889 et
3386 840 3558 904 potum
3583 839 3700 895 dabis

2156 913 2324 970 nobis
2357 914 2413 969 in
2445 914 2716 989 lacrymis
2767 918 2824 972 in
2876 936 3172 976 mensura.
3201 944 3228 972 »
3263 922 3410 995 Sapo
3435 925 3497 979 ob
3538 926 3700 984 deside-

2155 1003 2308 1058 rium
2341 1004 2462 1074 Dei,
2499 1005 2617 1062 sive
2649 1009 3107 1064 recordationem
3140 1012 3372 1082 peccati,
3400 1011 3616 1085 lacrymae
3639 1033 3702 1071 no-

2154 1093 2245 1148 bis
2277 1111 2478 1165 panes,
2509 1101 2800 1168 potusque
2829 1098 3000 1152 ﬁunt.
3023 1099 3184 1164 Quod
3216 1106 3398 1155 autem
3427 1102 3512 1166 ait,
3531 1105 3578 1156 in
3597 1121 3701 1158 men-

2153 1199 2308 1248 sura,
2341 1182 2482 1238 illud
2518 1185 2757 1252 indicat,
2794 1190 2857 1241 ut
2887 1188 2945 1241 in
2979 1187 3086 1242 hac
3117 1189 3388 1260 oratione,
3415 1190 3466 1245 in
3494 1207 3588 1263 qua
3609 1210 3698 1263 pec-

2156 1272 2303 1327 catis
2355 1272 2577 1328 absolvi
2610 1274 2905 1346 cupimus,
2938 1275 3024 1330 vel
3057 1275 3238 1332 Deum
3269 1277 3447 1334 videre
3487 1280 3702 1336 desidera-

2158 1379 2290 1417 mus
2316 1381 2328 1417 :
2357 1362 2545 1419 victus
2576 1365 2771 1420 tenuis
2796 1364 3136 1436 accipiatur,
3155 1365 3205 1421 si
3228 1366 3284 1421 in
3305 1367 3604 1439 precatione,
3624 1387 3701 1424 non

2155 1451 2214 1504 in
2248 1449 2517 1524 multiloq
2530 1452 2622 1507 uio
2654 1455 3001 1524 proferatur.

2228 1561 2255 1588 ‹‹
2294 1539 2546 1596 Posuisti
2596 1558 2701 1597 nos
2760 1542 2818 1596 in
2872 1543 3383 1600 contradictionem
3427 1544 3595 1601 vicinis
3635 1563 3703 1601 no-

2154 1626 2314 1696 stris,
2341 1649 2368 1678 »
2404 1632 2512 1694 etc,
2545 1630 2764 1686 Judais
2793 1635 2970 1702 atque
2999 1631 3308 1698 hareticis,
3331 1632 3424 1706 qui
3451 1633 3502 1688 in
3529 1634 3700 1689 circuitu

2155 1715 2420 1772 Ecclesia
2449 1718 2817 1790 obstrepunt,
2848 1737 3075 1792 nosque
3106 1720 3456 1794 impugnant.

2231 1828 2250 1853 α
2293 1806 2535 1863 Domine
2571 1809 2718 1863 Deus
2767 1807 3074 1879 virtutnm,
3107 1815 3368 1866 converte
3396 1827 3488 1866 nos
3513 1811 3569 1866 ad
3593 1816 3644 1879 te,
3665 1815 3701 1865 et

2156 1895 2396 1952 ostende
2436 1896 2644 1951 faciem
2694 1900 2878 1964 tuam,
2907 1921 2934 1946 ››
2965 1901 3075 1953 etc.
3113 1897 3280 1954 Illum
3324 1899 3414 1971 qui
3459 1899 3698 1964 dixitzoai

2155 2001 2243 2040 me
2273 1985 2429 2055 videt,
2463 1986 2607 2042 videt
2634 1989 2684 2040 et
2712 1986 2931 2042 Patrem
2961 1986 3140 2057 (Joan.
3175 2005 3283 2054 xw,
3314 1990 3385 2055 9).

2228 2095 2255 2124 «
2287 2074 2531 2130 Vineam
2581 2074 2650 2128 de
2689 2074 2930 2146 Egypto
2980 2075 3333 2132 transtulisti
3366 2091 3378 2132 :
3407 2075 3589 2146 ejecisti
3611 2091 3700 2143 gen-

2153 2165 2267 2229 tes,
2299 2167 2355 2219 et
2395 2162 2674 2235 plantasti
2721 2179 2871 2219 eam.
2905 2167 3031 2218 Dux
3080 2163 3305 2220 itineris
3351 2164 3495 2220 fuisti
3532 2165 3576 2217 in
3610 2178 3698 2216 con-

2155 2258 2358 2326 spectu
2390 2253 2536 2321 ejus,
2565 2274 2592 2300 ››
2625 2255 2733 2307 etc.
2777 2251 2932 2307 Licet
2972 2252 3098 2308 hac
3139 2269 3476 2326 synagogam
3501 2252 3696 2324 ﬁgurare-

2154 2343 2294 2408 rint,
2322 2342 2393 2396 ad
2425 2340 2742 2396 Ecclesium
2776 2341 3082 2397 referenda
3124 2345 3280 2408 sunt,
3312 2358 3428 2413 qua
3462 2359 3492 2396 a
3521 2338 3697 2395 tenebris

2155 2429 2354 2488 saculi
2407 2431 2477 2485 ad
2530 2428 2822 2486 ccclestem
2873 2429 3245 2499 dignitatem,
3283 2429 3468 2501 ejectis
3508 2427 3698 2483 vitiorum

2153 2519 2450 2594 gentibus,
2485 2518 2597 2572 ﬁde
2629 2518 2875 2584 favente,
2900 2519 3194 2574 translata
3222 2522 3328 2575 est.
3349 2518 3442 2576 Cui
3470 2516 3607 2572 etiam
3625 2514 3697 2579 via,

2155 2610 2213 2666 id
2245 2614 2353 2678 est,
2387 2608 2667 2663 mandata
2710 2623 2810 2678 per
2842 2623 2970 2678 qua
3012 2607 3368 2679 graderetur,
3399 2605 3572 2678 largita
3593 2607 3696 2666 sunt,

2155 2697 2436 2770 plantatis
2469 2696 2527 2750 in
2558 2712 2627 2751 ea
2647 2693 3006 2760 doctoribus,
3037 2712 3141 2768 per
3169 2713 3312 2768 quos
3341 2696 3395 2750 in
3422 2709 3608 2750 omnem
3630 2697 3700 2744 ter-

2155 2803 2279 2842 ram
2310 2783 2757 2856 Evangeliorum
2786 2801 2968 2839 sonus
2999 2784 3388 2840 nuntiaretur.
3414 2785 3522 2856 Ipse
3537 2793 3698 2852 quoque

2155 2892 2189 2930 a
2217 2872 2462 2930 Domino
2520 2888 2700 2944 super
2739 2872 3054 2928 Cherubim
3116 2873 3393 2930 residente
3440 2869 3696 2930 custoditur,

2155 2963 2447 3035 dirigitur,
2480 2978 2546 3017 ac
2577 2961 2858 3017 nutritur.

2227 3075 2255 3101 ‹‹
2289 3051 2528 3123 Operuit
2576 3055 2803 3107 montes
2851 3052 3066 3108 umbra
3108 3052 3256 3123 ejus,
3286 3055 3342 3107 et
3384 3049 3582 3106 arbusta
3615 3045 3698 3115 ejus

2156 3141 2360 3198 cedros
2396 3141 2511 3196 Dei.
2539 3164 2560 3192 ι
2600 3140 2743 3196 Cum
2785 3140 3142 3211 patriarchis
3179 3145 3348 3213 atque
3375 3135 3604 3212 apostolis
3624 3131 3698 3188 cla-

2157 3229 2347 3286 ritatis
2384 3246 2521 3284 sua.
3525 3314 3529 3315 γ
3690 3306 3697 3315 ι

2229 3341 2256 3368 ‹‹
2287 3317 2560 3374 Extendit
2589 3317 2862 3390 palmites
2894 3334 3058 3374 suos.
3082 3341 3111 3370 »
3135 3319 3250 3375 Nos
3281 3333 3468 3374 sumus
3491 3314 3700 3380 vites,qui

2157 3425 2227 3467 ex
2255 3406 2427 3462 vinea
2473 3405 2576 3462 illa
2624 3406 3019 3463 fronduimus.
3056 3431 3085 3458 «
3121 3409 3308 3480 Usque
3351 3406 3415 3463 ad
3461 3395 3699 3460 mare.»ld

2159 3501 2268 3562 est,
2292 3512 2480 3567 usque
2511 3495 2584 3550 ad
2618 3495 2985 3567 baptismum
3018 3497 3389 3563 accessimus,
3411 3493 3498 3567 qui
3523 3490 3642 3564 prius
3661 3485 3698 3538 in

2157 3585 2416 3640 vanitate
2473 3583 2670 3640 saculi
2721 3583 2901 3655 hujus
2952 3585 3397 3642 ﬂuctuabamus.
3443 3583 3568 3640 Mare
3600 3574 3701 3633 enim

2159 3671 2540 3745 Apocalypsis
2599 3673 2959 3744 baptismum
3022 3674 3238 3747 signat.
3274 3694 3300 3727 ι
3339 3673 3401 3729 Et
3448 3671 3507 3726 ad
3555 3668 3702 3724 ﬂumen

2160 3759 2512 3836 propagines
2567 3761 2779 3831 ejus.»
2816 3760 2889 3816 Ut
2937 3763 3039 3833 qui
3099 3762 3157 3817 in
3212 3780 3277 3819 ea
3330 3756 3698 3818 renascebantur.

2161 3849 2459 3923 baptisma
2507 3848 2904 3905 abluerentur.
2936 3849 3087 3906 Hinc
3119 3853 3191 3908 ad
3219 3863 3537 3924 synagogas:
3575 3855 3698 3898 rever-

2160 3939 2325 3996 titur.

2233 4052 2260 4079 ‹‹
2315 4028 2531 4100 thuid
2591 4027 2929 4084 destruxisti
2987 4028 3297 4086 maceriam
3352 4024 3561 4098 ejus?»
3593 4018 3700 4111 Tunc

2161 4117 2319 4173 enim
2354 4117 2602 4172 munitio
2634 4119 2950 4190 Synagoga
2980 4117 3244 4189 deposita
3265 4120 3366 4183 est,
3397 4129 3512 4172 cum
3535 4111 3576 4167 εἰ
3595 4119 3699 4163 rea-

2162 4212 2246 4262 tas
2302 4207 2554 4274 contigit,
2610 4205 2776 4261 donec
2829 4207 3126 4277 plenitudo
3180 4208 3415 4277 gentium
3457 4194 3699 4259 subina’ard

2164 4296 2337 4366 (Rom.
2369 4311 2448 4360 x1,
2480 4293 2593 4364 ‘25).
2628 4315 2653 4348 α
2683 4294 2752 4350 Et
2782 4294 3146 4351 vindemiant
3193 4311 3318 4351 eam
3361 4306 3538 4350 omnes
3566 4289 3698 4341 trans-

2165 4387 2370 4438 euntes
2401 4382 2577 4438 viam.
2607 4406 2633 4432 ››
2662 4382 2961 4455 Spoliatur
2990 4385 3062 4440 ab
3093 4383 3186 4440 his
3233 4383 3328 4456 qui
3357 4397 3450 4454 per
3473 4376 3612 4447 hujus
3629 4383 3700 4424 εδ·

2163 4471 2279 4528 culi
2311 4471 2461 4526 viam
2491 4472 2562 4526 ad
2608 4471 2793 4527 Deum
2839 4477 3150 4530 transeunt
3180 4491 3192 4528 :
3227 4473 3360 4529 dum
3385 4468 3582 4528 Judacs
3614 4471 3701 4514 con-

2161 4560 2304 4616 verti
2339 4559 2564 4616 faciunt
2595 4560 2982 4631 praedicando.
3606 4634 3616 4638 _
3668 4630 3676 4638 .

2237 4671 2265 4700 «
2295 4648 2714 4704 Exterminavit
2763 4666 2891 4705 eam
2940 4667 3080 4722 aper
3107 4651 3178 4707 de
3207 4649 3362 4716 silva,
3390 4649 3442 4704 et
3465 4634 3700 4724 singuli“?

2163 4739 2325 4810 ferus
2356 4738 2637 4810 depastus
2667 4743 2756 4795 est
2787 4755 2935 4797 eam.
2960 4721 2991 4790 ii
3025 4741 3088 4797 In
3130 4757 3266 4813 apro
3297 4741 3453 4809 atque
3495 4721 3699 4799 singulari

2163 4828 2284 4884 fero
2341 4827 2681 4883 immanitas
2729 4825 2942 4884 diaboli
2990 4827 3346 4902 intelligitur,
3383 4841 3412 4880 a
3445 4834 3542 4894 quo
3575 4814 3699 4870 exter-

2165 4917 2387 4973 minata
2417 4919 2507 4972 est
2535 4919 2774 4989 propter
2797 4916 3283 4976 incredulitatem.

2237 5028 2265 5057 ‹‹
2294 5005 2538 5062 Domine
2573 5006 2723 5062 Deus
2752 5006 3060 5075 virtutum,
3105 5008 3362 5064 converte
3389 5015 3497 5058 nos.
3517 5016 3539 5045 »
3569 4991 3695 5060 Synl'

2163 5110 2374 5168 gogam
2405 5098 2477 5150 ad
2509 5093 2848 5151 Ecclesiam.
3379 5176 3383 5177 ν
3425 5175 3431 5177 _
3562 5166 3570 5177 .

2233 5181 2538 5255 «Respice
2597 5182 2668 5237 de
2725 5181 2886 5253 calo,
2930 5186 2987 5237 et
3043 5182 3191 5247 vide,
3236 5182 3290 5236 et
3339 5175 3489 5233 visita
3529 5171 3692 5222 vineam

2164 5273 2360 5328 istam.
2386 5293 2413 5320 »
2448 5275 2525 5325 De
2565 5287 2682 5343 qua
2730 5271 3003 5344 superius
3051 5287 3180 5328 sum
3221 5269 3446 5325 locutus.
3473 5280 3492 5308 α
3519 5257 3572 5312 Et
3606 5261 3694 5343 pel"

2164 5362 2270 5418 tice
2302 5377 2430 5417 eam
2473 5377 2650 5432 quam
2693 5359 2978 5432 plantavit
3007 5361 3237 5418 dextera
3261 5362 3368 5413 tua.
3393 5375 3419 5404 ››
3445 5351 3592 5417 Ouum
3617 5350 3695 5432 εἶπ’

2161 5455 2279 5517 tus,
2310 5449 2368 5505 id
2400 5424 2508 5506 est.
2535 5424 2717 5505 Filius
2765 5453 2926 5516 tuus,
2973 5447 3376 5534 resurrectione
3417 5424 3691 5534 sua

2161 5539 2261 5594 vit.
2297 5559 2323 5591 α
2352 5539 2418 5594 Et
2450 5555 2627 5610 super
2655 5537 2864 5594 Filium
2915 5538 3187 5596 hominis.
3214 5561 3241 5587 »
3269 5532 3455 5593 Filium
3494 5526 3689 5610 viratu?-

2165 5653 2192 5679 «
2227 5629 2410 5693 Quem
2442 5605 2801 5684 conﬁrmasti
2851 5627 2980 5684 tibi.
3003 5651 3035 5702 ἢ»
3069 5630 3262 5696 Quem,
3307 5618 3501 5680 devicta
3538 5605 3685 5666 morte,

2165 5718 2235 5775 ad
2265 5720 2428 5777 tuam
2454 5716 2750 5776 dexteram
2776 5716 3091 5776 collocasti.
