3976 6188
472 235 626 294 1123

1958 228 2352 293 APPENDIX
2366 245 2389 294 .‘

3629 255 3734 316 “24

467 364 602 420 licet
643 364 800 419 omni
851 368 1108 435 tempore
1161 367 1272 418 Deo
1331 378 1537 419 canere
1591 364 1954 420 debeamus:
2006 365 2106 419 sed
2136 365 2193 433 Α
2225 368 2362 421 tur:
2414 368 2567 438 quod
2622 369 2693 423 ad
2753 384 2964 441 aquam
3004 373 3451 432 contradictionis
3475 381 3733 443 offenderint

467 454 756 526 praecipue
813 453 870 507 in
931 453 1372 523 resurrectione,
1415 454 1474 507 in
1529 452 1893 523 remissione,
1943 458 1999 508 et
2047 453 2105 508 in

467 545 675 598 domus
725 542 1093 598 innovatione
1127 559 1139 596 :
1190 542 1298 597 hoc
1342 547 1448 609 est,
1483 558 1615 597 cum
1650 542 2015 613 resurgimus
2046 542 2103 596 in

420 679 422 682 ,
464 631 690 687 Christo
720 649 733 686 :
767 648 900 686 cum
927 630 1332 687 remissionem
1360 631 1700 702 accipimus,
1727 649 1859 686 cum
1893 633 2106 686 domus

463 720 712 791 pectoris
744 720 928 803 nqstri
962 720 1233 775 innovate
1264 719 1435 774 fuerit
1466 724 1596 791 post
1633 720 1886 774 ruinam.

533 878 561 904 «
593 854 737 917 Quia
767 859 1119 926 praeceptum
1152 854 1210 908 in
1242 852 1420 909 Israel
1454 858 1560 920 est,
1585 857 1642 908 et
1663 853 1958 923 judicium
1987 854 2102 908 Deo

459 943 659 999 Jacob.
681 964 709 993 »
731 944 919 1014 Ipsius
937 943 1090 1000 enim
1108 947 1460 1014 praeceptum
1481 947 1586 1006 est,
1603 941 2100 1013 atquejudicium,

459 1036 524 1087 ut
552 1032 740 1104 gratia
770 1032 1081 1098 salvemur,
1115 1035 1171 1086 et
1200 1048 1315 1085 non
1348 1047 1416 1086 ex
1446 1031 1636 1086 nobis.

531 1169 560 1196 «
592 1147 1019 1203 Testimonium
1063 1145 1120 1200 in
1161 1146 1398 1218 Joseph.
1436 1168 1462 1194 ››
1513 1147 1574 1200 In
1607 1145 1836 1201 Christo
1868 1147 1964 1217 qui
1999 1164 2100 1218 pro

459 1237 628 1293 nobis
649 1237 917 1292 venditus
939 1239 1045 1291 est.
1067 1258 1094 1284 «
1111 1235 1490 1301 Posuitillud,
1508 1252 1640 1290 cum
1659 1235 1838 1290 exiret
1857 1236 1928 1290 de
1949 1240 2103 1291 terra

456 1326 705 1399 Egypti.
733 1348 760 1375 »
783 1325 884 1380 Vel
905 1325 963 1379 in
987 1325 1152 1391 rubo,
1173 1323 1260 1379 vel
1283 1324 1342 1378 in
1366 1324 1519 1396 igne,
1543 1323 1628 1377 vel
1654 1324 1710 1378 in
1736 1324 1867 1378 aliis
1894 1329 2102 1396 myste-

457 1415 580 1470 riis.
622 1438 648 1464 ‹‹
686 1415 967 1486 Linguam
1001 1430 1177 1484 quam
1210 1429 1323 1467 non
1359 1417 1614 1476 noverat,
1648 1412 1888 1466 audivit.
1927 1435 1952 1460 ››
2005 1413 2103 1468 Po-

458 1504 631 1577 pulus
661 1503 759 1558 ille
780 1503 1064 1575 gentium,
1089 1501 1146 1554 in
1172 1501 1426 1555 Ecclesia
1452 1500 1748 1570 mandata,
1780 1518 1906 1570 quae
1937 1501 2100 1573 prius

455 1593 782 1665 ignorabat,
828 1589 1064 1660 accepit.

2217 453 2400 509 Deum
2449 457 2642 524 (Exod.
2678 475 2816 526 xvn,
2867 462 2944 513 2:
2994 464 3159 516 Num.
3191 480 3280 530 xx,
3312 465 3380 533 4).
3418 466 3626 542 Denique
3645 474 3731 531 ideo

2217 560 2331 598 non
2381 551 2517 599 sunt
2565 546 2811 616 ingressi
2860 552 3068 604 terram
3130 552 3568 622 repromissionis.
3608 559 3732 620 Nobis

2217 637 2410 687 autem
2443 634 2582 688 dicit
2613 639 2764 691 Deus
2799 652 2810 690 :
2863 660 2889 685 ‹‹
2924 638 3164 694 Probavi
3199 645 3251 695 te
3281 643 3422 713 apud
3450 661 3615 716 aquam
3639 667 3733 705 con-

2218 723 2598 778 tradictionis.
2631 744 2656 775 n
2703 725 2900 780 Simon
2938 727 3213 797 probatus
3243 736 3326 784 est
3354 731 3419 785 ad
3448 749 3615 805 aquam
3637 755 3732 794 con-

2212 811 2576 868 tradictionis
2611 829 2622 867 :
2678 814 2775 885 qui
2809 815 2867 868 in
2901 815 3190 888 hypocrisi
3221 821 3428 891 accepit
3469 821 3730 894 baptismum

2214 901 2641 974 (Act.vm,15).
2705 903 3047 976 Quicunque
3103 922 3236 978 ergo
3291 907 3346 962 in
3401 909 3635 981 hypocrisi
3667 932 3732 970 ac-

2211 989 2362 1059 cepit
2407 989 2790 1062 baptismum,
2825 992 2936 1049 iste
2967 995 3247 1065 probatur
3275 997 3342 1051 ad
3371 1014 3553 1069 aquam
3579 1008 3731 1058 contra

2212 1076 2505 1133 dictionis.

2284 1186 2516 1252 «Audi,
2557 1187 2829 1258 :pOpulus
2890 1205 3082 1259 meus,
3140 1194 3195 1245 et
3250 1193 3564 1250 testiﬁcabor
3605 1197 3693 1251 tibi.
3716 1222 3732 1245 υ

2211 1273 2388 1329 Nobis
2445 1274 2707 1346 loquitur
2763 1277 2939 1335 Deus.
2973 1279 3362 1352 Quodcunque
3405 1283 3584 1354 populo
3625 1286 3732 1355 dixit,

2211 1362 2386 1417 etiam
2432 1365 2598 1420 nobis
2647 1365 2929 1438 loquitur.
2986 1391 3006 1418 α
3042 1369 3238 1435 Israel,
3273 1370 3318 1424 si
3362 1372 3580 1428 audieris
3616 1391 3691 1429 me.
3715 1399 3732 1423 ρ

2209 1451 2354 1514 Quid
2391 1453 2621 1524 quaeris,
2657 1460 2719 1509 ut
2749 1456 3035 1513 audiant?
3093 1458 3399 1515 Videamus
3443 1461 3561 1530 quid
3601 1465 3731 1534 praeci-

2211 1541 2348 1612 piat.
2385 1565 2410 1591 ‹‹
2437 1543 2559 1596 Non
2584 1543 2695 1598 erit
2715 1545 2772 1598 in
2796 1548 2851 1600 te
2871 1545 3024 1601 Deus
3047 1563 3268 1602 recens.
3293 1569 3318 1597 »
3346 1548 3436 1603 Cui
3457 1553 3580 1604 Deus
3602 1557 3732 1606 venter

2209 1635 2316 1699 est,
2351 1630 2504 1686 Deus
2561 1630 2612 1686 ei
2665 1648 2863 1688 recens
2909 1637 3015 1688 est.
3068 1636 3436 1706 Quotcunque
3477 1636 3591 1692 vitia
3622 1638 3732 1693 habtL

529 1728 551 1757 ι
589 1703 823 1759 Οίνϐτιίῐ
852 1704 922 1758 ab
954 1702 1229 1757 oneribus
1250 1703 1490 1756 dorsum
1523 1703 1671 1793 QiuS-
1707 1725 1726 1752 η
1765 1703 2004 1766 Quando
2038 1705 2095 1759 ίη
2128 1729 2174 1793 Β
2207 1733 2360 1784 mus,
2394 1723 2770 1791 quotcunque
2818 1727 3072 1793 peccata,
3121 1727 3206 1778 tot
3257 1702 3493 1780 recentes
3534 1725 3729 1782 habemus

451 1796 692 1866 [Egypto
745 1808 999 1860 eramus,
1032 1793 1476 1846 exstrucbamus
1532 1791 1795 1847 civitates
1844 1793 2097 1848 Pharao-

453 1883 566 1949 nis,
598 1881 788 1936 lutum
840 1886 896 1936 et
939 1880 1178 1936 laterem
1229 1881 1628 1952 portabamus,
1663 1885 1719 1935 et
1749 1885 1870 1936 tota
1900 1881 2099 1936 anima

452 1975 651 2027 nostra
681 1970 976 2042 quaerebat
1007 1968 1220 2041 paleas.
1253 1969 1378 2024 Non
1423 1969 1787 2025 habebamus
1846 1972 2101 2026 frumen-

451 2066 599 2125 tum,
650 2078 763 2115 non
819 2059 1186 2114 habebamus
1247 2058 1535 2114 ccelestem
1599 2075 1806 2130 panem
1869 2063 1965 2130 qui
2027 2060 2097 2115 de

450 2149 592 2203 coelo
624 2149 782 2203 venit
809 2165 821 2202 :
858 2149 1107 2202 necdum
1141 2163 1551 2219 acceperamus
1585 2163 1803 2203 manna
1831 2148 1902 2202 de
1931 2147 2093 2221 coelo,

451 2239 698 2293 necdum
726 2236 894 2292 nobis
919 2252 1160 2307 serpens
1193 2237 1381 2290 fuerat
1410 2236 1468 2290 in
1505 2253 1693 2292 eremo
1726 2255 2049 2309 suspensus
2079 2255 2090 2292 :

450 2327 698 2382 necdum
721 2330 885 2397 petra
906 2342 1116 2395 aquam
1141 2325 1307 2378 nobis
1333 2324 1570 2378 miserat
1596 2342 1608 2378 :
1634 2327 1880 2380 necdum
1905 2331 2096 2381 exten-

449 2415 734 2468 debamus
768 2430 999 2479 manus,
1021 2417 1077 2467 et
1106 2412 1349 2466 cadebat
1376 2411 1628 2468 Amalec.
1653 2414 2012 2470 Sedebamus
2035 2414 2093 2468 in

449 2502 592 2571 luto,
607 2506 664 2556 et
681 2501 1039 2554 faciebamus
1056 2516 1231 2571 opera
1244 2500 1759 2571 iEgypti,civitates
1777 2502 2094 2558 Pharaonis

449 2590 882 2645 extruebamus.
908 2612 936 2638 «
964 2589 1202 2644 Divertit
1228 2590 1298 2644 ab
1327 2588 1601 2644 oneribus
1624 2590 1864 2644 dorsum
1887 2592 2034 2662 ejus.
2062 2614 2091 2642 »

451 2682 632 2744 Quam
665 2677 911 2750 grandia
959 2681 1091 2732 ante
1140 2676 1500 2732 habebamus
1534 2679 1747 2733 onera!
1784 2679 2094 2750 Propterea

448 2767 677 2840 Moyses
732 2770 930 2822 noster
984 2765 1170 2821 dicit:
1230 2767 1413 2821 Venite
1469 2767 1538 2821 ad
1593 2783 1698 2834 me,
1757 2784 1942 2822 omnes
1996 2772 2094 2840 qui

448 2858 665 2912 onerati
717 2857 846 2910 estis
902 2855 1175 2926 peccatis,
1206 2859 1257 2910 et
1311 2872 1411 2924 ego
1466 2856 1712 2925 reﬁciam
1767 2873 1853 2912 vos
1884 2858 2087 2928 (Matth.

447 2961 527 3016 x1,
559 2945 672 3015 28).
712 2967 732 2993 α
767 2944 975 2998 Manus
1006 2945 1134 3015 ejus
1165 2944 1223 2998 in
1255 2945 1502 3015 cophino
1533 2947 1876 3001 servierunt.
1915 2968 1941 2995 »
1976 2947 2091 3002 Cu-

441 3034 544 3104 jus
564 3033 591 3086 ?
614 3032 866 3089 Israelis.
891 3031 1000 3086 Alii
1033 3037 1170 3087 sunt
1201 3032 1432 3103 cophini
1456 3033 1703 3106 Egypti,
1729 3039 1785 3089 et
1806 3034 1901 3089 alii
1923 3036 2085 3090 Jesu.

449 3122 632 3177 Habet
660 3125 716 3175 et
743 3124 912 3177 Jesus
941 3121 1222 3193 cophinos
1264 3139 1423 3187 suos,
1457 3126 1513 3176 et
1545 3123 1853 3178 duodecim
1887 3124 2084 3195 cophi-

447 3226 552 3265 nos
600 3210 671 3264 de
724 3210 1064 3282 fragmentis
1111 3209 1374 3281 implevit
1402 3209 1663 3265 Salvator
1705 3216 1903 3267 noster
1933 3215 2082 3284 (Luc.

444 3315 520 3367 1x,
555 3299 663 3371 17).
717 3299 760 3353 Ο
803 3316 920 3354 rem
956 3299 1187 3366 miram,
1222 3302 1279 3352 et
1308 3299 1569 3370 ingentia
1600 3301 1874 3372 mysteria
1905 3301 2084 3373 signi-

441 3387 762 3444 ﬁcantem?
815 3387 1082 3459 Quinque
1132 3387 1318 3442 millia
1364 3388 1562 3460 populi
1609 3389 1994 3444 vescebantur
2023 3389 2082 3444 in

441 3491 656 3545 eremo,
691 3477 816 3533 sine
847 3476 1124 3547 parvulis,
1159 3483 1214 3532 et
1259 3476 1603 3543 mulieribus
1637 3494 1648 3532 :
1703 3478 1761 3532 in
1809 3477 1930 3533 loco
1985 3479 2081 3533 de-

442 3569 596 3620 serto
628 3582 742 3620 non
776 3565 1151 3620 inveniuntur
1182 3565 1292 3620 nisi
1324 3569 1550 3620 tantum
1575 3566 1833 3637 quinque
1867 3584 2078 3639 panes:

439 3651 603 3706 locus
653 3652 809 3708 enim
859 3653 1125 3708 desertus
1174 3659 1314 3708 erat.
1349 3654 1601 3726 Requiro
1633 3660 1686 3710 te
1718 3655 1816 3727 qui
1849 3661 2079 3712 tantum

438 3737 693 3794 litteram
727 3739 1006 3811 sequeris.
1042 3742 1103 3795 In
1150 3743 1377 3797 deserto
1408 3742 1533 3798 loco
1565 3761 1671 3798 non
1705 3744 2082 3801 inveniuntur

437 3827 551 3884 nisi
583 3827 842 3900 quinque
873 3845 1074 3900 panes,
1103 3833 1159 3883 et
1188 3830 1491 3884 duodecim
1525 3833 1758 3902 cophini
1788 3835 2079 3905 quomodo

435 3915 861 3972 inveniuntur?
911 3916 970 3972 Si
1020 3918 1285 3973 desertus
1333 3922 1454 3973 erat
1485 3918 1668 3989 locus,
1702 3923 1901 3992 utique
1934 3925 2075 3978 duo-

434 4006 622 4062 decim
651 4007 929 4079 cophinos
953 4006 1167 4061 habere
1193 4023 1306 4062 non
1340 4011 1594 4078 poterat;
1619 4010 1718 4063 sed
1750 4009 1858 4065 hoc
1890 4016 2078 4067 totum

433 4095 816 4167 significatur,
863 4097 1015 4168 quod
1050 4095 1331 4167 populum
1363 4113 1538 4151 suum
1571 4097 1855 4153 Dominus
1888 4100 1944 4154 in
1978 4102 2075 4158 de-

433 4189 584 4240 serto
617 4185 788 4240 istius
820 4184 1014 4240 saeculi
1049 4185 1246 4240 eduxit
1278 4187 1348 4240 de
1379 4186 1619 4258 .Egypto
1655 4203 1666 4240 :
1725 4188 1877 4257 pavit
1910 4190 2075 4261 pani-

432 4273 543 4327 bus
592 4273 734 4340 suis,
769 4280 827 4328 et
879 4275 1270 4345 quodcunque
1321 4281 1641 4347 supererat,
1675 4276 1732 4330 in
1766 4278 2073 4334 duodecim

429 4361 697 4433 cophinis
729 4363 1006 4432 condidit,
1039 4364 1148 4419 hoc
1191 4369 1281 4419 est
1331 4365 1388 4419 in
1429 4365 1734 4421 duodecim
1770 4368 2071 4438 apostolis,

2207 1807 2366 1861 deos.
2401 1809 2588 1862 Iratus
2638 1826 2768 1863 sum
2796 1830 2809 1880 ;
2860 1810 2947 1864 ira
2979 1811 3123 1866 mihi
3155 1812 3306 1868 Deus
3335 1817 3433 1869 est.
3460 1813 3569 1869 Vidi
3593 1815 3727 1870 mulie-

2208 1912 2328 1950 rem
2379 1901 2435 1951 et
2481 1899 2817 1970 concupivi;
2869 1898 3050 1955 libido
3104 1901 3247 1957 mihi
3302 1907 3441 1958 Deus
3486 1908 3573 1958 est.
3612 1904 3727 1959 Unus-

2208 1983 2458 2055 quisque
2506 1986 2662 2041 enim
2711 1988 2866 2057 quod
2925 1989 3090 2060 cupit
3145 1995 3202 2046 et
3249 1997 3545 2058 veneratur,
3571 1993 3646 2046 hoc
3675 1991 3726 2045 illi

2209 2077 2357 2129 Deus
2387 2077 2492 2129 est.
2525 2076 2743 2130 Avarus
2775 2093 2986 2133 aurum
3019 2078 3196 2134 deum
3240 2079 3420 2135 habet.
3468 2102 3492 2130 «
3520 2080 3604 2137 Nec
3634 2081 3724 2134 ado-

2208 2162 2363 2217 rabis
2394 2163 2578 2218 Deum
2611 2163 2882 2220 alienum.
2920 2189 2948 2215 ››
3001 2167 3212 2224 Noster
3257 2168 3418 2236 Deus,
3465 2168 3608 2224 virtus
3641 2174 3721 2224 est:

2205 2251 2474 2322 aliorum,
2506 2252 2663 2307 vitia.

2277 2381 2304 2408 «
2339 2359 2453 2430 Ego
2486 2376 2617 2414 sum
2649 2360 2932 2417 Dominus
2968 2363 3119 2418 Deus
3150 2367 3285 2419 tuus
3331 2365 3422 2436 qui
3461 2364 3596 2420 eduxi
3626 2369 3663 2417 te
3682 2362 3723 2415 de

2203 2451 2358 2502 terra
2385 2449 2632 2519 zEgypti.
2669 2471 2696 2498 »
2750 2450 2864 2506 Nos
2914 2467 3126 2507 sumus
3169 2453 3267 2524 qui
3297 2452 3472 2508 educti
3499 2469 3651 2508 sumus
3681 2451 3722 2503 de

2203 2539 2356 2590 terra
2383 2537 2608 2608 [Egypti
2644 2555 2655 2592 :
2711 2539 2761 2593 si
2789 2542 2984 2594 tamen
3015 2541 3320 2609 exivimus,
3347 2543 3392 2598 si
3421 2543 3471 2596 in
3499 2557 3644 2596 eremo
3664 2555 3721 2593 su-

2203 2642 2356 2694 mus,
2387 2625 2435 2680 si
2465 2631 2678 2681 terram
2711 2627 3188 2699 repromissionis
3242 2631 3490 2703 cupimus
3514 2629 3667 2684 videre.
3689 2627 3721 2679 Si

2201 2713 2545 2784 reliquimus
2557 2717 3011 2782 Sodomam,non
3031 2719 3404 2790 respiciamus
3416 2720 3476 2774 ad
3488 2719 3720 2774 Sodomam.

2200 2802 2409 2856 Salvati
2433 2820 2640 2858 sumus
2663 2804 2720 2858 in
2747 2811 2963 2872 monte,
2989 2824 3108 2862 non
3132 2807 3505 2864 desideremus
3523 2804 3722 2876 [Egyptias

2201 2907 2423 2959 carnes,
2453 2908 2566 2947 non
2592 2892 2853 2948 dicamus
2880 2912 2893 2950 :
2928 2895 3104 2962 Quam
3129 2897 3256 2952 bene
3274 2898 3416 2952 nobis
3440 2905 3537 2952 erat
3563 2893 3724 2960 z'n.£gy-

2195 2984 2308 3051 pta,
2341 2997 2468 3035 cum
2510 2981 2986 3038 manducabamus
3039 3002 3232 3041 carnes
3262 2988 3317 3040 in
3347 2987 3474 3052 ollas,
3501 2993 3543 3039 et
3565 2981 3721 3044 allia,at

2199 3086 2507 3126 cucumere:
2539 3071 2720 3143 (Num.
2746 3089 2820 3139 x1,
2843 3073 2897 3143 5)
2925 3072 2935 3126 l
2971 3072 3074 3129 Vis
3107 3076 3356 3147 accipere
3381 3073 3572 3131 Domini
3593 3067 3722 3126 cibos?

2199 3159 2298 3214 Vis
2330 3161 2632 3214 comedere
2663 3160 2856 3233 ipsum
2891 3161 3205 3217 Dominum
3235 3163 3406 3218 Deum
3435 3167 3571 3216 tuum
3592 3164 3632 3213 et
3647 3153 3721 3211 Sal-

2195 3253 2451 3304 vatorem
2475 3249 2501 3302 ‘?
2532 3250 2683 3304 Audi
2715 3250 2854 3320 quid
2889 3251 3046 3306 dicat
3079 3268 3093 3307 :
3149 3275 3176 3301 ‹‹
3211 3252 3390 3307 Dilata
3433 3269 3488 3306 os
3529 3247 3721 3306 tuamet

2195 3337 2449 3408 implebo
2502 3337 2727 3392 illud.»
2781 3338 3026 3394 Dilatate
3075 3358 3177 3396 ora
3220 3347 3419 3409 vestra,
3450 3340 3550 3410 ipse
3572 3332 3721 3391 estDe

2199 3426 2412 3497 minus,
2443 3433 2498 3481 et
2528 3428 2715 3497 panis.
2752 3429 2878 3498 Ipse
2911 3428 3182 3485 hortatur
3209 3447 3312 3485 nos
3343 3435 3400 3484 ut
3423 3426 3716 3483 comedamus.

2192 3521 2248 3569 ct
2281 3516 2400 3587 ipse
2431 3521 2628 3571 noster
2656 3516 2823 3571 cibus
2853 3522 2958 3572 est.
2996 3519 3500 3588 Quantumcunque
3525 3514 3716 3569 dilatave-

2195 3604 2292 3669 ris,
2328 3609 2556 3659 tantum
2589 3604 2858 3676 accipies.
2892 3606 3013 3661 Non
3076 3613 3166 3664 est
3209 3609 3380 3680 igitur
3408 3608 3458 3661 in
3488 3620 3587 3659 mea
3612 3601 3714 3671 pote-

2192 3696 2359 3759 state,
2392 3694 2493 3748 sed
2526 3694 2583 3747 in
2614 3698 2715 3748 tua
2744 3699 2851 3749 est.
2886 3695 2945 3750 Si
2985 3696 3260 3763 volueris,
3304 3701 3471 3752 totum
3512 3708 3583 3746 me
3617 3683 3715 3742 acci-

2191 3781 2316 3853 pies
2349 3798 2361 3837 :
2409 3781 2458 3836 si
2490 3782 2766 3853 nolueris,
2797 3785 2992 3856 accipe
3026 3785 3233 3841 saltem
3266 3792 3488 3857 partem.

2263 3921 2289 3947 ‹‹
2321 3899 2390 3952 Et
2420 3915 2534 3954 non
2567 3899 2787 3954 audivit
2819 3899 3074 3970 populus
3109 3917 3272 3957 meus
3301 3915 3478 3956 voc-em
3521 3907 3674 3951 meam.
3695 3907 3712 3934 ιι

2186 3988 2293 4057 Ego
2322 3995 2400 4041 sto
2432 3992 2557 4042 ante
2594 3990 2813 4054 ostium,
2848 3996 2901 4043 et
2928 3990 3087 4056 pulso
3120 3992 3299 4062 (Apoc.
3333 4007 3407 4056 III,
3437 3987 3529 4056 20).
3555 3978 3655 4035 Volo
3675 3978 3714 4028 ut

2187 4076 2414 4146 aperias
2445 4080 2501 4131 et
2531 4076 2845 4148 ingrediar,
2871 4082 2926 4132 et
2957 4094 3071 4132 non
3105 4078 3192 4134 vis
3223 4078 3432 4151 aperire
3459 4064 3712 4146 (Apocnill

2259 4205 2285 4232 «
2322 4185 2390 4237 Et
2421 4183 2595 4239 Israel
2627 4201 2741 4238 non
2775 4184 3024 4239 intendit
3056 4185 3201 4240 mihi
3236 4203 3248 4239 :
3294 4190 3347 4241 et
3373 4179 3544 4238 dimisi
3567 4191 3638 4232 eos
3658 4185 3713 4225 se-

2185 4273 2443 4326 cundum
2474 4273 2763 4328 desideria
2792 4273 2984 4328 cordis
3023 4289 3246 4345 eorum,
3283 4297 3309 4322 ›ι
3360 4276 3456 4328 etc.
3485 4265 3638 4324 Infelix
3657 4261 3712 4314 est

2185 4361 2282 4432 qui
2316 4377 2348 4414 a
2378 4366 2488 4416 Deo
2520 4378 2633 4416 non
2662 4361 2988 4434 corripitur.
3021 4363 3079 4418 Si
3111 4363 3243 4434 quis
3273 4376 3494 4435 peccans
3520 4371 3607 4411 non
3629 4364 3711 4421 per:

431 4454 496 4505 ut
523 4451 677 4522 quod
714 4450 962 4522 perierat
991 4451 1050 4506 in
1082 4452 1388 4507 duodecim
1423 4455 1712 4526 tribubus,
1744 4457 2069 4513 salvaretur
2101 4460 2148 4524 D
2180 4450 2417 4517 cutitur,
2442 4449 2550 4506 iste
2581 4450 2760 4506 miser
2788 4455 2896 4506 65L
2924 4452 3057 4506 Ideo
3091 4453 3231 4508 dicti
3258 4469 3269 4505 ε
3307 4474 3327 4500 α
3361 4445 3544 4505 Dialisi
3567 4456 3638 4497 ⁸0⁵
3658 4449 3712 4526 ³9⁸

428 4541 488 4593 in
520 4538 826 4594 duodecim
858 4540 1158 4612 apostolis.

499 4678 527 4706 ‹‹
563 4657 627 4710 In
657 4656 1034 4711 tribulatione
1083 4657 1360 4712 invocasti
1413 4674 1525 4726 me,
1558 4664 1614 4714 et
1661 4659 1896 4716 liberavi
1930 4668 2004 4719 te.
2041 4687 2068 4716 »

425 4746 726 4817 Prophetee
755 4750 810 4802 et
843 4744 1056 4818 psalmi
1089 4746 1216 4800 ideo
1268 4747 1502 4802 obscuri
1553 4755 1692 4804 sunt
1727 4768 1738 4804 :
1791 4753 2068 4822 quoniam

426 4835 620 4890 subito
652 4851 784 4890 cum
820 4834 1030 4903 nescis,
1056 4851 1304 4906 persona
1335 4841 1614 4891 mutatur.
1640 4839 1900 4911 Denique
1932 4842 2070 4899 huc-

427 4939 610 4993 usque
641 4923 869 4979 locutus
901 4928 990 4978 est
1023 4923 1304 4996 propheta
1338 4943 1349 4979 :
1405 4942 1558 4980 nunc
1612 4928 1804 4983 subito
1837 4930 2068 4987 induci-

424 5015 520 5065 tur
549 5028 797 5083 persona
817 5013 912 5069 Dei
947 5013 1239 5085 loquentis
1270 5013 1340 5069 ad
1374 5015 1676 5086 pOpulum.
1730 5040 1749 5066 α
1789 5018 1849 5072 In
1881 5021 2066 5076 tribu-

423 5097 637 5156 latione
666 5101 946 5158 invocasti
998 5119 1110 5173 me,
1144 5108 1200 5157 et
1250 5102 1487 5158 liberavi
1537 5109 1612 5160 te.
1651 5128 1678 5154 »
1724 5106 2066 5181 Quicunque

424 5187 484 5242 in
543 5189 918 5246 tribulatione
975 5208 1056 5263 es,
1108 5208 1350 5248 securus
1408 5196 1551 5258 esto,
1612 5194 1814 5250 invoca
1864 5214 1975 5266 me,
2010 5205 2067 5255 et

423 5277 770 5334 exaudieris.
829 5303 854 5329 ‹‹
889 5281 1163 5335 Exaudivi
1197 5286 1253 5336 te
1284 5281 1340 5336 in
1375 5282 1714 5339 abscondito
1747 5290 2063 5358 tempesta-

422 5365 519 5420 tis.
551 5389 577 5414 »
607 5370 943 5439 Tempestas
975 5369 1075 5424 illa
1104 5371 1336 5441 quando
1369 5375 1420 5425 te
1454 5373 1772 5442 premebat,
1805 5381 1861 5429 et
1893 5379 2062 5447 quasi

421 5454 699 5510 ﬂuctibus
723 5455 834 5510 huc
855 5456 1109 5528 illucque
1134 5460 1432 5513 trahebat:
1467 5477 1570 5530 ego
1593 5477 1751 5516 eram
1782 5463 1839 5517 in
1871 5466 2062 5522 media

420 5547 786 5616 tempestate.
824 5567 852 5595 ‹‹
884 5545 1123 5603 Probavi
1158 5551 1214 5603 te
1245 5549 1398 5622 apud
1423 5564 1632 5619 aquam
1656 5554 2061 5614 contradictio—

415 5633 532 5717 pie.
568 5654 597 5689 »
629 5635 966 5703 Secundum
995 5635 1250 5697 litteram
1281 5637 1353 5696 de
1379 5639 1572 5715 Moyse
1601 5643 1659 5700 et
1689 5645 1882 5711 Aaron
1914 5645 2055 5706 dici-

2180 4540 2436 4593 cundum
2468 4539 2760 4595 desideria
2779 4541 2972 4596 cordis
3001 4557 3224 4597 eorum.
3254 4565 3273 4589 ι
3311 4540 3430 4595 Ideo
3449 4551 3531 4591 eos
3547 4522 3708 4587 dimisi:

2183 4627 2460 4699 quoniam
2494 4645 2644 4700 saepe
2675 4630 2959 4700 percussi,
2993 4635 3050 4685 et
3093 4628 3442 4701 disciplinam
3478 4637 3570 4677 non
3608 4625 3708 4669 rece'

2180 4719 2410 4786 perunt.
2443 4715 2681 4787 Rogavi,
2708 4734 2820 4772 non
2853 4717 3201 4774 audierunt:
3235 4713 3492 4789 percussi,
3514 4723 3601 4764 non
3624 4715 3709 4796 sen-

2179 4809 2382 4858 serunt
2423 4803 2703 4859 dolorem.
2739 4805 2980 4861 Dimitto
3011 4807 3196 4863 eosin
3243 4800 3589 4861 voluntatibus
3612 4801 3707 4848 81113,

2181 4897 2243 4948 ut
2288 4894 2529 4948 saturati
2579 4894 2732 4949 vitiis
2782 4895 2926 4962 suis,
2959 4895 3044 4951 vel
3077 4896 3158 4952 sic
3189 4901 3356 4967 agant
3383 4880 3706 4964 pmnitentiam.

2252 5040 2278 5068 α
2311 5019 2369 5074 Si
2403 5019 2650 5091 populus
2685 5037 2850 5076 meus
2882 5022 3143 5076 audisset
3174 5037 3278 5075 me.
3315 5041 3341 5067 »
3391 5016 3430 5070 Ο
3469 5005 3710 5091 clementis-

2175 5108 2322 5163 sime
2355 5108 2538 5176 Pater,
2563 5125 2594 5163 0
2629 5108 2960 5165 misericors
2987 5110 3136 5165 Deus
3162 5110 3172 5163 l
3208 5105 3447 5179 Rogavit,
3468 5104 3516 5156 et
3542 5109 3627 5150 non
3649 5087 3706 5141 εει

2174 5196 2446 5252 auditus:
2483 5197 2651 5268 quasi
2683 5197 2867 5253 iratus
2899 5199 3141 5254 dimittit
3172 5197 3346 5252 filium
3379 5185 3703 5270 lascivientem:

2173 5286 2386 5340 Iterum
2443 5259 2598 5340 videt
2647 5288 2853 5358 perire,
2887 5294 2943 5343 et
2991 5289 3164 5354 dolet,
3205 5286 3334 5358 quia
3362 5279 3504 5354 perit.
3533 5259 3703 5338 Elquid

2171 5373 2354 5428 dicit:
2410 5397 2437 5423 «
2474 5375 2648 5430 Israel
2697 5376 2746 5430 si
2797 5377 2856 5431 in
2913 5377 3022 5433 viis
3080 5377 3220 5432 meis
3278 5363 3599 5428 ambulassct,
3633 5361 3702 5422 ΡΓο

2173 5463 2372 5530 nihilo,
2396 5485 2421 5516 ο
2457 5469 2563 5520 etc.
2589 5465 2884 5537 Numquid
2911 5467 3127 5538 grande
3159 5464 3293 5520 mihi
3319 5463 3427 5516 erat
3452 5442 3700 5538 liberarem

2168 5555 2238 5611 de
2260 5554 2634 5611 tribulatione
2653 5554 2680 5610 ’ἶ
2706 5533 3001 5629 Numquid
3027 5572 3136 5613 non
3161 5557 3399 5628 poteram
3419 5533 3696 5629 majestate?

2170 5663 2360 5707 meam
2393 5647 2646 5720 mittere,
2679 5651 2736 5706 et
2764 5611 2964 5707 eruere
2995 5611 3050 5707 te
3076 5611 3454 5722 de‘poriculo?
3491 5623 3578 5688 Sed
3602 5611 3699 5693 quit
