3976 6188
245 267 408 327 1125

1409 209 1930 318 ΒηΕνιΑῆιυΜλ
1953 257 2032 317 IN
2078 253 2472 318 PSALMOS.

3404 235 3408 240 ’
3501 264 3657 324 nec

245 397 454 454 dimisi
482 399 540 451 te
567 394 749 452 libero
773 393 1034 460 arbitrio,
1067 395 1124 448 et
1156 391 1413 447 stadium
1443 391 1549 446 tibi
1595 389 1892 462 proposui,
1929 400 1980 466 Α
2010 390 2182 446 citur.
2212 389 2271 445 Si
2301 389 2484 445 sancti
2537 405 2765 453 sumus.
2792 394 2848 446 et
2895 408 3103 448 sumus
3161 392 3386 451 similes
3443 397 3646 469 Moysi,

245 492 312 543 et
345 503 460 541 non
489 488 820 553 coronatur,
854 483 967 538 nisi
998 482 1094 554 qui
1128 481 1467 553 pugnaverit
1499 481 1571 550 (Il
1600 481 1894 551 Tim.11,5);

246 579 562 649 propterea
589 572 891 629 victoriam
923 575 1021 626 tuo
1054 569 1292 624 arbitrio
1317 566 1680 639 derelinquo.

337 687 357 715 σ
389 663 614 719 Inimici
643 660 868 717 Domini
901 659 1126 715 mentiti
1150 657 1382 713 suntei.
1417 679 1443 706 »
1497 657 1561 711 In
1621 656 1898 712 Hebraico

248 751 470 810 melius
493 752 686 807 habet.
726 771 754 802 «
778 748 1002 804 Inimici
1024 747 1254 802 Domini
1277 747 1573 819 negabunt
1591 746 1898 812 eum,»hoc

245 846 344 900 est
371 839 808 908 Judaeizinimici
840 838 997 893 enim
1032 837 1218 908 ipsius
1239 840 1596 907 negaverunt
1626 835 1898 890 eum.Sed

243 932 355 989 isti
376 929 601 986 inimici
627 927 1010 1000 quinegaturi
1034 930 1172 982 sunt
1195 941 1493 996 eum,ergo
1508 923 1900 996 perient?ergo

252 1021 524 1092 reliquiae
559 1035 672 1073 non
705 1015 928 1073 erunt?
956 1016 1026 1070 Et
1073 1014 1366 1087 quomodo
1387 1012 1604 1083 jurasti
1635 1011 1899 1078 Abrahm,

247 1110 500 1176 Isaac,et
528 1107 708 1162 Jacob
743 1122 756 1158 :
790 1103 1065 1176 quoniam
1097 1118 1293 1158 semen
1329 1101 1592 1173 ipsorum
1624 1100 1706 1156 sit
1735 1100 1902 1171 quasi

247 1197 440 1254 stella
471 1194 597 1251 cceli
623 1197 680 1250 et
710 1194 863 1249 sicut
890 1209 1067 1249 arena
1095 1192 1275 1247 maris
1304 1191 1331 1245 ?
1359 1193 1546 1256 Quare
1578 1188 1900 1261 promisisti

245 1287 544 1360 patribus,
579 1287 634 1340 et
665 1299 778 1338 non
830 1281 1027 1337 reddis
1089 1279 1332 1335 filiis?»
1383 1278 1610 1333 Inimici
1667 1277 1899 1332 Domini

246 1375 560 1448 negabunt
591 1389 746 1428 eum.
782 1394 810 1421 ››
841 1371 952 1426 Sed
988 1370 1128 1441 quid
1161 1369 1302 1424 dicit
1333 1371 1390 1422 Ρη
1429 1368 1497 1422 Et
1527 1368 1638 1421 erit
1667 1371 1902 1437 tempus

246 1480 462 1521 eorum
494 1463 554 1517 in
595 1459 898 1517 saeculum.
934 1481 964 1508 »
997 1458 1130 1513 Cum
1158 1458 1437 1512 introierit
1462 1454 1744 1526 plenitudo
1775 1471 1906 1525 gen-

243 1553 421 1617 tium,
445 1554 576 1605 tunc
604 1549 781 1604 omnis
809 1547 978 1602 Israel
1008 1547 1188 1600 salvus
1219 1545 1311 1614 fiet
1355 1545 1531 1612 (Rom.
1565 1561 1642 1609 x1,
1666 1544 1756 1613 25,
1787 1543 1900 1614 26).

244 1643 314 1696 In
344 1641 545 1695 futuro
568 1639 823 1707 credent,
885 1637 1058 1690 modo
1116 1651 1232 1689 non
1293 1633 1686 1688 crediderunt.
1739 1631 1902 1686 Nunc

243 1730 450 1785 dicam
481 1728 554 1783 ad
583 1727 839 1825 Judmos.
872 1725 1071 1780 Solent
1104 1723 1214 1779 sibi
1261 1721 1648 1822 .applaudere,
1711 1724 1765 1774 et
1790 1719 1904 1829 1‘di-
1936 1766 1984 1829 B

247 1836 384 1875 cere
418 1835 430 1873 :
471 1840 491 1866 ι
528 1819 591 1870 Et
623 1815 734 1870 erit
763 1819 995 1886 tempus
1017 1829 1218 1868 eorum
1258 1812 1316 1865 in
1365 1815 1666 1865 aeternum.
1704 1831 1732 1858 »
1790 1809 1907 1863 Nos

247 1907 756 1975 dicamus,verum
788 1908 876 1959 est
900 1902 1195 1958 :credituri
1226 1901 1382 1956 enim
1406 1901 1545 1954 sunt
1574 1899 1643 1954 de
1667 1897 1906 1953 Judaeis.

250 1996 522 2068 Denique
549 1995 796 2065 legimus
830 1993 889 2047 in
912 1990 1260 2064 Apocalypsi
1303 1989 1566 2059 Joannis,
1599 1987 1909 2043 duodecim

251 2084 450 2140 millia
479 2085 549 2140 de
581 2081 830 2154 singulis
859 2080 1267 2147 tribubus,hoc
1321 2083 1429 2148 est,
1473 2081 1705 2132 centum
1768 2093 1909 2148 qua-

252 2174 528 2246 draginta
565 2176 818 2244 quatuor
849 2169 1034 2224 millia
1063 2168 1355 2224 creditura
1411 2167 1589 2237 (Apoc.
1633 2183 1734 2232 vn,
1769 2166 1909 2234 4-8),

254 2268 316 2319 et
352 2263 462 2318 hoc
493 2261 705 2316 dicitur
725 2259 1018 2330 virginum
1050 2273 1178 2312 esse
1207 2256 1389 2327 (Apoc.
1433 2273 1548 2322 xxv,
1611 2255 1748 2322 1-4).
1807 2253 1911 2308 Ubi

256 2355 466 2406 autem
493 2349 786 2421 virginum
818 2351 1021 2402 tantus
1052 2361 1334 2400 numerus
1356 2342 1914 2415 erit,nonvirginum

262 2441 532 2510 quantus
555 2436 709 2492 erit?
739 2436 886 2507 Ergo
919 2440 973 2490 et
995 2452 1101 2490 nos
1132 2433 1399 2488 dicamus
1439 2432 1680 2497 Judaeis,
1709 2437 1768 2486 et
1798 2447 1911 2486 non

258 2527 378 2582 erit
411 2532 640 2596 tempus
667 2529 926 2580 vestrum
950 2524 1008 2578 in
1041 2521 1457 2592 aeternum,hoc
1489 2525 1579 2575 est
1610 2520 1667 2574 in
1720 2520 1914 2574 futuro

256 2614 622 2671 saeculoSed
656 2614 726 2669 ad
760 2618 814 2668 te
846 2612 945 2683 qui
968 2612 1140 2666 hodie
1173 2627 1288 2665 non
1337 2609 1546 2673 credis,
1601 2608 1740 2679 quid
1791 2624 1916 2678 per-

258 2705 418 2760 tinet
447 2704 474 2758 ?
509 2704 624 2757 «Et
653 2702 763 2757 erit
793 2705 1027 2772 tempus
1057 2716 1258 2756 eorum
1289 2699 1346 2753 in
1383 2697 1684 2754 szeculum.
1721 2721 1742 2748 υ
1800 2696 1914 2750 Ini-

261 2793 557 2848 micorum
593 2791 688 2846 Dei
723 2789 897 2862 quale
927 2794 1159 2860 tempus
1189 2788 1317 2843 erit.

341 2902 371 2930 «
407 2881 475 2935 Et
503 2879 715 2935 cibavit
745 2895 843 2934 eos
873 2894 942 2932 ex
972 2877 1140 2948 adipe
1173 2876 1468 2931 frumenti.
1505 2897 1531 2923 »
1557 2875 1790 2930 Induxit
1819 2891 1918 2930 eos

269 2971 330 3025 in
364 2975 584 3025 terram
615 2965 1364 3039 repromissioniszcibavit
1419 2981 1533 3019 non
1591 2981 1810 3020 manna
1855 2969 1921 3018 ut

268 3057 329 3112 in
359 3059 614 3124 deserto,
649 3056 749 3112 sed
784 3056 1086 3116 frumento,
1117 3053 1269 3124 quod
1301 3053 1525 3119 cecidit,
1575 3053 1729 3124 quod
1789 3070 1918 3107 sur-

2010 480 2226 534 dicitur
2280 480 2351 534 ad
2412 495 2563 533 nos:
2627 481 2701 533 Tu
2756 493 2878 535 vero
2926 481 3017 535 hic
3064 487 3147 537 sta
3203 500 3414 539 mecum
3458 486 3654 551 (Exod.

2008 585 2195 634 xxxxv,
2218 569 2290 637 2).
2326 567 2439 621 Hoc
2469 567 2624 621 enim
2655 567 2802 622 dixit
2833 569 2985 623 Deus
3016 570 3085 623 ad
3141 571 3400 643 Moysen.
3451 575 3657 630 Stabat

2010 657 2164 712 enim
2200 657 2424 728 Moyses
2455 673 2631 727 super
2661 659 2910 727 petram,
2942 663 3244 727 propterea
3281 666 3337 716 et
3371 662 3654 718 Dominus

2011 747 2202 801 stabat
2231 745 2334 799 illi.
2368 745 2425 799 Si
2455 761 2586 799 vero
2622 745 2783 816 prius
2807 744 2992 800 sancti
3027 746 3334 818 fuerimus,
3368 754 3424 805 et
3454 756 3655 822 postea

2010 841 2340 906 peccatores
2375 835 2539 904 :jam
2572 851 2686 888 non
2709 834 2876 889 nobis
2898 839 3016 890 stat
3052 835 3225 901 Deus,
3286 839 3386 892 sed
3445 841 3652 895 ambu-

2013 923 2096 978 lat
2128 941 2139 978 :
2167 923 2274 977 hac
2301 927 2412 990 est,
2443 928 2708 978 movetur
2737 923 2807 976 de
2836 922 2959 978 loco
2990 940 3118 989 suo,
3151 924 3252 994 qui
3295 927 3464 981 nobis
3523 935 3656 984 ante

2016 1017 2274 1070 steterat.
2311 1016 2630 1083 Postquam
2662 1029 2768 1067 nos
2803 1013 2943 1067 moti
2974 1013 3280 1079 fuerimus,
3312 1019 3369 1069 et
3397 1015 3520 1088 ipse
3550 1035 3658 1072 no-

2016 1100 2244 1156 biscum
2278 1100 2494 1171 pariter
2522 1099 3071 1172 movetur.Denique
3093 1107 3150 1157 et
3180 1104 3364 1158 Adam
3400 1105 3659 1175 quandiu

2014 1190 2072 1243 in
2107 1189 2374 1262 paradiso
2408 1189 2536 1255 fuit,
2570 1192 2626 1243 et
2657 1190 2997 1244 mandatum
3029 1191 3295 1259 servavit,
3357 1195 3551 1249 stabat
3607 1195 3659 1251 ei

2015 1280 2187 1336 Deus.
2242 1279 2530 1350 Posquam
2577 1294 2708 1333 vero
2766 1283 3170 1352 transgressus
3240 1288 3348 1352 est,
3435 1284 3660 1339 audivit

2013 1385 2209 1424 vocem
2247 1368 2340 1422 Dei
2373 1366 2810 1422 ambulantisin
2843 1369 3114 1438 paradiso
3146 1369 3300 1439 (Gen.
3335 1388 3420 1441 ru,
3443 1373 3520 1443 8).
3553 1374 3657 1428 Vis

2015 1458 2162 1514 scire
2192 1457 2327 1527 quia
2357 1455 2696 1510 ambulabat
2724 1456 2775 1510 ei
2811 1461 2959 1511 Deus
2988 1458 3015 1511 ?
3047 1457 3196 1520 Quid
3228 1459 3278 1514 ei
3312 1459 3656 1517 dixit'trldam

2014 1546 2111 1600 ubi
2138 1562 2192 1600 es
2224 1544 2379 1614 (Ibid.
2411 1545 2466 1614 9)
2497 1545 2524 1598 ?
2550 1543 2655 1609 Qui
2678 1550 2810 1598 ante
2841 1550 3092 1600 stantem
3127 1552 3307 1603 Deum
3331 1565 3443 1603 non
3504 1551 3660 1622 fuge-

2014 1637 2120 1704 rat,
2156 1639 2356 1705 postea
2385 1631 2783 1687 ambulantem
2809 1633 2974 1704 fugit.
3001 1634 3268 1690 Diximus
3327 1637 3397 1691 de
3444 1643 3656 1710 stante,

2015 1723 2270 1777 diximus
2301 1723 2372 1776 de
2403 1721 2759 1787 ambulante,
2793 1722 3058 1777 dicamus
3089 1724 3159 1778 de
3189 1725 3446 1780 sedente.
3475 1728 3664 1790 Quan-

2017 1812 2325 1882 docunque
2351 1811 2560 1865 sedens
2593 1811 2890 1864 inducitur
2921 1811 3096 1878 Deus,
3130 1811 3441 1883 dupliciter
3497 1815 3664 1870 indu-

2018 1900 2190 1954 citur.
2222 1902 2335 1953 Aut
2359 1898 2527 1969 quasi
2552 1902 2776 1964 rex,aut
2805 1899 2973 1967 quasi
3007 1899 3198 1965 iudex.
3231 1901 3289 1955 Si
3314 1903 3483 1972 quasi
3542 1920 3660 1974 rex,

2018 1989 2246 2043 videtur
2267 1987 2419 2042 sicut
2451 1986 2628 2041 Isaias
2663 2004 2675 2053 ;
2717 1986 2834 2041 Vidi
2861 1987 3152 2042 Dominum
3179 1989 3447 2045 sedentem
3501 2009 3666 2064 super

2019 2078 2278 2132 thronum
2305 2075 2576 2131 excelsum
2603 2079 2655 2128 et
2684 2076 2953 2129 eleuatum
2982 2076 3110 2146 (Isa.
3144 2095 3218 2144 v1,
3254 2079 3328 2147 1).
3363 2079 3444 2133 Ibi
3494 2081 3665 2150 quasi

2021 2183 2117 2221 rex
2147 2180 2399 2234 regnans
2428 2163 2745 2217 inducitur.
2779 2163 3017 2225 Quando
3075 2181 3209 2219 vero
3270 2167 3438 2237 quasi
3480 2168 3665 2238 judex

2023 2253 2322 2308 inducitur
2354 2271 2366 2307 :
2394 2251 2587 2306 throni
2621 2252 2791 2322 positi
2825 2255 2984 2318 sunt,
3016 2257 3074 2306 et
3105 2253 3237 2308 libri
3273 2257 3456 2326 aperti
3501 2262 3662 2326 sunt,

2025 2343 2168 2396 utin
2200 2341 2436 2396 Dauiele
2466 2341 2751 2411 scriptum
2784 2345 2911 2395 est:
2943 2340 3090 2405 Quid
3151 2342 3366 2398 dicitur
3387 2344 3414 2398 ?
3467 2345 3666 2401 Throm'

2019 2433 2190 2502 positi
2211 2434 2356 2496 sunt,
2382 2437 2430 2484 et
2459 2430 2602 2484 libri
2629 2431 2809 2500 aperti
2852 2436 2986 2484 sunt
3038 2431 3203 2502 (Dan.
3266 2450 3362 2503 vn,
3417 2435 3473 2498 9,
3527 2436 3661 2506 10):

2022 2520 2131 2574 hoc
2163 2519 2563 2585 est,Dominus
2587 2518 2755 2589 quasi
2778 2519 2960 2588 judex
2991 2535 3287 2590 sessurus,
3310 2527 3368 2576 et
3397 2524 3664 2579 omnium

2023 2624 2198 2679 opera
2229 2607 2568 2663 relecturus.
2601 2606 2757 2661 Libri
2789 2607 2889 2678 qui
2922 2609 3093 2663 modo
3144 2611 3472 2682 complicati
3531 2618 3671 2668 sunt

2023 2701 2163 2751 tunc
2194 2697 2544 2767 aperientur.
2578 2695 2761 2750 Omne
2792 2697 2946 2768 quod
2976 2697 3244 2765 facimus,
3276 2701 3430 2769 quod
3479 2700 3670 2773 loqui-

2025 2803 2178 2854 mur,
2212 2786 2364 2857 quod
2398 2785 2743 2856 cogitamus,
2769 2787 2944 2840 etiam
2970 2786 3040 2840 de
3069 2787 3252 2842 otioso
3283 2790 3456 2844 verbo
3477 2791 3670 2846 reddi-

2027 2875 2144 2931 turi
2179 2891 2387 2930 sumus
2419 2875 2724 2929 rationem.
2746 2874 3040 2945 Scriptum
3086 2880 3174 2930 est
3204 2876 3263 2930 in
3320 2875 3485 2932 libris
3541 2879 3666 2934 Dei.

2033 2965 2198 3019 Putat
2229 2962 2442 3034 aliquis
2474 2963 2654 3018 libros
2685 2979 2814 3019 esse
2849 2963 2906 3018 in
2963 2963 3128 3030 ccelo,
3190 2965 3288 3020 ubi
3333 2967 3671 3024 scribuntur

2031 3057 2267 3124 peccata
2299 3055 2534 3106 nostra:
2572 3053 2684 3123 Ego
2732 3051 2911 3108 libros
2970 3059 3111 3124 puto
3143 3055 3528 3112 conscientias
3568 3075 3670 3113 no-

269 3145 438 3202 rexit.
478 3167 506 3195 «
537 3146 604 3200 Et
629 3143 842 3200 cibavit
871 3142 1000 3197 illos
1033 3159 1100 3196 ex
1126 3141 1293 3212 adipe
1361 3142 1659 3196 frumenti.
1721 3140 1919 3196 Videte
1950 3125 1992 3190 C
2034 3147 2205 3205 stras,
2239 3157 2364 3210 quin
2396 3143 2535 3194 tunc
2565 3141 2918 3211 aperientur,
2949 3147 3007 3197 et
3028 3142 3675 3218 videbitunusquisque

268 3233 619 3307 mysterium
647 3232 1078 3303 Scripturarum
1109 3247 1122 3284 :
1158 3252 1185 3279 «
1219 3229 1299 3282 Ex
1329 3229 1497 3300 adipe
1554 3229 1855 3284 frumenti.
1890 3251 1916 3278 »

267 3325 661 3379 Frumentum
693 3321 895 3392 adipes
926 3319 1100 3373 habet
1133 3335 1146 3372 :
1185 3318 1474 3389 numquid
1526 3322 1584 3372 et
1640 3317 1923 3371 intestina

264 3411 537 3468 habuit?
605 3410 716 3465 Sed
773 3407 958 3464 voluit
1008 3407 1338 3479 largitatem
1388 3411 1444 3461 et
1503 3405 1920 3478 pinguedinem

265 3501 473 3574 gratia:
505 3498 829 3572 spiritualis
861 3497 1187 3564 ostendere,
1218 3500 1275 3550 et
1308 3495 1435 3550 ideo
1478 3495 1678 3566 adipes
1731 3493 1918 3549 nomi-

266 3590 455 3645 navit.
493 3589 610 3643 «Et
638 3589 709 3642 de
741 3592 903 3658 petra
957 3584 1126 3640 melle
1185 3585 1466 3639 saturavit
1523 3601 1639 3638 eos.
1703 3606 1730 3633 »
1795 3584 1922 3654 Ipse

268 3679 638 3733 frumentum
671 3682 791 3742 est;
825 3676 950 3746 ipse
973 3679 1135 3746 petra
1161 3677 1267 3743 est,
1303 3673 1402 3744 qui
1426 3673 1708 3744 p0pulum
1743 3671 1920 3727 Israel

270 3767 510 3822 satiavit
536 3781 690 3836 aqua
741 3766 799 3818 in
859 3765 1106 3828 deserto,
1166 3761 1556 3832 Spiritualiter
1614 3760 1805 3827 melle,
1866 3766 1923 3815 et

270 3873 392 3911 non
421 3870 574 3925 aqua
605 3853 888 3907 saturavit
916 3868 1071 3917 eum,
1105 3856 1169 3904 ut
1197 3849 1528 3920 quicunque
1549 3849 1926 3904 crediderunt

273 3952 332 3998 et
353 3946 705 4013 acceperunt
734 3938 1073 4010 cibum,mel
1105 3938 1363 3993 sentiant
1393 3938 1452 3991 in
1484 3955 1581 3992 ore
1611 3939 1922 4006 suo.Quam

271 4032 472 4088 dulcia
499 4031 756 4101 faucibus
777 4031 910 4084 meis
935 4029 1150 4098 eloquia
1178 4030 1296 4097 tua,
1328 4043 1494 4097 super
1511 4028 1617 4081 mel
1647 4033 1700 4081 et
1730 4027 1924 4100 favum

271 4123 361 4176 ori
391 4136 508 4175 meo
542 4117 934 4193 (Psal.cxvm)!
975 4117 1228 4188 Denique
1268 4119 1324 4172 et
1378 4117 1663 4172 Dominus
1727 4122 1925 4172 noster

271 4215 408 4280 post
466 4207 952 4264 resurrectionem
1029 4210 1330 4277 propterea
1393 4205 1587 4260 favum
1673 4205 1926 4260 comedit

272 4300 424 4368 (Luc.
457 4314 610 4365 xxrv,
646 4296 757 4367 43),
791 4299 848 4350 et
877 4295 948 4349 de
994 4300 1160 4365 petra
1214 4294 1385 4349 melle
1444 4299 1746 4350 saturatus
1813 4299 1921 4350 est.

270 4387 422 4460 Ergo
454 4402 578 4442 rem
610 4385 737 4439 dico
770 4399 976 4438 novam
1012 4400 1024 4438 :
1059 4388 1193 4453 Ipsa
1221 4388 1385 4452 petra
1417 4383 1529 4438 mel
1557 4384 1829 4452 comedit,
1860 4388 1924 4438 ut

272 4476 446 4531 nobis
473 4473 589 4529 mel
621 4473 918 4536 tribueret,
951 4475 1007 4525 et
1036 4471 1495 4541 dulcedinem,ut
1525 4473 1625 4542 qui
1657 4473 1716 4526 in
1775 4474 1924 4544 Lege
1955 4497 2000 4560 Β

271 4564 546 4620 biberant
576 4561 908 4635 myrrham,
929 4560 1036 4615 hoc
1067 4564 1157 4614 est
1185 4560 1638 4614 amaritudinem
1675 4576 1686 4615 :
1724 4566 1924 4631 postea

271 4651 329 4705 in
361 4650 677 4723 Evangelia
709 4649 1021 4704 comedant
1045 4646 1157 4702 mel
1190 4647 1500 4719 Evangelii,
1535 4648 1626 4702 cui
1652 4653 1741 4703 est
1799 4648 1920 4719 glo-

273 4740 360 4795 ria
382 4741 440 4795 in
471 4738 690 4796 saecula
720 4739 1090 4802 saeculorum,
1125 4738 1321 4791 Amen.

790 4862 1112 4918 PSALMUS
1171 4860 1407 4915 LXXXI.

275 4952 536 5009 Psalmus
562 4953 760 5023 Asaph.
789 4953 898 5008 Iste
922 4951 1186 5022 psalmus
1207 4949 1494 5023 hortatur,
1554 4956 1618 5004 ut
1674 4949 1722 5005 si
1757 4951 1918 5006 volu-

349 5041 482 5081 mus
522 5021 836 5096 Dominum
894 5021 1156 5096 habitare
1201 5021 1526 5088 nobiscum,
1569 5039 1636 5076 ea
1691 5039 1924 5096 semper

348 5113 474 5166 quae
503 5095 587 5149 illi
621 5104 759 5151 sunt
781 5093 1013 5167 placita,
1039 5093 1344 5148 faciamus.

350 5205 376 5233 «
412 5185 568 5240 Deus
602 5184 761 5240 stetit
789 5184 848 5238 in
881 5198 1178 5256 synagoga
1209 5182 1474 5237 deorum.
1512 5204 1540 5230 »
1575 5182 1754 5238 Multa
1785 5190 1923 5239 sunt

281 5271 598 5329 schemata.
652 5273 1004 5344 Frequenter
1063 5271 1217 5325 enim
1271 5270 1563 5338 sedemus,
1626 5271 1918 5327 interdum

283 5362 828 5429 stamus,interdum
855 5360 1441 5432 jacemus,interdum
1478 5360 1794 5426 currimus,
1830 5362 1921 5416 in-

282 5450 510 5507 terdum
534 5449 1015 5522 ambulamus,ita
1044 5454 1100 5504 et
1128 5449 1280 5504 Deus
1313 5449 1662 5504 describitur
1693 5468 1794 5522 pro
1824 5468 1920 5507 va-

283 5536 481 5597 rietate
511 5540 838 5614 hominum,
865 5543 922 5596 et
949 5543 1138 5596 status
1188 5537 1377 5613 ipsius
1417 5539 1685 5598 diversus
1749 5540 1918 5598 indu-

2032 3229 2186 3299 quod
2220 3229 2373 3283 fecit.
2411 3227 2500 3284 Nil
2532 3229 2820 3284 occultum
2848 3231 3001 3301 quod
3027 3248 3141 3286 non
3166 3232 3674 3292 revelabitur.Pro-

2032 3322 2230 3388 pterea
2261 3317 2453 3371 throni
2479 3317 2652 3388 positi
2676 3319 3041 3389 sunt,etlibri
3066 3321 3248 3392 aperti
3283 3326 3677 3390 sunt.Quanta

2032 3407 2250 3477 scripta
2280 3411 2420 3462 sunt
2449 3405 2508 3460 in
2537 3404 2686 3460 libro
2707 3422 2854 3473 meo,
2887 3412 3025 3464 etne
3056 3409 3220 3464 fratri
3253 3412 3488 3482 quidem
3522 3430 3674 3481 meo,

2032 3512 2220 3566 neque
2245 3495 2432 3550 amico
2451 3511 2576 3550 meo
2595 3495 2778 3550 audeo
2801 3497 3295 3554 conﬁteri.Sciunt
3311 3500 3503 3572 angeli
3534 3502 3674 3573 quid

2034 3583 2490 3648 fecerim,sciunt
2519 3583 2964 3648 Throni,sciunt
2985 3586 3290 3659 Seraphim
3323 3589 3455 3655 ;scit
3487 3590 3673 3662 Pater,

2032 3676 2087 3727 et
2111 3671 2374 3738 Filius,et
2403 3670 2656 3742 Spiritus
2677 3677 2937 3729 sanctus.
2966 3673 3228 3730 Diximus
3259 3677 3329 3731 de
3350 3681 3486 3744 Deo,
3520 3679 3674 3749 quod

2033 3759 2163 3815 aliis
2195 3759 2466 3828 stet,aliis
2488 3759 2905 3828 ambulet,aliis
2932 3779 3062 3817 vero
3111 3765 3336 3820 sedeat:
3364 3770 3466 3821 aut
3503 3768 3672 3838 quasi

2034 3866 2150 3915 rex,
2187 3854 2285 3903 aut
2313 3849 2483 3920 quasi
2506 3849 2688 3920 judex
2717 3868 2730 3916 ;
2763 3850 2893 3906 aliis
2924 3868 3056 3906 vero
3087 3853 3319 3910 dormit.
3353 3856 3407 3908 Si
3442 3858 3676 3926 quando

2035 3956 2140 3993 nos
2171 3936 2523 4010 derelinquit
2555 3939 2995 4006 tentationibus,
3027 3941 3160 3996 licet
3189 3943 3376 3996 simus
3435 3946 3620 3998 sancti
3657 3960 3670 3999 :

2036 4032 2229 4082 tamen
2263 4027 2650 4098 relinquimur
2680 4029 3101 4084 tentationibus
3125 4035 3187 4085 ut
3217 4031 3532 4101 probemur
3559 4049 3571 4086 :
3607 4049 3674 4087 eo

2033 4121 2292 4189 tempore
2323 4116 2494 4172 nobis
2515 4117 3054 4172 dormitDominus.
3090 4118 3351 4188 Denique
3381 4120 3676 4190 quiddicit

2034 4206 2380 4261 Psalmista:
2412 4208 2678 4274 Exsurge,
2713 4206 2903 4278 utquid
2931 4206 3212 4273 dormitas,
3247 4209 3471 4264 Domine
3500 4210 3673 4282 (Psal.

2032 4313 2188 4366 XLIII,
2221 4295 2311 4364 23)
2342 4295 2369 4348 τί
2400 4295 2465 4348 Et
2497 4292 2770 4364 apostoli,
2800 4295 3034 4363 quando
3067 4299 3232 4350 erant
3287 4295 3346 4350 in
3407 4299 3561 4369 navi,
3618 4305 3676 4355 et

2036 4384 2200 4438 navis
2232 4382 2509 4437 ﬂuctibus
2542 4381 2920 4451 tundcbatur,
2955 4381 3285 4440 dormiebat
3327 4385 3412 4440 eis
3473 4387 3676 4442 Domi-

2035 4488 2166 4527 nus.
2207 4470 2510 4542 Propterca
2537 4471 2693 4526 enim
2753 4471 2914 4525 navis
2963 4471 3238 4528 ﬂuctibus
3281 4476 3663 4532 tundebatur.

2033 4559 2295 4630 Denique
2325 4560 2580 4615 excitant
2608 4576 2764 4628 eum,
2797 4564 2854 4615 et
2883 4561 3134 4633 evigilat,
3165 4566 3222 4617 et
3278 4563 3477 4618 statim
3526 4567 3671 4619 tem-

2033 4653 2226 4722 pestas
2258 4648 2507 4720 quiescit
2537 4650 2729 4720 (Marc.
2767 4668 2841 4717 1v,
2873 4651 3082 4718 57-39).
3115 4651 3379 4707 Diximus
3408 4653 3480 4706 de
3537 4669 3676 4724 qua-

2031 4743 2164 4793 tuor
2195 4737 2595 4792 schematibus
2628 4741 2720 4793 Dei
2759 4739 2937 4810 :quia
2963 4739 3092 4796 aliis
3123 4744 3256 4809 stet,
3294 4740 3424 4796 aliis
3471 4743 3676 4797 ambu-

2032 4827 2132 4894 let,
2163 4826 2293 4881 aliis
2326 4827 2607 4893 sedeat,et
2636 4827 2765 4883 aliis
2796 4828 2965 4899 quasi
2990 4829 3247 4884 dormiat
3285 4848 3297 4885 :
3350 4829 3481 4885 aliis
3540 4848 3672 4887 vero

2031 4915 2262 4985 evigilat
2293 4919 2349 4970 et
2377 4916 2695 4987 consurgit.
2729 4941 2756 4966 ‹‹
2787 4918 2934 4973 Deus
2955 4918 3114 4973 stetit
3142 4919 3200 4973 in
3230 4936 3525 4992 synagoga
3545 4921 3675 4976 deo-

2033 5021 2185 5060 rum.
2219 5004 2245 5054 '»
2281 5005 2427 5072 Quia
2457 5005 2536 5060 dii
2565 5011 3064 5078 erant,propterea
3091 5008 3285 5062 stabat
3313 5010 3364 5064 ei
3394 5009 3570 5065 Deus.
3606 5010 3670 5067 In

2032 5111 2145 5165 qua
2175 5110 2469 5166 synagoga
2500 5099 2715 5164 nostra,
2749 5097 2975 5151 diversa
2995 5096 3148 5152 Deus
3179 5096 3351 5153 habet
3372 5098 3672 5156 schemata

2033 5183 2161 5238 aliis
2192 5188 2328 5251 stat,
2363 5183 2495 5237 aliis
2521 5184 2704 5254 sedet,
2746 5184 2875 5240 aliis
2933 5186 3218 5252 ambulat,
3250 5187 3380 5243 aliis
3428 5188 3665 5247 dormit.

2031 5274 2174 5328 Cum
2209 5273 2333 5343 ipse
2364 5272 2440 5327 sit
2472 5272 2988 5345 immutabilis,pro
3022 5280 3221 5330 nostra
3243 5276 3516 5333 varietate
3539 5295 3668 5334 mu-

2032 5365 2211 5416 tatur.
2254 5359 2394 5416 Vide
2425 5360 2681 5416 hominis
2719 5361 3085 5433 dignitatem.
3125 5386 3152 5413 «
3183 5365 3336 5421 Deus
3395 5368 3554 5422 stetit
3611 5368 3671 5424 in

2032 5466 2326 5523 synagoga
2355 5451 2615 5506 deorum.
2655 5474 2674 5499 »
2708 5451 2974 5525 Largitur
3004 5454 3173 5509 nobis
3207 5471 3436 5526 nomen,
3461 5459 3525 5510 ut
3554 5455 3670 5512 lar-

2031 5540 2226 5613 giatur
2254 5543 2310 5596 et
2341 5539 2637 5596 meritum.
2671 5564 2698 5592 «
2736 5541 2797 5600 In
2831 5541 3020 5601 medio
3050 5547 3246 5602 autem
3268 5545 3408 5602 deos
3448 5543 3668 5622 dijudi-
