3976 6188
301 271 455 329 1127

1798 248 2220 315 APPENDIX.

3554 261 3711 324 1128

290 402 406 456 cat.
441 421 462 449 ι
501 395 675 460 Quasi
699 395 1016 464 imperator
1036 391 1094 445 in
1119 389 1308 445 medio
1329 388 1612 444 exercitus
1638 387 1943 458 dijudicat.
1979 400 2031 465 Α
2062 391 2366 447 concussio
2397 397 2630 463 propter
2662 391 2846 448 malos
2878 391 3170 466 principes
3200 395 3378 449 venit.
3430 395 3712 452 Dicamus

284 490 448 544 vDeus
470 487 609 540 deos
641 482 943 553 dijudicat.
981 480 1092 535 Res
1134 475 1550 543 lormidabilis,
1585 493 1675 532 res
1709 477 1949 531 terroris

296 574 560 649 plena.Si
593 574 731 627 deos
763 570 1066 640 dijudicat,
1097 569 1180 624 de
1218 570 1517 639 peccatore
1563 565 1704 637 quid
1758 565 1894 620 facit
1923 564 1950 618 ‘?

296 672 450 719 Duos
480 664 625 717 istos
654 658 972 715 versiculos
1017 657 1182 728 quasi
1244 655 1526 728 propheta
1587 653 1778 720 dixit;
1840 654 1950 708 hoc

295 769 429 808 vero
460 750 615 822 quod
647 746 915 819 sequitur
938 764 950 800 :

373 861 395 889 α
431 835 1047 910 Usquequojudicatis
1078 832 1451 904 iniquitatem
1481 831 1509 885 ?
1545 854 1564 880 ι
1599 831 1731 903 Ipse
1791 831 1950 886 Deus

296 930 559 1001 loquitur
587 927 659 981 ad
685 925 935 995 judices,
978 923 1086 977 hoc
1115 927 1204 976 est
1244 922 1313 975 ad
1366 920 1656 991 principes
1715 917 1940 991 populi.

295 1016 634 1090 Specialiter
656 1014 754 1070 isti
785 1011 1056 1067 versiculi
1088 1010 1188 1082 qui
1220 1014 1570 1082 sequuntur,
1605 1008 1675 1064 ad
1721 1007 1950 1078 judices

297 1109 591 1163 dicuntur.
624 1103 683 1160 Si
732 1102 927 1158 saeculi
978 1101 1233 1172 judices,
1293 1099 1670 1154 manifestum
1731 1101 1836 1152 est.
1889 1097 1947 1151 Si

295 1213 427 1252 vero
459 1193 728 1249 Ecclesiae
760 1192 1010 1262 judices,
1072 1189 1142 1243 de
1198 1187 1488 1260 episcopis
1545 1185 1951 1256 intelligamus

263 1265 470 1356 latque
502 1279 876 1356 presbyteris.
914 1301 934 1327 α
975 1279 1288 1349 Usquequo
1338 1275 1621 1345 judicatis
1667 1273 1949 1345 iniquita-

297 1381 414 1428 tem
437 1373 464 1427 ‘I
498 1394 526 1422 »
555 1371 662 1434 Qui
688 1368 916 1441 judicat
943 1366 1338 1437 iniquitatem,
1385 1364 1566 1432 judex
1622 1363 1952 1433 iniquitatis

295 1467 402 1518 est.
441 1461 538 1517 Ille
561 1459 887 1528 eratjudex
925 1453 1282 1525 iniquitatis,
1339 1452 1409 1506 de
1465 1468 1581 1521 quo
1638 1451 1854 1505 dicitur
1892 1451 1951 1505 in

294 1550 606 1622 Evangelio
641 1564 654 1603 :
688 1549 784 1617 qui
814 1545 1101 1600 Dominum
1132 1558 1242 1596 non
1264 1542 1512 1606 timebat,
1573 1550 1624 1594 et
1679 1541 1952 1594 hominem

292 1657 399 1696 non
431 1637 778 1694 reverebatur
835 1634 983 1704 (Luc.
1020 1647 1180 1696 xvm,
1223 1629 1302 1699 2).
1347 1652 1373 1678 ‹‹
1440 1627 1754 1699 Usquequo
1791 1626 1951 1698 judi-

302 1729 447 1784 catis
476 1725 848 1796 iniquitatem
880 1721 908 1776 ‘I
943 1719 1114 1774 nDedi
1139 1719 1303 1772 vobis
1335 1721 1680 1788 potestatem
1714 1716 1772 1771 in
1820 1733 1948 1788 gre-

303 1831 433 1887 gem
469 1829 687 1882 meum,
721 1816 776 1865 et
814 1813 872 1864 in
919 1807 1199 1880 populum
1256 1807 1349 1860 Dei
1385 1822 1398 1860 :
1450 1806 1674 1860 debetis
1725 1806 1954 1876 judices

294 1920 442 1967 esse,
475 1908 533 1958 et
559 1918 673 1956 non
709 1900 850 1971 lupi.
886 1922 912 1948 ‹‹
940 1899 1009 1952 Et
1051 1897 1228 1951 facies
1263 1899 1632 1967 peccatorum
1695 1893 1950 1949 sumitis.

294 1991 559 2046 Judicate
584 2005 765 2062 egeuo
795 1993 854 2043 et
884 1985 1132 2059 pupillo,
1183 1983 1468 2040 humilem
1519 1988 1576 2038 et
1635 1999 1952 2055 pauperem

285 2082 622 2152 justiﬁcate.
659 2078 873 2150 Eripite
904 2091 1240 2147 pauperem,
1291 2077 1348 2128 et
1413 2089 1688 2139 egenum,
1758 2095 1778 2120 ι»
1843 2076 1950 2132 etc.

293 2171 536 2234 Quando
559 2169 781 2224 venerit
810 2167 881 2221 ad
916 2183 1014 2220 vos
1039 2164 1355 2234 judicium,
1404 2180 1518 2218 non
1567 2161 1955 2217 consideratis

293 2276 555 2326 causam,
589 2274 703 2313 non
737 2254 1122 2311 consideratis
1148 2252 1463 2324 judicium,
1517 2252 1617 2306 sed
1672 2267 1955 2322 personas

294 2364 495 2403 eorum
529 2348 625 2418 qui
652 2347 871 2400 tabent
903 2359 1130 2397 causas.
1158 2349 1238 2394 Ac
1267 2341 1316 2394 si
1367 2341 1520 2394 dicat
1552 2356 1564 2392 :
1618 2339 1674 2392 Si
1734 2341 1958 2394 venerit

296 2452 539 2506 pauper,
572 2435 793 2488 habens
816 2434 1049 2502 justum
1086 2428 1406 2500 negotium,
1431 2432 1488 2482 et
1510 2430 1728 2482 venerit
1771 2428 1954 2508 dives,

297 2522 522 2578 habens
552 2521 771 2579 malum
806 2519 1105 2590 negotium
1141 2533 1279 2572 :vos
1312 2533 1622 2588 personam
1671 2515 1952 2588 aspicitis,

293 2628 412 2665 non
447 2610 764 2682 negotium.
799 2608 916 2662 Hoc
951 2606 1182 2661 interim
1244 2606 1567 2660 secundum
1631 2622 1809 2660 unam
1862 2607 1955 2660 in-

291 2698 793 2770 terpretationem.
828 2696 1110 2751 Caeterum
1145 2699 1232 2749 est
1280 2703 1334 2748 et
1384 2693 1498 2748 alia
1552 2693 1953 2766 interpretatio

277 2789 596 2844 sacratior.
630 2784 788 2842 Solet
814 2786 873 2839 in
905 2783 1148 2838 theatris
1210 2799 1363 2837 unus
1411 2783 1584 2836 homo
1625 2783 1956 2853 frequenter

295 2879 554 2932 diversas
586 2876 801 2930 habere
834 2889 1114 2946 personas
1147 2888 1160 2926 :
1196 2889 1352 2927 nunc
1381 2872 1709 2942 ingreditur
1739 2871 1796 2925 in
1832 2889 1956 2926 mu-

294 2965 519 3035 lierem,
553 2980 708 3020 nunc
737 2962 795 3018 in
825 2963 1036 3030 virum,
1072 2978 1227 3016 nunc
1258 2961 1316 3014 in
1369 2976 1581 3032 regem,
1628 2964 1684 3015 et
1742 2961 1840 3032 qui
1894 2961 1951 3014 in

299 3071 492 3126 regem
526 3057 910 3126 processerat,
942 3067 1174 3106 rursum
1207 3049 1266 3104 in
1300 3066 1462 3104 servo
1495 3050 1776 3120 procedit.
1829 3049 1950 3104 Dixi

2059 481 2250 532 autem
2286 484 2342 534 et
2373 479 2541 536 aliter
2574 499 2586 536 :
2619 505 2647 530 «
2682 482 3070 538 Movebuntur
3095 483 3295 539 omnia
3325 484 3721 542 fundamenta

2058 571 2240 623 terrae.
2280 590 2306 616 »
2339 569 2456 642 Ego
2486 569 2671 626 malos
2694 571 3052 644 judices,qui
3086 572 3470 630 fundamenta
3502 592 3720 646 posue-

2063 661 2197 710 runt
2223 657 2280 710 in
2312 663 2548 729 terram,
2583 664 2638 714 et
2666 676 2780 714 non
2815 660 2873 714 in
2906 660 3139 731 coelum,
3173 662 3511 718 subvertam
3548 680 3561 718 :
3619 665 3727 737 qui

2061 745 2387 801 debuerunt
2419 748 2867 804 fundamentum
2900 749 3112 805 habere
3149 751 3480 818 Christum,
3541 769 3724 824 quem

2060 833 2255 903 posuit
2285 835 2638 892 architectus
2665 837 2882 892 Paulus
2915 843 3006 894 :et
3031 837 3371 906 noluerunt,
3393 839 3499 894 sed
3519 840 3591 894 in
3616 846 3729 897 ter-

2060 938 2183 976 ram
2218 931 2538 994 posuerunt
2568 925 2950 982 fundamenta
2981 943 3107 982 sua.

2134 1032 2163 1060 (ι
2191 1012 2307 1083 Ego
2331 1014 2469 1082 dixi,
2506 1014 2582 1068 dii
2616 1015 2843 1081 estis,et
2872 1014 2973 1069 filii
3008 1015 3224 1070 Excelsi
3259 1032 3495 1072 omnes.
3538 1039 3566 1066 ι·
3612 1023 3728 1073 Au-

2059 1098 2182 1154 diat
2213 1101 2554 1170 Eunomius,
2591 1105 2789 1159 audiat
2812 1104 3004 1170 Arius,
3029 1105 3128 1176 qui
3151 1105 3357 1160 dicunt
3386 1105 3611 1162 Filium
3628 1109 3730 1164 Dei

2062 1187 2333 1244 similiter
2361 1207 2489 1246 esse
2520 1191 2730 1258 filium,
2763 1198 2828 1246 ut
2855 1209 2960 1248 nos
3016 1209 3241 1249 sumus.
3276 1195 3441 1260 Quod
3475 1196 3560 1250 dii
3626 1214 3729 1251 su-

2061 1293 2215 1345 mus,
2249 1295 2361 1332 non
2393 1285 2482 1334 est
2529 1286 2766 1348 naturae,
2819 1282 2919 1337 sed
2976 1282 3195 1354 gratim.
3257 1284 3528 1354 Quotquot
3568 1287 3731 1340 enim

2059 1381 2187 1420 eum
2218 1378 2562 1437 receperunt,
2593 1370 2739 1424 dedit
2767 1373 2845 1425 eis
2900 1374 3213 1442 potestatem
3259 1373 3405 1442 ﬁlios
3437 1374 3542 1428 Dei
3598 1375 3734 1442 ﬁeri

2059 1457 2249 1521 (Joan.
2285 1473 2323 1519 ι,
2359 1457 2465 1528 12).
2504 1457 2810 1529 Pr0pterea
2840 1459 2946 1514 feci
2978 1459 3296 1530 hominem,
3332 1465 3398 1515 ut
3417 1461 3494 1516 de
3526 1461 3731 1516 hami-

2062 1543 2236 1598 nibus
2269 1544 2347 1598 dii
2381 1545 2540 1600 fiant.
2582 1567 2603 1593 α
2633 1548 2749 1619 Ego
2781 1547 2920 1615 dixi,
2955 1548 3035 1602 dii
3067 1547 3228 1617 estis,
3263 1553 3319 1603 et
3350 1549 3460 1604 ﬁlii
3494 1550 3735 1606 Excelsi

2060 1648 2285 1687 omnes.
2326 1657 2345 1681 α
2373 1635 2573 1690 Videte
2594 1640 2816 1707 quanta
2842 1638 2918 1691 sit
2939 1636 3218 1709 dignitas,
3249 1643 3306 1694 et
3330 1638 3410 1693 dii
3437 1655 3736 1696 vocamur

2061 1724 2117 1775 et
2150 1719 2396 1794 filii.Ego
2429 1723 2532 1778 feci
2569 1741 2667 1780 vos
2709 1726 2867 1790 deos,
2903 1725 3051 1780 sicut
3112 1725 3213 1782 feci
3275 1726 3514 1800 Moysen
3571 1729 3734 1784 Pha-

2064 1810 2259 1864 raonis
2291 1811 2462 1865 deum
2497 1813 2791 1882 (Exod.vn.
2832 1815 2880 1884 1)
2917 1831 2929 1868 :
2962 1818 3026 1869 ut
3079 1819 3392 1886 postquam
3453 1817 3536 1871 dii
3595 1818 3730 1874 fue-

2065 1896 2210 1966 ritis,
2246 1899 2407 1971 digni
2439 1901 2773 1956 efﬁciamini
2808 1902 3062 1958 filiimei.
3095 1903 3477 1960 Considerate
3522 1906 3730 1980 Scrip-

2064 1991 2295 2056 ptnram
2329 1988 2583 2044 divinam
2613 2007 2624 2044 :
2658 1992 2775 2046 Non
2803 1997 2882 2046 est
2907 2008 3270 2064 personarum
3296 1997 3542 2066 acceptio
3571 1996 3730 2067 apud

2069 2079 2238 2129 Deum
2267 2076 2507 2148 (Roma,
2571 2078 2677 2150 ll).
2729 2084 2852 2135 Non
2914 2079 3103 2135 dixit:
3169 2104 3197 2130 «
3249 2083 3366 2154 Ego
3427 2083 3571 2148 dixi,
3639 2086 3728 2140 dii

2067 2163 2228 2229 estis,
2264 2187 2292 2213 »
2324 2183 2486 2238 reges
2517 2172 2572 2222 et
2601 2168 3019 2240 principes,sed
3043 2187 3246 2226 omnes
3269 2171 3491 2244 quibus
3521 2189 3722 2246 aequa-

2065 2252 2198 2307 liter
2226 2269 2436 2327 corpus
2453 2256 2604 2322 dedi,
2638 2261 2696 2311 et
2745 2257 3024 2325 animam,
3057 2264 3112 2314 et
3142 2260 3415 2331 spiritum
3441 2279 3461 2314 :
3523 2279 3726 2334 aequa-

2066 2340 2198 2396 liter
2243 2344 2449 2398 donavi
2496 2349 2552 2399 et
2612 2346 2885 2402 deitatem
2936 2351 2994 2402 et
3051 2348 3442 2420 adoptionem.
3507 2355 3730 2424 Equa-

2068 2429 2198 2485 liter
2236 2447 2439 2488 omnes
2471 2434 2788 2507 nascimur,
2821 2439 2876 2490 et
2912 2435 3315 2508 imperatores,
3381 2445 3437 2494 et
3498 2457 3728 2512 paupe-

2068 2535 2194 2574 res:
2222 2521 2518 2592 aequaliter
2548 2528 2604 2577 et
2636 2525 2940 2579 morimur.
2987 2525 3248 2597 quualis
3307 2527 3460 2582 enim
3513 2530 3726 2584 condi-

2064 2608 2144 2662 tio
2177 2614 2282 2663 est.

2139 2719 2165 2746 ‹‹
2199 2700 2313 2751 Vos
2344 2702 2537 2753 autem
2571 2700 2722 2754 sicut
2739 2700 3005 2758 homines
3040 2703 3392 2759 moriemini.
3429 2728 3458 2753 ››
3496 2705 3727 2762 Videtis

2063 2801 2196 2857 ergo
2231 2785 2506 2856 quoniam
2535 2789 2634 2859 qui
2668 2788 2840 2844 homo
2867 2796 2974 2858 est,
3032 2793 3299 2848 moritur.
3351 2793 3509 2849 Deus
3559 2796 3728 2850 enim

2063 2889 2173 2928 non
2206 2875 2466 2929 moritur.
2515 2881 2580 2930 Et
2624 2878 2807 2932 Adam
2868 2879 3128 2950 quandiu
3182 2881 3449 2936 servabat
3505 2899 3730 2954 prece-

2062 2966 2250 3032 ptum,
2273 2968 2329 3018 et
2349 2964 2493 3020 deus
2524 2965 2773 3034 fuit,non
2808 2973 3077 3022 mortuus
3107 2972 3214 3024 est.
3240 2969 3562 3043 Postquam
3584 2989 3728 3028 vero

2061 3055 2318 3124 gustavit
2347 3055 2417 3109 de
2449 3056 2652 3111 arbore
2681 3056 2905 3123 illicita,
2939 3058 3136 3113 statim
3159 3065 3430 3115 mortuus
3458 3065 3571 3115 est.
3613 3062 3727 3116 De-

294 3143 645 3214 exemplum,
679 3147 740 3198 ut
770 3143 840 3196 de
872 3140 1089 3196 carnali
1113 3139 1308 3194 venire
1339 3139 1636 3211 possimus
1663 3140 1732 3193 ad
1775 3138 1946 3210 spiri-
1979 3131 2021 3197 C
2063 3142 2237 3213 nique
2268 3143 2408 3198 dicit
2429 3145 2476 3198 ei
2516 3150 2660 3199 Deus
2695 3162 2708 3200 ε
2739 3148 2798 3200 In
2839 3163 3166 3218 quacunque
3219 3148 3310 3204 die
3364 3154 3720 3219 gustaveris,

291 3231 468 3286 tuale.
513 3233 581 3286 Et
612 3247 716 3286 nos
747 3230 1007 3284 diversas
1031 3244 1309 3300 personas
1340 3226 1680 3298 accipimus.
1706 3227 1946 3292 Quando

292 3320 447 3376 enim
483 3320 1039 3390 irascor,personam
1072 3316 1257 3371 leonis
1279 3331 1538 3370 assumo.
1582 3315 1823 3378 Quando
1855 3331 1945 3370 res

292 3409 511 3464 alienas
547 3406 871 3480 rapio,lupi
901 3422 1213 3478 personam
1236 3420 1496 3460 assumo.
1530 3404 1769 3467 Quando
1810 3419 1944 3458 vero

291 3497 544 3553 crudelis
575 3513 707 3552 sum
739 3501 795 3550 et
827 3495 1134 3559 interﬁcio,
1181 3508 1418 3549 assumo
1450 3508 1760 3563 personam
1808 3508 1944 3546 cru-

292 3585 459 3640 delis.
492 3585 600 3639 Sed
633 3585 928 3655 quomodo
963 3584 1059 3654 qui
1095 3587 1234 3637 sunt
1266 3587 1620 3654 peccatores,
1657 3581 1714 3635 in
1751 3597 1945 3652 pecca-

292 3674 368 3727 tis
395 3673 615 3727 habent
662 3673 923 3727 diversas
974 3687 1276 3742 personas,
1325 3670 1408 3726 sic
1461 3670 1782 3725 econtrario
1842 3671 1941 3740 qui

293 3759 478 3815 sancti
502 3764 660 3830 sunt,
695 3760 911 3815 habent
943 3765 999 3815 et
1032 3760 1140 3831 ipsi
1173 3760 1432 3814 diversas
1477 3777 1776 3831 personas,
1838 3760 1939 3814 sed

292 3849 348 3904 in
380 3850 553 3904 bono.
595 3850 836 3914 Quando
868 3848 1294 3920 elecmosynam
1321 3856 1324 3860 ί
1351 3849 1515 3914 facio,
1572 3848 1752 3903 habeo
1811 3866 1939 3920 per-

293 3953 496 3993 sonam
529 3939 696 4010 quasi
728 3936 1050 3992 clementis.
1077 3936 1316 3998 Quando
1348 3953 1479 3990 vero
1519 3937 1664 3991 bene
1714 3938 1938 4008 judico,

291 4025 476 4082 habeo
507 4043 814 4098 personam
841 4025 976 4081 boni
1001 4025 1242 4097 judicis.
1309 4025 1550 4087 Quando
1599 4042 1729 4080 vero
1787 4026 1940 4097 inju-

291 4115 438 4170 riam
497 4116 702 4187 patior,
763 4120 820 4171 et
877 4114 1119 4170 humilis
1168 4130 1320 4183 sum,
1379 4113 1561 4168 habeo
1633 4131 1939 4185 personam

289 4202 553 4259 humilis.
587 4204 792 4260 Infelix
817 4209 924 4270 est,
959 4203 1058 4274 qui
1092 4201 1289 4274 plures
1318 4203 1376 4256 in
1409 4201 1562 4257 malo
1595 4203 1770 4258 habet
1813 4221 1940 4276 per-

292 4307 485 4346 sonas.
520 4291 675 4347 Felix
704 4299 815 4362 est,
847 4294 945 4365 qui
988 4290 1248 4348 diversas
1311 4308 1588 4362 personas
1649 4291 1824 4348 habet
1882 4293 1940 4348 in

290 4381 469 4435 bono.

2055 3235 2228 3286 morte
2257 3234 2509 3287 morieris
2541 3234 2692 3304 (Gen.
2725 3252 2783 3300 Il,
2813 3238 2866 3301 6,
2903 3237 3010 3306 17).
3047 3235 3256 3292 Melius
3297 3236 3474 3292 habet
3516 3239 3578 3294 in
3604 3239 3726 3295 He-

2056 3319 2237 3374 braeo:
2276 3342 2303 3370 ‹‹
2335 3319 2450 3376 Vos
2481 3326 2678 3376 autem
2709 3323 2863 3377 sicut
2894 3324 3079 3378 Adam
3114 3323 3509 3380 moriemini.»
3555 3327 3728 3382 Sicut

2055 3407 2150 3463 ille
2177 3410 2397 3479 ejectus
2427 3414 2516 3464 est
2546 3411 2614 3465 de
2639 3412 2932 3482 paradiso,
2968 3412 3051 3467 sic
3111 3418 3168 3468 et
3225 3429 3330 3468 nos
3388 3415 3561 3484 ejecti
3614 3431 3726 3470 su-

2056 3514 2211 3551 mus.
2251 3521 2270 3547 σ
2323 3500 2388 3552 Et
2441 3499 2592 3553 sicut
2643 3517 2795 3555 unus
2855 3501 2924 3556 de
2976 3501 3340 3573 principibus
3401 3503 3652 3559 cadetis.
3693 3527 3722 3553 ιο

2055 3587 2338 3652 Quoniam
2379 3587 2644 3642 dixerat:
2697 3612 2725 3638 ‹‹
2783 3588 2912 3644 Filii
2973 3590 3194 3646 Excelsi
3243 3608 3468 3658 omnes,
3506 3614 3534 3641 ι»
3596 3610 3722 3648 non

2055 3679 2244 3746 potest
2276 3674 2431 3730 filius
2452 3692 2578 3731 esse
2610 3677 2851 3744 Excelsi,
2887 3679 2999 3734 nisi
3031 3679 3231 3750 etipse
3260 3679 3529 3737 excelsus
3589 3681 3721 3738 fue-

2054 3764 2147 3819 rit.
2186 3765 2296 3837 Ego
2319 3763 2460 3832 dixi,
2493 3769 2556 3834 ut
2608 3783 2811 3821 omnes
2858 3784 2960 3822 vos
3019 3767 3228 3823 excelsi
3287 3769 3439 3834 sitis,
3493 3775 3559 3824 ut
3605 3786 3722 3842 ego

2054 3853 2313 3908 excelsus
2342 3870 2493 3908 sum.
2527 3876 2556 3903 ‹‹
2591 3855 2703 3910 Vos
2733 3871 2866 3910 vero
2888 3856 3041 3912 sicut
3072 3875 3224 3913 unus
3247 3859 3318 3912 de
3342 3859 3720 3929 principibus

2053 3942 2293 3998 cadetis.
2330 3964 2356 3990 »
2391 3944 2672 4008 Quoniam
2703 3943 2911 4000 excelsi
2943 3961 3199 4013 eramus,
3244 3950 3555 4018 propterea
3619 3964 3719 4002 ce-

2052 4029 2263 4085 cidisse
2294 4029 2562 4085 dicimur.
2598 4031 2701 4086 Ubi
2737 4038 2876 4087 sunt
2906 4033 3006 4104 qui
3027 4034 3229 4088 dicunt
3251 4033 3722 4104 diabolum,dia-

2051 4117 2251 4172 bolum
2283 4134 2409 4173 esse
2443 4119 2659 4174 factum
2686 4119 2712 4173 ?
2748 4120 2856 4175 Ubi
2890 4125 3031 4176 sunt
3062 4121 3160 4193 qui
3219 4122 3426 4177 dicunt
3483 4122 3716 4179 malam

2052 4210 2320 4261 naturam
2353 4224 2385 4261 a
2414 4207 2527 4263 Deo
2559 4213 2815 4263 creatam
2849 4210 3231 4265 PSecundum
3264 4211 3577 4266 Hebraeum
3609 4213 3713 4268 hic

2050 4295 2164 4349 duo
2195 4295 2513 4350 dicuntur:
2551 4318 2579 4346 ι(
2611 4301 2726 4352 Vos
2785 4302 2980 4353 autem
3037 4299 3187 4354 sicut
3243 4300 3430 4355 Adam
3487 4301 3711 4357 morie-

2052 4383 2214 4438 mini.
2242 4404 2270 4432 »
2301 4383 2461 4438 Sicut
2491 4385 2658 4440 Pater
2679 4391 2868 4441 vester
2889 4385 3078 4442 noluit
3103 4387 3306 4442 audire
3337 4394 3710 4462 praeceptum

372 4469 773 4526 «Nescierunt
828 4486 1016 4543 neque
1065 4470 1496 4536 intellexerunt,
1557 4471 1613 4524 in
1685 4471 1939 4526 tenebris
1975 4497 2019 4561 Β
2053 4471 2304 4541 Domini,
2327 4477 2383 4528 et
2413 4474 2667 4529 cecidit:
2729 4475 2809 4529 ita
2866 4480 2924 4530 et
2977 4492 3081 4531 vos
3138 4477 3493 4533 moriemini.
3554 4478 3708 4551 Ergo

290 4557 613 4613 ambulant.
648 4581 676 4609 »
709 4559 820 4623 Qui
852 4560 878 4614 ?
910 4559 1309 4630 Malijudices.
1343 4560 1499 4622 Quos
1521 4575 1625 4630 ego
1655 4560 1795 4615 deos
1839 4577 1940 4614 vo-

291 4648 690 4713 cabam,vitio
713 4664 819 4703 suo
867 4647 1004 4702 mali
1055 4647 1330 4719 appellati
1391 4651 1549 4702 sunt.
1602 4646 1942 4702 Nescierunt

291 4753 403 4801 me,
439 4753 629 4808 neque
660 4736 1384 4806 intellexeruntjudicium
1418 4753 1648 4792 meum:
1683 4737 1741 4790 in
1777 4741 1941 4791 tene-

289 4826 413 4881 bris
459 4825 784 4881 ambulant.
848 4824 954 4889 Qui
1005 4824 1442 4894 dereliquerunt
1499 4823 1732 4879 lucem:
1802 4841 1940 4897 pro-

289 4919 485 4984 pterea
509 4914 565 4969 in
587 4913 844 4970 tenebris
865 4914 1186 4969 ambulant.
1225 4914 1338 4985 Ego
1368 4913 1486 4966 dixi
1519 4930 1530 4967 :
1573 4918 1672 4967 Vos
1694 4915 1822 4967 estis
1844 4913 1940 4968 tua:

289 5003 492 5057 mundi
517 5004 724 5074 (Matth.
757 5022 810 5075 v,
841 5005 949 5075 14),
975 5009 1033 5059 et
1072 5019 1170 5058 vos
1219 5001 1555 5057 declinastis
1587 5019 1618 5056 a
1672 5001 1819 5069 luce,
1882 5008 1940 5058 et

291 5090 460 5146 factis
489 5092 628 5147 estis
660 5094 930 5148 tenebrae.
958 5093 1104 5158 Quia
1132 5108 1267 5164 ergo
1299 5091 1407 5146 hoc
1439 5093 1717 5156 fecerunt,
1743 5091 1936 5146 videa-

291 5194 424 5234 mus
451 5179 590 5250 quid
646 5181 929 5253 sequitur.
967 5205 993 5231 «
1048 5181 1432 5236 Movebuntur
1482 5180 1680 5235 omnia
1727 5181 1934 5236 funda-

291 5272 487 5322 menta
516 5272 703 5324 terrae.
739 5292 766 5319 »
801 5270 1025 5336 Videte,
1057 5270 1350 5342 principes
1383 5269 1521 5324 mali
1552 5269 1780 5341 qualem
1835 5269 1935 5326 ha-

290 5357 430 5413 bent
461 5357 922 5414 retributionem.
960 5359 1198 5430 Propter
1227 5358 1414 5414 malos
1464 5359 1715 5430 judices,
1771 5365 1936 5414 terras

291 5446 674 5503 fundamenta
705 5447 1031 5520 patiuntur.
1081 5447 1200 5503 Hoc
1249 5447 1483 5504 interim
1533 5447 1790 5504 diximus
1819 5447 1936 5520 pri-

291 5552 454 5595 mum
487 5536 811 5594 secundum
869 5537 1168 5596 litteram:
1202 5538 1481 5613 quoniam
1540 5538 1721 5596 totius
1778 5537 1934 5598 orbis

2051 4560 2194 4616 illud
2227 4563 2296 4616 de
2325 4562 2508 4618 Adam
2541 4563 2763 4618 dictum
2797 4568 2906 4619 est.
2933 4563 3051 4620 Hoc
3109 4582 3243 4621 vero
3301 4568 3457 4637 quod
3516 4569 3714 4639 sequi-

2052 4654 2184 4706 tur:
2214 4671 2239 4702 α
2270 4651 2335 4704 Et
2364 4650 2516 4706 sicut
2539 4669 2690 4707 unus
2721 4653 2790 4708 de
2819 4653 3183 4725 principibus
3222 4655 3466 4721 cadetis,
3503 4678 3532 4703 η
3566 4657 3705 4728 quis

2051 4743 2135 4794 est
2169 4740 2277 4795 iste
2307 4756 2461 4795 unus
2496 4741 2567 4796 de
2595 4741 2961 4813 principibus
2991 4743 3090 4812 qui
3123 4743 3378 4799 cecidit?
3402 4745 3460 4800 Si
3506 4744 3709 4801 volue-

2052 4827 2134 4882 ris
2155 4828 2344 4882 dicere
2392 4828 2593 4897 Adam,
2644 4830 2770 4900 jam
2828 4830 2886 4884 in
2946 4831 3346 4902 superioribus
3399 4833 3710 4889 versiculis

2051 4916 2272 4970 dictum
2302 4920 2390 4971 est
2414 4933 2426 4972 :
2453 4939 2480 4966 «
2513 4916 2627 4972 Vos
2659 4921 2855 4973 autem
2887 4919 3043 4974 sicut
3072 4921 3254 4976 Adam
3281 4921 3640 4977 moriemini.
3676 4947 3705 4972 ιι

2050 5003 2358 5076 Simulque
2378 5004 2564 5061 videte
2587 5005 3040 5078 signiﬁcantiam
3066 5009 3222 5064 verbi
3258 5025 3270 5063 :
3307 5032 3327 5058 ι
3363 5009 3482 5067 Vos
3505 5016 3707 5068 autem

2050 5094 2202 5148 sicut
2231 5095 2413 5149 Adam
2448 5095 2800 5150 moriemini.
2835 5118 2861 5144 η
2893 5096 3181 5159 Quoniam
3213 5099 3399 5154 Adam
3433 5106 3704 5156 mortuus

2049 5188 2155 5251 est,
2187 5187 2244 5237 et
2265 5200 2372 5238 nos
2405 5184 2710 5239 morimur.
2767 5185 3041 5241 Diabolus
3087 5203 3220 5242 vero
3278 5188 3381 5259 qui
3425 5189 3705 5262 princeps

2048 5271 2158 5326 fuit
2179 5277 2235 5327 et
2263 5272 2493 5340 cecidit,
2527 5290 2640 5328 non
2665 5278 2932 5330 mortuus
2965 5279 3072 5330 est.
3134 5275 3333 5348 Neque
3389 5279 3547 5333 enim
3601 5295 3704 5350 po-

2045 5364 2158 5415 test
2186 5360 2449 5432 angelica
2469 5361 2724 5433 dignitas
2751 5367 3000 5419 mortem
3034 5364 3310 5436 recipere,
3342 5367 3442 5422 sed
3464 5371 3705 5424 tantum

2048 5450 2296 5504 ruinam.
2334 5451 2550 5506 Idcirco
2576 5451 2721 5506 dixit
2753 5469 2767 5508 :
2803 5475 2830 5501 ‹‹
2863 5451 3027 5506 Sicut
3049 5470 3202 5509 unus
3231 5455 3302 5509 de
3331 5455 3705 5529 principibus

2044 5538 2283 5598 cadetis.
2320 5562 2348 5590 »
2381 5541 2681 5610 Quomodo
2712 5541 2921 5600 cecidit
2949 5541 3178 5602 Lucifer
3207 5543 3308 5622 qui
3331 5561 3506 5605 mane
3555 5547 3698 5606 orie.
