3976 6188
179 360 328 421 1129

1350 360 1842 423 BREVIARIUM
1887 360 1963 420 IN
2013 361 2398 421 PSALMOS.

3425 362 3584 421 1130

177 493 346 548 batur
381 493 519 566 '(lsa.
551 507 664 560 xxx,
699 491 834 563 l2)?
881 491 946 546 Et
986 507 1136 560 ecce,
1170 495 1227 547 et
1255 491 1348 547 hic
1379 492 1607 560 cecidit,
1640 497 1696 547 et
1734 493 1814 547 ibi
1843 501 1898 560 Α
1927 509 1994 548 ne
2036 509 2157 547 cum
2206 494 2429 547 zizania
2471 491 2534 545 de
2580 493 2856 562 frumento
2887 491 3142 560 evellitis,
3175 493 3471 549 eradicetis
3502 496 3580 548 si-

176 580 399 637 cecidit.
435 580 744 652 Propterea
773 580 1001 650 cecidit,
1045 581 1184 652 quia
1213 597 1445 652 semper
1485 582 1544 635 in
1577 580 1819 636 ccelesti-

171 672 280 726 bus
309 670 670 725 versabatur.
707 669 819 724 Iste
863 674 951 724 est
995 669 1088 725 cui
1141 669 1355 724 dicitur
1405 671 1463 724 in
1513 669 1772 724 Ezechiel
1807 687 1818 723 :

173 761 248 814 Tu
276 774 332 814 es
371 758 783 828 resignaculum
810 759 1199 813 similitudinis
1229 758 1441 830 (Ezecli.
1477 775 1676 829 xxvm,
1717 759 1820 828 12).

172 847 375 903 Videte
405 846 544 918 quid
578 847 735 902 dicat
763 864 775 902 :
809 848 1232 915 Resignaculum
1261 847 1671 903 similitudinis.
1697 847 1822 901 Non

175 937 364 992 dixit:
416 936 501 991 Tu
551 952 612 991 es
661 935 1029 1006 signaculum
1078 936 1534 991 similitudinis:
1575 937 1686 995 sed
1734 952 1826 991 re-

173 1025 524 1094 signaculum
549 1023 966 1079 similitudinis.
1002 1024 1341 1097 Signaverat
1370 1029 1446 1094 te,
1472 1030 1644 1091 Deus,
1667 1029 1723 1079 et
1753 1025 1827 1080 si-

175 1114 376 1170 milem
427 1113 536 1170 sibi
586 1114 816 1169 fecerat.
852 1115 938 1169 Tu
988 1131 1120 1169 vero
1170 1118 1370 1187 postea
1417 1114 1730 1186 resignasti
1770 1117 1826 1168 te

173 1205 245 1258 ad
278 1202 727 1258 similitudinem
758 1206 815 1277 et
843 1203 1161 1275 imaginem
1198 1203 1316 1270 Dei,
1348 1207 1404 1258 et
1442 1207 1504 1257 tu
1553 1202 1826 1258 conditus

174 1309 256 1347 es.
290 1291 552 1362 Denique
601 1291 814 1346 dicitur
858 1291 917 1346 in
968 1291 1099 1363 ipsa
1127 1291 1479 1363 prophetia:
1535 1297 1596 1347 In
1642 1291 1822 1346 medio

175 1380 468 1436 Cherubim
494 1381 736 1435 nutritus
764 1396 819 1436 es
844 1399 867 1444 ;
919 1383 1068 1436 inter
1098 1381 1306 1452 lapides
1328 1381 1573 1452 jaspidis
1620 1386 1672 1434 et
1703 1395 1827 1433 car-

174 1470 399 1526 bunculi
443 1469 605 1540 fuisti
646 1471 704 1524 in
746 1469 1007 1541 paradiso
1063 1472 1180 1539 Dei,
1214 1473 1265 1523 et
1311 1469 1578 1534 cecidisti,
1609 1469 1822 1540 inquit,

170 1569 222 1616 et
251 1577 285 1614 a
312 1561 494 1614 monte
522 1559 618 1613 Dei
648 1559 962 1613 vulneratus
993 1574 1046 1613 es
1093 1558 1251 1629 (Ibid.
1288 1559 1374 1629 13,
1413 1559 1521 1629 Ui).
1574 1558 1690 1612 Iste
1737 1561 1827 1612 est

171 1649 445 1720 princeps
500 1647 634 1719 Tyri
679 1663 748 1701 ex
799 1663 865 1702 eo
911 1651 1169 1718 tempore
1203 1663 1317 1718 quo
1348 1646 1590 1713 cecidit;
1642 1645 1824 1718 siqui-

171 1739 308 1794 dem
339 1736 526 1808 Tyrus
556 1735 759 1808 lingua
795 1735 1034 1791 Hebraea
1081 1735 1298 1790 dicitur
1347 1736 1448 1791 Sor
1493 1734 1614 1807 (Ἣ)
1650 1752 1662 1790 ;
1716 1735 1825 1790 hoc

172 1832 264 1882 est
313 1826 617 1881 tribulatio.
674 1825 823 1897 Ergo
872 1829 929 1880 et
980 1823 1092 1879 iste
1147 1824 1418 1896 princeps
1477 1823 1578 1895 qui
1637 1823 1826 1896 primo

171 1919 301 1971 erat
342 1916 402 1970 in
442 1912 606 1985 coelo,
640 1930 797 1969 nunc
847 1912 1034 1968 factus
1081 1918 1169 1968 est
1226 1914 1497 1985 princeps
1528 1912 1681 1984 Tyri,
1717 1911 1826 1966 hoc

172 2008 265 2059 est
315 2002 714 2058 tribulationis
761 2001 932 2057 istius
990 2000 1208 2056 saeculi.
1265 2002 1486 2055 «Sicut
1545 2018 1698 2054 unus
1756 2001 1826 2054 de

171 2090 541 2164 principibus
564 2089 808 2146 cadetis.
836 2111 862 2138 n
895 2089 1138 2152 Quando
1170 2089 1332 2158 dicit,
1370 2112 1390 2137 α
1417 2089 1568 2143 sicut
1595 2105 1770 2154 unus,
1799 2110 1826 2136 »

174 2179 438 2236 ostendit
460 2195 588 2234 esse
611 2183 667 2234 et
693 2177 859 2232 alios.
887 2178 1081 2249 Legite
1098 2176 1505 2248 Apocalypsim
1537 2175 1781 2231 Joannis
1809 2195 1824 2241 ;

171 2269 363 2325 Draco
385 2268 620 2339 quando
651 2267 722 2321 de
751 2265 892 2320 coelo
923 2265 1151 2335 cecidit,
1175 2265 1408 2320 tertiam
1436 2270 1662 2336 partem
1685 2264 1826 2319 stel-

168 2357 371 2413 larum
401 2371 599 2411 secum
634 2354 801 2409 duxit
829 2354 1008 2425 (Apoc.
1043 2370 1166 2423 vni,
1201 2354 1309 2417 12).
1337 2357 1653 2424 Hucusque
1673 2353 1827 2408 Deus

168 2444 411 2501 locutus
443 2447 529 2500 est
558 2443 630 2499 ad
663 2442 953 2506 homines,
988 2447 1044 2497 et
1073 2458 1310 2497 rursum
1344 2457 1447 2513 per
1475 2441 1824 2513 Prophetam

167 2532 460 2605 loquitur.
920 2517 931 2526 ’

249 2643 278 2669 ‹‹
314 2620 520 2692 Surge,
553 2618 730 2685 Deus,
754 2619 959 2689 judica
987 2621 1222 2674 terram.
1262 2639 1290 2667 ››
1323 2618 1516 2686 Surge,
1551 2619 1691 2690 quia
1722 2635 1822 2672 na-

167 2710 263 2764 vis
311 2712 514 2764 nostra
561 2707 836 2763 ﬂuctibus
875 2707 1164 2763 tunditur.
1220 2729 1249 2756 «
1282 2707 1485 2779 Surge,
1518 2707 1694 2773 Deus,
1721 2708 1826 2777 ju-

169 2798 310 2854 dica
338 2801 594 2863 terram;
647 2796 926 2867 quoniam
969 2795 1108 2850 mali
1131 2795 1363 2866 judices
1394 2811 1506 2850 non
1533 2795 1824 2866 judicant,

171 2887 281 2943 sed
327 2889 594 2942 evertunt
638 2884 828 2956 legem
877 2888 1064 2953 tuam,
1097 2887 1153 2939 et
1182 2900 1390 2955 pecora
1423 2889 1521 2938 tua
1551 2883 1825 2939 lacerant.

173 2979 269 3034 Tu
322 2991 514 3047 surge,
548 2974 645 3046 qui
692 2989 864 3029 verus
895 2974 1079 3044 judex
1108 2989 1189 3028 es.
1224 2973 1371 3038 Quia
1396 2989 1531 3045 ergo
1563 2972 1701 3027 mali
1725 2975 1829 3043 ju-

175 3066 346 3120 dices
377 3063 591 3118 mortui
622 3066 763 3118 sunt
791 3062 945 3116 sicut
981 3062 1166 3116 Adam
1215 3066 1271 3116 et
1312 3061 1650 3116 ceciderunt
1681 3061 1832 3116 sicut

171 3170 338 3210 unus
362 3153 433 3207 de
464 3151 862 3223 principibus;
889 3154 1192 3222 propterea
1213 3153 1275 3204 tu
1304 3165 1499 3220 surge,
1521 3153 1583 3203 tu
1603 3149 1828 3218 judica,

164 3247 234 3298 tu
291 3242 452 3296 salva
499 3243 826 3296 creaturam
865 3241 1050 3294 tuam.
1085 3237 1477 3293 Mercenarius
1507 3238 1662 3294 enim
1695 3254 1829 3292 cum
1862 3223 1903 3289 C

166 3331 386 3402 lupum
416 3328 642 3398 viderit,
679 3327 850 3398 fugit,
884 3326 1162 3397 relinquit
1210 3343 1343 3383 oves
1393 3327 1569 3397 (Joan.
1603 3344 1657 3392 x,
1694 3327 1780 3396 12)
1816 3343 1828 3380 :

168 3436 297 3475 non
331 3421 522 3490 potest
575 3418 656 3472 ita
705 3415 896 3472 dolere
927 3415 1138 3482 alieno,
1170 3415 1466 3487 quomodo
1496 3413 1652 3470 dolet
1682 3414 1830 3486 patri

168 3514 229 3564 et
261 3506 461 3563 matri.
496 3506 771 3560 Dicamus
802 3511 858 3560 et
899 3503 1068 3559 aliter
1102 3521 1114 3558 :
1166 3503 1359 3572 Surge,
1394 3503 1494 3575 qui
1527 3519 1630 3574 pro
1664 3501 1833 3558 nobis

169 3612 397 3670 passus
426 3612 510 3665 es,
544 3611 647 3666 pro
679 3593 847 3648 nobis
887 3596 1154 3648 mortuus
1198 3607 1260 3647 es
1293 3608 1305 3646 :
1363 3607 1557 3663 surge,
1589 3596 1646 3646 et
1675 3590 1836 3646 salva

170 3703 313 3743 nos.
351 3685 620 3738 Dicamus
670 3681 839 3736 aliter
871 3698 884 3735 :
939 3681 1045 3744 Qui
1096 3680 1305 3736 venisti
1336 3679 1581 3734 humilis
1614 3684 1672 3734 et
1699 3695 1833 3734 con-

169 3778 470 3846 temptus,
500 3771 630 3826 veni
663 3770 831 3841 quasi
859 3770 1040 3839 judex
1069 3773 1126 3823 et
1153 3769 1386 3823 vindica
1407 3785 1542 3824 nos.
1583 3789 1602 3816 α
1629 3769 1834 3839 Surge,

166 3871 362 3932 Deus,
388 3859 594 3932 judica
621 3863 856 3913 terram.
894 3880 921 3906 »
970 3856 1173 3912 Videte
1217 3857 1673 3928 significantium
1705 3873 1836 3928 pro-

169 3953 587 4026 prietatesque
617 3961 979 4002 sermonum.
1004 3949 1129 4000 Non
1161 3944 1343 3999 dixit:
1369 3946 1574 4015 judica
1604 3943 1837 4010 coelum,

171 4042 287 4097 sed
342 4042 578 4093 terram.
614 4036 763 4107 Ergo
813 4039 970 4090 terra
1006 4033 1335 4104 judicatur,
1366 4051 1480 4089 non
1514 4033 1745 4088 coelum.
1780 4034 1840 4088 Si

171 4144 326 4202 ergo
357 4131 512 4182 terra
536 4126 858 4197 judicatur,
891 4129 949 4180 et
995 4141 1109 4179 non
1163 4123 1394 4191 coelum,
1428 4140 1563 4195 ergo
1596 4124 1655 4177 in
1698 4122 1840 4177 ccelo

172 4222 430 4290 peccata
477 4231 592 4269 non
643 4215 792 4268 ﬁunt
821 4238 835 4280 ;
886 4213 935 4268 si
984 4217 1178 4268 autem
1211 4213 1414 4267 fierent
1445 4213 1504 4266 in
1537 4211 1679 4268 coelo
1712 4227 1841 4282 pec-

175 4311 343 4370 cata,
392 4305 607 4359 diceret
639 4319 651 4356 :
708 4327 733 4350 ‹‹
765 4307 968 4374 Surge,
1006 4307 1175 4370 Deus,
1212 4301 1420 4372 judica
1458 4306 1673 4356 terram
1707 4323 1734 4350 ››
1788 4305 1845 4355 et

175 4396 426 4451 ccelum.
451 4392 518 4446 Et
546 4390 734 4446 videte
759 4389 1128 4445 clementiam
1157 4388 1494 4460 prepbetiae.
1523 4389 1647 4444 Non
1677 4388 1841 4458 dixit,

175 4483 451 4539 interfice
494 4486 712 4536 terram
748 4496 760 4535 :
813 4479 917 4534 sed
960 4478 1186 4550 judica,
1221 4482 1279 4532 et
1310 4477 1487 4532 salva.
1521 4478 1646 4532 Non
1678 4477 1842 4546 dixit,

1929 584 2044 636 mut
2068 587 2118 636 et
2150 583 2396 636 triticum
2445 581 2656 650 (Matth.
2691 597 2814 650 xm,
2846 581 2958 650 29).
3010 581 3296 644 Quoniam
3345 587 3405 636 tu
3456 582 3579 636 haz-

1933 670 2212 725 reditabis
2244 671 2301 724 in
2335 670 2610 725 omnibus
2635 669 2929 740 gentibus.
2957 694 2983 718 »
3021 669 3330 740 Propterea
3350 675 3406 725 te
3427 670 3582 742 judi-

1934 776 2056 815 cem
2090 761 2493 831 deprecamur,
2526 758 2663 827 quia
2692 758 2966 813 omnibus
2996 758 3269 830 gentibus
3302 759 3578 815 misertus

1935 865 2016 904 es.
2051 849 2238 911 Quare
2270 865 2384 902 non
2417 846 2580 912 dixit,
2615 854 2678 902 tu
2712 846 3040 918 possidebis
3081 863 3284 902 omnes
3327 852 3528 917 gentes
3562 863 3575 901 :

1934 937 2056 992 sed.
2084 958 2111 986 «
2134 937 2218 990 Tu
2243 935 2614 990 haereditahis
2632 935 2658 988 ‘l
2679 956 2707 984 »
2734 935 3076 1006 Ubicunque
3095 935 3402 991 haereditas
3423 935 3584 1006 poni-

1934 1027 2049 1090 tur,
2081 1025 2159 1079 ibi
2194 1041 2353 1079 mors
2386 1029 2518 1080 ante
2552 1024 2864 1096 praecessit.
2900 1024 3208 1095 Propterea
3241 1024 3497 1078 haeredes
3529 1028 3587 1078 et

1937 1113 2264 1169 cohaeredes
2292 1113 2563 1168 dicimur.
2590 1113 2855 1169 Hrcredes
2889 1113 3034 1168 dixit
3053 1113 3289 1178 Christi,
3315 1113 3453 1184 quia
3481 1129 3584 1184 pro

1937 1203 2106 1258 nobis
2138 1208 2408 1257 mortuus
2453 1208 2561 1257 est.
2595 1202 2952 1270 Cohaeredes,
2988 1202 3124 1272 quia
3154 1203 3460 1257 nobiscum
3491 1216 3587 1256 re-

1936 1295 2224 1362 gnaturus
2275 1295 2384 1345 est.
2438 1313 2464 1338 ‹‹
2499 1292 2585 1344 Tu
2634 1290 3008 1345 haereditabis
3043 1307 3055 1344 :
3094 1315 3115 1341 ι)
3169 1289 3380 1346 Misisti
3429 1290 3586 1345 enim

1938 1397 2134 1436 servos
2165 1384 2317 1446 tuos,
2342 1385 2702 1434 revertamur
2735 1381 2806 1434 ad
2836 1379 3152 1452 apostolos,
3177 1379 3357 1434 alium
3392 1380 3451 1433 in
3475 1379 3586 1434 cir-

1937 1467 2374 1535 cumsisionem,
2411 1467 2590 1522 alium
2641 1469 2701 1522 in
2751 1472 2974 1540 gentes.
3027 1467 3296 1532 Quandiu
3349 1468 3586 1540 Moysen

1937 1556 2205 1628 miseras,
2222 1557 2480 1628 quandiu
2508 1556 2740 1623 Isaiam,
2757 1557 3014 1627 quandiu
3033 1557 3378 1624 Jeremiam;
3404 1573 3587 1628 quan-

1938 1646 2036 1700 diu
2071 1645 2216 1700 alios
2264 1645 2576 1716 prophetas
2609 1661 2624 1700 :
2678 1646 2844 1700 Notus
2873 1654 2989 1700 erat
3022 1647 3080 1699 in
3107 1646 3301 1702 Iudaea
3332 1647 3490 1712 Deus,
3524 1648 3586 1700 in

1937 1735 2106 1789 Israel
2150 1750 2416 1802 magnum
2462 1749 2659 1788 nomen
2699 1735 2834 1806 ejus.
2888 1737 2950 1788 In
3003 1734 3233 1788 modica
3279 1737 3432 1788 terra
3475 1750 3584 1789 no-

1939 1822 2116 1877 minis
2146 1822 2248 1877 Dei
2293 1822 2500 1876 notitia
2532 1822 2844 1890 ferebatur,
2879 1823 3090 1878 misisti
3125 1827 3361 1877 Petrum
3395 1822 3581 1894 pisca—

1935 1917 2139 1979 torem,
2174 1911 2272 1981 qui
2321 1909 2627 1965 dimiserat
2680 1915 2817 1977 rete,
2852 1911 2950 1980 qui
2993 1913 3063 1966 ab
3104 1928 3275 1982 opere
3305 1911 3585 1966 callosum

1935 2000 2187 2054 habebat
2235 2016 2475 2053 manum
2536 1999 2742 2069 (Matth.
2796 2016 2869 2064 IV,
2935 1999 3142 2068 18-20).
3194 1999 3319 2053 Non
3368 1999 3586 2053 misisti

1937 2092 2244 2156 oratorem,
2270 2104 2384 2141 non
2422 2086 2637 2141 misisti
2671 2086 3129 2158 philosophum:
3169 2086 3377 2141 Misisti
3401 2087 3589 2141 homi-

1937 2191 2070 2231 nem
2125 2176 2514 2240 rusticanum,
2560 2175 2860 2230 homincm
2911 2175 3282 2246 piscatorem.
3333 2179 3447 2230 Iste
3498 2175 3585 2246 pi-

1937 2270 2148 2347 scator,
2204 2265 2313 2319 istc
2361 2264 2700 2319 rusticanus
2758 2265 2828 2319 de
2878 2264 3274 2336 Hierosolyma
3339 2265 3589 2336 perrexit

1937 2354 2198 2416 Romam,
2223 2357 2278 2407 et
2304 2353 2640 2408 rusticanus
2661 2351 2814 2423 cepit
2837 2352 3084 2407 Romam
3110 2369 3286 2422 quam
3310 2351 3585 2423 eloquen-

1936 2445 2024 2496 tes
2077 2457 2280 2512 caperc
2331 2457 2444 2496 non
2502 2444 2834 2512 potuerunt.
2889 2441 3144 2495 Rursum
3205 2440 3308 2495 ivit
3371 2440 3587 2496 Paulus

1938 2529 2256 2600 apostolus.
2290 2535 2346 2585 et
2392 2530 2462 2584 de
2508 2529 2911 2601 Hierosolyma
2941 2529 3274 2600 praedicavit
3306 2547 3494 2601 usque
3526 2529 3586 2585 in

1936 2618 2255 2690 Illyricum,
2299 2623 2354 2672 et
2385 2618 2740 2689 prazdicavit,
2774 2618 2872 2672 ubi
2906 2636 3020 2674 non
3053 2623 3176 2674 erat
3206 2619 3584 2690 praedicatum

1937 2707 2338 2778 Evangelium,
2371 2723 2441 2761 ne
2472 2723 2648 2778 super
2689 2707 2945 2762 alienum
2990 2708 3441 2762 fundamentum
3483 2724 3584 2778 po-

1938 2803 2101 2852 neret
2150 2795 2460 2852 aedificium
2516 2797 2689 2868 (Rom.
2734 2813 2827 2865 xv,
2869 2797 2954 2862 19,
2995 2797 3105 2866 20).
3158 2795 3376 2850 Deinde
3423 2794 3581 2860 dicit,

1939 2885 2095 2956 quod
2130 2885 2201 2938 de
2232 2885 2374 2938 urbe
2407 2884 2589 2939 Roma
2633 2884 2742 2938 iret
2781 2885 2849 2938 ad
2884 2883 3224 2956 Hispaniam
3276 2883 3434 2950 (Ibid.
3467 2883 3580 2954 24).

1939 2974 2143 3028 Videte
2174 2972 2417 3028 Paulum
2459 2977 2912 3044 persecutorem,
2947 2972 3044 3044 qui
3075 2972 3135 3028 in
3164 2974 3364 3028 Judaea
3397 2973 3587 3027 fuerat

1939 3066 2277 3134 persecutor
2333 3062 2467 3132 (Act.
2523 3079 2598 3128 1x,
2655 3063 2679 3115 1
2735 3062 2901 3132 seq.),
2954 3063 3229 3133 pradicat
3286 3061 3582 3134 gentibus.

1941 3151 2049 3208 Ubi
2082 3155 2220 3206 sunt
2251 3151 2349 3222 qui
2382 3151 2702 3221 praedicant
2733 3150 3125 3206 Alexandrum
3157 3151 3432 3223 Magnum
3467 3155 3590 3206 Ma-

1944 3240 2230 3295 cedonum
2261 3239 2694 3310 imperatorem,
2720 3240 2873 3310 quod
2908 3240 2966 3293 in
2999 3240 3156 3294 δι’θῖνὶ
3183 3241 3372 3312 spatio
3393 3240 3596 3295 vicerit

1942 3333 2135 3383 tantas
2167 3332 2369 3400 gentes
2394 3327 2421 3380 ‘l
2452 3327 2664 3382 Habuit
2694 3328 3032 3394 exercitum,
3065 3328 3273 3384 habuit
3302 3335 3359 3383 et
3388 3329 3588 3400 ingen-

1942 3421 2029 3472 tes
2078 3417 2302 3485 turbas,
2336 3420 2391 3471 et
2440 3432 2557 3470 non
2607 3416 2718 3471 tale
2767 3416 2988 3487 aliquid
3029 3418 3237 3488 potuit,
3271 3418 3372 3473 sed
3405 3416 3590 3472 modi-

1943 3522 2076 3560 cum
2109 3504 2410 3576 quiddam.
2438 3506 2552 3559 Iste
2582 3521 2714 3560 vero
2747 3504 2962 3560 Paulus
2996 3506 3291 3576 quondam
3324 3522 3590 3578 persecu-

1942 3599 2035 3649 tor
2063 3593 2191 3660 fuit,
2225 3593 2322 3664 qui
2357 3593 2586 3647 dicebat
2618 3610 2631 3647 :
2685 3598 2746 3649 Et
2776 3595 2827 3648 si
2859 3595 3146 3665 imperitus
3177 3612 3300 3650 sum
3325 3611 3601 3671 sermone,

1945 3699 2051 3737 non
2100 3689 2294 3737 tamen
2341 3684 2569 3737 scientia
2615 3685 2686 3750 (II
2715 3682 2837 3738 Cor.
2870 3701 2947 3751 x1,
2979 3684 3056 3754 6).
3091 3684 3198 3749 Qui
3228 3685 3598 3742 solmcismos

1947 3771 2084 3825 facit
2135 3770 2194 3824 in
2235 3770 2548 3840 loquendo,
2585 3787 2816 3826 crucem
2849 3771 3062 3827 Christi
3097 3777 3305 3844 portat,
3339 3780 3395 3828 et
3427 3775 3598 3845 quasi

1949 3859 2320 3929 triumphans
2353 3875 2556 3913 omnes
2586 3859 2760 3929 capit.
2787 3860 2997 3914 Totum
3031 3861 3228 3915 orbem
3262 3861 3493 3931 subegit
3523 3861 3594 3914 ab

1949 3948 2173 4003 Oceano
2229 3962 2414 4016 usque
2466 3946 2526 4000 in
2578 3963 2738 4002 mare
2780 3948 3064 4003 Rubrum.
3118 3948 3280 4002 Dicat
3329 3947 3590 4018 aliquis:

1950 4037 2058 4091 hoc
2107 4039 2294 4090 totum
2344 4033 2489 4089 iucri
2543 4051 2721 4090 causa
2769 4037 3048 4091 fecerunt.
3083 4041 3202 4091 Hoc
3249 4036 3406 4090 enim
3456 4036 3599 4091 dicit

1953 4124 2304 4196 Porphyrius
2339 4141 2350 4176 :
2403 4124 2679 4178 Homines
2710 4125 2989 4178 rusticani
3021 4131 3078 4179 ct
3106 4141 3411 4195 pauperes,
3446 4142 3598 4197 quo-

1954 4213 2111 4267 niam
2144 4211 2291 4266 nihil
2337 4211 2649 4279 habebant,
2683 4212 2926 4283 magicis
2954 4213 3182 4268 artibus
3212 4214 3430 4284 operati
3463 4219 3602 4270 sunt

1954 4301 2220 4372 quzedam
2243 4300 2432 4371 signa.
2462 4299 2586 4354 Non
2610 4304 2696 4354 est
2724 4304 2918 4354 autem
2951 4302 3170 4373 grande
3190 4304 3375 4358 facere
3409 4305 3600 4375 signa.

1954 4389 2099 4443 Nam
2133 4389 2313 4443 fecere
2353 4388 2521 4457 signa
2570 4387 2627 4441 in
2672 4388 2912 4460 zEgypto
2945 4391 3099 4462 magi
3133 4395 3333 4446 contra
3367 4392 3605 4464 Moysen

1956 4476 2147 4548 (Exod.
2181 4493 2276 4545 vn,
2310 4478 2420 4546 22).
2473 4475 2630 4534 Fecit
2679 4480 2735 4530 et
2782 4476 3144 4548 Apollonius,
3177 4480 3310 4534 fecit
3353 4484 3410 4534 et
3445 4485 3603 4552 Apu-

170 4571 396 4644 judica
440 4585 542 4642 per
589 4566 1078 4640 angelos,judica
1108 4583 1210 4638 per
1240 4565 1540 4620 ministros
1569 4570 1722 4620 tuos.
1757 4563 1846 4619 Illi
1879 4591 1924 4655 D
1954 4565 2124 4621 leius.
2161 4563 2376 4619 Infiniti
2429 4564 2599 4635 signa
2647 4565 2924 4623 fecerunt.
2975 4568 3235 4622 Concedo
3284 4569 3408 4638 tibi,
3459 4573 3598 4623 Por-

178 4661 353 4716 enim
404 4659 454 4714 si
496 4655 910 4729 judicaverint,
945 4672 1060 4710 non
1105 4660 1355 4727 possunt
1386 4653 1674 4722 misereri,
1709 4654 1850 4726 quia
1879 4653 1908 4655 ί
1958 4654 2147 4726 pbyri,
2182 4653 2426 4724 magicis
2476 4653 2702 4709 artibus
2751 4655 2916 4726 signa
2963 4658 3242 4724 fecerunt,
3281 4661 3344 4712 ut
3372 4657 3604 4713 divitias

180 4752 566 4807 exsecutores
614 4751 754 4802 sunt
801 4745 1097 4801 sententiae
1145 4749 1279 4798 tuae.
1313 4743 1398 4797 Tu
1431 4760 1562 4798 vero
1596 4743 1643 4797 si
1686 4743 1849 4813 judi-

181 4837 440 4909 caveris,
475 4835 690 4909 poteris
745 4835 870 4907 ipse
918 4833 1202 4889 misereri.
1246 4832 1440 4904 Surge,
1475 4834 1636 4898 Deus,
1661 4831 1853 4903 judica

181 4934 428 4984 terram.
460 4928 783 4997 Imperator
803 4926 995 4995 potest
1017 4939 1184 4977 suam
1211 4926 1435 4976 mutare
1461 4922 1814 4976 sententiam
1838 4939 1851 4977 :

183 5016 510 5090 praefectus
543 5030 658 5068 non
689 5017 902 5084 potest.
934 5011 1246 5084 Propterea
1275 5015 1329 5066 te
1351 5009 1614 5080 judicem
1648 5011 1852 5082 depre-

187 5121 428 5172 camur,
453 5120 568 5158 non
601 5104 1064 5169 contemnentes,
1097 5100 1195 5155 sed
1230 5103 1553 5172 precantes.
1582 5099 1858 5155 Homines

189 5195 420 5252 etenim
476 5197 534 5248 et
580 5191 770 5264 angeli
821 5191 892 5246 ad
938 5190 1433 5261 comparationem
1468 5187 1554 5243 tui
1588 5188 1856 5244 crudeles

203 5287 376 5341 sunt.
412 5283 501 5338 Tu
554 5270 1104 5337 solusmitissimus
1146 5279 1328 5349 judex
1357 5293 1438 5331 es.
1471 5275 1658 5330 Vultis
1711 5279 1858 5334 scire

200 5372 493 5446 quoniam
526 5370 682 5425 Deus
721 5367 974 5424 clemens
1018 5372 1107 5423 est
1146 5367 1347 5438 judex,
1381 5370 1435 5420 et
1464 5365 1655 5420 omnis
1686 5365 1858 5422 homo

200 5461 470 5519 crudelis
495 5463 586 5515 est
603 5459 631 5514 ?
653 5457 984 5513 Dormiente
1011 5454 1429 5529 patrefamilias
1452 5453 1729 5510 inimicus
1759 5455 1858 5510 bo-

199 5566 312 5607 mo
359 5547 578 5605 zizania
630 5546 1137 5619 superseminavit.
1170 5545 1327 5601 Servi
1367 5544 1572 5600 volunt
1600 5543 1860 5614 evellere,

175 5643 260 5704 et
296 5637 438 5696 dicit
466 5635 886 5712 paterfamilias
919 5651 932 5693 :
985 5635 1246 5691 Dimittite
1274 5641 1333 5691 ut
1358 5634 1526 5692 simul
1561 5641 1810 5692 crescant
1840 5651 1857 5692 :

493 5765 757 5836 PATROL.
807 5761 1019 5829 XXVI.

1961 4745 2289 4816 acciperent
2337 4763 2369 4798 a
2419 4743 2697 4800 divitibus
2741 4746 3120 4814 mulierculis,
3169 4763 3316 4818 quas
3362 4746 3606 4822 induxe-

1964 4838 2140 4889 rant:
2192 4834 2300 4888 hoc
2359 4833 2514 4888 enim
2571 4838 2634 4888 tu
2688 4833 2854 4889 dicis.
2906 4836 3092 4898 Quare
3151 4837 3365 4890 mortui
3424 4837 3608 4892 sunt?

1963 4915 2149 4986 Quare
2180 4922 2437 4976 crucifixi
2459 4923 2486 4976 ?
2518 4923 2799 4977 Fecerunt
2827 4929 2884 4978 et
2914 4923 3009 4977 alii
3043 4925 3212 4996 signa
3241 4924 3486 4997 magicis
3517 4942 3607 4980 ar-

1965 5011 2142 5078 tibus,
2177 5011 2278 5066 sed
2330 5027 2431 5082 pro
2480 5009 2716 5066 homine
2763 5016 2991 5065 mortuo
3044 5029 3158 5066 non
3203 5018 3338 5068 sunt
3372 5015 3608 5081 mortui,

1964 5117 2068 5171 pro
2120 5099 2355 5154 homine
2403 5099 2677 5154 crucifixo
2730 5116 2845 5154 non
2896 5105 3035 5155 sunt
3081 5103 3362 5157 crucifixi.
3408 5104 3613 5161 Sciunt

1967 5189 2077 5244 iste
2127 5187 2424 5242 hominem
2473 5204 2600 5242 esse
2649 5192 2967 5254 mortuum,
3003 5195 3059 5244 et
3110 5192 3443 5246 moriuntur
3482 5195 3610 5249 sine

1968 5276 2192 5334 causa?
2243 5276 2398 5331 Felix
2443 5293 2579 5348 ergo
2630 5281 2829 5332 nostra
2875 5278 3136 5347 victoria,
3188 5298 3314 5352 qua;
3363 5282 3423 5338 in
3481 5302 3614 5342 san-

1969 5367 2145 5440 guine
2185 5365 2580 5437 apostolorum
2627 5365 2892 5420 dedicata
2922 5372 3027 5422 est.
3057 5369 3232 5444 (Fides
3263 5378 3461 5428 nostra
3493 5393 3608 5431 non

1970 5456 2270 5528 probatur,
2304 5453 2414 5508 nisi
2467 5470 2568 5523 per
2613 5453 2848 5508 illorum
2881 5456 3248 5528 sanguinem.
3298 5463 3618 5517 Benedica-

1973 5559 2105 5598 mus
2153 5559 2288 5614 ergo
2334 5540 2538 5614 Deum,
2571 5543 2660 5597 cui
2705 5548 2792 5598 est
2822 5543 3007 5621 gloria
3033 5546 3093 5602 in
3125 5548 3338 5604 saecula
3368 5551 3620 5607 saeculo-

1973 5649 2128 5692 rum.
2158 5633 2364 5690 Amen.

3259 5772 3338 5837 36
