3976 6188
379 421 530 486 1181

414 551 419 555 Α
873 550 1190 607 PSALMUS
1249 550 1514 606 LXXXII.

381 645 665 700 Canticum
707 642 927 713 psalmi
953 641 1242 713 Asaphﬂ(v.
1281 643 1351 712 1).
1387 641 1499 696 Iste
1529 640 1793 712 psalmus
1823 656 2020 696 vocem

451 711 749 786 Prophetas
779 711 1036 768 continet
1064 712 1450 767 collaudantis
1484 711 1686 768 Deum.
1722 713 1816 766 Ait
1845 727 1980 783 ergo
2007 726 2018 764 :

456 843 484 870 ‹‹
515 820 691 889 Deus,
725 819 860 891 quis
891 819 1102 874 similis
1141 819 1251 873 erit
1293 819 1447 873 tibi?
1495 819 1642 882 Quia
1688 818 1887 874 nullus
1939 822 2027 872 est

381 908 595 966 similis
624 908 710 963 tui
737 926 748 963 :
783 907 1010 962 nullum
1035 907 1215 962 alium
1249 913 1567 974 auctorem,
1597 908 1709 963 nisi
1745 913 1800 962 te
1823 906 2027 978 quieri-

384 1013 539 1054 mus.
571 1019 600 1047 «
635 996 716 1054 Ne
745 1001 960 1067 taceas,
983 1013 1171 1067 neque
1201 997 1611 1068 compescaris,
1637 997 1810 1051 Deus.
1849 1019 1870 1047 ι)
1909 996 2026 1050 Nos

381 1091 667 1156 tacemus,
698 1089 762 1139 tu
792 1102 894 1156 pro
926 1085 1094 1140 nobis
1123 1084 1379 1156 loquere.
1413 1087 1567 1141 Justi
1610 1103 1718 1141 vox
1761 1090 1849 1140 est
1899 1097 2029 1155 quae

384 1173 572 1230 dicit:
625 1196 655 1224 «
685 1173 883 1246 Neque
929 1174 1341 1245 compescaris,
1391 1174 1562 1230 Deus.
1601 1196 1628 1223 ››
1680 1179 1756 1229 De
1797 1171 2032 1244 justitia

387 1280 500 1320 sua
527 1279 771 1319 securus
801 1267 906 1318 est.

463 1374 491 1403 ‹‹
519 1352 807 1416 Quoniam
857 1368 989 1407 ecce
1036 1351 1258 1406 inimici
1302 1352 1386 1407 tui
1433 1355 1833 1406 sonuerunt.»
1891 1351 2030 1405 Pos-

387 1457 596 1497 sumus
644 1439 970 1497 secundum
1016 1439 1401 1512 tropologiam
1451 1439 1523 1494 de
1552 1439 1807 1495 Ecclesia
1849 1439 2033 1493 inter—

388 1529 604 1602 pretari
650 1533 706 1584 et
751 1527 1090 1583 haeresibus.
1127 1528 1447 1585 Possumus
1479 1535 1674 1583 autem
1708 1528 2031 1583 secundum

390 1619 645 1674 litteram
693 1616 1063 1687 interpretari
1110 1617 1180 1670 de
1228 1616 1441 1687 popqu
1485 1618 1844 1684 Judaeorum,
1879 1615 2035 1671 etde

391 1706 615 1762 czeteris
662 1704 958 1776 gentibus,
991 1721 1116 1774 quae
1165 1704 1223 1757 in
1278 1704 1522 1759 circuitu
1567 1708 1903 1776 expugnant
1930 1704 2033 1758 Ju-

393 1795 598 1849 dteam.
663 1814 688 1845 ιι
719 1793 1002 1858 Quoniam
1053 1809 1185 1847 ecce
1221 1792 1441 1848 inimici
1494 1793 1580 1848 tui
1628 1797 1971 1849 sonuerunt.
2006 1813 2035 1841 »

390 1881 602 1938 Vocem
633 1885 691 1937 et
719 1881 1135 1937 detractionem
1158 1883 1621 1938 adversariorum
1650 1883 1907 1938 sonitum
1938 1897 2036 1936 vo-

395 1971 506 2026 luit
556 1969 867 2042 appellare.
918 1993 944 2019 «
981 1971 1264 2036 Quoniam
1298 1987 1427 2026 ecce
1458 1970 1696 2025 inimici
1729 1972 1812 2025 tui
1851 1985 2034 2026 sonue

395 2063 620 2117 runt.»
670 2059 876 2114 Videte
935 2059 1076 2130 quid
1137 2059 1336 2115 dicat:
1390 2060 1732 2127 Sonuerunt,
1785 2060 1893 2114 hoc
1953 2064 2041 2114 est

396 2147 566 2223 quasi
615 2147 948 2220 cymbalum
995 2148 1276 2219 tinniens,
1312 2150 1397 2203 sic
1443 2153 1769 2204 sonuerunt
1799 2147 2041 2203 auribus

395 2239 565 2295 meis.
598 2237 790 2292 Sonus
821 2235 1050 2309 proprie
1079 2237 1311 2308 dicitur,
1347 2255 1480 2292 cum
1513 2237 1752 2293 auditur
1781 2241 2040 2292 tantum-

397 2324 571 2380 modo
619 2339 820 2393 sonus,
853 2327 910 2377 et
954 2339 1062 2378 vox
1112 2340 1230 2378 non
1280 2323 1645 2394 intelligitur.
1690 2325 1835 2395 Ergo
1885 2323 2038 2394 quod

398 2413 561 2482 dicit,
591 2411 701 2467 hoc
749 2415 839 2467 est
869 2429 885 2463 :
943 2410 1030 2466 Illi
1070 2412 1307 2482 quidem
1340 2410 1750 2484 loquebantur,
1785 2416 1840 2467 et
1871 2412 2042 2484 quasi

396 2501 670 2558 volebant
699 2516 792 2554 me
822 2515 1065 2572 arguere
1100 2516 1111 2554 :
1165 2505 1437 2554 caeterum
1469 2517 1572 2572 ego
1604 2517 1720 2556 non
1751 2503 1918 2571 quasi
1948 2517 2042 2554 vo-

395 2607 543 2658 cem,
577 2589 678 2645 sed
725 2589 895 2660 quasi
947 2604 1159 2643 sonum
1210 2588 1540 2644 audiebam.
1574 2591 1638 2643 Et
1681 2591 1777 2660 qui
1812 2589 2043 2644 oderunt

393 2685 470 2748 te,
502 2679 820 2734 extulerunt
848 2687 1030 2749 caput.
1064 2677 1265 2732 Videte
1315 2677 1451 2749 quid
1507 2678 1662 2732 dicat
1696 2695 1707 2732 :
1760 2679 1909 2749 Ergo
1940 2677 2040 2749 qui

396 2768 581 2825 elevat
626 2770 820 2839 caput,
852 2768 976 2821 odit
1017 2767 1224 2822 Deum.
1256 2767 1518 2837 Superbis
1567 2769 1715 2821 enim
1769 2767 2040 2822 Dominus

392 2859 601 2914 resistit
629 2874 647 2910 :
696 2856 996 2912 humilibus
1040 2867 1222 2910 autem
1251 2856 1344 2911 dat
1373 2857 1612 2926 gratiam
1642 2857 1841 2927 (Iacob.
1876 2873 1952 2922 1v,
1983 2855 2038 2922 6,

397 2955 451 3004 et
479 2947 507 3003 Ι
532 2930 679 3002 Petr.
710 2963 766 3014 ν,
796 2946 873 3014 5).
908 2967 936 2994 ‹‹
970 2945 1037 2999 Et
1066 2945 1164 3016 qui
1199 2945 1446 3000 oderunt
1475 2948 1553 3010 te,
1584 2943 1914 2999 extulerunt
1945 2960 2037 2999 ca-

397 3040 523 3108 put.
552 3057 575 3085 »
611 3035 671 3090 Si
703 3051 940 3091 causam
971 3033 1154 3090 habes
1182 3038 1381 3089 contra
1411 3033 1663 3104 aliquem
1689 3051 1704 3101 ;
1738 3033 1788 3088 si
1821 3031 1924 3088 tibi
1947 3032 2042 3088 de-

400 3123 583 3179 trahit
610 3123 787 3178 frater
822 3126 981 3190 tuus,
1013 3127 1070 3176 et
1097 3127 1161 3176 tu
1194 3138 1257 3176 es
1287 3121 1529 3177 humilis
1565 3139 1666 3193 pro
1697 3121 1949 3187 Christo,
1983 3125 2042 3177 et

399 3211 498 3267 ille
548 3212 840 3283 superbus
886 3215 1121 3283 propter
1157 3210 1477 3281 diabolum,
1510 3215 1573 3266 tu
1606 3209 1854 3266 imitaris
1903 3223 2038 3265 eum

1873 417 2290 479 APPENDIX.

2061 555 2113 619 Α
2146 555 2248 606 aut
2294 551 2623 620 sanguinea,
2654 549 2755 604 aut
2805 554 3050 623 terrena.
3080 542 3284 623 Videte
3342 554 3478 613 ergo
3527 538 3634 612 qui
3678 555 3790 611 pn-

2067 1925 2114 1990 B

3623 403 3787 468 H32

2133 643 2315 710 gnant
2363 639 2642 693 adversus
2689 615 2941 691 sanctos.
2999 658 3026 684 «
3058 615 3459 687 Tabernacula
3492 629 3785 684 Idumaeo-

2135 744 2288 794 rum,
2318 748 2344 778 ι)
2382 725 2596 782 terreni
2625 728 2680 780 et
2737 722 3042 780 Ismaelitaa
3074 721 3555 791 interpretantur,
3601 739 3629 769 α
3652 717 3788 772 obe-

2134 815 2358 870 dientes
2409 815 2541 882 sibi,
2574 836 2602 864 »
2653 813 2761 869 hoc
2801 816 2910 883 est,
2942 810 3330 882 quodcunque
3361 823 3463 863 cor
3492 805 3791 878 habuerit,

2135 909 2191 958 et
2221 903 2376 959 mala
2405 903 2697 975 cogitatio,
2727 902 2924 958 statim
2958 899 3198 954 faciunt.
3231 899 3542 969 Propterea
3574 893 3794 949 dicitur

2135 992 2196 1047 in
2244 992 2581 1048 Ezechiele:
2632 991 2741 1046 Fili
2789 990 3046 1059 hominis,
3080 988 3297 1060 loquere
3344 985 3622 1041 adversus
3663 1000 3789 1055 pro.

2133 1084 2341 1156 γήμειας,
2410 1083 2504 1154 qui
2555 1085 2858 1152 sequuntur
2911 1095 3003 1134 cor
3066 1093 3249 1142 suum,
3309 1085 3362 1130 et
3428 1073 3793 1147 quodcunque

2139 1172 2374 1244 impellit
2420 1172 2699 1240 cogitatio,
2743 1171 2954 1241 faciunt
3006 1167 3216 1240 (Ezech.
3247 1181 3374 1231 xm,
3407 1165 3488 1235 3).
3536 1163 3665 1218 Nos
3696 1180 3793 1216 au-

2140 1267 2257 1317 tem
2307 1277 2422 1316 non
2475 1260 2756 1314 debemus
2815 1257 2981 1328 sequi
3030 1255 3442 1328 cogitationem
3504 1259 3795 1314 nostram,

2142 1367 2247 1405 nec
2301 1349 2416 1404 dici
2465 1346 2789 1415 Ismaelitaz,
2837 1347 2945 1401 hoc
2994 1349 3083 1402 est
3134 1345 3473 1400 obedientes
3520 1341 3665 1410 sibi,
3701 1343 3795 1398 sed

2144 1438 2374 1503 Ismael,
2415 1437 2523 1492 hoc
2575 1440 2682 1502 est,
2716 1435 3049 1491 obedientes
3082 1439 3214 1490 Deo.
3279 1455 3305 1485 α
3339 1431 3535 1499 Moab,
3582 1447 3656 1485 ex
3705 1448 3798 1502 pa-

2143 1533 2249 1597 tre,
2282 1549 2309 1577 ››
2345 1527 2451 1582 hoc
2483 1531 2570 1582 est
2602 1527 2936 1580 recedentes
2983 1541 3017 1578 a
3057 1527 3171 1578 Deo
3222 1523 3402 1578 Patre.
3458 1545 3489 1570 «
3521 1520 3799 1593 Agareni,

2144 1616 2444 1689 proselyti.
2481 1638 2507 1664 »
2557 1615 2664 1680 Qui
2723 1629 2858 1669 cum
2915 1613 3192 1668 deberent
3249 1627 3376 1666 esse
3433 1607 3799 1666 habitatores

2147 1705 2268 1772 Dei,
2301 1703 2574 1776 proselyti
2622 1702 2759 1758 facti
2813 1706 2970 1758 sunt.
3005 1699 3166 1756 Gebal
3215 1700 3648 1771 interpretatur
3691 1698 3799 1752 ναι.

2146 1795 2215 1850 lis
2244 1811 2405 1849 vana.
2440 1793 2531 1856 Ge,
2565 1791 2782 1848 dicitur
2818 1792 3000 1846 vallis.
3049 1791 3152 1844 Bal
3196 1805 3331 1844 vero
3379 1787 3799 1858 interpretatur

2146 1897 2305 1936 vana.
2342 1879 2443 1935 Isti
2474 1895 2610 1951 ergo
2645 1879 2744 1950 qui
2776 1882 2977 1934 contra
3004 1877 3102 1932 Dei
3155 1875 3439 1948 populum
3485 1879 3649 1940 sunt,
3682 1891 3799 1930 non

2149 1974 2289 2024 sunt
2336 1971 2404 2024 de
2451 1972 2667 2033 monte,
2701 1967 2800 2024 sed
2843 1967 2913 2022 de
2950 1965 3097 2022 valle
3127 1981 3292 2021 vana.
3327 1965 3397 2020 Et
3425 1969 3687 2020 Ammon
3717 1965 3804 2019 in-

2148 2061 2534 2129 terpretatur,
2615 2057 2854 2128 populus
2942 2055 3237 2119 turbidus;
3310 2053 3420 2110 hoc
3499 2059 3627 2118 est,
3703 2053 3802 2125 qui

2151 2147 2450 2202 confidunt
2496 2147 2555 2200 in
2605 2144 3002 2211 multitudine,
3034 2149 3091 2200 et
3138 2161 3252 2200 non
3286 2143 3344 2198 in
3391 2141 3801 2214 simplicitate.

2150 2237 2366 2290 Amalec
2437 2234 2857 2306 interpretatur
2930 2236 3141 2306 [ingens
3228 2243 3461 2288 terram.
3537 2231 3803 2294 Quicun-

2151 2341 2263 2396 que
2296 2324 2451 2380 enim
2484 2328 2749 2396 pugnant
2778 2324 3056 2379 adversus
3086 2321 3369 2395 populum
3405 2322 3532 2389 Dei,
3559 2337 3678 2377 non
3707 2337 3801 2376 co-

2151 2413 2394 2468 medunt
2433 2413 2726 2468 cmlestem
2771 2427 3003 2484 panem,
3038 2411 3138 2467 sed
3170 2409 3404 2482 lingunt
3437 2414 3664 2465 terram
3696 2411 3802 2464 sic-

2150 2505 2214 2555 ut
2270 2517 2528 2571 serpens.
2577 2501 2944 2572 Alienigenee.
3000 2499 3108 2555 Ubi
3165 2499 3384 2554 dicitur
3437 2500 3803 2568 alienigene,

2148 2590 2206 2644 in
2268 2590 2502 2644 Hebraeo
2559 2589 2732 2644 habet
2777 2591 3106 2645 Philistiim.
3156 2588 3477 2644 Philistiim
3525 2605 3664 2644 vero
3715 2591 3802 2644 in-

2147 2681 2542 2749 terpretantur
2595 2677 2845 2733 cadentes
2899 2678 3162 2749 potione:
3212 2677 3320 2732 hoc
3379 2681 3490 2746 est,
3552 2679 3662 2751 qui
3719 2679 3805 2733 in-

2147 2767 2351 2822 ebriati
2384 2771 2523 2821 sunt
2574 2767 2644 2822 de
2693 2766 2870 2822 calice
2910 2765 3151 2832 diaboli,
3182 2771 3238 2820 et
3270 2765 3546 2821 inebriati
3581 2767 3804 2821 cecide-

2146 2855 2376 2910 derunt.
2404 2877 2430 2904 «
2456 2853 2600 2910 Cum
2621 2854 3026 2910 habitantibus
3050 2854 3288 2926 Tyrum.
3318 2876 3344 2902 ››
3384 2858 3572 2927 Tyrus
3599 2853 3809 2928 lingua

2143 2944 2383 2999 Hebraea
2436 2942 2649 2998 dicitur
2679 2943 2797 3009 Sor,
2829 2943 2982 3015 quod
3028 2943 3474 3014 interpretatur,
3509 2945 3804 3001 tribulatio

2147 3037 2205 3090 et
2233 3035 2513 3103 angustia.
2547 3033 2654 3098 Qui
2697 3033 3022 3088 debuerant
3073 3049 3201 3088 esse
3256 3033 3552 3105 peregrini
3602 3033 3665 3088 in
3697 3035 3804 3090 isto

2148 3121 2380 3188 saeculo,
2412 3121 2548 3176 facti
2597 3126 2736 3176 sunt
2773 3120 3154 3177 habitatores.
3191 3121 3290 3176 lsti
3320 3138 3460 3194 ergo
3496 3123 3605 3194 qui
3637 3141 3810 3197 expu-

2151 3215 2333 3282 gnant
2380 3209 2662 3282 populum
2712 3209 2835 3275 Dei,
2867 3209 3137 3266 habitant
3189 3211 3248 3265 in
3289 3212 3414 3276 Sor,
3451 3211 3568 3268 hoc
3605 3220 3718 3280 est,
3751 3215 3806 3269 in

401 3301 502 3374 qui
531 3300 673 3357 dicit
705 3321 718 3353 :
771 3301 974 3356 Discite
1018 3317 1059 3356 α
1103 3316 1188 3355 me
1225 3302 1356 3371 quia
1397 3302 1546 3354 mitis
1574 3317 1698 3354 sum
1731 3307 1780 3354 et
1812 3299 2045 3354 humilis
2073 3290 2115 3355 C
2154 3299 2428 3371 angustia
2450 3303 2506 3354 et
2534 3298 2908 3355 tribulatione
2933 3300 3139 3354 animae
3172 3317 3313 3356 suae.
3350 3301 3478 3356 Ista:
3511 3319 3656 3375 ergo
3692 3309 3808 3358 tan-

398 3391 556 3447 eorde
579 3390 790 3464 (Matth.
822 3408 902 3460 x1,
931 3389 1044 3458 29).
1078 3389 1178 3444 Ille
1209 3394 1404 3444 autem
1440 3388 1542 3459 qui
1579 3388 1840 3459 erigitur,
1873 3387 2040 3443 illum

400 3481 667 3536 imitatur
709 3479 806 3550 qui
856 3478 1043 3532 dicit:
1097 3479 1159 3532 In
1198 3479 1401 3532 cwlum
1431 3476 1744 3546 ascendam,
1774 3492 1938 3547 super
1965 3477 2043 3531 si-

397 3569 530 3624 dera
572 3569 696 3623 σαειὶ
740 3583 940 3638 ponam
988 3567 1247 3620 thronum
1282 3581 1482 3633 meum,
1516 3581 1606 3621 ero
1649 3565 1849 3620 similis
1878 3567 2041 3620 Altis-

399 3657 538 3712 simo
568 3657 692 3727 (Isa.
727 3672 840 3721 xw,
876 3655 984 3726 13).
1037 3679 1058 3703 α
1095 3654 1163 3709 Et
1193 3654 1293 3726 qui
1326 3655 1575 3710 oderunt
1604 3659 1679 3726 te,
1712 3654 2044 3711 extulerunt

405 3749 662 3817 caput.»

479 3855 507 3884 «
537 3833 724 3905 Super
772 3831 1055 3903 populum
1106 3836 1279 3886 tuum
1336 3831 1803 3904 malignaverunt
1853 3833 2043 3888 consi-

403 3923 571 3979 lium.
611 3943 639 3972 »
694 3920 923 3976 Sufficit
965 3919 1162 3987 alicui,
1194 3921 1243 3975 si
1292 3921 1543 3991 populus
1582 3922 1678 3975 Dei
1725 3922 1822 3976 sit.
1880 3941 1901 3968 α
1934 3924 2044 3978 Co-

402 4013 734 4086 gitaverunt
764 4009 1044 4065 adversus
1074 4013 1309 4064 sanctos
1340 4015 1490 4064 tuos.
1524 4030 1550 4060 »
1607 4011 1722 4065 Hoc
1762 4010 2044 4082 interpre-

403 4101 624 4157 tatione
653 4115 768 4155 non
799 4097 1042 4170 indiget.
1077 4098 1329 4170 Legisse,
1363 4097 1717 4153 intellexisse
1756 4103 1866 4154 est.

481 4213 503 4241 α
537 4189 834 4257 Dixerunt,
866 4187 1059 4243 venite
1109 4193 1165 4243 et
1213 4187 1622 4259 disperdamus
1653 4203 1751 4242 eos
1791 4189 1860 4243 de
1906 4205 2045 4261 gen-

404 4283 480 4334 te.
517 4301 539 4327 »
593 4279 660 4332 Et
698 4294 814 4332 non
857 4275 934 4331 sit
976 4292 1138 4348 gens,
1174 4275 1313 4347 quia
1342 4277 1595 4347 populus
1625 4277 1723 4332 Dei
1755 4281 1862 4332 est.
1915 4301 1942 4326 «
1977 4279 2047 4333 Et

404 4383 521 4422 non
549 4381 942 4420 memoremur
973 4381 1183 4421 nomen
1205 4365 1383 4420 Israel
1415 4365 1587 4420 ultra.
1615 4389 1643 4416 ››
1675 4366 1800 4421 Non
1831 4383 2045 4422 memo-

403 4460 567 4512 retur
595 4453 708 4525 hic,
743 4454 842 4526 qui
875 4471 1051 4509 sensu
1081 4455 1275 4509 videat
1307 4461 1506 4510 Deum.

479 4569 501 4596 «ι
537 4543 822 4613 Quoniam
849 4543 1250 4616 cogitaverunt
1279 4545 1634 4600 unanimiter
1657 4545 1855 4601 simul.
1893 4569 1919 4594 »
1952 4551 2042 4601 In-

403 4633 600 4690 felices
647 4650 802 4688 nos:
859 4632 1064 4688 Infelix
1114 4632 1366 4704 populus
1418 4633 1537 4704 Dei,
1583 4651 1696 4689 non
1746 4639 1936 4706 potest
1981 4636 2041 4690 in
2074 4658 2119 4722 D

401 4725 553 4780 bono
602 4726 826 4778 tantam
877 4721 1088 4776 habere
1136 4722 1532 4789 concordiam,
1567 4730 1848 4794 quantam
1904 4724 2039 4778 mali

401 4813 620 4869 habent
664 4811 723 4866 in
773 4810 946 4864 malo.
1000 4833 1027 4859 ‹‹
1059 4810 1354 4866 Adversus
1390 4816 1446 4866 te
1475 4816 1893 4866 testamentum
1923 4812 2042 4869 dis—

401 4904 725 4972 posuerunt
752 4897 1131 4955 tabernacula
1159 4900 1548 4954 Idumaeorum
1587 4905 1643 4954 et
1686 4901 1990 4956 Ismaelitte
2028 4919 2040 4957 :

403 4989 572 5045 Moab
605 4988 876 5062 Agareni,
912 4987 1110 5059 Gebal,
1145 4992 1201 5043 et
1230 4996 1417 5044 Amon
1449 4994 1505 5043 et
1549 4989 1806 5060 Amalec,
1841 4989 2042 5045 alieni-

403 5092 561 5148 genae
592 5095 725 5133 cum
757 5078 1158 5134 habitantibus
1189 5079 1405 5150 Tyrum
1443 5097 1454 5133 :
1497 5079 1708 5132 etenim
1741 5085 1928 5134 Assur
1954 5095 2046 5134 ve-

401 5165 490 5221 nit
517 5183 650 5223 cum
680 5167 819 5236 illis,
852 5168 986 5222 facti
1020 5172 1157 5222 sunt
1186 5167 1246 5220 in
1290 5168 1651 5237 adjutorium
1685 5168 1810 5223 Lot.
1846 5191 1874 5216 »
1924 5172 2043 5224 Un-

399 5254 588 5310 decim
620 5267 760 5311 sunt
809 5257 910 5327 qui
959 5261 1223 5328 pugnant
1254 5256 1534 5311 adversus
1566 5262 1857 5312 sanctum.
1890 5261 2040 5321 Quo-

398 5342 558 5398 niam
606 5360 742 5415 ergo
791 5348 1199 5418 pugnaverunt
1234 5350 1435 5400 contra
1464 5350 1716 5412 sanctos,
1751 5347 1820 5400 ad
1855 5349 2040 5418 perfe-

397 5435 556 5486 ctum
603 5447 936 5504 numerum,
968 5435 1027 5488 id
1077 5438 1164 5488 est
1213 5433 1649 5500 duodecimum,
1681 5435 1878 5490 venire
1924 5453 2040 5492 non

397 5525 732 5592 potuerunt.
780 5541 806 5571 «
835 5522 1230 5577 Tabernacula
1263 5523 1671 5578 Idummorum.
1712 5547 1732 5572 η
1778 5529 1901 5578 Non
1937 5524 2039 5580 ha-

395 5610 536 5665 bent
571 5611 784 5666 domus
829 5611 1300 5680 fundamentum,
1334 5612 1435 5664 sed
1487 5612 1865 5668 tabernacula
1913 5631 2037 5685 qua:

395 5699 508 5760 cito
533 5703 968 5772 pertranseunt.
995 5699 1247 5754 Idumam
1267 5698 1576 5768 dupliciter
1600 5700 2033 5773 interpretatur,

2149 3394 2219 3444 tae
2250 3393 2451 3461 gentes
2491 3405 2620 3460 quae
2673 3393 2938 3460 pugnant
2973 3389 3254 3444 adversus
3286 3395 3587 3457 sane-tum,
3622 3391 3807 3446 vidca-

2155 3494 2286 3532 mus
2313 3493 2488 3548 quem
2523 3477 2740 3532 habent
2771 3477 3094 3549 principem
3121 3495 3132 3532 :
3165 3477 3550 3549 Salvatorem,
3585 3496 3664 3534 an
3695 3481 3809 3535 dia-

2150 3566 2372 3622 bolum.
2407 3566 2554 3629 Quid
2586 3565 2852 3642 sequitur
2875 3566 2903 3620 ?
2949 3586 2976 3618 ‹‹
3006 3567 3229 3622 Etenim
3261 3570 3450 3623 Assur
3481 3569 3650 3624 venit
3678 3585 3805 3624 cum

2149 3654 2286 3710 illis.
2323 3677 2350 3705 ››
2382 3655 2550 3710 Assur
2579 3654 3110 3711 Nabuchodonosor
3139 3657 3513 3713 adversarius
3545 3657 3678 3725 Dei,
3713 3659 3806 3732 qui

2155 3743 2435 3817 populum
2469 3745 2565 3799 Dei
2598 3743 2764 3800 duxit
2793 3745 2852 3799 in
2885 3745 3276 3818 captivitatem
3311 3763 3324 3800 :
3367 3745 3511 3802 licet
3540 3747 3808 3803 videatur

2153 3838 2354 3905 gentes
2385 3833 2596 3889 habere
2627 3833 2912 3906 plurimas
2943 3851 3047 3906 pro
3081 3851 3142 3891 se
3177 3835 3572 3892 dimicantes:
3611 3842 3804 3893 tamen

2156 3923 2478 3996 principem
2506 3923 2726 3978 habent
2747 3930 2950 3994 Assur,
2974 3922 3082 3979 hoc
3111 3928 3198 3979 est
3220 3923 3549 3980 diabolum.
3585 3950 3616 3976 ι’(
3655 3926 3804 3982 Facti

2156 4018 2293 4068 sunt
2341 4013 2396 4066 in
2446 4012 2801 4082 adjutorium
2851 4010 2987 4068 filiis
3019 4013 3140 4067 Lot.
3176 4037 3198 4064 ι
3255 4014 3350 4068 ιοι
3381 4013 3806 4088 interpretatur

2153 4102 2452 4156 declinans.
2486 4105 2787 4156 Daemones
2833 4106 2966 4156 ante
2997 4102 3232 4157 fuerunt
3262 4101 3480 4174 angeli,
3515 4110 3574 4159 et
3606 4111 3806 4176 postea

2156 4208 2287 4244 cum
2339 4189 2569 4245 diabolo
2618 4190 2971 4259 ceciderunt,
3021 4195 3078 4246 et
3129 4191 3262 4246 facti
3321 4195 3464 4246 sunt
3521 4194 3803 4250 satellites

2153 4281 2301 4350 ejus,
2333 4278 2485 4334 sicut
2527 4279 2810 4350 scriptum
2857 4283 2944 4335 est
2990 4280 3049 4334 in
3101 4279 3450 4352 Apocalypsi
3505 4281 3802 4338 Joannis:

2155 4369 2296 4436 Quia
2351 4367 2521 4424 draco
2575 4368 2784 4434 cecidit,
2825 4375 2876 4424 et
2933 4370 3105 4424 traxit
3158 4384 3336 4424 secum
3394 4372 3626 4427 tertiam
3682 4389 3802 4441 par-

2152 4463 2260 4512 tem
2309 4457 2595 4513 stellarum
2645 4459 2825 4530 (Apoc.
2877 4474 2998 4528 VIII,
3058 4458 3165 4530 12).
3221 4459 3370 4530 Ergo
3420 4460 3570 4531 quid
3625 4459 3803 4515 dicit?

2153 4547 2253 4601 Isti
2287 4547 2387 4619 qui
2416 4550 2699 4602 venerunt
2728 4563 2863 4601 cum
2893 4546 3072 4601 tantis
3102 4547 3396 4618 gentibus,
3421 4551 3480 4602 et
3511 4565 3806 4624 expugna-

2151 4641 2360 4690 verunt
2389 4635 2672 4707 populum
2704 4639 2897 4702 tuum,
2929 4639 2987 4690 et
3015 4635 3170 4691 venit
3212 4652 3346 4690 cum
3387 4635 3476 4690 eis
3509 4641 3720 4702 Assur,
3748 4642 3802 4692 et

2154 4725 2475 4796 principem
2523 4725 2744 4780 habent
2785 4722 3108 4794 diabolum,
3139 4724 3276 4779 facti
3307 4729 3449 4780 sunt
3483 4725 3549 4781 in
3579 4728 3799 4799 adjuto-

2153 4814 2306 4868 rium
2357 4813 2494 4868 ﬁliis
2542 4814 2664 4878 Lot,
2702 4813 2809 4868 hoc
2852 4816 2940 4868 est
2989 4812 3372 4868 daemonibus.
3406 4812 3519 4876 Qui
3555 4833 3589 4870 a
3623 4820 3681 4871 te
3708 4816 3796 4870 de-

2153 4903 2533 4968 clinaverunt,
2565 4902 2674 4957 hoc
2730 4907 3047 4972 operantur
3076 4903 3228 4972 quod
3263 4907 3321 4956 et
3350 4903 3676 4960 daemones.
3707 4903 3796 4956 Vi-

2153 4992 2302 5046 detis
2333 4992 2471 5062 quia
2501 4988 2847 5045 difficillima
2874 4989 3002 5045 loca
3042 4995 3182 5046 sunt
3214 5007 3227 5045 :
3283 4990 3498 5046 videtis
3533 4994 3676 5065 quia
3703 4993 3795 5047 ob-

2152 5097 2321 5136 scura
2350 5085 2505 5147 sunt,
2539 5084 2595 5134 et
2624 5079 2684 5134 in
2716 5078 2966 5151 singulis
3011 5079 3383 5136 sermonibus
3415 5098 3639 5154 magna
3667 5084 3798 5138 sunt

2153 5173 2538 5235 sacramenta,
2571 5173 2627 5223 et
2674 5169 3023 5224 necessitate
3073 5167 3487 5242 compellimur
3521 5171 3579 5226 in
3610 5170 3796 5226 verbis

2150 5257 2466 5325 Hebraicis,
2500 5261 2556 5312 et
2605 5256 2792 5329 plenis
2852 5259 3145 5330 mysteriis
3197 5258 3422 5314 diutius
3470 5257 3792 5316 immorari.

2149 5347 2346 5416 Neque
2374 5346 2530 5401 enim
2562 5362 2718 5400 nunc
2749 5346 3106 5402 rhetoricum
3139 5346 3334 5402 locum
3383 5348 3790 5412 eventilamus,

2151 5435 2249 5490 sed
2283 5435 2338 5489 id
2372 5435 2526 5506 quod
2557 5452 2590 5490 a
2618 5434 2833 5507 Spiritu
2870 5441 3071 5490 sancto
3113 5435 3338 5490 dictum
3370 5440 3482 5502 est,
3518 5436 3798 5510 interpre-

2150 5524 2256 5578 tari
2289 5524 2552 5578 nitimur.
2586 5523 2707 5579 Nisi
2757 5523 2912 5579 enim
2953 5525 3036 5580 sic
3080 5526 3518 5596 interpretetur,
3557 5531 3620 5581 ut
3651 5523 3792 5578 dixi-

2151 5630 2302 5679 mus,
2327 5614 2467 5686 quid
2500 5613 2736 5685 prodest
2759 5613 3032 5670 Ecclesiis
3061 5614 3274 5670 Christi
3313 5614 3502 5686 legere
3535 5616 3797 5670 taberna-

2147 5703 2277 5760 cula
2309 5704 2698 5758 Idumaeorum
2730 5707 2786 5758 et
2821 5702 3143 5774 Ismaelitee,
3177 5708 3235 5761 et
3265 5708 3473 5761 cetera
3507 5702 3794 5762 nomina?
