3976 6188
179 460 331 525 1133

1354 454 1848 519 BREVIARIUM
1891 455 1970 515 IN
2018 452 2373 515 PSALMOS
2390 498 2403 511 .

3429 456 3581 515 H34

178 590 464 661 Quoniam
495 604 633 663 ergo
657 594 941 647 venerunt
969 591 1169 645 contra
1196 588 1482 661 populum
1514 593 1707 659 tuum,
1740 588 1818 645 vi-
1847 589 1901 656 Α
1932 602 2079 659 pone
2128 584 2257 642 illos
2306 590 2371 642 ut
2420 588 2625 641 rotam.
2660 602 2685 636 ιι
2743 585 2849 648 Qui
2903 585 3071 655 quasi
3127 586 3576 643 fundamentum

179 683 422 739 deamus
449 679 594 751 quid
622 678 706 735 eis
735 679 1089 751 imprecetur
1120 676 1456 734 Psalmista.

254 806 282 839 ιι
311 786 423 842 Fao
453 784 573 842 illis
600 785 754 841 sicut
781 785 1014 841 Madian
1046 787 1105 840 et
1135 782 1366 848 Sisaraa,
1389 783 1542 839 sicut
1567 782 1767 839 Jabin.
1798 805 1826 833 ››

181 875 434 949 Legistis
464 874 526 930 in
567 873 845 930 Judicum
876 872 1028 929 libro
1061 890 1074 928 :
1109 872 1227 928 Iste
1275 876 1365 929 est
1390 870 1619 927 Madian
1652 887 1828 943 quem

179 964 530 1038 expugnavit
580 962 814 1019 Gedeon
862 962 1067 1034 (ludio.
1114 978 1215 1026 vn,
1249 960 1417 1015 19—23
1461 969 1513 1016 et
1558 977 1682 1028 vm,
1716 962 1825 1030 l2).

178 1053 375 1121 Jabin,
403 1057 460 1109 et
480 1052 679 1109 Sisara
704 1051 806 1108 isti
837 1054 997 1121 sunt,
1026 1066 1175 1122 quos
1197 1040 1547 1121 expugnavit
1565 1048 1830 1106 Debbora

86 1170 95 1180 ~
179 1147 237 1200 et
264 1141 485 1199 Barach
529 1140 736 1214 (Judic.
770 1158 847 1209 1v,
880 1141 987 1209 15).
1025 1160 1056 1191 κ
1088 1139 1149 1194 In
1202 1143 1459 1194 torrente
1487 1137 1657 1194 Cison
1707 1137 1827 1194 dis-

180 1232 416 1305 periunt
454 1231 516 1288 in
565 1231 779 1287 Endor.
814 1252 844 1281 ››
877 1230 1144 1287 Debbora
1174 1236 1231 1285 et
1277 1228 1495 1285 Barach
1524 1227 1829 1285 interfece-

179 1326 317 1379 runt
379 1321 675 1380 Sisaram/
718 1318 1044 1392 principem
1111 1316 1333 1374 militiai
1393 1316 1597 1389 (Ibid.
1666 1316 1826 1388 21).

178 1411 325 1483 Ergo
408 1410 564 1482 quod
641 1408 804 1481 dicit,
869 1407 1057 1463 videte
1119 1406 1260 1478 quid
1328 1406 1407 1460 sit
1474 1421 1487 1460 :
1556 1405 1825 1474 Domine,

178 1503 460 1573 quautam
536 1498 753 1554 habent
815 1496 1153 1569 superbiam
1213 1496 1228 1551 !
1317 1495 1600 1566 quoniam
1687 1510 1825 1550 cum

176 1593 340 1646 tanto
420 1587 666 1647 veniunt
740 1586 1018 1653 exercitu,
1083 1583 1363 1656 quoniam
1437 1582 1827 1640 Nabuchodo-

180 1693 357 1735 nosor
410 1676 629 1733 habent
674 1675 998 1749 principem
1055 1672 1428 1746 Assyriorum
1482 1690 1496 1728 :
1547 1671 1827 1744 quoniam
1900 1684 1907 1691 ‘

182 1768 318 1823 facti
350 1771 490 1822 sunt
540 1765 602 1823 in
631 1764 994 1836 adjutorium
1040 1762 1175 1819 filiis
1226 1762 1327 1818 Lot
1359 1779 1373 1817 :
1408 1762 1689 1833 quoniam
1720 1761 1830 1817 hoc

185 1859 368 1929 agunt
416 1855 570 1928 quod
617 1857 801 1926 agunt
845 1852 1138 1908 demones
1169 1866 1183 1907 :
1219 1849 1498 1923 quoniam
1552 1849 1832 1922 superbia

182 1945 446 2018 ipsorum
494 1959 684 2015 usque
729 1943 801 1999 ad
847 1944 905 1997 te
950 1940 1170 1997 elevata
1214 1942 1304 1995 est
1353 1957 1367 1997 :
1417 1942 1725 2011 propterea
1774 1942 1832 1993 te
1860 1959 1908 2024 Β

185 2034 463 2107 deprecor
513 2037 600 2104 ut,
652 2032 724 2088 ad
775 2030 1160 2103 ignominiam
1207 2044 1400 2095 suam,
1459 2043 1575 2084 non
1625 2045 1660 2083 a
1711 2025 1831 2082 viro

182 2122 512 2188 vincantur,
544 2120 651 2177 sed
676 2137 710 2178 a
761 2119 1023 2175 muliere.
1060 2136 1089 2169 ι
1118 2116 1276 2173 Facti
1320 2120 1461 2171 sunt
1504 2120 1570 2171 ut
1608 2120 1834 2171 stercus

184 2215 374 2269 terra.
409 2232 436 2260 η
467 2209 623 2273 Qui?
654 2208 909 2274 Madian,
928 2211 988 2261 et
1017 2205 1233 2272 Sisara,
1267 2208 1326 2260 et
1351 2203 1549 2260 Jabin.
1582 2203 1684 2260 Isti
1715 2208 1835 2260 tres

181 2300 322 2357 facti
354 2302 496 2355 sunt
533 2296 686 2353 sicut
732 2300 957 2351 stercus
999 2298 1187 2350 terrae.
1220 2293 1452 2350 Hadian
1487 2293 1832 2364 interpreta-

178 2394 282 2445 tur
308 2386 635 2457 relinquens
663 2385 961 2456 judicium.
994 2382 1342 2453 Quicunque
1371 2386 1597 2454 pugnat
1629 2385 1834 2437 contra

181 2475 470 2550 populum
520 2489 739 2539 meum,
770 2488 886 2528 non
934 2471 1150 2543 cogitat
1198 2471 1462 2526 futurum
1510 2485 1639 2526 esse
1664 2469 1834 2541 judi-

182 2564 369 2622 cium.
408 2563 607 2619 Sisara
648 2562 1064 2633 interpretatur
1113 2562 1242 2631 equi
1267 2560 1426 2615 visio.
1460 2559 1561 2614 Isti
1593 2559 1692 2630 qui
1724 2575 1833 2630 pu-

182 2656 371 2727 gnant
414 2655 616 2708 contra
653 2648 936 2723 populum
975 2652 1165 2717 tuum,
1197 2665 1314 2705 non
1364 2653 1506 2704 sunt
1558 2649 1629 2704 de
1660 2663 1833 2720 grege

182 2747 307 2812 tuo,
340 2744 398 2797 et
447 2740 519 2796 de
567 2738 877 2813 pecoribus
906 2736 1045 2805 tuis,
1077 2737 1176 2793 sed
1209 2736 1279 2792 de
1323 2737 1491 2807 equis
1539 2736 1640 2807 qui
1670 2736 1838 2792 insa-

183 2829 361 2887 niunt
385 2829 447 2884 ia
495 2827 763 2885 feminas.
800 2826 899 2881 [sti
941 2841 1079 2897 ergo
1107 2824 1245 2896 equi
1273 2840 1505 2896 semper
1533 2825 1721 2896 parati
1774 2824 1835 2880 in

185 2917 455 2990 prslium
486 2921 645 2974 sunt.
680 2936 710 2966 ‹‹
739 2915 901 2971 Sicut
926 2912 1120 2970 Jabin.
1156 2935 1185 2963 »
1213 2914 1243 2969 J
1253 2913 1389 2969 abin
1419 2906 1838 2985 interpretatur

185 3007 515 3063 intellectus.
545 3005 653 3069 Qui
700 3003 813 3060 sibi
842 3003 904 3060 in
952 3019 1062 3059 sua
1084 3001 1375 3074 sapientia
1421 3002 1749 3071 confidunt,
1780 3006 1839 3059 et

190 3112 313 3152 non
341 3095 403 3151 in
430 3094 617 3168 gloria
648 3091 768 3149 Dei.
809 3113 839 3143 (ς
871 3090 1029 3147 Facti
1059 3095 1200 3146 sunt
1228 3093 1294 3145 ut
1320 3094 1548 3146 stercus
1578 3093 1769 3145 terra.
1808 3112 1836 3140 »

188 3183 288 3241 Illi
339 3184 439 3257 qui
490 3181 892 3255 gloriabantur
943 3179 1004 3235 in
1052 3178 1331 3249 exercitu,
1391 3178 1491 3250 qui
1547 3178 1841 3235 habebant

187 3270 518 3345 principem
562 3271 768 3335 Assur,
816 3272 875 3324 et
917 3267 1191 3323 dicebant
1231 3283 1245 3323 :
1298 3271 1363 3323 In
1404 3268 1603 3324 caelum
1645 3283 1837 3324 ascen.-

184 3362 320 3418 dam
368 3361 495 3433 (Isa.
526 3375 643 3425 xiv,
684 3358 797 3428 13),
844 3372 960 3412 non
1011 3354 1205 3412 solum
1253 3356 1313 3411 in
1345 3360 1563 3413 terram
1615 3356 1839 3413 cecide-

185 3454 352 3517 runt,
385 3449 486 3504 sed
518 3448 578 3502 in
606 3451 764 3502 terra
791 3449 1018 3501 stercus
1047 3445 1185 3500 facti
1214 3448 1375 3500 sunt.
1532 3454 1544 3473 '
1586 3504 1593 3515 η

262 3559 295 3588 ‹‹
323 3538 476 3593 Pone
521 3533 813 3608 principes
859 3549 1085 3589 eorum.
1143 3554 1171 3582 ››
1224 3534 1532 3600 Quorum?
1574 3532 1681 3600 Qui
1731 3550 1837 3606 pu-

181 3630 374 3701 gnant
397 3628 602 3681 contra
630 3621 914 3696 populum
944 3626 1137 3678 tuum.
1183 3643 1213 3672 ‹‹
1244 3621 1407 3678 Sicut
1435 3623 1585 3678 Oreb
1617 3626 1675 3678 et
1702 3622 1836 3688 Zeb,

179 3718 240 3769 et
269 3713 471 3780 Zehee,
510 3715 570 3768 et
614 3710 908 3767 Salmana.
940 3708 1158 3766 Omnes
1204 3709 1499 3782 principes
1548 3726 1771 3767 eorum.
1808 3730 1836 3759 ››

182 3802 431 3875 Legisse
486 3817 588 3856 vos
635 3803 775 3872 puto
820 3798 1128 3855 historiam
1178 3798 1238 3855 in
1292 3799 1572 3855 Judicum
1628 3798 1779 3854 libro
1822 3816 1836 3854 :

177 3890 470 3964 quoniam
499 3888 731 3943 Gedeon
751 3887 851 3959 qui
884 3890 1122 3942 vocatur
1139 3885 1251 3942 alio
1282 3887 1524 3943 nomine
1543 3886 1838 3956 Jerobaal,

179 3994 296 4053 pro
329 3974 544 4049 populo
572 3975 672 4031 Dei
703 3990 996 4048 pugnans,
1020 3974 1127 4031 hos
1157 3979 1411 4046 quatuor
1440 3991 1608 4048 reges
1638 3976 1843 4031 vicerit

182 4074 245 4125 et
281 4065 637 4124 interfecerit
667 4080 766 4121 eos
797 4064 993 4136 (ludio.
1025 4080 1123 4133 vn,
1154 4064 1227 4119 22
1256 4065 1390 4136 seq.)

257 4172 466 4230 Videte
488 4170 691 4245 quales
730 4175 872 4227 sunt
908 4169 1204 4243 principes
1233 4170 1703 4242 Madianitarum,
1739 4171 1841 4244 qui

184 4261 557 4334 reliquerunt
577 4259 869 4331 judicium
894 4258 1025 4316 Dei:
1050 4280 1078 4309 «
1108 4258 1278 4327 Oreb,
1309 4264 1367 4315 et
1397 4260 1529 4329 Zeb,
1561 4264 1619 4317 et
1638 4261 1837 4329 Zehee,

182 4356 244 4408 et
277 4349 573 4408 Salmana.
597 4369 625 4402 ι
659 4348 801 4415 Quis
832 4347 1073 4421 putatin
1105 4347 1236 4404 istis
1266 4349 1459 4405 verbis
1480 4366 1608 4406 esse
1630 4354 1842 4423 myste-

186 4441 282 4497 ria
311 4436 675 4495 Salvatoris?
708 4437 934 4509 Legunt
964 4436 1073 4492 hoc
1100 4436 1453 4509 philosophi,
1487 4443 1544 4493 et
1574 4439 1838 4494 irrident.

184 4530 420 4605 Legunt
447 4527 732 4593 rhetores,
766 4529 823 4581 et
864 4528 1076 4596 putant
1121 4540 1250 4580 esse
1278 4525 1682 4582 deliramenta.
1713 4527 1838 4583 Non

184 4617 387 4675 solum
436 4620 635 4673 autem
685 4614 974 4681 rhetores,
1008 4613 1111 4668 sed
1159 4617 1218 4669 et
1243 4612 1428 4669 Judaei
1475 4631 1590 4670 non
1620 4614 1840 4671 habent

185 4707 413 4764 clavem
461 4704 714 4763 scientiae
751 4719 765 4759 :
810 4702 1087 4776 quoniam
1137 4701 1399 4759 velamen
1448 4703 1704 4776 positum
1751 4708 1843 4761 est
1871 4690 1919 4756 D

186 4800 326 4853 ante
379 4793 582 4851 oculos
629 4808 854 4849 eorum.
910 4791 1060 4848 Oreb
1102 4792 1529 4863 interpretatur
1565 4796 1837 4864 foramen,

185 4885 250 4940 in
284 4900 401 4957 quo
429 4883 668 4940 coluber
696 4880 1040 4954 ingreditur.
1067 4880 1178 4936 Zeb
1210 4880 1628 4954 interpretatur
1657 4882 1838 4953 lupus.

187 4972 399 5028 Videte
429 4972 667 5028 nomina
697 4969 1051 5044 principium
1097 4970 1565 5026 adversariorum
1593 4969 1831 5025 Christi.

188 5061 393 5130 Zehee,
426 5061 623 5128 hostia,
657 5059 768 5115 hoc
815 5063 925 5127 est,
958 5074 1108 5131 quos
1139 5057 1315 5131 lupus
1362 5057 1749 5115 suifocaverit.
1777 5062 1847 5115 Et

189 5147 490 5216 Salmana,
516 5150 752 5221 perfecti
778 5150 839 5204 in
861 5147 1108 5203 malitia.
1141 5146 1344 5203 Videte
1372 5163 1508 5220 ergo
1538 5147 1845 5203 nominum

190 5240 588 5295 sacramenta.
650 5260 678 5289 «
724 5236 832 5303 Qui
883 5236 1155 5292 dixerunt
1204 5252 1219 5291 :
1275 5235 1609 5292 haereditate
1658 5235 1847 5309 possi-

203 5329 454 5384 deamus
484 5325 886 5384 sanctuarium
907 5324 1029 5381 Dei.
1053 5344 1080 5376 η
1116 5324 1416 5393 Dixerunt,
1440 5325 1541 5380 sed
1572 5342 1687 5381 non
1719 5341 1849 5397 per-

174 5400 492 5485 fecerunt;
528 5414 670 5487 quia
701 5413 983 5470 Dominus
1016 5414 1314 5487 pugnabat
1340 5430 1444 5486 pro
1474 5413 1688 5486 populo
1718 5429 1846 5470 suo.

279 5544 307 5574 «
338 5522 493 5579 Deus
526 5536 714 5589 meus,
748 5535 896 5593 pone
926 5519 1059 5576 illos
1090 5524 1155 5575 ut
1202 5525 1407 5575 rotam.
1440 5541 1468 5570 »
1501 5518 1705 5575 Videte
1736 5519 1850 5576 cle-

198 5612 493 5669 mentiam
525 5609 819 5683 prophetae
853 5625 865 5664 :
898 5607 1025 5663 Non
1074 5613 1346 5681 precatur
1372 5612 1576 5664 contra
1599 5624 1719 5676 eos,
1753 5610 1854 5665 sed

193 5717 305 5776 pro
346 5701 454 5758 eis.
487 5700 693 5773 Videte
744 5697 884 5772 quid
916 5696 1071 5753 dicat
1102 5713 1115 5753 :
1148 5696 1302 5755 Deus
1348 5712 1537 5765 meus,
1570 5697 1671 5770 qui
1702 5697 1855 5755 Deus

192 5805 264 5855 es
308 5789 603 5861 omnium,
653 5803 821 5847 meus
869 5787 1104 5863 proprie
1149 5786 1323 5846 Deus.
1376 5806 1405 5842 ιι
1450 5786 1605 5846 Deus
1654 5803 1851 5862 meus,

1936 674 2157 731 habent
2202 674 2264 729 in
2323 674 2567 740 malitia,
2630 690 2743 729 non
2801 673 3052 731 habeant
3102 674 3575 746 fundamentum,

1937 764 2039 819 sed
2070 761 2359 833 vacillent,
2389 766 2445 817 et
2476 779 2593 818 non
2627 766 2782 817 stent
2802 762 2861 819 in
2885 761 3124 817 malitia.
3163 783 3188 812 α
3214 763 3377 818 Sicut
3401 765 3583 836 stipu-

1938 851 2056 908 lam
2089 855 2223 906 ante
2271 851 2480 906 faciem
2524 850 2705 916 venti,
2738 838 2892 906 sicut
2940 851 3094 923 ignis
3143 851 3245 921 qui
3292 852 3587 908 comburit

1938 939 2168 996 silvam.
2200 959 2227 990 ι)
2271 960 2297 991 (ι
2325 938 2483 995 Sicut
2504 938 2806 1012 stipulam,
2833 961 2861 988 ››
2885 955 2999 994 non
3031 939 3183 994 sicut
3203 939 3584 996 frumentum.

1938 1028 2039 1084 sed
2084 1027 2396 1099 Stipulam;
2429 1028 2585 1100 quod
2636 1027 2796 1094 dicit,
2830 1028 2940 1084 hoc
2987 1032 3110 1095 est;
3146 1028 3193 1084 si
3228 1026 3361 1099 quis
3409 1028 3588 1093 estin

1938 1116 2022 1174 eis
2053 1116 2272 1189 stipula
2299 1121 2357 1172 et
2394 1116 2579 1189 palea,
2604 1121 2818 1188 pereat.
2861 1138 2887 1169 «ι
2917 1117 3082 1172 Sicut
3111 1117 3265 1189 ignis
3296 1117 3397 1190 qui
3427 1133 3586 1173 com-

1936 1205 2095 1262 burit
2121 1205 2348 1262 silvam.
2380 1225 2406 1275 ι)
2446 1206 2571 1261 Non
2614 1205 2778 1273 dixit,
2812 1207 3048 1262 arbores
3078 1206 3426 1279 frugiferas;
3460 1207 3585 1276 sed,

1935 1295 2156 1364 silvam,
2191 1312 2317 1367 quae
2349 1312 2464 1351 non
2494 1295 2672 1350 habet
2701 1295 2919 1366 fruges.
2950 1294 3007 1349 Si
3042 1295 3175 1366 quis
3203 1311 3339 1368 ergo
3371 1294 3590 1367 stipula

1937 1388 2047 1450 est,
2078 1388 2135 1440 et
2163 1400 2279 1439 non
2311 1384 2489 1439 habet
2534 1383 2895 1439 frumentum
2926 1400 2939 1438 :
2974 1384 3024 1440 si
3055 1384 3188 1455 quis
3220 1384 3365 1440 silva
3392 1388 3501 1452 est,
3532 1387 3594 1442 et

1942 1489 2054 1528 non
2085 1472 2262 1529 habet
2293 1472 2508 1545 fruges,
2544 1471 2636 1527 hic
2667 1476 2882 1544 pereat.
2910 1495 2937 1522 «
2972 1472 3136 1528 Sicut
3164 1472 3403 1528 ﬂamma
3434 1489 3589 1530 com-

1939 1561 2152 1618 burens
2185 1567 2437 1617 montes.
2475 1583 2502 1610 »
2528 1561 2814 1633 Superbia
2844 1561 2902 1616 in
2933 1562 3017 1617 eis
3049 1566 3264 1634 pereat.

2010 1654 2160 1706 «Ita
2206 1650 2576 1723 persequeris
2622 1649 2754 1704 illos
2804 1650 3239 1722 intempestate
3291 1658 3412 1721 tua,
3447 1651 3591 1708 etin

1939 1740 2026 1794 ira
2056 1742 2175 1794 tua.
2212 1761 2239 1787 ››
2273 1739 2420 1807 Quid
2448 1739 2476 1793 ‘?
2507 1738 2749 1795 Occides
2770 1756 2868 1796 eos
2888 1740 2915 1794 ‘?
2945 1740 3071 1795 Non
3107 1757 3120 1795 :
3154 1740 3278 1811 sed,
3321 1741 3592 1797 Turbabis

1936 1844 2045 1884 eos.
2080 1827 2154 1884 Ut
2184 1828 2502 1884 solventur.

2013 1938 2041 1967 ‹‹
2073 1915 2251 1987 Imple
2306 1915 2483 1972 facies
2532 1933 2735 1972 eorum
2787 1915 3187 1988 ignominia.»
3224 1918 3297 1973 Ut
3346 1918 3593 1974 confun‘

1942 2005 2176 2060 dantur.
2210 2006 2398 2070 Quare
2449 2004 2605 2060 hoc?
2637 2027 2665 2054 «
2698 2004 2773 2060 Ut
2802 2009 3101 2075 quaereant
3150 2023 3361 2062 nomen
3394 2010 3585 2073 tuum,

1945 2092 2204 2149 Domine.
2241 2114 2268 2141 n
2314 2092 2529 2148 Videtis
2579 2109 2714 2164 ergo
2744 2093 2884 2164 quia
2931 2110 3045 2147 non
3097 2098 3300 2151 contra
3337 2109 3457 2161 eos,
3490 2096 3591 2151 sed

1945 2198 2049 2255 pro
2078 2180 2266 2237 salute
2303 2179 2567 2251 ipsorum
2616 2182 2977 2253 deprecatur.
3036 2182 3292 2254 Denique
3321 2187 3380 2238 et
3410 2184 3469 2237 in
3504 2199 3594 2240 se-

1946 2269 2263 2342 quentibus
2293 2270 2479 2325 vidcte
2510 2269 2650 2341 quid
2684 2270 2838 2325 dicat
2866 2286 2879 2326 :

2018 2382 2046 2410 ‹‹
2080 2359 2440 2415 Erubescant
2460 2363 2517 2414 et
2545 2359 3041 2415 conturbenturin
3068 2359 3348 2416 saeculum
3371 2360 3594 2430 saeculi,

1946 2453 2003 2503 et
2032 2448 2468 2503 confundantur
2508 2454 2564 2503 et
2606 2452 2864 2519 pereant.
2895 2468 2922 2500 ι)
2975 2448 3219 2505 Pereant
3265 2450 3593 2505 secundum

1946 2537 2054 2592 hoc
2087 2536 2241 2607 quod
2277 2535 2417 2590 mali
2462 2540 2618 2603 sunt,
2651 2541 2709 2591 et
2737 2535 2990 2592 salvetur
3045 2538 3196 2609 quod
3232 2538 3452 2593 bonum
3483 2540 3593 2593 est.

1950 2625 2207 2696 Denique
2252 2624 2462 2696 videte,
2497 2625 2775 2697 quoniam
2823 2625 3070 2697 perditio
3102 2625 3197 2681 hic
3248 2643 3362 2682 non
3413 2625 3598 2682 aboli-

1947 2714 2166 2769 tionem
2201 2719 2392 2778 sonat,
2425 2714 2524 2769 sed
2554 2712 2828 2769 salutem.
2862 2714 2967 2780 Qui
3001 2715 3289 2785 sequitur.

2027 2823 2053 2855 α
2083 2802 2150 2856 Εῖ
2182 2805 2538 2874 cognoscant
2577 2802 2717 2872 quia
2767 2818 2979 2856 nomen
3010 2802 3113 2857 tibi
3162 2802 3448 2857 Dominus
3485 2820 3497 2858 :
3532 2808 3596 2861 tu

1949 2889 2110 2945 solus
2158 2888 2500 2945 Altissimus
2546 2888 2605 2943 in
2651 2888 2810 2944 omni
2863 2892 3038 2944 terra.
3075 2911 3102 2938 »
3153 2888 3351 2962 Frigat
3400 2907 3461 2945 se
3493 2889 3597 2963 qui

1946 2978 2071 3034 vult
2100 2983 2165 3033 ut
2206 2977 2482 3049 erigatur.
2515 2977 2631 3032 Nos
2679 2978 2945 3033 dicamus
2978 2994 2991 3031 :
3025 2978 3111 3033 Tu
3165 2977 3327 3033 solus
3358 2977 3594 3034 Altissi-

1950 3082 2082 3122 mus
2113 3066 2173 3121 in
2203 3065 2363 3121 omni
2407 3070 2579 3121 terra.
2613 3064 2997 3129 Quantumvis
3045 3064 3260 3136 aliquis
3290 3065 3594 3140 exaltetur,

1950 3171 2057 3210 nos
2088 3154 2409 3210 habeamus
2442 3154 2647 3225 Deum,
2680 3154 2773 3208 cui
2804 3153 3091 3210 excelsius
3122 3170 3334 3210 nomen
3367 3159 3477 3224 est,
3501 3155 3595 3211 cui

1949 3248 2037 3299 est
2068 3242 2252 3315 gloria
2283 3243 2340 3297 in
2368 3241 2581 3297 saecula
2610 3242 2977 3298 saculorum.
3011 3248 3218 3299 Amen.
3282 3317 3288 3321 ι

2446 3331 2775 3388 PSALMUS
2817 3331 3103 3387 LXXXIII.

1947 3423 2013 3479 In
2058 3421 2169 3490 ﬁne
2211 3437 2311 3492 pro
2355 3420 2722 3476 torcularibus
2774 3421 2903 3477 filiis
2955 3421 3111 3489 Core,
3146 3422 3417 3477 Psalmus.
3453 3422 3597 3479 Tres

2021 3496 2161 3547 sunt
2189 3491 2395 3564 psalmi
2446 3492 2543 3564 qui
2571 3507 2671 3564 pro
2717 3492 3084 3547 torcularibus
3115 3493 3596 3564 prrazscribuntur,

2020 3562 2275 3644 octavus,
2308 3567 2366 3618 et
2394 3562 2807 3644 octogesimus,
2841 3568 2898 3644 et
2920 3562 3333 3644 _octogésim_us
3362 3562 3594 3619 tertius.

2021 3630 2267 3707 Octavus
2306 3630 2710 3707 praescribitur
2758 3634 2986 3707 David:
3021 3630 3416 3707 oc'tog’esimus
3456 3652 3591 3692 vero

2021 3706 2419 3831 prescribitur
2446 3706 2645 3776 Asaph
2670 3724 2682 3760 :
2717 3706 3107 3778 octogesimus
3138 3706 3271 3762 vero
3295 3707 3504 3762 tertius
3535 3707 3598 3763 ﬁ-

2046 3778 2115 3831 iis
2139 3778 2300 3831 Core.
2335 3783 2414 3831 Do
2443 3778 2605 3831 vobis
2627 3776 2885 3831 aliquam
2909 3778 3193 3831 regulam.
3212 3783 3277 3831 ut
3308 3779 3507 3831 sciatis
3537 3778 3597 3831 in

2046 3778 2115 3832 iis
2139 3778 2300 3849 Core.
2335 3783 2414 3832 Do
2443 3778 2605 3849 vobis
2627 3776 2885 3849 aliquam
2909 3778 3277 3849 regulam,ut
3308 3779 3507 3834 sciatis
3537 3778 3597 3834 in

2021 3847 2338 3920 Scripturis
2390 3848 2553 3920 quid,
2582 3847 2885 3920 observare
2933 3847 3214 3904 debeatis.
3244 3850 3594 3920 Quicunque

2020 3918 2286 4045 Esaljnus
2328 3918 2726 3991 praescribitur
2771 3920 3023 4003 filiorum
3056 3920 3219 3986 Core,
3252 3920 3395 4001 nihil
3427 3918 3593 4001 triste

2064 3992 2215 4045 abet.
2234 3991 2335 4045 sed
2368 4008 2600 4045 semper
2628 3991 2757 4045 laeta
2778 3992 3088 4045 significat.
3123 3991 3411 4045 Ouoniam
3433 4006 3591 4045 enim

2064 3992 2215 4059 abet,
2234 3990 2347 4046 sed
2368 4008 2600 4063 semper
2628 3991 2757 4046 laeta
2778 3992 3088 4063 significat.
3123 3990 3411 4054 Quoniam
3433 3991 3591 4045 enim

2020 4067 2180 4134 Core,
2213 4068 2271 4118 et
2300 4063 2550 4128 Dathan,
2580 4067 2638 4118 et
2668 4063 2885 4119 Abiron
2917 4064 3409 4134 fecerunt‘contra
3437 4063 3592 4134 Moy-

2020 4150 2146 4201 sen,
2166 4131 2236 4189 et
2265 4150 2299 4187 a
2331 4135 2574 4189 Domino
2610 4135 2801 4204 puniti
2828 4137 2967 4189 sunt
2998 4150 3012 4187 :
3041 4132 3144 4186 filii
3178 4131 3319 4204 Core
3350 4133 3449 4203 qui
3480 4131 3595 4204 non

2020 4209 2161 4286 sunt
2176 4205 2359 4286 secuti
2379 4209 2600 4286 patrem
2612 4202 2818 4286 suum,
2837 4208 3048 4286 aeterno
3065 4202 3283 4286 gaudio
3307 4202 3598 4286 benedicti

2021 4281 2179 4331 sunt.
2212 4274 2496 4339 Quoniam
2529 4279 2724 4329 autem
2778 4279 2915 4329 Core
2948 4274 3366 4339 interpretatur
3397 4274 3597 4330 Calva-

2021 4348 2127 4426 g‘ia,
2160 4351 2218 4402 et
2258 4347 2652 4426 manifestum
2690 4350 2797 4412 est,
2832 4346 2985 4426 quod
3019 4344 3280 4426 Calvaria
3309 4345 3601 4426 signiticet

2020 4418 2215 4473 locum
2246 4417 2688 4473 resurrectionis
2722 4432 2734 4488 ;
2768 4417 3106 4488 quicunque
3129 4417 3284 4473 lilius
3314 4417 3455 4473 Cdre
3485 4423 3595 4485 est,

2019 4489 2177 4544 filius
2206 4494 2293 4544 est
2325 4487 2802 4560 resurrectionis;
2838 4487 3174 4560 quicunque
3206 4488 3593 4560 autemﬁlius

2022 4561 2465 4616 resurrectionis
2497 4564 2605 4629 est,
2635 4558 2780 4614 nihil
2806 4558 3001 4632 potest
3030 4558 3244 4615 habere
3275 4559 3428 4631 quod
3462 4558 3601 4613 tris-

2025 4636 2078 4687 te
2110 4636 2223 4687 est.
2788 4648 2797 4661 κ

2030 4741 2053 4769 α
2085 4720 2268 4784 Quam
2299 4720 2513 4776 dilecta
2543 4719 2919 4776 tabernacula
2974 4725 3093 4787 tua,
3130 4719 3371 4775 Domine
3417 4719 3600 4773 virtu-

1950 4809 2116 4866 tum!
2166 4808 2524 4881 concupiscit
2571 4814 2629 4866 et
2674 4808 2869 4865 deficit
2918 4810 3115 4865 anima
3166 4824 3296 4864 mea
3343 4808 3402 4862 in
3454 4808 3602 4863 atria

1952 4900 2201 4957 Domini.
2236 4921 2263 4949 ››
2303 4899 2517 4955 Deinde
2566 4899 2780 4954 dicitur
2814 4916 2826 4955 :
2861 4925 2888 4949 ‹‹
2922 4900 3082 4955 Beati
3115 4898 3216 4969 qui
3246 4897 3515 4952 habitant
3543 4897 3602 4953 in

1953 4989 2125 5045 domo
2158 4994 2276 5044 tua.
2314 5011 2340 5037 ››
2375 4988 2512 5045 Vide
2543 4988 2653 5043 tria
2682 5005 2808 5044 esse
2840 4986 3237 5059 tabernacula,
3261 4991 3319 5043 et
3348 4986 3516 5054 atria,
3548 4990 3607 5042 et

1955 5078 2025 5133 ad
2058 5082 2380 5133 extremum
2414 5078 2675 5132 domum.
2714 5080 2948 5142 «Quam
2986 5076 3198 5131 dilecta
3225 5074 3609 5131 tabernacula

1956 5171 2079 5233 tua,
2117 5167 2355 5222 Domine
2403 5164 2721 5221 virtutum!
2761 5189 2782 5215 ι
2821 5166 2954 5229 Quae
3003 5169 3143 5220 sunt
3190 5164 3305 5220 ista
3333 5165 3603 5220 taberna-

1958 5254 2090 5310 cula
2129 5255 2157 5309 ?
2203 5255 2519 5311 Videamus
2566 5253 2945 5326 Evangelium
2998 5272 3071 5310 an
3121 5255 3292 5310 nobis
3343 5254 3608 5327 aliquam

1959 5343 2412 5416 signiﬁcantium
2439 5344 2715 5416 praebeat.
2745 5343 3031 5415 Loquitur
3047 5344 3334 5400 Dominus
3350 5349 3407 5400 et
3426 5344 3605 5400 dicit:

1958 5432 2146 5490 Facile
2192 5434 2343 5487 vobis
2389 5435 2593 5489 amicos
2640 5432 2706 5487 de
2747 5434 2937 5505 iniquo
2984 5450 3329 5501 mammona,
3373 5438 3434 5489 ut
3484 5449 3609 5489 cum

1960 5522 2285 5593 defecerilis,
2346 5523 2615 5593 recipiant
2691 5537 2778 5576 vos
2850 5525 2911 5577 in
2993 5532 3195 5579 esterno
3254 5521 3610 5579 tabernacula

1963 5611 2111 5683 (Luc.
2142 5627 2259 5679 xvx,
2288 5611 2364 5679 9).
2392 5610 2609 5666 Videtis
2639 5628 2771 5683 ergo
2792 5612 2945 5683 quod
2978 5611 3249 5684 iniquum
3269 5627 3610 5667 mammona

1963 5700 2024 5756 in
2072 5701 2184 5757 isto
2226 5698 2435 5756 saeculo
2484 5701 2699 5758 deficit.
2748 5700 2966 5757 Tamen
3027 5702 3392 5757 considerate
3451 5696 3607 5771 quod

1964 5790 2074 5849 iste
2102 5788 2343 5865 iniquus
2365 5788 2666 5867 justitiam
2692 5794 2997 5864 praeparat.
3025 5790 3364 5848 Mammona
3416 5786 3473 5845 in
3502 5785 3611 5845 lin-
