3976 6188
375 436 529 523 ωδ

1870 455 2294 517 APPENDIX.

3617 455 3776 516 H36

372 611 488 667 gua
518 591 756 649 Hebraea
802 588 1013 646 divitiae
1051 592 1470 660 nuncupantur
1499 605 1510 642 :
1549 605 1664 643 non
1688 605 1922 656 aurum,
1957 593 2023 644 ut
2050 590 2104 655 Α
2137 588 2337 643 nidum
2369 588 2480 644 sibi
2511 589 2611 644 ubi
2660 591 2904 659 reponat
2951 583 3143 658 pullos
3191 602 3353 642 suos.
3384 585 3604 644 Altaria
3652 592 3776 653 tua,

371 680 611 755 quidam
651 683 878 754 putant.
910 683 990 733 De
1019 677 1221 749 iniquo
1275 693 1630 732 mammona.
1666 677 1813 732 Vera
1843 681 1933 732 est
1962 680 2019 730 et

373 769 708 845 philosophi
737 767 1005 841 quaedam
1038 767 1326 822 sententia
1362 785 1374 822 :
1409 789 1436 816 ‹‹
1469 766 1688 822 Omnes
1719 765 1885 822 dives
1917 769 2021 822 aut

371 860 636 931 iniquus,
685 862 786 912 aut
827 856 1014 927 iniqui
1064 855 1247 911 haeres
1296 860 1400 910 est.
1433 874 1459 907 ι›
1521 854 1830 926 Propterea
1879 853 2021 908 dicit

371 947 658 1006 Dominus
706 949 880 1018 atque
911 943 1174 1000 Salvator
1216 945 1371 1016 quod
1411 943 1617 999 divites
1671 942 1904 998 difﬁcile
1934 941 2018 996 in-

373 1036 724 1110 grediuntur
767 1033 828 1088 in
881 1049 1125 1106 regnum
1178 1031 1454 1088 ccslorum
1511 1031 1722 1102 (Matth.
1757 1048 1871 1101 xxx,
1901 1032 2013 1097 23).

371 1125 540 1182 Dicat
567 1123 782 1196 aliquis
815 1139 828 1177 :
865 1122 1165 1188 Quomodo
1197 1121 1469 1176 Zachaeus
1506 1121 1809 1194 ingressus
1839 1124 1926 1176 est
1957 1120 2016 1174 in

372 1229 619 1287 regnum
663 1211 963 1278 coslorum,
996 1209 1097 1281 qui
1133 1210 1290 1265 dives
1340 1209 1496 1264 fuit?
1526 1209 1638 1264 Sed
1671 1209 1835 1264 dedit
1865 1208 2018 1263 divi-

369 1304 504 1373 tias,
535 1306 594 1358 et
622 1301 824 1357 statim
845 1298 1227 1355 commutavit
1242 1297 1472 1353 divitias
1503 1313 1681 1370 regno
1712 1297 2014 1352 cmlorum.

369 1390 496 1447 Non
546 1389 710 1457 dixit,
761 1388 1098 1460 quicunque
1148 1386 1354 1441 divites
1402 1386 1638 1456 fuerint,
1672 1402 1786 1440 non
1837 1386 2015 1440 intra-

369 1480 519 1536 bunt
548 1479 609 1533 in
652 1493 835 1550 regna
875 1475 1152 1531 ccelorum
1189 1493 1201 1529 :
1235 1475 1336 1529 sed
1387 1475 1553 1540 dixit,
1586 1475 1740 1545 quod
1773 1473 2010 1530 difﬁcile

369 1569 577 1625 divites
595 1567 903 1622 intrabunt
931 1565 990 1618 in
1009 1579 1186 1634 regna
1207 1561 1505 1617 caelorum.
1541 1585 1569 1612 ‹‹
1594 1565 1779 1628 Quam
1802 1561 2016 1616 dilecta

367 1654 747 1714 tabernacula
774 1658 894 1723 tua,
927 1651 1170 1706 Domine
1217 1651 1497 1706 virtutum
1525 1651 1538 1705 l
1571 1673 1598 1699 ››
1639 1651 1752 1704 Alii
1785 1651 2014 1706 deside-

369 1750 502 1802 rant
548 1741 971 1817 possessiones,
1011 1741 1109 1794 alii
1158 1738 1353 1795 saeculi
1405 1739 1579 1794 istius
1628 1739 1880 1806 divitias,
1915 1739 2014 1794 alii

367 1849 572 1908 parere
620 1833 682 1887 in
729 1830 902 1886 istius
954 1828 1147 1884 saeculi
1197 1827 1480 1896 ecclesiis,
1514 1834 1570 1884 et
1617 1827 1863 1900 gloriam
1908 1827 2013 1882 ali-

367 1939 547 1996 quam
602 1922 818 1976 habere
869 1919 1022 1991 apud
1073 1916 1340 1973 homines
1391 1935 1405 1973 :
1466 1918 1612 1972 mihi
1660 1917 1767 1972 hoc
1820 1917 2011 1972 solum

368 2011 726 2068 desiderium
785 2013 875 2064 est
926 2007 1118 2064 videre
1181 2011 1394 2061 aeterna
1449 2006 1848 2062 tabernacula.
1909 2005 2016 2060 Illa

367 2101 514 2158 mihi
564 2098 779 2155 dilecta
831 2101 972 2153 sunt
1026 2094 1425 2162 tabernacula,
1484 2095 1582 2150 ubi
1640 2094 2011 2167 congregatio

366 2189 652 2246 virtutum
683 2191 792 2258 est,
816 2203 932 2241 non
954 2185 1253 2240 vitiorum.
1291 2205 1318 2235 ‹‹
1339 2184 1708 2256 Concupiscit
1733 2195 1789 2239 et
1819 2183 2016 2238 deficit

369 2277 569 2335 anima
615 2293 746 2332 mea
792 2275 851 2330 in
900 2274 1049 2329 atria
1111 2273 1360 2344 Domini,
1418 2295 1446 2323 ››
1508 2273 1617 2328 hoc
1674 2278 1763 2329 est
1817 2271 2010 2328 solum

369 2366 750 2431 desiderium,
779 2363 873 2418 hic
902 2361 1063 2418 solus
1103 2379 1267 2416 amor
1305 2377 1491 2431 meus,
1512 2366 1576 2416 ut
1604 2362 1832 2416 videam
1865 2361 2015 2416 atria

366 2459 491 2511 tua.
507 2453 711 2508 Videte
731 2451 1017 2506 ordinem.
1033 2449 1296 2504 Primum
1311 2449 1602 2504 desiderat
1612 2449 2010 2505 tabernacula:

367 2541 744 2599 tabernacula
773 2555 900 2610 quae
930 2554 1047 2593 non
1071 2537 1289 2593 habent
1310 2538 1755 2593 fundamentum
1781 2555 1794 2591 :
1821 2539 2012 2593 taber-

371 2630 582 2688 nacula
630 2645 756 2702 quae
805 2627 920 2683 cito
965 2630 1287 2682 mutantur.
1337 2626 1806 2683 Tabernaculum
1857 2627 2013 2681 enim

370 2736 604 2793 semper
632 2721 914 2784 mutatur,
932 2720 989 2771 et
1016 2715 1132 2770 huc
1162 2713 1418 2786 illucque
1442 2715 1816 2771 transfertur.
1841 2715 2014 2770 Czste-

368 2825 505 2866 rum
551 2807 703 2864 atria
747 2822 865 2862 non
917 2808 1056 2859 sunt
1105 2803 1344 2875 quidem
1399 2803 1632 2874 domus,
1665 2805 1764 2859 sed
1817 2809 2012 2859 tamen

367 2897 589 2956 habent
617 2895 815 2968 aliqua
845 2894 1247 2958 fundamenta,
1270 2897 1326 2947 et
1355 2893 1424 2948 dc
1454 2893 1602 2948 atrio
1635 2893 1924 2948 intramus
1954 2891 2014 2947 in

371 2989 636 3044 domum.
669 2985 783 3041 Iste
810 2998 946 3054 ergo
994 2981 1250 3054 primum
1298 2981 1674 3037 tabernacula
1702 2981 2013 3051 desiderat,

369 3068 428 3133 et
456 3079 660 3149 postea
687 3071 903 3138 deﬁcit,
933 3074 992 3126 et
1030 3085 1227 3126 amore
1255 3069 1500 3125 tabescit
1530 3074 1596 3124 ut
1623 3069 1816 3125 videat
1845 3069 2013 3140 atria,

371 3170 430 3221 et
459 3181 595 3220 cum
625 3161 800 3218 fuerit
828 3161 888 3215 in
920 3159 1088 3229 atrio,
1119 3163 1260 3213 tunc
1307 3157 1450 3213 dicit
1481 3175 1494 3212 :
1533 3179 1559 3211 ιι
1590 3158 1749 3213 Beati
1780 3158 1877 3230 qui
1912 3159 2014 3213 ha-

368 3254 560 3314 bitant
587 3254 648 3309 in
679 3253 851 3309 domo
883 3253 1002 3306 tua.
1033 3269 1060 3301 υ

2044 1961 2092 2024 Β

2130 677 2371 733 Domine
2435 677 2743 743 virtutum,
2791 693 2892 732 rex
2957 692 3146 743 meus,
3195 681 3254 730 et
3297 679 3453 731 Deus
3502 692 3695 731 meus.
3751 701 3777 725 υ

2131 765 2365 821 Interim
2426 765 2769 837 simpliciter
2840 764 3311 836 interpretemur.
3364 763 3574 820 Videte
3635 765 3774 836 quid

2128 853 2321 911 dicat:
2348 853 2641 922 Desidero,
2683 854 2944 922 Domine,
2967 861 3182 908 aeterna
3212 852 3601 909 tabernacula
3631 858 3729 909 tua
3758 871 3772 909 :

2128 967 2155 992 «
2189 943 2559 1014 Concupiscit
2604 948 2661 998 et
2710 941 2907 998 deﬁcit
2956 942 3155 997 anima
3201 958 3332 998 mea
3379 941 3440 996 in
3493 941 3648 997 atria
3671 941 3772 997 Do.

2127 1030 2291 1086 mini.
2318 1053 2345 1080 »
2371 1031 2577 1087 Sedem
2618 1029 2878 1102 aliquam
2903 1035 2958 1084 et
2987 1029 3259 1085 nidulum
3288 1030 3501 1085 animae
3529 1047 3697 1099 meae,
3725 1035 3775 1086 et

2125 1120 2350 1191 corpori
2383 1136 2511 1175 meo
2542 1119 2756 1175 habere
2786 1118 3074 1174 desidero.
3105 1121 3249 1175 Aves
3285 1135 3416 1190 quae
3449 1118 3643 1174 libere
3672 1119 3774 1174 huc

2126 1213 2299 1279 atque
2329 1208 2466 1263 illuc
2497 1215 2781 1280 vagantur
2808 1225 2821 1262 :
2857 1213 3051 1262 tamen
3084 1211 3394 1279 postquam
3434 1207 3772 1273 volaverint,

2128 1296 2346 1352 habent
2384 1297 2576 1352 locum
2619 1302 2678 1352 et
2709 1296 2942 1352 nidulos
2975 1296 3074 1351 ubi
3105 1297 3520 1367 requiescant:
3561 1303 3777 1368 quanto

2127 1386 2314 1458 magis
2345 1384 2542 1441 anima
2593 1401 2742 1456 mea,
2773 1389 2830 1440 et
2861 1401 2991 1440 caro
3041 1401 3170 1441 mea
3215 1384 3385 1440 debet
3433 1385 3556 1440 sibi
3589 1384 3776 1440 locum

2126 1490 2471 1545 praeparare,
2527 1474 2624 1528 ubi
2684 1472 2871 1545 possit
2917 1472 3319 1545 requiescere!
3379 1472 3554 1530 Nunc
3609 1473 3777 1529 altius

2123 1563 2349 1634 aliquid
2367 1563 2777 1618 ascendamus.
2801 1582 2822 1610 ε
2841 1562 2904 1617 In
2923 1562 3166 1618 Domino
3190 1562 3420 1618 conﬁdo
3442 1580 3456 1618 :
3478 1563 3773 1634 quomodo

2124 1651 2317 1708 dicitis
2369 1651 2574 1706 anima:
2625 1667 2790 1718 mea,
2828 1650 3184 1723 transmigra
3231 1651 3289 1706 in
3342 1655 3586 1708 montes
3636 1653 3776 1708 sicut

2122 1740 2361 1811 passer?
2374 1762 2402 1791 »
2418 1740 2620 1796 Videte
2631 1756 2766 1812 ergo
2782 1739 2922 1811 quia
2935 1756 3104 1795 nemo
3125 1740 3515 1812 transmigrat
3533 1741 3600 1795 in
3617 1757 3773 1796 mon-

2121 1834 2210 1884 tes
2239 1831 2352 1885 nisi
2391 1829 2491 1900 qui
2541 1845 2743 1901 passer
2771 1833 2879 1884 est.
2930 1852 2957 1878 ‹‹
2992 1830 3061 1884 Et
3089 1833 3285 1884 turtur
3333 1830 3548 1884 nidum
3582 1831 3714 1885 sibi.
3747 1854 3771 1879 ιν

2123 1917 2235 1972 Iste
2265 1924 2353 1974 est
2395 1917 2605 1989 turiur,
2637 1919 2707 1972 de
2749 1934 2865 1990 quo
2897 1919 3112 1974 dicitur
3141 1918 3200 1973 in
3238 1918 3477 1974 Cantico
3518 1920 3768 1974 cantico-

2124 2023 2253 2062 rum
2315 2024 2326 2062 :
2394 2008 2503 2062 Vox
2556 2009 2792 2062 turturis
2862 2007 3056 2063 audita
3127 2011 3204 2062 est
3259 2010 3320 2062 in
3377 2013 3530 2064 terra
3595 2015 3772 2064 nostra

2124 2099 2298 2169 (Cant.
2337 2099 2540 2167 11,12).
2594 2120 2622 2149 ‹‹
2668 2099 2887 2152 Turtur
2937 2097 3138 2152 nidum
3189 2097 3320 2156 sibi.
3357 2122 3384 2146 ››
3435 2099 3670 2154 Turtur
3695 2104 3773 2153 est

2123 2186 2340 2242 animal
2361 2187 2673 2242 castitatis.
2701 2188 2922 2242 Turtur
2945 2203 3060 2242 non
3084 2186 3311 2242 habitat
3332 2187 3390 2241 in
3414 2187 3767 2255 humilibus,

2123 2277 2224 2331 sed
2256 2291 2488 2348 semper
2513 2275 2649 2331 facit
2696 2275 2865 2331 nidos
2896 2275 3008 2330 sibi
3059 2276 3118 2330 in
3150 2274 3396 2332 excelsis
3431 2276 3764 2332 arboribus.

2124 2363 2289 2420 Sicut
2317 2380 2452 2436 ergo
2490 2381 2692 2435 passer
2721 2368 2778 2419 et
2822 2368 3016 2419 turtur
3045 2381 3176 2420 aves
3223 2365 3579 2421 castissimae
3613 2367 3773 2422 nidos

2125 2452 2235 2508 sibi
2263 2452 2321 2506 in
2349 2452 2795 2508 sublimioribus
2822 2453 3047 2508 faciunt
3071 2471 3083 2508 :
3108 2453 3191 2508 sic
3211 2469 3348 2524 ergo
3374 2454 3771 2524 tabernacula,

2125 2546 2181 2596 et
2211 2543 2365 2596 atria
2402 2547 2458 2596 et
2505 2542 2718 2597 domus
2768 2557 2883 2596 non
2935 2547 3075 2596 sunt
3123 2543 3181 2596 in
3215 2541 3426 2597 humili
3459 2543 3578 2598 ista
3610 2549 3772 2610 terra,

2123 2631 2224 2684 sed
2254 2629 2313 2684 in
2347 2629 2591 2696 excelso,
2625 2629 2734 2685 hoc
2764 2635 2853 2686 est
2876 2631 2932 2685 in
2963 2631 3161 2702 regnis
3191 2631 3493 2688 caelorum.
3518 2634 3775 2700 Denique

2121 2717 2310 2773 videte
2341 2718 2482 2789 quid
2515 2719 2688 2774 dicat.

2197 2829 2224 2854 ‹‹
2259 2806 2415 2860 Beati
2450 2806 2550 2878 qui
2584 2806 2852 2862 habitant
2894 2807 2952 2861 in
2986 2807 3159 2862 domo
3193 2811 3309 2863 tua.
3349 2832 3376 2856 ››
3404 2809 3472 2864 In
3504 2811 3775 2866 taberna-

2125 2894 2254 2950 culo
2286 2911 2400 2949 non
2432 2894 2790 2966 habitamus,
2816 2897 2917 2951 sed
2951 2897 3412 2968 peregrinamur.
3439 2898 3512 2953 Et
3537 2898 3608 2954 in
3641 2901 3776 2956 atrio

2123 2983 2387 3056 quandiu
2416 2999 2645 3055 sumus,
2667 3001 2782 3039 non
2805 2984 3168 3053 habitamus,
3185 2987 3285 3042 sed
3303 2988 3772 3059 peregrinamur.

2129 3073 2205 3128 De
2235 3071 2400 3128 atriis
2430 3072 2585 3128 enim
2617 3074 2938 3130 transimus
2989 3074 3046 3128 iu
3097 3074 3359 3130 domum.
3393 3074 3544 3131 Cum
3582 3083 3773 3132 autem

2125 3161 2454 3218 venerimus
2502 3162 2562 3216 in
2615 3163 2878 3230 domum,
2912 3163 3051 3234 quid
3083 3162 3340 3218 dicitur?
3383 3187 3411 3214 ‹‹
3466 3165 3639 3221 Beati
3687 3167 3774 3237 qui

2125 3250 2396 3306 habitant
2425 3249 2484 3305 in
2511 3251 2682 3307 domo
2713 3255 2814 3306 tua
2843 3269 2857 3320 ;
2885 3270 2912 3302 ι
2947 3253 3164 3307 Domus
3195 3268 3322 3322 quas
3356 3253 3535 3308 habet
3569 3254 3776 3310 funda-

442 3367 472 3396 «
503 3345 613 3402 Cor
641 3357 838 3398 meum
869 3344 926 3395 et
956 3355 1088 3394 caro
1119 3354 1249 3394 mea
1277 3337 1716 3393 exsultaverunt
1741 3338 1800 3394 in
1830 3337 2014 3394 Deum
2046 3326 2088 3392 C
2129 3344 2414 3396 mentum.
2443 3339 2727 3407 Quoniam
2753 3341 2838 3412 ,de
2867 3340 3042 3396 domo
3091 3341 3258 3398 nobis
3281 3342 3439 3398 exire
3473 3359 3597 3398 non
3633 3343 3775 3411 licet,

367 3434 588 3492 vivum.
624 3455 653 3482 ››
701 3429 946 3486 Difﬁcile
993 3431 1082 3483 est
1129 3430 1196 3482 ut
1237 3443 1337 3481 cor
1384 3430 1440 3480 et
1469 3443 1603 3481 caro
1655 3426 1904 3497 alicujus
1952 3426 2014 3481 in

369 3536 682 3579 commune
693 3516 1152 3575 consentiant.—
1170 3516 1228 3571 Si
1245 3515 1402 3572 enim
1425 3516 1749 3571 secundum
1763 3518 2012 3588 Aposto-

364 3610 491 3665 lum
522 3607 767 3677 spiritus
798 3608 1019 3678 pugnat
1045 3609 1248 3659 contra
1277 3620 1534 3671 carnem,
1559 3608 1616 3659 et
1647 3621 1779 3660 caro
1811 3608 2013 3660 contra

361 3696 638 3770 spiritum
685 3695 890 3765 (Galat.
941 3710 995 3758 v,
1047 3693 1132 3759 17)
1176 3710 1188 3747 :
1241 3693 1534 3762 quomodo
1576 3692 1671 3748 hic
1719 3693 1884 3760 dicit,
1916 3711 2016 3750 cor

365 3800 566 3844 meum
613 3787 671 3839 et
717 3797 850 3838 caro
893 3797 1024 3835 mea
1069 3779 1431 3835 exsultavit?
1483 3781 1602 3836 Hoc
1657 3798 1773 3837 non
1824 3787 2015 3855 potest

366 3875 579 3943 dicere,
629 3871 743 3928 nisi
791 3869 887 3924 ille
935 3868 1038 3939 qui
1088 3869 1148 3922 in
1198 3883 1455 3924 amorem
1506 3869 1607 3924 Dei
1651 3875 1772 3926 tota
1822 3876 2014 3927 mente

366 3964 593 4021 deﬁxus
622 3965 731 4016 est.
772 3981 800 4009 «
840 3958 951 4013 Cor
979 3971 1200 4025 meum,
1233 3960 1290 4009 et
1318 3971 1451 4010 caro
1501 3974 1648 4012 mea.
1694 3981 1720 4006 »
1752 3958 1896 4014 Illud
1925 3965 2016 4015 est

367 4053 523 4126 quod
557 4048 697 4108 dicit
727 4053 783 4104 et
811 4047 871 4102 in
906 4045 1016 4101 alio
1046 4043 1172 4100 loco
1207 4062 1219 4100 :
1256 4044 1441 4099 Sitivit
1479 4046 1537 4100 in
1569 4054 1618 4099 lc
1645 4048 1843 4102 anima,
1869 4064 2010 4115 mea,

365 4159 535 4217 quam
581 4138 968 4211 multipliciter
1013 4135 1116 4189 tibi
1165 4151 1290 4190 caro
1337 4151 1459 4189 mea
1510 4135 1682 4204 (Psal.
1733 4152 1862 4206 an,
1911 4137 2010 4207 2)!

365 4235 490 4286 Ista
515 4235 606 4286 est
643 4245 775 4284 caro
824 4243 950 4298 quae
981 4222 1274 4279 desiderat
1323 4222 1654 4290 Dominum,
1687 4224 1758 4278 de
1806 4241 1922 4296 qua
1953 4226 2011 4281 in

368 4317 484 4374 alio
531 4317 655 4372 loco
704 4316 966 4371 dicitur:
1010 4314 1075 4367 Et
1124 4313 1323 4368 videbit
1367 4315 1544 4368 omnis
1592 4329 1718 4368 caro
1769 4315 2016 4370 salutare

365 4407 470 4464 Dei
498 4407 624 4478 (Isa.
671 4422 765 4471 LII,
800 4404 910 4472 10).
945 4400 1047 4457 Illa
1094 4407 1288 4457 autem
1320 4418 1452 4456 caro
1484 4403 1555 4456 de
1585 4417 1703 4472 qua
1751 4403 1964 4458 dicitur
1997 4421 2010 4460 :

367 4497 558 4554 Omnis
599 4511 732 4552 caro
777 4495 970 4563 fenum
1011 4491 1209 4561 (Eccli.
1258 4507 1372 4561 xiv,
1408 4491 1516 4561 18),
1547 4501 1677 4562 ,non
1721 4492 2015 4548 desiderat

360 4585 700 4644 Dominum.
737 4604 765 4632 «
797 4581 909 4636 Cor
944 4595 1140 4634 meum
1172 4583 1230 4634 et
1277 4595 1410 4634 caro
1443 4595 1592 4635 mea.
1630 4602 1656 4627 ››
1689 4579 1831 4635 Vide
1865 4581 2008 4635 mihi

2125 3429 2194 3484 de
2225 3428 2390 3484 atriis
2419 3428 2573 3485 licet.

2195 3539 2223 3567 «
2257 3517 2470 3573 Beatus
2517 3519 2604 3574 vir
2651 3519 2822 3590 cujus
2865 3523 2954 3575 est
3003 3519 3286 3576 auxilium
3317 3520 3425 3575 abs
3467 3524 3549 3576 te.
3593 3545 3623 3569 ι»
3668 3521 3775 3577 Nos

2124 3606 2361 3678 quidem
2375 3605 2778 3663 desideramus
2805 3607 3185 3664 tabernacula
3203 3612 3261 3664 et
3281 3609 3434 3664 atria
3451 3614 3511 3664 et
3533 3610 3773 3666 domum

2123 3699 2310 3763 tuam,
2332 3695 2432 3750 sed
2457 3695 2564 3751 hoc
2609 3696 2804 3767 ipsum
2847 3701 2910 3751 ut
2947 3713 3154 3769 capere
3185 3698 3508 3769 possimus,
3543 3715 3669 3755 non
3697 3704 3777 3754 est

2121 3784 2356 3839 virtutis
2407 3789 2639 3850 nostrai,
2673 3785 2774 3840 sed
2799 3784 2998 3841 auxilii
3049 3785 3177 3841 tuii.
3210 3807 3237 3839 α
3285 3788 3689 3844 Ascensiones
3718 3789 3769 3842 in

2123 3874 2296 3928 corde
2325 3889 2431 3928 suo
2471 3873 2780 3945 disposuit.
2819 3896 2846 3922 ››
2879 3874 3020 3939 Quis
3069 3875 3362 3947 disposuit
3392 3878 3768 3933 ascensiones

2123 3961 2182 4016 in
2205 3962 2376 4018 corde
2399 3979 2506 4018 suo
2527 3963 2554 4016 ‘?
2585 3962 2795 4018 Beatus
2824 3963 2912 4017 vir
2937 3963 3110 4034 cujus
3149 3969 3238 4020 est
3278 3964 3573 4020 auxilium
3607 3984 3642 4021 a
3667 3966 3770 4021 Do-

2125 4051 2283 4106 mino
2334 4067 2347 4105 :
2403 4051 2497 4106 ille
2546 4049 2836 4121 disposuit
2881 4053 3254 4109 ascensioncs
3299 4054 3359 4108 in
3417 4056 3599 4110 corde
3649 4071 3767 4110 suo.

2123 4139 2468 4212 Quicunque
2498 4145 2742 4196 sanctus
2773 4144 2885 4206 est,
2918 4142 3180 4212 quotidie
3228 4141 3287 4197 in
3336 4144 3540 4214 priora
3578 4150 3769 4200 exten-

2123 4227 2299 4296 ditur,
2339 4232 2396 4282 et
2441 4229 2869 4299 praeteritorum
2912 4228 3289 4286 obliviscitur.
3323 4237 3646 4304 Propterea
3690 4235 3768 4288 di-

2122 4319 2336 4370 cuntur
2362 4320 2419 4370 et
2447 4316 2506 4370 in
2533 4316 2814 4372 Psalterio
2846 4317 3059 4388 psalmi
3082 4319 3374 4390 graduum
3405 4322 3765 4392 quindecim,

2121 4409 2180 4460 et
2233 4405 2459 4476 primus
2507 4404 2720 4460 dicitur
2761 4421 2774 4459 :
2826 4406 2905 4460 Ad
2952 4407 3245 4463 Dominum
3291 4425 3414 4462 cum
3470 4411 3769 4466 tribulam

2119 4495 2374 4549 clamavi.
2426 4493 2494 4548 Et
2542 4493 2598 4548 in
2654 4495 2910 4550 secundo
2964 4512 2976 4550 :
3029 4497 3224 4552 Levavi
3275 4500 3461 4553 oculos
3515 4515 3660 4554 meo:
3712 4502 3762 4552 in

2120 4592 2352 4648 montes,
2383 4581 2526 4637 unde
2569 4583 2747 4638 veniet
2792 4585 3076 4639 auxilium
3120 4584 3281 4640 mihi.
3338 4586 3404 4641 Et
3434 4587 3498 4642 in
3551 4590 3763 4644 tertio:

361 4675 619 4748 aliquem
698 4670 1109 4737 abstinentem,
1169 4665 1269 4739 qui
1319 4671 1582 4738 {mortem
1637 4669 1830 4724 carnis
1889 4687 2009 4725 suae
2043 4693 2088 4757 Β
2119 4673 2358 4728 Laztatus
2387 4687 2510 4726 sum
2540 4673 2599 4726 in
2625 4672 2711 4726 his
2748 4689 2866 4742 quae
2913 4673 3058 4728 dicta
3096 4679 3224 4729 sunt
3255 4676 3416 4742 mihi,
3449 4682 3511 4732 et
3541 4693 3767 4750 semper

358 4765 590 4822 lucrum
623 4764 794 4834 putat
823 4758 1029 4815 anima:
1061 4773 1199 4812 suae.
1233 4759 1366 4810 Haec
1421 4760 1615 4812 autem
1651 4757 1842 4812 carnis
1873 4763 2011 4813 sunt

349 4854 601 4926 jejunia,
660 4854 718 4906 et
771 4847 1020 4919 injuriae.
1081 4844 1339 4916 Denique
1389 4849 1447 4899 et
1496 4844 1809 4916 Apostolus
1868 4847 2008 4918 quid

361 4942 552 4998 dicit?
582 4941 751 5009 Quem
779 4935 988 4992 tradidi
1012 4934 1233 4990 Satanae
1269 4933 1329 4987 in
1378 4935 1664 4990 interitum
1711 4937 1913 5002 carnis,
1949 4945 2010 4992 ut

357 5032 592 5102 spiritus
639 5027 830 5084 salvus
883 5027 979 5096 ﬁat
1033 5024 1079 5094 (ι
1128 5021 1246 5078 Cor.
1298 5039 1351 5086 v,
1391 5023 1468 5092 5).
1502 5021 1622 5077 Nisi
1673 5039 1805 5078 caro
1855 5041 2008 5079 mor-

359 5123 464 5175 tua
493 5118 688 5190 fuerit,
719 5116 966 5189 spiritus
996 5111 1276 5168 viviﬁcari
1309 5127 1418 5167 non
1456 5115 1666 5182 potest.
1700 5112 2010 5185 Propterea

360 5207 506 5263 dicit
533 5212 590 5263 et
617 5204 976 5278 Apostolus:
1029 5200 1259 5272 Quando
1308 5201 1581 5269 inﬁrmor,
1633 5209 1763 5256 tunc
1811 5203 2010 5273 fortior

357 5312 484 5353 sum
531 5297 603 5367 (II
645 5295 764 5351 Cor.
817 5310 916 5363 xu,
952 5293 1058 5359 10).
1111 5289 1448 5346 Consideret
1487 5306 1548 5345 se
1599 5291 2008 5362 unusquisque

361 5385 594 5458 quando
617 5383 846 5454 jejunio
896 5379 1091 5436 lassus
1141 5383 1228 5435 est
1260 5383 1317 5434 et
1364 5378 1627 5434 defectus
1663 5397 1674 5434 :
1711 5381 2004 5450 quomodo

356 5473 556 5532 anima
608 5471 818 5543 vigeat,
852 5468 1144 5542 quomodo
1185 5466 1330 5522 nihil
1384 5465 1542 5522 aliud
1595 5484 1761 5523 mens
1792 5468 1904 5524 nisi
1934 5469 2004 5525 de

354 5568 471 5620 Deo
503 5559 837 5618 considerat
868 5575 880 5613 :
927 5557 1220 5630 quomodo
1263 5571 1496 5627 semper
1547 5555 1726 5622 dicat,
1760 5578 1785 5609 α
1815 5557 2000 5621 Quam

354 5652 568 5724 dilecta
593 5646 975 5708 tabernacula
1003 5651 1125 5716 tua,
1160 5645 1402 5699 Domine
1432 5645 1738 5704 virtutum.
1775 5669 1802 5694 ››

428 5740 712 5810 «Etenim
747 5751 950 5816 passer
994 5732 1214 5792 invenit
1245 5732 1356 5792 sibi
1405 5733 1669 5803 domum,
1701 5739 1760 5792 et
1806 5738 2003 5793 turtur

2120 4762 2397 4834 procedit,
2457 4765 2513 4816 et
2560 4761 2804 4832 proﬁcit,
2862 4765 2919 4816 et
2966 4763 3229 4818 ascendit
3274 4763 3334 4817 in
3386 4764 3752 4822 sublimiora.

2118 4850 2278 4914 Quod
2333 4849 2496 4917 dicit,
2527 4848 2635 4906 hoc
2682 4854 2770 4905 est
2801 4866 2816 4906 :
2849 4873 2877 4899 «
2911 4852 3299 4907 Ascensioues
3343 4853 3403 4908 in
3456 4856 3635 4910 corde
3663 4870 3764 4910 suo

2119 4938 2428 5010 disposuit.
2456 4961 2483 4987 »
2515 4937 2672 4994 Felix
2693 4943 2783 4994 est
2813 4939 2913 5010 qui
2937 4939 3199 5011 quotidie
3237 4941 3490 5013 proﬁcit,
3513 4945 3615 5014 qui
3649 4960 3758 4998 non

2118 5025 2598 5098 consideratquid
2625 5026 2749 5082 heri
2772 5026 3100 5094 fecerit,sed
3119 5029 3258 5099 quid
3281 5029 3452 5086 hodie
3477 5031 3668 5097 faciat,
3702 5038 3761 5085 ut

2118 5116 2400 5188 proﬁciat.
2443 5115 2693 5171 Sanctus
2738 5116 3110 5172 escensiones
3140 5117 3198 5172 in
3232 5119 3404 5175 corde
3434 5136 3544 5176 suo
3575 5120 3757 5193 ponit,

2118 5209 2383 5277 peccator
2429 5205 2857 5261 descensiones.
2892 5205 3191 5269 Quomodo
3237 5208 3339 5279 qui
3379 5214 3621 5265 sanctus
3649 5215 3758 5276 est,

2117 5293 2373 5364 quotidie
2423 5293 2647 5364 proﬁcit
2691 5310 2704 5348 :
2749 5293 2828 5348 ita
2879 5293 2976 5365 qui
3030 5299 3296 5365 peccator
3340 5301 3449 5368 est,
3503 5297 3758 5369 quotidie

2116 5379 2412 5436 decrescit.
2453 5400 2480 5431 (ι
2514 5383 2724 5435 Beatus
2753 5379 2840 5434 vir
2870 5379 2969 5451 qui
3002 5381 3260 5453 disponit
3291 5384 3667 5439 ascensiones
3700 5383 3754 5437 in

2114 5469 2303 5526 corde.
2335 5488 2361 5520 υ
2401 5469 2598 5524 Videte
2632 5469 3112 5540 consequentiam
3135 5471 3595 5543 Scripturarum.
3633 5495 3657 5520 ‹‹
3689 5476 3751 5525 ln

2112 5557 2255 5614 valle
2285 5557 2697 5630 lacrymarum,
2723 5558 2781 5612 in
2814 5557 2936 5612 loco
2963 5575 3136 5630 quem
3165 5560 3382 5630 posuit.
3415 5584 3436 5615 ι
3473 5560 3578 5616 Ubi
3611 5560 3754 5614 dici-

2109 5653 2224 5704 tur.
2259 5649 2320 5702 In
2353 5645 2519 5712 valle,
2554 5668 2581 5696 »
2613 5662 2849 5703 necesse
2879 5650 2968 5702 est
3007 5650 3071 5702 ut
3123 5651 3416 5705 contrario
3469 5648 3754 5719 intelliga-

2111 5751 2243 5793 mus
2273 5740 2332 5796 et
2381 5739 2660 5797 montem.
2694 5735 2841 5808 Ergo
2873 5734 3209 5810 quicunque
3255 5737 3517 5813 disponit
3553 5751 3753 5796 ascen-
