3976 6188
215 289 369 358 1137

1391 289 1890 356 BREVIARIUM
1935 291 2024 354 IM
2070 292 2448 358 PSALMOS.

3473 288 3628 358 H38

212 427 410 484 siones
458 422 519 480 in
567 423 738 481 corde
785 440 913 493 suo,
945 423 1045 481 ubi
1091 423 1320 497 positus
1368 425 1503 480 est?
1542 447 1570 475 «
1601 425 1663 480 In
1710 423 1862 480 valle
1890 425 1946 492 Α
1974 423 2200 481 habitat
2223 425 2282 480 in
2316 424 2698 493 nobis.«Quia
2727 424 2934 484 melior
2963 431 3052 486 est
3080 426 3206 485 dies
3236 443 3354 485 una
3372 423 3432 484 in
3455 427 3624 486 atriis

208 515 664 587 lacrymarum.-
689 513 1139 570 Consideremus
1170 515 1327 585 quod
1359 514 1417 568 in
1449 513 1598 569 valle
1632 531 1863 581 sumus,

212 622 330 662 non
363 620 573 660 sumus
604 604 663 659 in
698 609 914 675 monte,
949 620 1063 660 non
1096 620 1304 660 sumus
1333 603 1392 658 in
1426 603 1734 676 paradiso:
1762 621 1867 660 nec

209 694 270 750 in
328 691 584 766 paradisi
641 692 969 762 altitudine,
1015 693 1116 749 sed
1170 692 1231 747 in
1289 691 1620 748 humilitate
1675 697 1862 762 terrae,

212 783 535 840 maledictae
566 785 754 850 terrae,
788 781 1108 837 maledicta:
1157 797 1285 853 quis
1326 781 1495 836 nobis
1525 781 1777 837 tribulos
1809 787 1865 837 et

209 872 414 944 spinas
445 875 862 943 generat,quaa
920 870 1086 926 cibus
1145 870 1435 940 serpentis
1492 873 1598 937 est,
1625 871 1695 926 de
1747 888 1864 942 qua

208 959 427 1016 dicitur
454 961 525 1015 ad
556 959 741 1015 Adam
768 984 782 1015 :
809 961 980 1015 Terra
1009 977 1089 1025 es,
1115 962 1165 1015 et
1195 962 1256 1014 in
1276 967 1480 1015 terram
1509 962 1634 1015 ibis.
1669 961 1860 1024 Quan-

209 1050 313 1106 diu
347 1065 483 1121 ergo
514 1064 723 1104 sumus
754 1047 813 1103 in
839 1047 984 1104 valle
1016 1048 1549 1121 lacrymarum,non
1579 1048 1860 1105 debemus

202 1141 418 1206 ridere,
454 1140 553 1195 sed
605 1139 850 1211 plorare.
887 1139 1194 1212 Propterea
1241 1139 1384 1195 dicit
1430 1144 1487 1195 et
1533 1139 1856 1196 Dominus:

204 1231 358 1286 Beati
383 1231 595 1298 ﬂentes,
614 1231 747 1300 quia
777 1231 883 1301 ipsi
912 1229 1166 1284 ridebunt
1190 1230 1341 1298 (Luc.
1360 1247 1440 1296 v1,
1471 1230 1582 1300 21).
1617 1229 1858 1283 Interim

207 1334 345 1390 ergo
373 1319 514 1373 dum
557 1335 766 1374 sumus
810 1319 870 1373 in
913 1317 1063 1372 valle
1118 1318 1534 1391 lacrymarum,
1579 1317 1855 1373 saeculum

205 1407 317 1463 hoc
373 1407 764 1479 lacrymarum
824 1411 934 1473 est,
966 1423 1081 1462 non
1140 1406 1358 1478 gaudii.
1391 1408 1516 1462 Non
1575 1408 1858 1461 debemus

203 1497 413 1567 ridere,
448 1496 727 1568 quoniam
759 1496 869 1551 hoc
903 1495 1187 1552 saeculum
1207 1500 1262 1551 et
1292 1497 1399 1551 hoc
1431 1494 1858 1567 tempuslacry-

205 1602 437 1641 marum
466 1590 575 1649 est,
611 1585 755 1640 illud
789 1585 1008 1658 gaudii.
1036 1606 1064 1634 «
1099 1586 1161 1641 In
1192 1584 1338 1640 valle
1367 1584 1758 1656 lacrymarum
1794 1584 1853 1638 in

199 1673 329 1729 loco
363 1690 540 1746 quem
574 1674 791 1745 posuit.
823 1694 850 1725 ι)
902 1673 1050 1738 Quid
1099 1678 1188 1729 est
1236 1674 1391 1744 quod
1441 1672 1691 1728 dicitur:
1726 1696 1752 1721 «
1790 1673 1850 1727 In

1976 514 2152 570 tuis.»
2185 515 2387 571 Videte
2409 515 2550 586 quid
2583 516 2774 571 dicat:
2809 517 2977 572 «Dies
3009 535 3146 574 una.
3173 521 3378 574 »Putat
3405 516 3622 590 aliquis

1975 603 2059 659 sic
2092 603 2577 677 intelligendum:
2613 603 2822 660 Melius
2853 605 3000 659 mihi
3039 610 3128 661 est
3161 606 3218 660 in
3240 622 3418 680 regno
3448 605 3623 662 cmlov

1974 709 2105 747 rum
2139 710 2347 765 parum
2396 693 2630 761 habere,
2664 709 2840 765 quam
2890 693 2982 749 hic
3031 699 3240 763 totum,
3272 695 3382 751 hoc
3431 700 3520 752 est
3556 695 3619 754 in

1973 780 2085 838 isto
2114 781 2346 837 saeculo.
2380 782 2486 838 Est
2528 783 2764 854 quidem
2811 787 2862 838 et
2915 783 3030 838 ista
3072 782 3457 856 intelligentia
3503 801 3618 842 non

1973 869 2147 926 male.
2181 872 2295 927 Sed
2328 887 2433 927 nos
2481 871 2781 928 dicamus:
2813 871 2872 928 Si
2904 875 3101 944 posset
3144 872 3268 928 ﬁeri
3299 877 3365 927 ut
3401 873 3618 946 aliquis

1971 976 2092 1015 una
2122 960 2215 1015 die
2235 965 2388 1016 esset
2425 961 2483 1015 in
2507 976 2683 1033 regno
2706 959 3005 1030 caelorum,
3040 964 3096 1016 et
3124 965 3327 1033 postea
3355 961 3621 1034 praecipi-

1971 1053 2210 1116 teretur,
2245 1053 2399 1105 recte
2430 1049 2682 1105 diceret:
2718 1071 2747 1099 «
2781 1048 2991 1105 Melius
3036 1053 3125 1104 est
3165 1049 3291 1106 dies
3320 1065 3439 1105 una
3466 1049 3527 1105 in
3557 1067 3619 1106 a-

1970 1137 2099 1194 triis
2123 1139 2299 1194 tuis.»
2324 1138 2490 1196 Nunc
2520 1154 2656 1194 vero
2687 1139 2841 1209 quod
2875 1138 3017 1193 dicit
3043 1155 3160 1194 una
3189 1138 3334 1208 dies,
3367 1137 3477 1194 hoc
3507 1142 3617 1207 est,

1969 1229 2125 1298 quod
2158 1228 2299 1282 dicit
2345 1229 2404 1282 in
2455 1243 2634 1300 regno
2683 1227 2982 1283 cmlorum.
3019 1227 3142 1283 Una
3169 1226 3270 1282 illa
3325 1227 3451 1284 dies
3500 1244 3617 1284 non

1968 1315 2141 1372 habet
2173 1319 2401 1372 noctem
2433 1319 2490 1371 et
2517 1317 2813 1384 tenebras,
2845 1316 2946 1371 sed
2968 1331 3202 1388 semper
3237 1315 3336 1371 lux
3365 1320 3473 1372 est.
3505 1315 3616 1381 Qui

1967 1422 2104 1477 ergo
2127 1423 2246 1460 una
2265 1406 2358 1460 die
2379 1406 2436 1459 in
2461 1421 2637 1476 regno
2668 1405 2943 1460 ccelorum
2959 1405 3482 1477 fuerit,semperibi
3499 1410 3612 1462 est.

1973 1514 1999 1544 α
2030 1491 2192 1564 Elegi
2223 1493 2486 1562 abjectus
2516 1508 2643 1547 esse
2671 1492 2731 1546 in
2761 1493 2934 1547 domo
2953 1492 3051 1547 Dei
3080 1492 3412 1565 mei,magis
3431 1509 3612 1564 quam

1965 1579 2229 1635 habitare
2261 1580 2320 1634 in
2351 1580 2743 1636 tabernaculis
2772 1585 3196 1652 peccatorum.»
3211 1581 3326 1637 Hoc
3341 1585 3430 1637 est
3451 1582 3608 1653 quod

1963 1669 2140 1724 etiam
2175 1668 2436 1724 Salvator
2463 1669 2545 1723 ait
2573 1669 2642 1724 de
2671 1668 2930 1724 Joanne:
2966 1673 3158 1738 Amen,
3189 1686 3350 1725 amen
3371 1671 3494 1726 dico
3521 1687 3611 1726 vo-

203 1763 332 1818 loco
363 1779 537 1835 quem
570 1763 782 1835 posuit.
817 1784 846 1812 »
895 1786 921 1811 ‹‹
969 1763 1033 1817 In
1083 1761 1228 1832 loco,
1264 1785 1285 1814 ι
1324 1761 1432 1817 hoc
1472 1765 1582 1828 est,
1612 1761 1669 1815 in
1700 1760 1850 1816 valle
1882 1792 1930 1857 Β
1965 1758 2067 1828 bis,
2113 1761 2377 1830 quoniam
2422 1760 2570 1813 inter
2611 1766 2766 1815 natos
2808 1759 3109 1814 mulierum
3152 1774 3263 1814 non
3307 1761 3384 1813 est
3428 1760 3611 1831 major

202 1850 724 1925 lacrymarum.«ln
749 1851 873 1907 loco
896 1867 1070 1922 quem
1097 1851 1505 1922 posuit.nDeus
1527 1867 1633 1906 nos
1655 1850 1853 1922 posuit
1882 1846 1927 1857 ”
1957 1851 2172 1904 Joanne
2195 1849 2437 1918 Baptista
2470 1847 2682 1916 (Matth.
2716 1865 2793 1916 χι,
2844 1847 2954 1914 ii).
2987 1847 3206 1904 Deinde
3243 1846 3426 1902 dixit:
3460 1846 3610 1911 Quia

199 1941 272 1996 ad
306 1944 694 2011 certamen,ut
714 1955 946 2012 semper
976 1940 1032 1994 in
1065 1940 1172 1995 hoc
1193 1944 1736 2012 pugnemus.Locus
1765 1955 1851 1994 er-

196 2044 273 2101 go
311 2028 559 2094 iste,hoc
588 2027 871 2093 est,vallis
893 2029 1428 2100 lacrymarum,non
1443 2027 1849 2098 estpacis,non

202 2121 296 2174 est
325 2117 676 2186 securitatis,
710 2117 811 2172 sed
847 2115 1188 2171 certaminis
1217 2118 1391 2186 atque
1422 2114 1730 2170 bellorum.

266 2206 528 2261 «Etenim
551 2203 986 2260 benedictiones
1007 2203 1170 2259 dabit
1188 2202 1722 2276 legislator.»Dicat
1743 2203 1846 2258 ali-

195 2293 461 2366 quiszuln
478 2292 626 2349 valle
647 2292 1030 2364 lacrymarum
1045 2332 1058 2358 ,
1077 2292 1138 2346 in
1154 2291 1277 2348 loco
1293 2308 1466 2362 quem
1481 2292 1694 2364 posuit,
1723 2313 1751 2340 »
1776 2293 1847 2347 ad

194 2399 474 2454 agonem,
500 2381 611 2437 hoc
641 2382 820 2436 estad
853 2385 1144 2437 certamen
1171 2399 1182 2435 :
1212 2397 1391 2452 quare
1405 2381 1602 2452 posuit
1622 2381 1692 2436 ad
1707 2398 1847 2453 ago-

194 2487 336 2525 nem
358 2470 386 2523 ?
405 2486 588 2541 quare
602 2486 863 2543 pugnare
881 2486 988 2525 nos
1005 2469 1238 2525 voluit?
1261 2469 1581 2540 Respondit
1602 2469 1714 2525 sibi
1735 2469 1846 2540 ipsi

197 2557 602 2625 Psalmista,et
617 2559 777 2613 dicit:
805 2559 1184 2630 Proptereain
1198 2557 1323 2614 loco
1342 2558 1450 2614 isto
1465 2575 1724 2631 pugnare
1741 2576 1848 2614 nos

190 2645 936 2718 voluit,utpossittribuere
949 2647 1482 2704 coronas.«Etenim
1495 2647 1847 2703 benedictio-

185 2750 294 2792 nes
316 2733 479 2791 dabit
501 2735 839 2808 Legislator.
876 2758 903 2785 »
938 2738 1048 2792 Iste
1067 2735 1406 2807 Legislator,
1441 2736 1546 2791 hoc
1577 2740 1666 2791 est
1708 2752 1845 2808 ago-

193 2823 440 2879 notheta
458 2828 676 2890 noster,
701 2827 1008 2895 propterea
1028 2841 1137 2879 nos
1159 2840 1419 2895 pugnare
1438 2824 1713 2889 voluit,ut
1741 2842 1847 2881 nos

194 2911 386 2984 pessit
415 2912 990 2968 benedicere.Videte
1020 2913 1519 2983 consequentiam.
1543 2913 1678 2976 Quae
1709 2918 1848 2968 sunt

189 3004 392 3056 autem
424 3000 854 3056 benedictiones
887 2999 1058 3055 istius
1089 3000 1449 3072 agonothetae
1471 3001 1498 3054 τ
1526 3002 1745 3056 «Ibunt
1775 3002 1846 3056 de

189 3089 412 3144 virtute
440 3088 500 3144 in
529 3088 825 3143 virtutem.
845 3088 980 3142 »Hic
999 3088 1332 3158 vincunt,ut
1360 3088 1438 3143 ibi
1472 3095 1841 3145 coronentur.

1961 1938 2090 2008 ipse
2119 1941 2208 1992 est
2239 1935 2482 2008 angelus
2505 1935 2666 2006 (Ibid.
2701 1937 2786 1999 10,
2812 1936 2920 2005 14).
2955 1937 3024 1990 Et
3051 1934 3260 1991 deinde
3288 1935 3469 1991 dixit:
3503 1935 3610 2004 Qui

1960 2035 2151 2081 autem
2178 2026 2363 2080 minor
2407 2028 2488 2079 est
2536 2026 2595 2079 in
2648 2039 2812 2094 regno
2859 2025 3140 2088 cazlorum,
3169 2025 3354 2094 major
3396 2028 3480 2080 est
3506 2025 3605 2081 illo

1959 2115 2119 2185 (Ibid.
2157 2115 2266 2185 11).
2289 2115 2510 2169 Sensus
2538 2113 2615 2168 ibi
2635 2112 2744 2168 iste
2775 2115 2861 2168 est
2889 2129 2902 2167 :
2932 2113 3187 2167 Joannes
3221 2113 3373 2168 inter
3400 2130 3608 2170 omnes

1958 2202 2230 2258 homines
2261 2203 2450 2273 major
2479 2206 2586 2258 est.
2620 2202 2688 2256 Et
2717 2201 2767 2256 si
2798 2199 2974 2256 vultis
3005 2200 3173 2269 scire,
3206 2201 3331 2273 ipse
3378 2205 3468 2258 est
3495 2218 3606 2258 an-

1957 2291 2143 2364 gelus.
2179 2293 2292 2348 Iste
2321 2295 2514 2347 autem
2546 2291 2646 2362 qui
2679 2290 2739 2345 in
2768 2294 2922 2348 terra
2951 2289 3205 2362 angelus
3224 2290 3399 2358 est,in
3429 2290 3604 2348 coelo-

1959 2397 2089 2435 rum
2123 2397 2298 2452 regno
2332 2379 2694 2435 novissimus
2721 2377 2955 2445 est,hoc
2984 2382 3094 2449 est,
3121 2379 3194 2434 ab
3225 2377 3450 2452 angelis
3488 2379 3604 2434 mi-

1959 2486 2066 2525 nor
2095 2469 2317 2534 est.Qui
2352 2473 2547 2524 autem
2582 2467 2865 2524 minimus
2887 2471 2977 2522 est
2999 2466 3055 2521 in
3091 2484 3269 2538 regno
3299 2467 3601 2537 ccelorum,

1956 2558 2065 2614 hoc
2118 2563 2210 2614 est
2254 2557 2519 2630 angelus,
2553 2557 2741 2628 major
2789 2561 2878 2612 est
2920 2556 2992 2612 ab
3041 2555 3155 2612 isto
3197 2556 3298 2628 qui
3349 2557 3408 2613 in
3448 2561 3605 2614 terra

1956 2646 2232 2703 omnibus
2265 2648 2453 2718 major
2478 2652 2586 2702 est.
2621 2646 2736 2701 Hoc
2783 2649 2874 2701 est
2920 2661 3056 2716 ergo
3089 2647 3241 2716 quod
3276 2662 3433 2702 nunc
3462 2663 3602 2718 pro-

1958 2736 2133 2808 pheta
2164 2736 2339 2790 dicit:
2370 2758 2396 2784 ‹‹
2421 2735 2854 2807 Elegiabjectus
2875 2750 3003 2789 esse
3023 2733 3082 2788 in
3111 2735 3285 2790 domo
3305 2735 3409 2790 Dei
3427 2735 3600 2806 mei,»

1955 2825 2064 2880 hoc
2095 2829 2204 2893 est,
2237 2824 2436 2878 minus
2461 2841 2588 2879 esse
2625 2823 2780 2877 volui
2810 2823 2869 2878 in
2901 2837 3078 2893 regno
3107 2821 3384 2877 caelorum
3419 2839 3599 2894 quam

1956 2915 2014 2969 in
2041 2915 2152 2968 isto
2175 2913 2385 2968 saeculo
2409 2911 2692 2984 primus.«
2711 2910 2866 2982 Elegi
2899 2911 3160 2982 abjectus
3185 2926 3314 2966 esse
3335 2911 3394 2966 in
3425 2911 3600 2968 domo

1955 3003 2054 3059 Dei
2090 3002 2224 3068 mei,
2257 3019 2434 3073 quam
2484 3001 2749 3055 habitare
2797 3000 2856 3054 in
2904 2999 3300 3056 tabernaculis
3337 3004 3602 3072 peccato-

1956 3109 2140 3147 rum.»
2185 3088 2584 3146 Tabernacula
2616 3105 2730 3144 non
2761 3088 2981 3143 habent
3009 3088 3480 3160 fundamentum,
3499 3090 3601 3146 sed

185 3178 243 3234 Si
306 3178 402 3233 hic
457 3178 546 3232 vir
620 3177 786 3232 fortis
849 3177 1206 3249 apparuerit,
1247 3155 1349 3231 tibi
1409 3178 1704 3234 robustior
1754 3179 1839 3245 fit,
1873 3155 1915 3220 α
1955 3185 2387 3254 pertranseunt.
2422 3180 2642 3234 Tamen
2693 3177 2792 3249 qui
2846 3182 3114 3250 peccator
3154 3181 3262 3243 est,
3293 3155 3600 3252 nunquam

187 3288 216 3316 «
251 3266 431 3322 Ibunt
460 3267 531 3322 de
559 3266 774 3321 virtute
804 3266 864 3320 in
894 3266 1190 3321 virtutem.
1225 3287 1252 3315 »
1287 3266 1434 3337 Ergo
1465 3266 1578 3321 nisi
1612 3267 1707 3322 hic
1736 3267 1839 3322 ha-

183 3355 492 3410 buerimus
520 3354 798 3410 virtutem
829 3370 843 3409 :
876 3354 957 3409 ibi
985 3354 1262 3410 virtutem
1311 3355 1594 3425 majorem
1626 3355 1840 3412 habere

180 3461 300 3500 non
331 3444 884 3516 possumus.Neque
915 3443 1072 3498 enim
1094 3443 1260 3510 dixit,
1275 3442 1446 3499 ibunt
1475 3444 1544 3499 de
1576 3444 1836 3500 imbecil-

176 3531 345 3588 litate
374 3533 433 3588 in
463 3533 748 3588 virtutem
777 3549 789 3586 :
827 3533 988 3600 sed,«
1021 3532 1198 3587 Ibunt
1226 3533 1299 3588 de
1329 3532 1538 3588 virtute
1568 3533 1627 3588 in
1659 3534 1837 3589 virtu-

173 3625 322 3677 tem.
349 3644 378 3670 »
407 3621 512 3678 Vis
543 3621 624 3676 ibi
656 3638 784 3678 esse
815 3621 981 3676 fortis
1000 3621 1028 3675 ?
1057 3625 1208 3676 Ante
1237 3621 1332 3676 hic
1356 3625 1481 3677 esto
1512 3622 1698 3678 fortis.
1733 3623 1835 3679 Vis

175 3709 260 3766 ibi
294 3710 607 3766 coronari?
640 3711 742 3765 Hic
768 3727 986 3782 pugna.
1026 3734 1045 3758 α
1084 3710 1258 3765 Ibunt
1289 3710 1358 3765 de
1388 3711 1600 3767 virtute
1630 3711 1688 3766 in
1718 3712 1832 3766 vir-

176 3803 764 3855 tutem.«Possumus
790 3805 847 3854 et
879 3798 1046 3854 aliter
1064 3799 1282 3853 dicere:
1319 3799 1568 3855 Christus
1600 3802 1692 3855 Dei
1723 3803 1833 3855 vir-

172 3890 292 3953 tus,
325 3891 378 3942 et
411 3887 507 3941 Dei
529 3888 814 3958 sapientia
843 3886 1029 3956 (ICor.
1064 3903 1100 3953 ι,
1131 3887 1246 3956 24).
1279 3888 1384 3952 Qui
1435 3888 1531 3942 hic
1562 3887 1833 3944 habuerit

171 3977 486 4041 virtutem,
521 3979 580 4030 et
610 3975 689 4028 ibi
732 3974 972 4030 habebit
1000 3975 1190 4046 ipsam
1216 3975 1732 4032 virtutem.«lbunt
1761 3978 1830 4034 de

172 4064 396 4119 virtute
428 4064 486 4118 in
519 4063 854 4119 virtutem.»
887 4063 1033 4128 Quid
1068 4063 1369 4119 habebunt
1400 4064 1543 4119 lucri
1579 4082 1711 4120 cum
1746 4067 1829 4122 ie-

174 4155 296 4208 rint
325 4153 395 4208 de
415 4152 628 4209 virtute
644 4152 704 4207 in
727 4152 1058 4208 virtutem.»
1074 4152 1222 4218 Quid
1245 4153 1544 4209 habebunt
1565 4157 1784 4226 praemii
1800 4158 1828 4210 ?

173 4265 198 4289 ‹‹
232 4240 542 4298 Videbitur
592 4242 746 4297 Deus
794 4243 1036 4298 deorum
1088 4242 1146 4296 in
1178 4242 1338 4298 Sion.
1373 4264 1402 4291 »
1445 4244 1599 4298 Beati
1625 4247 1827 4302 mundo

169 4331 350 4397 corde,
381 4332 644 4402 quoniam
675 4333 782 4401 ipsi
839 4332 1005 4386 Deum
1049 4331 1308 4387 videbunt
1354 4333 1562 4398 (Matth.
1615 4351 1666 4402 v,
1699 4335 1779 4404 8.)
1810 4351 1821 4390 :

167 4419 405 4475 Sufﬁcit
426 4419 999 4489 victoribus,sufﬁcit
1018 4419 1102 4474 eis
1133 4419 1231 4490 qui
1267 4426 1673 4492 pugnaverunt
1693 4422 1825 4478 faci-

1951 3269 2153 3325 iccolit
2183 3274 2424 3337 terram,
2455 3267 2557 3323 sed
2591 3266 2881 3323 inhabitat
2910 3271 2967 3322 et
2997 3266 3276 3338 possidet.

2021 3381 2048 3407 «
2083 3358 2231 3423 Quia
2261 3355 2725 3412 misericordiam
2754 3359 2812 3410 et
2831 3355 3135 3411 veritatem
3165 3354 3359 3428 diligit
3384 3357 3596 3414 Deus.»

1949 3447 2074 3502 Duo
2105 3445 2298 3519 diligit
2345 3445 2537 3500 Deus:
2592 3443 3055 3499 misericordiam
3096 3448 3154 3498 et
3180 3444 3508 3502 veritatem.
3538 3444 3598 3501 Si

1946 3539 2180 3590 tantum
2240 3533 2577 3589 misericors
2604 3535 2782 3600 esset,
2811 3548 3014 3586 omnes
3069 3549 3176 3588 nos
3232 3533 3305 3589 ad
3363 3539 3602 3605 peccata

1947 3627 2300 3696 provocaret.
2345 3622 2404 3677 Si
2461 3625 2688 3676 tantum
2740 3619 3042 3676 veritatem
3090 3620 3375 3694 diligeret,
3426 3639 3596 3680 nemo

1889 3747 1893 3750 -
1945 3730 2109 3785 spem
2159 3712 2402 3766 haberet
2450 3709 2828 3782 pcnnitentiae.
2861 3712 3172 3780 Propterea
3218 3711 3336 3766 duo
3365 3711 3593 3782 quaerit,

1943 3806 2008 3856 ut
2038 3818 2106 3855 ex
2139 3800 2322 3855 altero
2354 3799 2605 3854 alterum
2636 3801 2937 3869 temperet.
2982 3798 3040 3854 Si
3073 3802 3340 3869 peccator
3368 3801 3592 3867 es,audi

1942 3889 2378 3946 misericordem
2401 3891 2670 3954 Deum,et
2699 3885 2820 3942 noli
2851 3886 3182 3959 desperare,
3205 3888 3306 3944 sed
3337 3904 3444 3960 age
3471 3905 3590 3961 poe-

1927 3977 2333 4034 -nitentiam.Si
2356 3994 2489 4032 vero
2506 3977 2710 4047 justus
2735 3975 2941 4044 es,noli
2965 3975 3268 4048 negligens
3293 3991 3420 4032 esse
3451 3976 3592 4047 quia

1940 4067 2094 4123 Deus
2125 4066 2383 4122 clemens
2412 4069 2502 4121 est
2526 4083 2538 4120 :
2572 4064 2850 4136 quoniam
2900 4069 3052 4119 Deus
3082 4067 3141 4119 et
3160 4064 3363 4134 justus
3392 4067 3503 4132 est,
3532 4068 3592 4120 et

1938 4156 2242 4212 veritatem
2276 4154 2487 4226 diligit.
2522 4177 2548 4203 ‹‹
2593 4152 2852 4208 Gratiam
2902 4155 2959 4207 et
3003 4151 3251 4223 gloriam
3282 4152 3447 4208 dabit
3476 4157 3583 4210 Do-

1940 4245 2157 4300 minus.
2194 4266 2221 4292 »
2252 4243 2379 4298 Non
2411 4241 2578 4306 dixit,
2605 4239 2850 4312 gloriam
2883 4243 2940 4294 et
2969 4239 3214 4310 gratiam
3249 4239 3449 4307 dabit;
3481 4243 3582 4298 sed

1936 4334 2100 4396 dixit,
2132 4331 2379 4405 gratiam
2412 4334 2466 4385 et
2495 4329 2742 4402 gloriam
2783 4327 2946 4383 dabit
2983 4325 3284 4384 Dominus.
3318 4328 3582 4388 Primum

1935 4423 2111 4477 donat
2143 4423 2398 4492 peccata,
2430 4422 2488 4471 et
2537 4421 2741 4488 postea
2787 4420 3047 4471 coronat.
3078 4439 3106 4465 ‹‹
3161 4416 3286 4473 Non
3333 4418 3586 4490 privabit

169 4523 230 4564 es
267 4507 507 4563 Christi.
541 4507 724 4563 Deum
759 4507 973 4572 videre,
1005 4507 1234 4562 inﬁnita
1271 4524 1485 4563 corona
1513 4514 1620 4563 est.
1661 4533 1680 4558 α
1720 4511 1822 4564 Vi-
1853 4520 1901 4584 D
1932 4510 2102 4567 bonis
2127 4525 2226 4564 eos
2253 4508 2351 4578 qui
2375 4506 2681 4561 ambulant
2701 4505 2759 4558 in
2785 4505 3387 4562 innocentia.»Melius
3408 4507 3584 4564 habet

169 4594 402 4652 dabitur
434 4595 590 4652 Deus
615 4597 859 4651 deorum
893 4595 952 4649 in
983 4595 1143 4650 Sion.
1168 4615 1197 4645 »
1229 4595 1455 4658 Quanta
1482 4595 1679 4652 laetitia
1711 4605 1818 4669 est,

170 4687 395 4755 quanta
425 4683 697 4740 felicitate
729 4685 811 4739 ire
842 4684 914 4739 de
941 4683 1156 4738 virtute
1202 4683 1261 4738 in
1293 4685 1590 4752 virtutem,
1623 4691 1681 4741 et
1711 4687 1820 4742 hoc

167 4771 367 4845 ipsum
399 4772 612 4829 habere
660 4772 988 4844 praemium,
1023 4776 1089 4827 ut
1133 4771 1430 4828 Christum
1461 4773 1657 4830 videre
1705 4792 1822 4830 me-

171 4861 444 4917 reamur!
479 4885 506 4911 υ
539 4866 836 4917 Protector
865 4865 1064 4917 noster
1091 4861 1306 4933 aspice,
1339 4861 1512 4930 Deus,
1544 4867 1600 4918 et
1631 4865 1814 4936 respi-

171 4949 327 5005 ce'in
359 4951 565 5007 faciem
597 4950 810 5006 Christi
840 4951 948 5006 tui.
985 4972 1012 4999 »
1038 4949 1240 5006 Videte
1287 4951 1428 5022 quid
1460 4951 1652 5008 dicat:
1698 4973 1718 5001 ε
1749 4954 1819 5008 Et

173 5037 398 5110 respice
426 5039 484 5094 in
520 5040 725 5096 faciem
756 5039 965 5095 Christi
985 5039 1090 5094 tui.
1126 5062 1154 5088 ι)
1177 5040 1248 5094 Et
1275 5040 1623 5111 deprecatur
1641 5041 1816 5098 homo

173 5132 238 5182 ut
271 5128 441 5184 Pater
460 5129 706 5200 aspiciat
727 5129 785 5184 in
809 5129 1012 5184 faciem
1036 5127 1301 5184 Filii.Sed
1322 5129 1451 5184 vide
1477 5130 1613 5200 quid
1637 5131 1812 5186 dicat.

173 5215 454 5279 Quoniam
487 5218 634 5273 dixit
665 5217 1005 5290 Apostolus:
1042 5219 1120 5271 An
1145 5219 1585 5288 experimentum
1602 5222 1814 5289 quaeri-

172 5307 239 5360 tis
259 5307 379 5378 ejus
409 5309 506 5379 qui
529 5309 588 5361 in
621 5323 702 5362 me
733 5307 980 5378 loquitur
1023 5305 1270 5363 Christus
1300 5307 1372 5377 (Il
1402 5309 1522 5363 Cor.
1558 5325 1680 5376 xm,
1713 5311 1816 5379 3)?

172 5395 239 5449 Et
265 5412 502 5452 rursum
533 5396 656 5468 ipse
687 5395 949 5451 Salvator
1009 5395 1183 5451 dixit:
1220 5397 1324 5464 Qui
1355 5412 1441 5451 vos
1472 5400 1691 5469 recepit,
1728 5415 1816 5452 me

173 5486 369 5555 recepit
396 5485 610 5556 (Matth.
633 5501 692 5552 x,
719 5483 861 5552 40)?
890 5484 1038 5556 Ergo
1069 5483 1178 5540 hoc
1209 5489 1298 5540 est
1326 5487 1478 5556 quod
1514 5486 1689 5541 dicit:
1725 5504 1812 5542 re-

176 5571 329 5643 spice
351 5574 410 5630 in
433 5575 631 5631 nos.In
655 5571 824 5630 nobis
845 5572 1001 5629 enim
1021 5573 1262 5645 respicis
1283 5574 1492 5632 Filium
1516 5575 1814 5648 tuum,qui

1933 4601 1990 4655 in
2025 4598 2282 4668 Hebrmo,
2317 4619 2344 4647 ‹‹
2374 4597 2436 4651 In
2468 4593 2842 4667 perfectione.
2870 4615 2891 4643 ι
2928 4592 3263 4650 Innocentis.
3286 4593 3445 4650 enim
3463 4611 3580 4651 non

1930 4692 2017 4744 est
2049 4688 2300 4760 perfecta
2329 4685 2514 4740 virtus
2541 4709 2554 4752 ;
2585 4683 2862 4755 quoniam
2894 4682 2993 4755 qui
3022 4682 3305 4739 innocens
3329 4686 3442 4750 est,
3464 4683 3578 4740 nisi

1931 4775 2201 4833 habuerit
2253 4772 2652 4846 prudentiam,
2685 4789 2800 4828 non
2849 4775 2939 4828 est
2985 4771 3247 4842 perfectae
3295 4787 3576 4828 consum-

1933 4869 2220 4936 matasque
2248 4862 2824 4932 virtutis.Propterea
2852 4859 2995 4914 dicit
3023 4859 3200 4914 etiam
3231 4859 3291 4914 in
3324 4860 3576 4934 Evange-

1930 4952 2047 5008 lio:
2081 4955 2258 5008 Estote
2305 4950 2596 5023 prudentes
2652 4952 2712 5003 ut
2757 4951 3052 5019 serpentes,
3097 4955 3148 5002 et
3193 4949 3470 5020 simplices
3510 4953 3574 5005 ut

1928 5042 2189 5097 columba
2219 5039 2620 5109 (Matth.x,16).
2655 5059 2682 5087 «
2707 5035 2950 5092 Domine
2979 5035 3285 5092 virtutum.
3323 5059 3343 5084 ι
3369 5036 3573 5094 Videte

1926 5131 2068 5202 quid
2099 5128 2534 5184 dicatuDomine
2559 5126 2842 5181 virtutum
2867 5125 3048 5196 nErgo
3080 5125 3315 5196 quando
3336 5131 3573 5198 peccata

1925 5218 2124 5290 aliqua
2154 5217 2440 5273 habemus
2470 5215 2526 5270 in
2561 5215 2928 5284 nobis:Deus,
2963 5213 3062 5286 qui
3091 5213 3376 5271 Dominus
3393 5215 3574 5273 virtu-

1923 5311 2049 5362 tum
2079 5311 2185 5376 est,
2222 5323 2334 5361 non
2365 5309 2453 5360 est
2491 5303 2778 5358 Dominus
2827 5307 3064 5369 noster;
3100 5301 3238 5374 quia
3286 5303 3571 5364 Dominus

1925 5413 2038 5452 non
2072 5399 2159 5450 est
2190 5393 2688 5466 peccatorum,sed
2714 5393 3037 5463 justorum.
3061 5413 3087 5444 α
3117 5392 3326 5448 Beatus
3355 5394 3444 5450 vir
3467 5397 3566 5468 qui

1923 5489 2118 5557 sperat
2149 5484 2208 5538 in
2238 5487 2312 5538 te.
2348 5505 2376 5532 »
2407 5481 2507 5537 Ille
2539 5485 2733 5553 sperat
2762 5482 2822 5537 in
2859 5483 3120 5552 Domino,
3144 5481 3246 5554 qui
3267 5483 3566 5540 conscien-

1921 5574 2063 5632 tiam
2096 5590 2210 5630 non
2241 5572 2419 5629 habet
2449 5574 2840 5644 peccatorum,
2874 5571 2976 5644 qui
3023 5569 3223 5629 oculos
3246 5569 3463 5629 liberos
3493 5573 3566 5630 ad
