3976 6188
354 289 513 353 1189

1846 280 2264 348 APPENDIX.

3608 277 3775 345 me

354 424 568 484 oculum
597 424 769 482 levat.
804 424 1177 496 Iste‘sperat,
1211 419 1312 495 qui
1366 418 1477 479 scit
1524 437 1641 478 non
1692 419 2003 477 offendisse
2031 416 2089 488 Α
2117 416 2377 475 cundum
2409 374 2716 477 historiam
2745 435 2760 476 :
2794 433 2952 475 nunc
2995 413 3264 475 dicamus
3291 414 3626 477 secundum
3654 419 3783 472 tro-

357 530 421 573 se
452 513 763 571 Dominum
797 530 1010 579 suum;
1045 513 1136 568 cui
1167 516 1256 569 est
1303 513 1493 585 gloria
1544 511 1604 567 in
1654 510 1865 567 saecula
1903 527 2006 567 sae-

348 604 646 661 uulorum.
680 606 884 659 Amen.

354 716 359 719 -
856 692 1187 748 PSALMUS
1218 689 1507 746 LXXXIV.

360 785 422 841 In
452 786 623 855 ﬁnem
655 783 903 853 ﬁliorum
936 782 1085 855 Core.
1105 780 1374 855 Psalmus
1397 780 1505 835 hoc
1525 778 1696 855 titulo
1729 782 2008 855 praenota-

354 872 363 880 ’
431 850 549 911 tur.
602 850 959 925 Frequenter
987 853 1145 925 (dixi,
1180 853 1514 925 ubicunque
1561 850 1910 925 titulus_est
1937 851 2004 921 ﬁ-

352 972 361 977 .
434 928 635 982 Horum
670 920 820 993 core,
854 924 1000 978 nihil
1031 923 1195 979 triste
1227 929 1334 989 est,
1368 920 1469 979 sed
1517 939 1748 994 semper
1785 920 2003 994 laetum.

354 1061 363 1068 _
433 997 696 1054 Tristitia
725 997 879 1068 enim
910 995 1091 1067 patris
1124 994 1376 1068 ﬁliorum
1410 994 1622 1068 gaudio
1649 993 2003 1068 Consolatur.

432 1069 692 1140 Denique
724 1063 1030 1140 diligenter
1074 1066 1335 1140 psalmos
1383 1063 1639 1140 rélegite,
1673 1069 1729 1121 et
1760 1063 2005 1140 ubicun-

434 1158 547 1212 que
576 1135 1194 1212 invenere'tisgtitulum
1242 1138 1491 1212 ﬁliorum
1507 1135 1692 1212 iCore,
1725 1135 1872 1212 nihil
1903 1136 2005 1212 tri-

435 1208 525 1267 ste
556 1209 1288 1282 reperietierrequenter
1343 1209 1461 1263 dixi
1515 1210 1677 1275 Core,
1711 1208 1866 1282 quod
1918 1208 2005 1262 in-

434 1279 787 1354 terpretatur
818 1279 1082 1354 Calcare}:
1112 1279 1307 1354 locus:
1334 1295 1569 1354 necesse
1597 1284 1689 1354 est
1718 1285 1779 1334 ut
1809 1279 2007 1354 laetum

435 1349 657 1426 aliquid
693 1352 998 1426 significet.
1032 1352 1292 1426 Denique
1343 1352 1475 1426 quis
1528 1351 1773 1426 est_is_te
1808 1349 2009 1426 pore?

433 1419 554 1489 Qui'
599 1426 669 1481 de
724 1419 957 1479 J'ericho
1012 1419 1376 1478 ascendebat
1418 1422 1478 1476 in
1526 1421 1743 1477 Bethel.
1808 1419 2008 1476 Bethel

432 1496 624 1552 domus
681 1497 797 1551 Dei.
856 1494 1179 1565 Diligenter
1234 1493 1698 1565 animadvertite.
1754 1494 2009 1565 Quicun-

434 1584 547 1639 que
574 1567 634 1622 in
664 1566 896 1623 Jericho
944 1563 1053 1631 est,
1088 1570 1151 1639 et
1173 1564 1296 1619 vult
1346 1564 1429 1619 ire
1476 1566 1546 1639 ad
1598 1566 1839 1639 domum
1884 1563 2005 1629 Dei,

358 1680 361 1685 -
435 1635 673 1695 necesse
715 1641 804 1693 est
835 1642 899 1691 ut
946 1638 1242 1708 ascendat.
1277 1641 1422 1708 Ergo
1479 1637 1563 1708 de,
1606 1635 1839 1708 Jericho
1868 1639 2009 1690 Core

436 1716 652 1777 noster,
702 1709 811 1763 hoc
867 1712 955 1763 est
1012 1707 1273 1774 Elisazus,
1334 1706 1597 1762 ascendit
1648 1707 1707 1761 in
1766 1706 2005 1777 domum

438 1782 560 1852 Dei,
592 1780 652 1854 in
710 1777 1043 1854 Bethel,_et
1097 1777 1479 1854 egrediuntur
1534 1779 1605 1854 de
1662 1776 1881 1846 Bcthcl,
1913 1777 2086 1854 hicB

438 1849 653 1907 est'de
710 1852 883 1905 domo
938 1849 1063 1917 Dei,
1111 1849 1229 1922 hoc
1285 1854 1373 1904 est
1419 1850 1491 1905 de
1547 1850 1852 1922 Synagoga
1908 1850 2008 1904 ubi

435 1923 599 1995 prius
625 1923 816 1977 fuerat
861 1922 1071 1976 domus
1096 1921 1231 1995 Dei,
1264 1922 1647 1995 egrediuntur
1675 1922 1839 1992 pueri
1867 1937 2008 1995 qua-

435 1992 708 2067 draginta
765 1994 1014 2067 duo,__et
1092 1992 1688 2067 illudunthliszcum
1756 1997 1813 2047 et
1868 1992 2011 2067 Core

438 2063 727 2133 nostrum,
788 2069 845 2119 et
897 2065 1135 2119 dicunt:
1193 2064 1449 2131 .Ilsccnde,
1506 2065 1658 2119 calve
1691 2081 1712 2126 ;
1762 2063 2006 2129 ascende,

434 2139 603 2194 calve.
635 2135 735 2192 llle
781 2136 938 2191 venit
987 2136 1054 2189 ad
1111 2135 1351 2189 domum
1403 2152 1594 2200 suam,
1629 2140 1685 2189 et
1735 2134 2011 2190 irridetur

435 2228 469 2265 a
497 2207 1011 2282 parvulisBethel.
1045 2210 1259 2260 Verum
1294 2206 1537 2282 Elisaeus
1568 2206 1662 2282 ille
1688 2207 2007 2282 patientis-

433 2277 646 2349 simus,
679 2280 1115 2351 quigpropterea
1142 2282 1379 2351 venerat
1407 2278 1468 2333 in
1500 2278 1698 2351 Bethel
1731 2282 1796 2351 ut
1826 2277 2008 2351 salva-

433 2358 542 2418 ret,
575 2348 830 2421 respexit
860 2348 933 2403 se
952 2349 1266 2418 aliquando
1291 2365 1318 2421 ελ
1347 2350 1615 2421 respexit,
1649 2354 1706 2404 et
1728 2348 1909 2421 jussit
1938 2349 2010 2404 de

435 2421 589 2477 saltu
622 2418 777 2476 eiire
806 2421 955 2474 duos
986 2435 1183 2490 ursos,
1210 2424 1266 2473 et
1306 2418 2006 2490 interfeceruntquadra-

434 2493 598 2564 ginta
627 2492 776 2545 duos
806 2506 1017 2561 pueros
1049 2489 1331 2560 (lbid.21’i).
1359 2490 1452 2544 Sic
1483 2493 1538 2544 et
1567 2489 1851 2564 Dominus
1880 2506 2009 2564 nos-

435 2560 543 2630 ter,
575 2562 686 2616 hoc
717 2560 825 2626 est,
854 2564 1051 2615 noster
1097 2568 1255 2624 Core,
1307 2576 1441 2614 cum
1497 2561 1753 2616 venisset
1798 2560 1859 2615 in
1909 2562 2008 2616 Be-

432 2634 576 2697 thel,
604 2636 660 2688 et
687 2630 861 2687 vellet
886 2631 1217 2696 ascendere,
1251 2631 1457 2686 irrisus
1490 2649 1523 2685 a
1552 2631 2009 2703 parvulis,jubet

434 2705 589 2761 exire
617 2705 767 2759 duos
809 2719 1001 2769 ursos,
1034 2702 1141 2757 hoc
1188 2707 1298 2770 est,
1342 2702 1765 2773 Vespasianum
1824 2708 1880 2758 et
1910 2704 2006 2759 Ti-

435 2781 584 2845 tum,
616 2781 674 2831 et
700 2774 1119 2846 interfecerunt
1166 2774 1555 2846 quadraginta
1601 2775 2004 2846 duospueros.

436 2848 542 2914 Qui
576 2850 715 2904 sunt
747 2846 841 2917 isti
894 2844 1283 2917 quadraginta
1333 2844 1533 2901 et'duo
1566 2844 1888 2917 pucri‘tAb
1920 2863 2008 2901 as-

365 2930 370 2935 ‘
434 2936 612 2976 censu
644 2916 858 2990 Christi
888 2933 1076 2988 usque
1103 2916 1171 2985 ad
1197 2916 1637 2990 subversionem
1658 2917 2006 2990 Jerusalem,

433 2989 825 3062 quadraginta
853 2992 909 3062 et
929 2987 1045 3062 duo
1071 2988 1209 3062 anni
1241 2987 1724 3062 sunt.l_)_ili_genter
1742 2987 2006 3062 aspicite,

432 3058 491 3119 et
518 3062 602 3119 sic
633 3058 1139 3132 invenietis.Ded_it
1160 3059 1357 3130 itaque
1380 3058 1493 3115 illis
1515 3058 1707 3115 locum
1729 3058 2008 3132 poeniten-

432 3134 525 3188 tiae
568 3131 958 3205 quadraginta
986 3135 1042 3205 et
1068 3130 1216 3205 duos
1247 3146 1433 3205 annos
1469 3136 1599 3205 post
1628 3130 2004 3205 resurrectio-

433 3221 566 3259 nem
588 3199 765 3275 ‘suam
798 3199 930 3275 cum
964 3202 1034 3257 ad
1075 3199 1271 3275 Bethcl
1318 3199 1678 3275 ascenderet.
1714 3202 1825 3258 Sed
1859 3220 2004 3275 quo-

433 3276 590 3330 niam
622 3274 707 3329 illi
736 3273 1091 3328 irridebant:
1127 3273 1379 3339 Ascende,
1411 3273 1584 3339 calve,
1618 3273 2005 3339 oscendefcal-

431 3360 529 3408 ve;
560 3344 777 3418 egressi
812 3348 948 3400 sunt
977 3344 1091 3399 duo
1141 3344 1283 3415 ursi,
1310 3350 1369 3399 et
1408 3344 1823 3400 interfecerunt
1850 3345 2004 3401 illos.

436 3456 465 3486 α
499 3433 874 3499 Benedixisti,
899 3433 1385 3504 Domine,terram
1406 3436 1625 3488 tuam.»
1657 3434 1737 3489 De
1758 3434 2006 3490 adventu

362 3523 578 3579 dicitur
595 3522 1057 3578 Salvatoris.Hoc
1078 3522 1309 3592 proprie
1330 3522 1652 3577 secundum
1676 3522 2006 3578 historiam.

364 3612 649 3666 Caeterum
683 3610 1009 3666 secundum
1032 3609 1579 3682 tropologiam,cum
1603 3611 1923 3668 dixerimus
1937 3613 2010 3667 de

366 3698 632 3765 historia,
660 3703 863 3769 postea
891 3698 1210 3753 dicemus.«
1245 3698 2010 3770 Benedixisti,Domine,ter-

363 3795 488 3842 ram
520 3790 705 3842 tuam.
740 3808 768 3836 »
800 3790 920 3841 Hoc
948 3786 1205 3841 diximus
1244 3787 1315 3841 de
1371 3788 1622 3843 adventu
1671 3788 2005 3845 Salvatoris.

361 3876 538 3932 Terra
567 3890 695 3948 quae
721 3878 777 3930 te
806 3874 1146 3939 offenderat,
1178 3890 1302 3945 quae
1335 3875 1681 3932 idololatriis
1704 3878 1892 3932 fuerat
1918 3877 2008 3932 in-

361 3966 687 4039 quinata,te
715 3963 981 4020 veniente
999 3962 1218 4019 salvata
1238 3967 1346 4031 est,
1360 3964 1733 4031 Benedixisti,
1747 3966 2006 4033 Domine,

359 4059 575 4111 terram
610 4053 1090 4125 tuam.Loquitur
1110 4057 1378 4124 peccator
1407 4057 1607 4123 postea
1627 4054 1854 4108 veniam
1879 4071 2010 4110 con-

360 4147 618 4200 secutus.
653 4166 680 4194 ‹‹
715 4141 1583 4208 Benedixisti,Domine,terram
1616 4144 1836 4197 tuam.»
1861 4143 2013 4198 Licet

358 4233 610 4289 tribulos
636 4237 693 4288 et
714 4232 916 4304 spinas
941 4231 1424 4296 attulerit,tamen
1439 4234 1706 4286 creatura
1729 4235 2013 4299 tuaest,et

361 4320 491 4376 ideo
507 4320 731 4376 salvata
745 4325 889 4375 est.«
917 4320 1187 4375 Avertisti
1206 4319 1601 4391 captivitatem
1619 4320 1815 4376 Jacob.
1839 4343 1867 4370 »
1899 4320 2010 4376 Eo-

361 4424 494 4464 rum
517 4408 616 4480 qui
640 4409 698 4463 in
720 4409 949 4464 Christo
973 4409 1681 4465 crediderunt.«Avertisti
1710 4409 2007 4481 captivita-

2117 507 2447 581 pologiam:
2485 532 2514 559 ‹‹
2566 508 2863 565 Remisisti
2911 508 3284 581 iniquitatem
3327 505 3515 579 plebis
3571 509 3717 561 tua.
3746 527 3776 556 ρ

2115 596 2296 653 Nemo
2325 597 2592 669 dimittit,
2617 598 2729 655 nisi
2761 598 2916 670 quod
2946 594 3547 669 debetur.«0peruiati
3568 594 3780 651 omnia

2117 690 2357 759 peccata
2386 702 2610 742 eorum.
2645 686 3011 741 «Virtutibus
3039 683 3342 757 operuisti,
3375 688 3435 739 et
3464 686 3784 757 propterea

2117 779 2352 846 peccata
2377 790 2491 831 non
2525 779 2749 847 parent.
2781 776 2860 829 Ac
2888 774 2938 830 si
2968 773 3212 829 diceret:
3231 771 3613 842 Iniquitatem
3648 787 3784 842 ope-

2116 864 2290 919 ruisti
2313 863 2585 935 justitia;
2631 862 3063 936 impudicitiam
3118 861 3401 934 operuisti
3452 860 3779 916 castitate:

2117 952 2481 1025 nigredinem
2514 952 2798 1024 operuisti
2848 953 3121 1008 candore.
3159 971 3187 1003 α
3216 949 3508 1023 Mitigasti
3534 960 3779 1004 omnem

2116 1043 2265 1098 iram
2297 1045 2461 1098 tuam
2488 1058 2501 1098 :
2536 1040 2795 1097 avertistl
2827 1042 2899 1096 ab
2930 1040 3017 1097 ira
3036 1038 3460 1112 indignationis
3491 1040 3785 1093 tuacon-

2114 1137 2271 1186 verte
2303 1144 2432 1198 nos,
2469 1132 2621 1186 Deus
2651 1130 2911 1185 saluium
2961 1132 3315 1185 nostrarum.
3342 1150 3370 1176 ι»
3401 1130 3519 1183 etc.
3570 1126 3783 1182 Videte

2116 1219 2259 1290 quid
2291 1219 2483 1275 dicat:
2518 1221 2606 1275 Tu
2638 1219 2791 1291 quod
2825 1218 2885 1273 in
2914 1222 2971 1274 te
3018 1217 3151 1288 fuit,
3184 1232 3426 1273 aversus
3475 1232 3545 1271 es
3584 1215 3665 1270 ab
3698 1215 3785 1270 ira

2117 1311 2354 1379 propter
2381 1306 2755 1363 clementiam
2785 1311 2971 1363 tuam.
3005 1328 3036 1356 ‹‹
3066 1309 3344 1362 Converte
3371 1320 3512 1371 nos,
3537 1305 3718 1360 Deus.
3754 1325 3782 1354 ι

2116 1396 2201 1451 Tu
2232 1411 2472 1452 aversus
2505 1395 2578 1451 ab
2606 1395 2714 1465 ira,
2747 1411 2855 1451 nos
2887 1394 3144 1452 avertisti
3172 1411 3209 1449 a
3248 1394 3532 1466 peccatis.
3574 1412 3599 1441 ε
3633 1396 3784 1448 Cou-

2117 1488 2275 1540 verte
2299 1499 2427 1552 nos,
2460 1484 2615 1540 Deus
2644 1482 2904 1540 salutum
2949 1487 3306 1540 nostrarum.
3343 1503 3367 1531 υ
3428 1484 3631 1548 Quare
3664 1498 3781 1538 non

2116 1571 2278 1637 dixit,
2313 1572 2523 1630 salutis
2552 1575 2787 1643 nostris,
2823 1573 2923 1628 sed
2957 1594 2988 1622 «
3032 1571 3294 1628 salutum
3343 1575 3719 1626 nostrarum.
3750 1592 3779 1620 ιι

2118 1660 2178 1717 Si
2198 1661 2380 1717 semel
2401 1677 2922 1735 peccaremus,una
2941 1660 3340 1734 indigeremus
3369 1657 3784 1715 salutelulta

2118 1750 2517 1823 peccavimus:
2536 1754 2840 1823 propterea
2861 1749 3064 1806 multis
3084 1749 3419 1822 indigemus
3449 1747 3778 1804 salutibus.

2198 1860 2226 1892 ιι
2257 1840 2426 1909 Deus,
2459 1843 2524 1894 tu
2553 1838 3237 1909 conversusyiviﬁcabis
3276 1853 3405 1894 nos.
3437 1857 3465 1888 ι
3500 1837 3779 1901 Quandiu

2118 1944 2255 2000 ergo
2277 1928 2349 1984 ad
2366 1944 2473 1984 nos
2486 1928 2772 1984 Dominus
2793 1943 2908 1983 non
2922 1925 3778 1995 convertitur,mortuisamus.

2188 2038 2218 2066 ‹‹
2252 2017 2503 2073 Ostende
2532 2014 3471 2084 nobis,Domine,misericordiam
3496 2019 3692 2082 tuam,
3723 2020 3785 2071 et

2118 2104 2373 2161 salutare
2402 2109 2571 2161 tuum
2603 2106 2677 2161 da
2704 2105 2926 2161 nobisa
2956 2105 3119 2172 Quod
3152 2102 3420 2160 Salvator
3444 2104 3780 2171 descendit,

2118 2193 2519 2249 misericordia
2569 2194 2665 2249 Dei
2695 2196 2804 2250 est.
2836 2193 2963 2249 Non
3018 2192 3277 2249 venisset
3332 2192 3614 2258 medicus,
3651 2192 3779 2247 nisi

2118 2286 2467 2355 aagrotarent
2496 2282 2758 2354 plurimi.
2791 2282 3079 2349 Quoniam
3108 2282 3477 2355 aegrotabaut
3508 2280 3780 2353 plurimi,

2116 2376 2423 2444 propterea
2464 2372 2624 2427 venit
2680 2371 2963 2427 medicus.
3006 2370 3298 2436 Quoniam
3357 2369 3778 2443 iudigebamua

2116 2459 2540 2530 misericordia,
2572 2464 2879 2532 propterea
2905 2460 3066 2515 venit
3095 2458 3379 2516 Salvator.

2192 2570 2220 2601 υ
2248 2549 2500 2605 Audiam
2531 2549 2670 2622 quid
2699 2548 2977 2621 loquatur
3004 2548 3065 2603 in
3093 2564 3189 2604 me
3217 2547 3509 2603 Dominus
3542 2547 3723 2603 Deus.
3742 2568 3767 2596 τι

2115 2637 2281 2693 Multi
2322 2642 2533 2709 putant
2586 2639 2822 2711 quando
2878 2636 3139 2709 loquitur
3190 2636 3421 2710 Moyses
3470 2641 3535 2692 et
3587 2636 3770 2693 dicit:

2115 2728 2239 2783 Haec
2268 2726 2404 2783 dicit
2442 2729 2720 2783 Dominus
2764 2726 2956 2799 (Exod.
3001 2743 3087 2791 IIl,
3116 2726 3152 2778 7
3193 2726 3445 2797 passim),
3474 2729 3538 2781 et
3566 2725 3774 2791 Isaias,

2116 2820 2173 2872 et
2200 2815 2411 2884 caeteri,
2444 2820 2499 2871 et
2529 2832 2661 2871 cum
2694 2815 2908 2871 dicitur
2928 2831 2943 2869 :
2967 2817 3193 2871 Factum
3215 2818 3298 2871 est
3330 2814 3559 2870 verb-an
3588 2815 3773 2871 Doni-

2114 2906 2179 2959 ni
2222 2904 2299 2960 ad
2354 2906 2557 2960 Isaiam
2603 2905 2731 2975 (lea.
2787 2922 2851 2974 ιι,
2907 2904 2931 2959 4
2994 2908 3167 2976 seqq.)
3216 2904 3338 2959 sive
3391 2903 3469 2958 ad
3524 2903 3773 2959 Ezechiel

2110 2995 2431 3067 prophetam
2464 2994 2679 3065 (Ezech.
2738 2995 2873 3060 νι,1
2934 2994 3146 3066 seqq.);
3196 2991 3480 3065 quoniam
3531 2993 3775 3049 forinse-

2119 3098 2225 3139 cus
2254 3097 2446 3138 sermo
2479 3083 2600 3149 fiat,
2625 3087 2682 3138 et
2715 3098 2819 3155 per
2844 3081 2990 3138 istas
3037 3097 3210 3138 aures
3255 3081 3461 3137 audiat
3487 3080 3775 3154 propheta

2038 3150 2081 3217 (ἶ
2120 3172 2275 3243 quod
2306 3171 2568 3243 loquitur
2596 3188 2630 3227 a
2656 3150 2944 3227 Domine”:
2996 3170 3123 3227 Non
3171 3174 3260 3227 est
3296 3170 3396 3227 ita.
3423 3150 3695 3242 Denique
3722 3173 3777 3226 et

2115 3260 2400 3317 Dominus
2430 3266 2629 3316 noster
2661 3259 2800 3331 quid
2841 3260 3101 3328 loquitur
3130 3260 3203 3315 ad
3229 3258 3561 3315 Pharissos
3584 3264 3643 3315 et
3672 3259 3775 3315 Ju-

2116 3349 2270 3404 dzeos
2292 3348 2430 3417 ‘IQui
2452 3347 2615 3404 habet
2634 3363 2797 3404 aures
2817 3346 3101 3416 audiendi,
3133 3346 3325 3403 audiat
3352 3347 3508 3419 (Luc.
3538 3364 3667 3417 vui,
3694 3348 3772 3417 8).

2117 3438 2185 3492 Et
2210 3435 2391 3493 Isaias
2412 3434 2532 3493 ait:
2565 3438 2833 3493 Dominus
2867 3435 3080 3493 addidit
3118 3436 3263 3492 mihi
3293 3438 3615 3493 om
3642 3438 3772 3506 (In.

2118 3544 2156 3593 1,
2189 3525 2267 3596 5).
2301 3525 2505 3580 Videte
2533 3525 2675 3596 quid
2706 3524 2901 3582 dicat:
2924 3524 3212 3582 Dominus
3235 3525 3466 3582 addidit
3492 3525 3647 3581 mihi
3674 3540 3777 3581 au-

2118 3613 2386 3670 riculam.
2416 3613 2706 3679 Quoniam
2738 3628 2853 3670 non
2906 3614 3197 3671 habebam
3244 3613 3407 3670 illam
3440 3614 3775 3672 auriculam

2117 3717 2243 3774 quae
2272 3702 2333 3757 in
2363 3702 2535 3758 corde
2564 3706 2691 3770 est;
2726 3702 2953 3758 addidit
2980 3702 3127 3758 mihi
3179 3707 3248 3759 ut
3277 3702 3373 3759 Dei
3404 3703 3636 3775 possim
3664 3719 3776 3759 au-

2117 3791 2242 3847 dire
2271 3804 2593 3847 sermones.
2619 3791 2691 3846 Et
2737 3807 2895 3865 nunc
2940 3806 3079 3863 ergo
3128 3790 3416 3864 propheta
3463 3792 3776 3864 quodcun-

2118 3894 2232 3953 que
2263 3879 2449 3945 audit,
2481 3878 2645 3935 audit
2672 3880 2733 3935 in
2765 3880 2956 3936 corde.
2978 3880 3221 3944 Quando
3250 3880 3409 3937 enim
3442 3880 3777 3937 clamamus

2116 3967 2176 4023 in
2231 3968 2508 4025 cordibus
2566 3967 2823 4026 nostris:
2881 3969 3053 4034 Abba,
3078 3976 3254 4041 pater,
3312 3972 3371 4024 et
3421 3968 3777 4026 clamat-ille

2117 4055 2333 4112 silentii
2367 4061 2477 4123 est,
2509 4061 2566 4112 et
2596 4055 2895 4112 silentium
2950 4056 3190 4112 auditur
3218 4074 3253 4111 a
3286 4057 3532 4113 Domino
3559 4075 3576 4113 :
3608 4057 3695 4114 sic
3718 4063 3778 4114 et

2116 4145 2403 4201 Dominus
2432 4144 2697 4217 loquitur
2745 4145 2819 4200 ad
2867 4161 2969 4201 cor
3019 4146 3307 4215 nostrum,
3340 4145 3502 4217 quod
3530 4145 3780 4211 clamat,

2116 4234 2637 4305 Abba,pater(Rom.
2662 4250 2791 4298 VIII,
2822 4233 2934 4305 15).
2964 4233 3100 4289 Ideo
3120 4248 3256 4306 ergo
3277 4248 3438 4289 nunc
3465 4234 3618 4291 dicit
3646 4251 3781 4308 pro-

2118 4320 2327 4391 pheta:
2369 4319 2672 4376 «Audiam
2705 4319 2848 4391 quid
2899 4320 3177 4390 loquatur
3223 4320 3283 4375 in
3342 4336 3440 4376 me
3489 4323 3780 4379 Dominus

2126 4410 2332 4464 Deus.»
2366 4407 2505 4463 Tale
2534 4407 2676 4480 quid
2706 4412 2764 4463 et
2791 4408 3061 4465 Habacuc
3088 4407 3375 4481 propheta
3400 4409 3553 4465 dicit
3576 4427 3596 4466 :
3616 4411 3782 4468 Sabo

360 4502 477 4554 t'em
492 4497 2009 4571 Jacob.»Quicunqueinpeccatisest,captustenetur.
2041 4513 2090 4577 D
2122 4499 2183 4552 in
2210 4497 2687 4567 contemplatione,
2731 4505 2784 4552 et
2823 4495 3037 4553 videam
3085 4497 3215 4568 quid
3261 4499 3600 4571 respondeat
3637 4501 3781 4555 mihi

431 4608 461 4637 «
489 4586 783 4642 Remisisti
819 4586 1191 4657 iniquitatem
1214 4584 1401 4656 plebis
1430 4590 1601 4640 tuae.»
1627 4587 1748 4641 Non
1776 4591 2010 4658 propter

358 4690 536 4748 opera
564 4690 789 4739 eorum,
824 4676 921 4731 scd
955 4678 1191 4745 propter
1221 4674 1680 4729 miscricordiam
1713 4679 1875 4730 tuam
1897 4675 2009 4731 sal-

356 4765 505 4823 vasti
528 4764 814 4837 populum
846 4767 1037 4819 tuum.
1072 4786 1099 4812 ‹‹
1135 4763 1204 4817 Et
1233 4763 1512 4835 operuisti
1544 4763 1741 4819 omnia
1772 4769 2008 4836 peccata

357 4871 619 4911 eorum.»
636 4854 828 4925 Usque
851 4854 921 4908 ad
942 4854 1115 4907 finem
1141 4853 1210 4906 de
1229 4852 1473 4907 adventu
1503 4851 1821 4907 Salvatoris
1851 4852 2004 4924 psal-

360 4960 494 4998 mus
528 4947 616 4999 est
646 4943 799 4999 sicut
828 4940 1404 5008 dixit,misericordia
1433 4945 1490 4996 et
1519 4941 2005 4998 veritas.Verum-

359 5034 554 5087 tamen
579 5048 756 5104 prope
785 5031 1060 5087 timentes
1090 5046 1223 5084 eum
1258 5029 1514 5085 salutare
1534 5030 1814 5101 ipsius,ut
1836 5029 2005 5086 inha-

360 5118 503 5174 bitet
535 5120 723 5192 gloria
756 5122 811 5175 in
843 5124 1001 5175 terra
1030 5123 1249 5175 nostra.
1290 5139 1315 5165 ››
1338 5117 1483 5172 Vere
1513 5118 1667 5173 enim
1700 5117 1884 5190 gloria
1905 5119 2005 5173 Dei

361 5208 647 5263 habitavit
675 5210 733 5263 in
763 5212 918 5264 terra
940 5213 1160 5275 nostra,
1182 5212 1239 5263 et
1267 5206 1726 5278 deindejustitia
1762 5207 1832 5263 de
1863 5208 2005 5263 ccelo

362 5297 714 5368 prospexit.«
739 5299 967 5353 Etenim
1003 5297 1284 5353 Dominus
1314 5296 1475 5351 dabit
1499 5296 1941 5368 benignitatem.
1978 5318 2001 5346 ι

359 5389 545 5452 Quam
579 5386 1043 5457 benignitatem?
1079 5408 1101 5437 ι
1134 5391 1309 5441 Terra
1338 5390 1541 5440 nostra
1572 5386 1731 5440 dedit
1751 5384 2006 5440 fructum

360 5490 558 5531 suum.
590 5495 617 5522 ››
648 5475 847 5539 Maria,
880 5482 1035 5530 terra
1068 5480 1284 5545 nostra,
1317 5490 1450 5529 caro
1482 5474 1868 5541 nostra,dcdit
1888 5474 2008 5527 fru-

361 5567 519 5619 ctum
548 5562 1026 5619 suum.«Justitia
1055 5568 1187 5619 ante
1216 5580 1349 5620 eum
1382 5562 1753 5619 ambulavit.»
1773 5563 2006 5618 Iustum

359 5655 616 5711 fructum
647 5653 806 5711 dedit
834 5656 990 5711 terra
1017 5652 1198 5724 virgo.
1233 5656 1349 5709 Hoc
1377 5653 1609 5709 interim
1640 5651 1894 5708 diximus
1921 5667 2010 5708 se-

2116 4587 2401 4652 Domz'nus,
2428 4590 2480 4641 et
2507 4586 2647 4657 quid
2683 4585 3036 4656 respondeam
3079 4586 3151 4641 ad
3179 4601 3310 4642 eum
3336 4587 3566 4657 (Habeo.
3600 4606 3669 4655 ιι,
3699 4588 3774 4657 4).

2117 4697 2146 4725 ‹‹
2178 4675 2246 4729 Et
2278 4675 2519 4730 audiam
2550 4674 2691 4746 quid
2723 4674 3001 4746 loquatur
3027 4674 3087 4729 in
3118 4690 3215 4730 me
3242 4676 3529 4733 Dominus
3564 4678 3771 4734 Deos.-

2115 4764 2262 4836 Ergo
2292 4767 2351 4818 et
2381 4763 2489 4818 hoc
2537 4763 2692 4834 quod
2722 4762 2868 4818 dicit
2896 4778 2910 4818 :
2944 4785 2971 4812 «
3022 4761 3277 4819 Audiam
3310 4763 3454 4836 quid
3495 4764 3776 4838 loquatur

2114 4852 2174 4907 in
2204 4867 2298 4907 me
2325 4850 2609 4907 Dominus
2631 4851 2845 4918 Deus,»
2866 4849 3128 4923 loquitur
3146 4850 3207 4906 in
3228 4851 3699 4925 cordulequitur
3714 4854 3771 4909 in

2115 4939 2518 4997 sensu.Vultis
2548 4940 2699 4996 scire
2729 4938 2923 5011 qualis
2953 4939 3033 4995 sit
3056 4938 3282 4996 clamor
3309 4940 3504 4998 cordis
3523 4942 3554 4997 ?
3578 4939 3772 4999 Vult’.

2114 5029 2265 5085 scire
2296 5029 2574 5100 quoniam
2605 5028 2830 5085 clamor
2875 5028 3030 5102 apud
3082 5027 3267 5084 Deum
3310 5045 3431 5085 non
3461 5030 3645 5097 vocis,
3668 5032 3773 5087 sed

2116 5118 2509 5189 lacrymarum
2540 5122 2630 5174 est
2651 5117 2678 5172 ?
2701 5116 2925 5173 Dicitur
2950 5115 3011 5172 in
3040 5117 3595 5176 Lamentation’rbus
3618 5119 3773 5177 Jers-

2116 5206 2280 5261 miaa:
2315 5210 2437 5263 Non
2465 5208 2643 5262 tacuit
2675 5206 2891 5278 pupilla
2944 5206 3093 5262 oculi
3132 5206 3264 5261 mei.
3317 5206 3532 5277 (Thuyn.
3564 5225 3631 5275 ιι,
3662 5211 3769 5277 ιε).

2119 5317 2149 5345 ‹‹
2178 5293 2466 5357 Quoniam
2498 5294 2769 5367 loquetur
2791 5308 2989 5367 pacem
3014 5293 3073 5349 in
3097 5293 3330 5365 plebem
3352 5311 3543 5353 suam.
3570 5320 3602 5347 ιο
3628 5296 3770 5354 Pro-

2114 5383 2239 5455 prie
2296 5382 2511 5439 dicitur
2566 5383 2676 5439 hoc
2728 5384 2800 5439 de
2856 5381 3069 5455 populo
3125 5382 3490 5454 Judteorum,
3546 5386 3653 5458 qui
3708 5378 3767 5443 in

2114 5470 2412 5527 Christum
2451 5472 2729 5528 credituri
2764 5472 3499 5530 sunt.Hocestdeadventu
3526 5474 3762 5532 Christi.

2115 5558 2342 5616 Dicitur
2369 5563 2427 5617 et
2453 5560 2525 5617 de
2571 5560 2685 5616 {ide
2731 5558 2930 5636 populi
2974 5559 3226 5627 Judaiei,
3257 5558 3372 5617 hoc
3409 5566 3501 5620 est
3527 5562 3603 5621 de
3627 5578 3764 5637 apo-

2115 5647 2305 5722 stolis,
2338 5650 2782 5726 et\quicuuque
2838 5648 3119 5722 apostolis
3172 5648 3568 5712 crediderunt.
3609 5654 3761 5722 Quo-
