3976 6188
209 317 368 384 ΠΗ

1427 300 1930 367 BREVIABIUM
1975 301 2054 364 IN
2102 303 2486 366 PSALMOS.

3461 300 3620 372 4142

207 453 375 512 niam
423 448 700 521 loquetur
749 459 950 517 pacem
999 440 1057 497 in
1107 439 1332 513 plebem
1377 456 1563 494 suam.
1600 442 1714 492 Pax
1746 454 1858 492 non
1891 437 1946 504 Α
1976 456 2129 494 unus
2160 439 2229 492 de
2260 437 2519 510 gentium
2548 435 2781 508 populo,
2839 439 2896 492 et
2943 435 3094 492 alius
3142 435 3212 491 de
3258 434 3618 492 Judaeorum.

208 542 448 603 dicitur,
483 536 595 592 nisi
627 533 859 606 quando
891 529 1111 588 bellum
1143 547 1257 585 non
1289 532 1396 583 est.

283 653 313 681 ι(
345 630 417 686 Et
447 642 626 699 super
657 627 894 680 sanctos
918 636 1055 675 suos
1084 623 1140 674 et
1174 618 1229 673 in
1263 634 1362 673 eos
1394 616 1492 689 qui
1517 621 1861 672 convertun-

196 725 307 777 tur
360 717 433 774 ad
492 733 610 771 cor.
644 736 672 762 »
705 713 822 768 Hoc
868 715 977 776 est,
1025 711 1122 781 qui
1170 708 1423 780 primam
1471 706 1865 776 sequebantur

207 823 474 873 carnem,
521 807 577 859 et
626 805 821 876 postea
861 800 1279 856 convertuntur
1309 797 1379 850 ad
1413 812 1530 850 cor.
1564 795 1636 850 Ut
1665 793 1863 849 sciatis

209 899 352 973 quia
385 911 488 969 pro
516 891 736 950 Judaais
768 889 983 946 dicitur
1010 888 1120 944 iste
1147 885 1491 952 versiculus,
1524 883 1632 939 hoc
1663 887 1769 948 est,
1793 882 1862 936 de

208 989 306 1048 his
338 985 440 1058 qui
480 981 851 1039 crediderunt
894 978 953 1032 in
1000 976 1352 1032 Salvatorem
1389 991 1400 1029 :
1435 973 1622 1027 videte
1669 987 1860 1026 exem-

210 1078 310 1151 pla
341 1092 470 1148 quae
502 1071 779 1128 diximus.
814 1068 924 1122 Fac
957 1065 1101 1120 mihi
1127 1065 1396 1119 Judaeum
1425 1061 1614 1133 legere
1655 1059 1861 1115 Leviti-

209 1183 344 1225 cum
396 1167 546 1235 (cap.
598 1159 733 1229 XIV),
785 1160 842 1213 et
899 1155 1098 1212 omnia
1155 1152 1255 1208 illa
1311 1154 1681 1207 sacramenta
1736 1166 1862 1220 quae

209 1253 432 1327 scripta
487 1253 646 1314 sunt,
677 1251 734 1304 et
765 1244 1058 1318 quomodo
1108 1243 1375 1314 leprosus
1422 1239 1748 1311 ingreditur
1802 1238 1860 1291 in

207 1355 592 1418 synagogam,
625 1335 918 1408 quomodo
947 1332 1166 1405 gallina
1196 1329 1421 1386 tollitur
1449 1333 1507 1384 et
1545 1329 1861 1398 obtorque-

210 1417 308 1488 tur
338 1429 428 1485 illi
458 1427 695 1485 collum.
745 1423 964 1480 Deinde
1006 1421 1222 1477 dicitur
1264 1419 1334 1473 de
1386 1417 1672 1488 sanguine
1720 1432 1860 1486 quo-

208 1521 385 1580 modo
441 1518 814 1590 aspergatur;
874 1510 1088 1566 dicitur
1145 1509 1216 1563 de
1273 1523 1462 1578 aqua;
1522 1505 1737 1564 dicitur
1792 1503 1863 1557 de

208 1611 499 1683 hyssopo;
559 1603 774 1660 dicitur
819 1599 994 1656 etiam
1043 1595 1335 1669 quomodo
1387 1593 1730 1649 scindantur
1777 1590 1861 1645 illi

208 1679 587 1764 vestimenta,
611 1697 669 1748 et
697 1690 780 1747 sic
813 1687 1141 1762 ingreditur
1169 1685 1226 1740 in
1261 1698 1614 1756 synagogam
1638 1679 1735 1736 ille
1759 1679 1857 1751 qui

208 1788 483 1861 leprosus
532 1784 736 1838 fuerat.
791 1778 849 1833 Si
904 1775 1227 1832 secundum
1279 1772 1531 1827 litteram
1569 1770 1858 1842 legamus,

211 1856 357 1950 quid
389 1871 562 1930 nobis
581 1869 818 1944 prodest
848 1866 1000 1938 quod
1033 1863 1322 1935 legimus?
1351 1861 1412 1916 Si
1438 1875 1569 1915 vero
1601 1856 1858 1914 conversi

211 1949 504 2022 fuerimus
552 1962 622 2017 ad
671 1977 790 2024 cor,
840 1957 889 2014 si
940 1951 1322 2027 spiritualiter
1352 1949 1858 2006 intellexerimus:

209 2053 546 2112 videbimus
577 2047 855 2122 quoniam
880 2045 1147 2118 leprosus
1179 2059 1293 2096 non
1323 2044 1512 2112 potest
1541 2038 1761 2093 intrare
1790 2037 1856 2091 ad

209 2142 501 2218 populum
533 2138 655 2204 Dei,
689 2135 804 2192 nisi
834 2133 1180 2189 scindantur
1207 2129 1556 2218 vestimenta
1585 2124 1862 2196 ejus,nisi

210 2213 614 2307 quodcunque
644 2225 912 2280 clausum
945 2219 1119 2276 fuerit
1143 2213 1448 2274 reveletur.
1487 2213 1743 2285 Denique
1780 2213 1862 2268 vi-

207 2303 370 2387 dete,
401 2315 682 2391 quoniam
715 2313 826 2368 iste
855 2311 1122 2382 leprosus
1152 2307 1266 2362 nisi
1297 2321 1399 2376 per
1428 2303 1776 2376 sanguinem
1809 2305 1866 2357 et

207 2424 456 2482 aquam,
486 2409 544 2460 et
573 2404 921 2476 hySSOpum.
954 2413 1070 2453 non
1118 2393 1445 2467 ingreditur
1486 2406 1862 2482 synagogam.

207 2479 364 2568 Ergo
398 2499 456 2550 et
499 2498 560 2547 tu
601 2490 702 2564 qui
753 2503 938 2559 usque
980 2484 1154 2541 hodie
1201 2482 1466 2554 leprosus
1517 2479 1698 2546 fuisti,
1751 2495 1866 2534 non

206 2583 538 2658 apparebat
583 2579 745 2650 lepra
794 2581 896 2631 tua
946 2578 1259 2644 antequam
1307 2570 1533 2625 venires
1572 2569 1644 2623 ad
1677 2584 1866 2623 sacer-

212 2656 434 2730 dotem.
458 2669 566 2725 Sed
591 2665 869 2740 quoniam
893 2661 1102 2719 venisti
1134 2661 1204 2716 ad
1238 2659 1621 2727 sacerdotem,
1654 2656 1870 2710 dissuit

211 2760 492 2822 sacerdos
519 2755 865 2813 vestimenta
896 2757 1019 2816 tua,
1051 2754 1107 2805 et
1134 2749 1289 2821 quod
1311 2752 1529 2802 tectum
1559 2745 1870 2800 videbatur

216 2855 274 2907 et
302 2864 517 2908 sanum
547 2861 697 2911 esse,
728 2839 984 2898 ostendit
1013 2841 1332 2912 leprosum.
1385 2834 1595 2890 Omnia
1633 2837 1869 2905 peccata

217 2946 323 2996 tua
344 2943 401 2993 et
421 2937 644 3008 lepram
665 2938 828 2988 tuam
852 2928 1048 3002 posuit
1069 2931 1203 2983 ante
1232 2925 1432 2982 oculos
1462 2929 1616 2990 tuos,
1650 2927 1706 2978 et
1737 2923 1866 2977 ideo

201 3033 261 3085 te
316 3023 546 3083 reducit
603 3023 661 3076 in
721 3033 1072 3092 synagogam
1123 3015 1225 3070 Dei
1269 3030 1372 3086 per
1420 3010 1767 3083 sanguinem
1812 3013 1868 3064 et

201 3133 442 3190 aquam.
479 3115 586 3168 Per
614 3107 987 3182 sanguinem,
1022 3120 1125 3176 per
1153 3103 1488 3175 passionem
1533 3097 1772 3167 Christi,
1807 3104 1864 3151 et

1971 527 2191 583 Judzeis
2213 525 2634 598 repromissum
2652 528 2740 580 est
2762 524 2915 595 quod
2937 524 3157 580 veniret
3192 523 3454 580 Salvator
3477 540 3489 578 :
3515 541 3619 580 no-

1972 616 2063 670 bis
2095 621 2289 671 autem
2323 615 2423 686 qui
2457 613 2710 670 extranei
2745 629 2980 668 eramus
3011 631 3044 668 a
3073 612 3197 683 lege
3227 614 3349 684 Dei,
3384 631 3498 670 non
3530 616 3620 678 est

1973 701 2817 775 repromissum.Misericordia
2846 701 3024 774 igitur
3048 702 3218 757 estin
3242 701 3454 773 populo
3476 719 3617 776 gen-

1972 793 2186 859 tilium,
2216 793 2427 848 veritas
2457 793 2515 847 in
2548 791 2761 863 populo
2787 791 3122 846 Judaeorum
3153 807 3166 844 :
3191 789 3330 860 quia
3351 791 3504 861 quod
3527 807 3618 846 re-

1972 882 2328 952 promissum
2377 885 2484 946 est,
2517 881 2694 945 venit,
2728 880 2836 935 hoc
2868 883 2974 947 est,
3011 879 3164 951 quod
3196 879 3617 950 repromissum

1972 975 2061 1025 est
2099 971 2382 1042 patribus,
2432 969 2540 1024 hoc
2599 966 2922 1039 completur
2952 967 3010 1021 in
3044 966 3202 1021 ﬁliis.
3239 987 3266 1016 «
3294 965 3534 1022 Justitia
3562 968 3620 1023 et

1974 1077 2085 1133 pax
2115 1058 2386 1114 osculata:
2418 1062 2574 1113 sunt.
2610 1078 2636 1109 ιι
2672 1057 2875 1112 Videte
2905 1056 3044 1128 quid
3074 1055 3230 1110 dicat
3262 1071 3274 1110 :
3309 1078 3338 1105 ‹‹
3379 1053 3620 1112 Justitia

1975 1153 2030 1204 et
2061 1165 2171 1220 pax
2202 1146 2474 1203 osculatae
2505 1151 2706 1201 sunt.»
2729 1145 2926 1216 Ipsum
2958 1148 3048 1200 est
3076 1145 3229 1217 quod
3253 1161 3432 1217 supra
3453 1143 3615 1199 dixit:

1973 1259 2001 1286 «
2037 1235 2431 1292 Misericordia
2461 1241 2517 1290 et
2547 1235 2779 1289 veritas.
2812 1256 2840 1284 »
2878 1232 3274 1288 Misericordia
3303 1232 3498 1305 ipsum
3528 1236 3620 1288 est

1974 1326 2127 1398 quod
2162 1330 2218 1379 et
2249 1342 2358 1396 pax
2393 1342 2404 1378 :
2439 1324 2652 1378 veritas
2680 1327 2873 1378 autem
2906 1322 3098 1392 ipsum
3131 1325 3219 1376 est
3255 1320 3410 1394 quod
3440 1325 3496 1376 et
3516 1321 3618 1392 ju-

1974 1415 2152 1471 stitia.
2189 1414 2246 1468 Si
2280 1413 2418 1484 quid
2451 1412 2606 1467 enim
2641 1412 2712 1466 ad
2744 1426 2946 1482 pacem
2979 1409 3248 1481 pertinet,
3279 1409 3389 1478 hoc
3437 1413 3495 1464 et
3543 1408 3615 1466 ad

1972 1501 2454 1570 misericordiam,
2488 1504 2544 1554 et
2573 1500 2618 1555 si
2653 1500 2793 1570 quid
2826 1499 2896 1554 ad
2926 1499 3250 1563 veritatem,
3292 1497 3401 1552 hoc
3430 1497 3619 1567 adju-

1972 1591 2213 1646 stitiam.
2251 1590 2446 1646 Videte
2475 1605 2610 1662 ergo
2637 1588 2778 1660 quid
2813 1587 2966 1642 dicat
2995 1605 3006 1641 :
3031 1586 3273 1641 Justitia
3301 1590 3358 1642 et
3386 1603 3496 1657 pax
3526 1585 3618 1640 de-

1971 1679 2243 1735 osculata:
2296 1683 2454 1748 sunt,
2490 1700 2516 1724 ››
2548 1678 2802 1756 hoc’est,
2837 1675 3241 1730 misericordia
3295 1680 3353 1730 et
3408 1673 3618 1730 veritas

1971 1768 2288 1824 amicitiam
2335 1768 2613 1837 fecerunt,
2647 1766 2754 1820 hoc
2784 1769 2891 1831 est,
2924 1768 2981 1819 et
3011 1763 3317 1837 gentilium
3367 1763 3619 1836 populus

1970 1862 2027 1914 et
2053 1857 2389 1913 Judazorum
2421 1856 2530 1912 sub
2561 1872 2676 1910 uno
2701 1858 2931 1926 pastore
2960 1853 3190 1909 Christo
3220 1858 3330 1909 est.

2043 1970 2069 1996 «
2105 1945 2332 2000 Veritas
2354 1946 2424 1999 de
2444 1949 2598 1999 terra
2620 1948 2746 1998 orta
2789 1948 2896 1998 est.
2933 1965 2962 1992 »
2995 1944 3099 2013 Ego
3118 1959 3241 1996 sum
3266 1944 3379 2009 via,
3399 1944 3449 1997 et
3478 1943 3614 2008 vita,

1971 2041 2024 2090 et
2070 2037 2274 2090 veritas
2321 2035 2498 2103 (Joan.
2551 2050 2666 2098 xiv,
2714 2032 2790 2102 6).
2845 2030 2941 2085 ille
2991 2031 3088 2101 qui
3139 2030 3298 2100 dicit,
3333 2045 3438 2101 ego
3483 2046 3615 2084 sum

1969 2122 2185 2178 veritas
2215 2124 2285 2176 de
2317 2126 2468 2176 terra
2515 2125 2678 2176 ortus
2737 2123 2845 2174 est.
2895 2120 3032 2183 Quae
3090 2123 3177 2173 est
3233 2118 3348 2174 ista
3403 2117 3617 2172 veritas

1973 2229 2103 2284 quae
2160 2212 2230 2265 de
2288 2214 2442 2265 terra
2498 2214 2624 2264 orta
2681 2209 2804 2262 est?
2859 2209 3017 2262 Exiet
3078 2209 3234 2277 virga
3306 2206 3373 2260 de
3435 2205 3620 2270 radice

1975 2303 2142 2368 Iesse,
2172 2304 2224 2354 et
2253 2302 2351 2369 ﬂos
2381 2299 2445 2354 de
2473 2298 2656 2353 radice
2704 2299 2820 2369 ejus
2869 2299 3014 2353 exiet
3059 2297 3185 2368 (Isa.
3238 2313 3317 2364 x1,
3360 2297 3433 2364 1).
3467 2295 3537 2350 Et
3565 2293 3625 2350 in

1975 2390 2088 2445 alio
2141 2389 2312 2443 loco:
2349 2389 2619 2456 Quoniam
2669 2388 2808 2441 Deus
2852 2390 3106 2457 operatus
3153 2391 3232 2441 est
3277 2382 3523 2440 salutem
3567 2385 3627 2439 in

1975 2479 2150 2534 medio
2207 2486 2372 2533 terrae
2429 2477 2801 2547 (Psat.Lxxm,
2860 2475 2967 2544 12).
3020 2473 3164 2537 Quid
3216 2471 3383 2540 dicis,
3436 2471 3621 2528 Mani-

1977 2568 2150 2632 chaee,
2211 2567 2310 2638 qui
2369 2582 2548 2637 negas
2603 2580 2835 2619 carnem
2885 2562 3164 2617 habuisse
3221 2560 3621 2624 Salvatorem?

1978 2658 2118 2711 Ecce
2155 2655 2390 2719 veritas,
2423 2655 2480 2708 id
2522 2658 2629 2721 est,
2663 2653 2922 2707 Salvator
2948 2651 3016 2705 de
3047 2654 3221 2714 terra,
3252 2649 3360 2704 hoc
3408 2653 3515 2717 est,
3549 2648 3620 2705 de

1976 2745 2155 2798 Maria
2185 2747 2346 2798 ortus
2379 2747 2484 2796 est.
2519 2764 2544 2789 ‹‹
2581 2742 2649 2795 Et
2670 2739 2905 2809 justitia
2936 2738 3005 2792 de
3054 2737 3194 2792 cmlo
3243 2738 3557 2809 prospexit.
3589 2760 3618 2787 ››

1973 2837 2210 2888 Justum
2243 2832 2400 2886 enim
2431 2834 2640 2884 eratut
2673 2827 2935 2883 Salvator
2984 2826 3358 2880 misereretur
3402 2825 3620 2896 populo

1977 2920 2313 2976 suo.Videte
2343 2918 2481 2989 quid
2515 2918 2670 2971 dicat
2703 2933 2715 2971 :
2752 2916 2794 2970 Ο
2819 2915 2984 2986 justa
3006 2913 3233 2984 judicia
3261 2913 3361 2968 Dei
3392 2917 3450 2968 et
3468 2913 3644 2968 ininv

1973 3007 2346 3080 vestigabiles
2374 3007 2476 3060 viae
2508 3005 2669 3075 ejus!
2705 3027 2732 3053 ‹‹
2763 3003 2988 3057 Veritas
3018 3003 3088 3057 de
3118 3006 3272 3057 terra
3301 3005 3428 3057 orta
3454 3007 3562 3070 est,
3594 3025 3621 3052 »

1973 3097 2082 3152 hoc
2112 3101 2202 3151 est
2231 3095 2513 3150 Salvator.
2546 3094 2613 3147 Et
2643 3107 2878 3146 rursum
2909 3107 2923 3146 :
2956 3111 2984 3141 ‹‹
3018 3091 3086 3145 Et
3115 3089 3350 3161 justitia
3377 3090 3448 3146 de
3477 3089 3620 3147 casio

195 3170 570 3278 parvaquam,
603 3215 706 3271 per
726 3170 1122 3269 baptismum.
1153 3170 1307 3262 Ergo
1349 3193 1481 3261 post
1510 3187 1731 3258 lepram
1765 3202 1855 3240 sa-
1889 3170 1932 3236 C
1972 3186 2286 3258 prospexit.
2322 3206 2348 3231 ››
2381 3181 2620 3237 Justitia
2667 3181 2792 3253 ipse
2845 3179 3110 3236 Salvator
3157 3181 3264 3234 est.
3316 3179 3617 3243 Quomodo

195 3275 320 3351 nari
370 3275 489 3347 non
521 3286 759 3361 poteris,
811 3282 924 3338 nisi
984 3299 1086 3354 per
1137 3279 1473 3352 passionem
1529 3275 1740 3330 Christi
1800 3277 1857 3328 et

190 3400 290 3456 per
321 3375 793 3453 baptismum.Et
824 3389 958 3428 cum
989 3371 1098 3425 hoc
1131 3366 1646 3435 feceris,dicituret
1668 3363 1808 3417 illud
1840 3380 1852 3419 :

189 3455 566 3546 Aspergeame
596 3467 847 3536 hyssOpo,
878 3464 935 3515 et
965 3458 1278 3514 mundabor
1324 3474 1341 3509 :
1392 3455 1602 3510 tavabis
1649 3469 1756 3546 me,
1805 3460 1856 3506 et

187 3540 372 3633 super
395 3558 581 3614 nivem
628 3553 926 3610 dealbabor
975 3548 1148 3620 (Psal.
1185 3565 1220 3614 I,
1251 3546 1329 3615 9).
1362 3543 1558 3633 Usque
1590 3540 1762 3633 hodie
1797 3541 1852 3594 in

189 3629 436 3724 Egypto
469 3661 530 3702 es
564 3661 576 3699 :
614 3638 898 3715 quamdiu
952 3654 1068 3693 non
1119 3634 1348 3691 veneris
1399 3632 1468 3687 ad
1503 3629 1851 3702 sanguinem

190 3717 354 3801 et‘a'd
383 3749 623 3808 aquam,
657 3728 871 3786 salvari
901 3744 1015 3783 non
1049 3724 1288 3797 poteris.
1320 3721 1422 3776 Vis
1473 3724 1537 3775 ut
1583 3717 1852 3774 extermi-

191 3831 362 3884 nator
395 3807 496 3895 qui
526 3819 818 3877 interfecit
847 3820 1184 3889 Egyptum,
1228 3829 1344 3866 non
1393 3815 1450 3864 te
1497 3807 1854 3863 interficiat?

199 3914 368 3972 Tolle
424 3912 772 3983 hyssopum,
825 3904 1047 3976 intinge
1120 3902 1179 3955 in
1245 3898 1552 3971 sanguine,
1610 3910 1853 3966 asperge

192 4007 396 4076 postes
447 4004 599 4055 tuos.
661 3992 1092 4052 Exterminator
1150 4005 1283 4044 cum
1339 3985 1548 4042 viderit
1620 3983 1853 4056 sangui-

189 4075 321 4156 nem
351 4091 409 4145 in
442 4090 634 4144 fronte
665 4089 785 4150 tua,
820 4081 1094 4138 accedere
1126 4095 1239 4133 non
1274 4075 1631 4148 poterit.Hoc
1662 4077 1847 4127 totum

188 4197 371 4254 quare
402 4177 562 4236 dixi?
593 4174 739 4242 Quia
767 4172 1053 4243 scriptum
1083 4171 1172 4224 est
1206 4185 1253 4222 ;‹‹
1283 4166 1350 4220 Et
1380 4165 1438 4219 in
1470 4180 1569 4220 eos
1600 4162 1697 4234 qui
1722 4178 1851 4217 con-

187 4250 499 4325 vertuntur
528 4265 598 4321 ad
640 4281 756 4319 cor.
796 4284 816 4310 υ
853 4261 1002 4331 Ergo
1057 4274 1170 4312 non
1220 4253 1433 4327 poterit
1480 4252 1634 4307 Deus
1689 4250 1847 4320 loqui

194 4373 398 4430 pacem
432 4352 586 4426 plebi
617 4367 768 4417 sua;
805 4349 916 4405 nisi
948 4348 1033 4404 eis
1065 4346 1165 4418 qui
1199 4346 1615 4400 convertuntur
1638 4341 1705 4393 ad
1729 4355 1845 4394 cor.

265 4470 284 4496 α
321 4444 746 4499 Verumtamen
778 4451 956 4508 prope
987 4435 1263 4490 timentes
1292 4447 1425 4486 eum
1459 4429 1714 4484 salutare
1765 4427 1850 4498 ip-

1966 3276 2037 3330 de
2079 3277 2233 3328 terra
2263 3277 2389 3328 orta
2419 3271 2549 3326 est?
2581 3270 2901 3335 Quomodo
2959 3269 3029 3323 de
3087 3267 3228 3322 cmlo
3271 3268 3617 3341 prospexit?

1972 3384 1999 3415 «ι
2030 3369 2107 3417 De
2137 3368 2291 3417 terra
2320 3365 2448 3415 orta
2478 3365 2585 3424 est,
2616 3381 2642 3406 »
2672 3359 2824 3430 quod
2871 3357 3047 3412 homo
3095 3360 3269 3411 natus
3299 3360 3419 3424 est;
3476 3378 3504 3406 «
3543 3356 3615 3412 de

1965 3452 2106 3508 ccelo
2129 3449 2777 3523 prospexit,»quoniam
2801 3452 2952 3501 Deus
2977 3461 3209 3517 semper
3227 3445 3288 3500 in
3309 3445 3468 3501 coelis
3498 3450 3606 3517 est,

1965 3541 2074 3596 hoc
2105 3544 2212 3603 est,
2246 3543 2419 3594 natus
2451 3537 2688 3608 quidem
2722 3540 2811 3590 est
2842 3536 2911 3589 de
2933 3539 3088 3589 terra
3121 3552 3132 3588 :
3169 3535 3268 3589 sed
3299 3533 3396 3588 ille
3419 3534 3520 3606 qui
3543 3535 3615 3589 de

1964 3635 2124 3684 terra
2154 3632 2326 3682 natus
2353 3631 2460 3692 est,
2495 3640 2726 3695 semper
2746 3624 2805 3678 in
2830 3622 2971 3678 ccelo
2993 3621 3216 3688 est,hoc
3255 3626 3363 3690 est,
3397 3623 3481 3678 sic
3512 3639 3614 3694 ap-

1964 3717 2206 3789 parebat
2228 3716 2286 3769 in
2309 3714 2572 3779 terris,ut
2604 3712 2815 3767 caelum
2839 3728 2952 3766 non
2978 3709 3426 3782 derelinqueret.
3459 3711 3613 3767 Deus

1963 3807 2118 3862 enim
2151 3804 2370 3876 ubique
2398 3802 2697 3874 prospexit
2747 3819 2760 3855 :
2808 3799 3084 3872 quoniam
3116 3800 3299 3855 donec
3329 3793 3608 3871 peccaba-

1962 3911 2117 3961 mus,
2151 3893 2446 3948 avertebat
2493 3890 2692 3945 oculos
2740 3905 2878 3944 suos
2909 3906 2942 3943 a
2974 3888 3162 3943 nobis.
3225 3887 3390 3950 Quod
3446 3885 3606 3956 dicit,

1963 3984 2072 4039 hoc
2097 3987 2186 4038 est
2210 3999 2223 4036 :
2246 3982 2480 4037 Justum
2513 3984 2600 4034 est
2631 3982 2696 4032 ut
2727 3977 2943 4049 ﬁgulus
2965 3976 3314 4032 misereatur
3332 3973 3608 4045 operibus

1960 4073 2108 4136 suis,
2141 4076 2204 4124 ut
2233 4074 2430 4140 pastor
2461 4068 2807 4122 misereatur
2835 4064 2994 4137 gregi
3029 4079 3154 4117 suo.
3195 4063 3311 4117 Nos
3357 4061 3607 4134 populos

1961 4161 2090 4231 ejus
2133 4176 2365 4224 sumus,
2396 4174 2503 4212 nos
2532 4158 2798 4210 creatura
2835 4155 2967 4224 ejus
3014 4168 3242 4207 sumus.
3293 4151 3609 4222 Propterea

1959 4265 2095 4320 ergo
2126 4250 2196 4303 de
2226 4253 2379 4302 terra
2413 4250 2581 4301 ortus
2627 4247 2734 4310 est,
2788 4246 2846 4295 et
2893 4242 2964 4294 de
3012 4239 3153 4294 coelo
3196 4239 3512 4312 prospexit,
3545 4244 3609 4295 ut

1960 4334 2512 4410 impleatjustitiam
2547 4347 2738 4396 suam,
2789 4333 2847 4384 et
2893 4329 3242 4384 misereatur
3287 4329 3445 4401 operi
3476 4345 3606 4385 suo.

1957 4425 2220 4495 Denique
2251 4427 2315 4478 ut
2345 4421 2541 4478 sciatis
2574 4418 2851 4490 quoniam
2878 4418 3110 4488 justitia
3140 4435 3253 4473 non
3296 4417 3608 4475 crudelita-

193 4533 336 4594 sius.
372 4555 400 4584 ››
431 4529 692 4588 Ostende
720 4504 1136 4590 viamwsalutis,
1171 4521 1243 4576 do
1277 4517 1740 4574 misericordiam
1775 4514 1848 4568 li-
1883 4534 1926 4597 ι)
1959 4520 2076 4570 tem
2110 4517 2298 4582 sonat,
2334 4511 2435 4566 sed
2469 4507 2957 4578 misericordiam,
2989 4505 3179 4561 videte
3209 4506 3349 4576 quid
3381 4504 3524 4560 dicit
3553 4522 3568 4560 :

195 4628 283 4678 cet
313 4621 567 4678 necdum
598 4630 916 4672 conversus
948 4629 1010 4666 es
1042 4611 1112 4665 ad
1155 4628 1167 4664 :
1221 4613 1415 4663 tamen
1447 4611 1738 4676 exspecto,
1771 4604 1844 4658 do

193 4709 387 4767 locum
420 4705 794 4782 pmnitentize.
829 4704 896 4757 Et
923 4702 1032 4755 hoc
1062 4702 1251 4754 totum
1284 4695 1424 4767 quid
1450 4694 1564 4749 est!
1603 4716 1630 4742 ››
1664 4697 1737 4747 Ut
1764 4693 1848 4745 in-

193 4799 413 4856 habitet
443 4797 629 4871 gloria
652 4795 711 4848 in
742 4796 894 4848 terra
925 4793 1178 4845 nostra.»
1214 4789 1524 4871 Propterea
1539 4787 1608 4871 te
1637 4782 1844 4871 adpoeo

195 4867 502 4944 nitentiam
531 4887 731 4938 vocat:
762 4883 825 4935 ut
853 4877 953 4949 qui
985 4877 1253 4947 leprosus
1281 4888 1434 4937 eras,
1459 4869 1676 4924 habeas
1706 4867 1843 4922 hos-

194 4975 369 5046 pitem
400 4973 721 5032 Christum.

266 5086 293 5113 «
323 5060 724 5125 Misericordia
781 5061 839 5113 et
881 5054 1092 5111 veritas
1151 5050 1530 5107 obviaverunt
1585 5046 1840 5116 sibi,ju-

197 5143 355 5208 stitia
411 5156 471 5209 et
529 5167 642 5224 pax
691 5145 966 5204 osculata:
1012 5145 1168 5197 sunt.
1206 5163 1233 5189 »
1281 5139 1325 5194 0
1359 5153 1537 5209 quam
1570 5133 1846 5224 praeclara

200 5241 480 5297 amicitia!
542 5223 571 5287 ἔ(
636 5232 1038 5291 Misericordia
1095 5235 1151 5286 et
1206 5228 1418 5284 veritas
1466 5223 1847 5280 obviaverunt

205 5328 330 5386 sibi.
364 5357 386 5384 ιι
423 5331 700 5386 Peccator
728 5340 791 5382 es
824 5339 838 5377 :
874 5319 1010 5377 audi
1043 5319 1181 5392 quid
1217 5317 1391 5381 dicat,
1444 5310 1847 5368 misericordiu-

209 5417 452 5474 Sanctus
509 5433 570 5471 es
633 5431 645 5468 :
706 5412 839 5468 audi
909 5409 1050 5482 quid
1117 5408 1293 5476 dicat,
1352 5408 1404 5460 et
1460 5405 1678 5457 veritas.
1734 5400 1845 5454 Nec

212 5506 260 5560 si
290 5511 558 5579 peccator
586 5503 1012 5574 es,desesperes
1046 5515 1063 5553 :
1094 5514 1199 5553 nec
1230 5497 1280 5552 si
1307 5495 1503 5565 justus
1534 5507 1617 5557 es,
1651 5505 1850 5560 super-

214 5576 357 5654 biae.
389 5596 664 5654 Dicamus
695 5589 861 5650 aliter
893 5606 906 5646 :
939 5588 1064 5648 Duo
1097 5588 1236 5643 sunt
1268 5583 1570 5640 credentes
1599 5576 1800 5653 populi
1833 5593 1846 5632 :

2031 4626 2057 4651 (ι
2082 4601 2305 4656 Etenim
2332 4598 2616 4653 Dominus
2647 4597 2809 4651 dabit
2839 4595 3315 4667 benignitatem.»
3340 4597 3607 4666 Propter-

1959 4708 2027 4747 ea
2059 4688 2355 4762 prospexit
2385 4689 2455 4741 de
2485 4686 2647 4752 ccelo,
2683 4689 2748 4740 ut
2777 4685 3126 4739 misereatur
3155 4682 3430 4754 operibus
3459 4681 3604 4738 suis.

1960 4802 1988 4831 ‹‹
2019 4780 2089 4834 Et
2133 4784 2288 4832 terra
2336 4779 2536 4830 nostra
2584 4773 2744 4828 dabit
2787 4774 3042 4827 fructum
3074 4787 3269 4827 suum.
3306 4792 3334 4819 ››
3375 4769 3603 4827 Veritas

1953 4868 2190 4940 quidem
2223 4867 2294 4920 de
2323 4870 2477 4919 terra
2505 4867 2632 4918 orta
2667 4866 2774 4917 est.
2808 4866 2926 4916 Hoc
2976 4861 3045 4915 de
3092 4859 3402 4932 praeterito.
3434 4859 3600 4914 Nunc

1955 4958 2025 5011 de
2058 4957 2252 5011 futuro
2285 4953 2532 5008 dicitur:
2572 4974 2599 5001 «
2632 4953 2699 5006 Et
2728 4956 2881 5006 terra
2913 4955 3112 5005 nostra
3140 4949 3305 5003 dabit
3345 4949 3597 5004 fructum

1954 5061 2151 5099 suum.
2188 5065 2215 5091 »
2242 5041 2429 5097 Nolite
2458 5042 2768 5112 desperare
2813 5056 2826 5092 :
2879 5040 3035 5109 quod
3068 5037 3248 5093 semel
3276 5042 3480 5093 natum
3511 5041 3601 5094 est

1957 5149 2025 5188 ex
2053 5132 2255 5198 Maria,
2289 5130 2548 5202 quotidie
2577 5133 2634 5182 et
2662 5129 2719 5182 in
2755 5127 2922 5183 nobis
2971 5126 3251 5181 nascitur.
3285 5149 3313 5176 ‹‹
3347 5126 3416 5181 Et
3444 5130 3600 5182 terra

1956 5229 2157 5276 nostra
2189 5219 2348 5274 dabit
2382 5220 2633 5273 fructum
2685 5233 2882 5271 suum.
2930 5239 2956 5264 ››
3006 5217 3076 5270 Et
3124 5232 3230 5270 nos
3281 5231 3602 5287 possumus

1958 5325 2160 5382 parere
2208 5307 2528 5373 Christum,
2581 5306 2626 5360 si
2673 5305 2963 5360 volumus.
3027 5324 3048 5351 π
3098 5308 3167 5358 Et
3216 5309 3368 5360 terra
3405 5308 3604 5360 nostra

1960 5399 2124 5454 dabit
2152 5399 2405 5451 fructum
2439 5412 2637 5456 suum,
2672 5418 2698 5442 ››
2730 5395 2799 5448 de
2831 5411 2946 5464 quo
2980 5395 3080 5449 ﬁat
3108 5393 3361 5448 cmlestis
3411 5392 3602 5465 panis,

1961 5489 2032 5543 de
2063 5503 2177 5558 quo
2211 5485 2424 5539 dicitur
2479 5501 2492 5538 :
2541 5486 2648 5554 Ego
2694 5499 2820 5537 sum
2858 5483 3042 5553 panis,
3093 5485 3190 5553 qui
3234 5481 3301 5537 de
3345 5482 3475 5539 σαεὶο
3518 5481 3606 5535 de-

1957 5574 2142 5632 scendi
2172 5574 2348 5645 (Joan.
2399 5590 2476 5645 vr,
2528 5573 2636 5643 41).
2681 5571 2814 5627 Haec
2845 5570 3082 5642 quidem
3119 5571 3318 5628 omnia
3347 5569 3604 5628 diximus
