3976 6188
333 303 488 406 1113

1831 308 2254 372 APPENDIX.

3580 309 3744 373 ιιιι

335 442 408 500 de
437 439 838 498 misericordia
867 437 1119 514 Domini,
1151 440 1430 514 quoniam
1478 447 1782 516 propterea
1827 443 1983 500 venit
2011 447 2066 514 Α
2096 460 2228 500 nem
2261 441 2418 498 enim
2450 459 2640 500 meam
2671 445 3020 518 cognoscent
3052 441 3525 517 magnitudinem
3557 442 3746 500 virtu-

337 538 403 589 ut
449 532 695 588 salvaret
739 532 1064 588 humanum
1114 550 1319 604 genus.
1369 533 1788 589 Verumtamen
1834 535 1983 589 scire

337 622 620 678 debemus
665 622 942 692 quoniam
994 622 1119 693 ipse
1167 623 1540 692 judicaturus
1588 628 1676 679 est
1722 623 1878 678 vivos
1927 628 1985 678 et

338 716 623 781 mortuos,
657 711 781 781 ipse
811 710 1004 766 veniet
1030 712 1099 765 ad
1125 710 1435 781 judicium.

409 824 436 853 ‹‹
469 801 708 856 Justitia
756 804 887 855 ante
935 816 1070 854 eum
1124 800 1470 865 ambulabit,
1504 805 1559 856 et
1599 805 1772 873 ponet
1802 802 1858 856 in
1891 803 1982 856 via

333 909 571 964 gressus
621 907 778 946 suos.
817 913 844 938 ››
874 889 1063 945 Nolite
1111 889 1471 961 negligentes
1501 908 1647 946 esse.
1683 914 1711 941 ‹‹
1742 891 1983 948 Justitia

335 986 467 1036 ante
498 996 632 1036 eum
665 979 1069 1046 ambulabit,et
1104 985 1276 1050 ponet
1306 979 1366 1034 in
1397 979 1491 1035 via
1520 997 1761 1052 gressus
1784 998 1980 1036 suos.»

331 1063 536 1125 Videte
561 1069 701 1140 quid
735 1069 908 1136 dicat,
943 1092 970 1117 ‹‹
1006 1085 1246 1139 gressus
1276 1086 1443 1136 suos;
1478 1091 1505 1118 ››
1540 1069 1639 1124 ubi
1685 1086 1799 1124 non
1844 1073 1984 1125 sunt

334 1158 578 1231 lapides,
615 1157 714 1212 ubi
747 1176 861 1212 non
890 1163 1028 1213 sunt
1058 1157 1238 1230 spinae
1269 1162 1326 1213 et
1355 1158 1577 1229 tribuli,
1612 1159 1709 1213 ubi
1739 1157 1980 1229 aequalis

329 1252 418 1304 est
446 1247 558 1317 via,
588 1247 687 1302 ubi
719 1245 1020 1302 ambulare
1053 1251 1262 1317 potest,
1317 1247 1417 1301 ubi
1466 1264 1580 1301 non
1632 1252 1820 1318 potest
1870 1247 1978 1302 im-

327 1337 584 1410 pingere.
618 1338 684 1390 Et
715 1353 820 1391 nos
850 1352 984 1407 ergo
1016 1335 1301 1390 faciamus
1324 1335 1382 1390 in
1405 1337 1577 1390 corde
1607 1341 1804 1391 nostro
1826 1337 1978 1392 viam

332 1426 614 1492 Domino;
648 1426 718 1480 de
751 1441 867 1496 qua
897 1425 990 1479 via
1022 1423 1323 1479 laborabat
1364 1429 1421 1479 et
1465 1425 1740 1490 Joannes,
1775 1431 1832 1481 et
1863 1425 1978 1480 cla-

333 1516 534 1570 mabat
555 1515 614 1569 in
637 1515 1277 1581 eremo,utfaceremus
1309 1513 1461 1568 viam
1495 1514 1737 1569 Domino
1769 1515 1978 1585 (Matth.

334 1622 419 1670 ιιι,
452 1605 528 1676 2).
564 1605 710 1674 Ergo
741 1608 797 1657 et
828 1618 984 1656 nunc
1033 1602 1250 1656 dicitur
1302 1619 1313 1654 :
1371 1625 1398 1651 (ι
1449 1603 1512 1656 Et
1559 1608 1735 1672 ponet
1781 1603 1840 1657 in
1890 1603 1982 1659 via

333 1709 574 1768 gressus
605 1708 762 1746 suos.
800 1713 826 1739 ››
863 1690 964 1744 Ubi
1016 1690 1235 1744 invenit
1286 1691 1457 1759 viam,
1510 1691 1791 1746 ambulat.
1826 1691 1983 1746 Licet

333 1786 467 1837 ante
495 1781 858 1834 habebamus
889 1778 1089 1850 spinas
1115 1783 1172 1832 et
1200 1778 1611 1845 tribulos,licet
1639 1784 1696 1834 et
1734 1779 1960 1851 lapides

334 1869 552 1924 dicitur
607 1869 779 1922 nobis
811 1869 869 1922 in
903 1867 1055 1922 Isaia
1087 1885 1098 1922 :
1134 1870 1196 1922 Et
1231 1867 1437 1939 lapides
1485 1870 1550 1924 de
1592 1872 1678 1924 via
1732 1871 1985 1941 projz’cz’te

330 1961 459 2026 (Isa.
495 1974 627 2022 Lvn,
665 1959 772 2028 14).
808 1958 922 2012 Hoc
949 1961 1143 2012 autem
1171 1961 1479 2028 propterea
1507 1958 1667 2025 dicit,
1725 1976 1794 2014 ne
1850 1976 1983 2014 cum

329 2047 579 2103 voluerit
604 2047 981 2102 deambulare
1014 2046 1071 2101 in
1105 2046 1197 2100 via
1230 2047 1744 2120 nostra,impingat
1774 2049 1982 2120 pedem

331 2153 527 2192 suum.
563 2136 812 2207 Lapides
845 2135 944 2206 qui
974 2136 1031 2189 in
1065 2136 1157 2190 via
1188 2141 1418 2203 sunt,et
1447 2136 1649 2207 projici
1678 2139 1982 2208 jubentur,

335 2231 580 2298 peccata
611 2229 813 2280 nostra
846 2228 1003 2280 sunt.
1036 2225 1160 2279 Non
1192 2225 1455 2281 ambulat
1480 2226 1540 2280 in
1590 2227 1760 2282 corde
1790 2235 1986 2282 nostro

333 2313 679 2381 Christus,si
703 2318 1006 2384 peccatum
1032 2313 1267 2384 aliquod
1296 2315 1692 2379 iuerit,statim
1716 2316 1990 2389 impingit

337 2403 396 2457 in
430 2403 709 2473 lapides.«
744 2403 812 2455 Et
843 2405 1016 2472 ponet
1045 2403 1102 2455 in
1138 2401 1230 2457 via
1259 2418 1497 2474 gressus
1530 2421 1689 2460 suos.
1729 2427 1748 2452 ι
1791 2405 1990 2460 Facia-

343 2507 476 2545 mus
505 2489 680 2554 viam,
713 2494 771 2543 et
802 2494 978 2559 ponet
1007 2491 1064 2543 in
1097 2490 1188 2543 via
1214 2507 1452 2561 gressus
1485 2509 1622 2548 suos
1668 2497 1862 2559 Jesus,
1895 2494 1987 2548 cui

344 2578 421 2633 sit
450 2577 635 2650 gloria
664 2581 719 2632 et
748 2577 935 2632 honor
961 2577 1021 2632 in
1055 2579 1265 2633 saecula
1296 2579 1664 2636 saeculorum.
1695 2585 1900 2637 Amen.

857 2703 1178 2758 PSALMUS
1220 2703 1474 2758 LXXXV.

348 2793 540 2849 Oratio
593 2792 780 2846 David.
833 2795 949 2863 Iste
997 2791 1263 2863 psalmus
1292 2810 1488 2848 vocem
1525 2795 1780 2850 continet
1807 2797 1989 2851 nostri

416 2863 754 2918 Mediatoris
790 2862 1078 2935 venientis
1109 2865 1178 2918 ad
1215 2865 1570 2935 passionem.
1606 2868 1668 2921 In
1713 2868 1827 2922 ﬁne
1858 2884 1990 2924 vero

416 2935 604 3008 ipsius
637 2933 933 3006 Prophetas
965 2940 1121 2990 tenet
1149 2933 1490 2991 orationem.

421 3065 441 3092 α
481 3041 723 3113 Inclina,
760 3041 1021 3109 Domine,
1050 3058 1251 3098 aurem
1281 3047 1465 3111 tuam,
1498 3048 1555 3100 et
1584 3047 1791 3102 exaudi
1849 3064 1941 3103 me
1974 3063 1987 3101 :

346 3132 624 3203 quoniam
657 3135 895 3186 sanctus
927 3148 1112 3186 sum.»
1149 3135 1325 3188 Juxta
1355 3133 1727 3205 fragilitatem
1760 3152 1990 3192 assum-

1968 1823 2061 1888 ΪΒ

2092 534 2168 590 tis
2198 536 2327 588 tum.
2360 533 2507 588 Hinc
2536 532 2819 606 propheta
2843 533 3123 606 loquitur.

2163 645 2190 670 «
2226 622 2416 677 Deduc
2471 638 2584 689 me,
2634 622 2896 688 Domine,
2945 621 3005 677 in
3056 622 3149 677 via
3187 625 3309 690 tua,
3356 625 3417 678 et
3445 621 3748 693 ingrediar

2091 711 2149 766 in
2183 711 2424 766 veritate
2453 715 2575 766 tua.
2617 734 2635 760 η
2670 710 2729 765 Si
2757 711 2913 766 enim
2954 727 3047 766 me
3098 711 3168 766 ad
3217 711 3523 767 Christum
3553 715 3746 778 tuum,

2093 799 2191 872 qui
2232 803 2318 855 est
2349 799 2460 869 via,
2493 798 2769 870 deducas,
2820 799 2983 854 nulla
3028 815 3120 855 me
3163 797 3396 854 fallacia
3446 798 3748 855 retinebit.

2092 911 2120 937 «
2155 889 2403 944 Laztetur
2424 905 2523 943 cor
2543 905 2742 944 meum
2775 893 2835 942 ut
2867 888 3073 944 timeat
3098 905 3309 944 nomen
3339 892 3583 943 tuum.»
3607 888 3750 945 Cum

2091 994 2124 1032 a
2153 994 2398 1032 mmrore
2428 977 2752 1033 facinorum
2780 981 2984 1033 erutus
3016 977 3202 1045 fuero,
3243 983 3385 1032 tunc
3418 976 3478 1031 in
3521 981 3580 1031 te
3611 976 3751 1032 laeti-

2092 1065 2173 1122 tia
2205 1065 2494 1138 spirituali
2525 1067 2809 1138 gaudebo.

2163 1179 2189 1204 ‹‹
2227 1156 2557 1211 Conﬁtebor
2604 1155 2730 1224 tibi,
2788 1156 3026 1212 Domine
3075 1155 3228 1211 Deus
3277 1172 3471 1223 meus,
3528 1155 3592 1210 in
3637 1160 3756 1212 toto

2094 1245 2270 1300 corde
2303 1261 2430 1300 meo
2467 1261 2480 1300 :
2513 1250 2571 1301 et
2601 1245 2937 1318 gloriﬁcabo
2987 1261 3196 1300 nomen
3248 1249 3419 1300 tuum
3473 1245 3541 1300 in
3588 1251 3759 1301 aeter-

2091 1351 2254 1400 num,
2279 1355 2306 1383 »
2342 1338 2448 1389 etc.
2482 1335 2596 1389 Cur
2625 1335 2974 1390 confiteatur
3001 1334 3222 1389 nomini
3254 1333 3636 1405 Domini,aut
3660 1334 3760 1390 ho-

2093 1427 2257 1478 noret
2284 1440 2441 1487 eum,
2473 1423 2795 1479 versiculus
2828 1440 3080 1495 sequens
3111 1423 3365 1495 exponit,
3401 1423 3617 1480 dicens
3653 1441 3668 1478 :

2163 1535 2191 1562 ‹‹
2224 1511 2502 1584 Eripuisti
2533 1513 2791 1568 animam
2823 1530 3014 1569 meam
3041 1529 3108 1568 ex
3139 1513 3365 1568 inferno
3398 1512 3699 1569 inferiori.
3729 1537 3755 1562 ς»

2092 1602 2216 1657 Νοιι
2250 1602 2402 1673 quod
2436 1603 2550 1657 duo
2583 1602 2810 1658 inferna
2840 1602 3084 1670 sint,sed
3119 1602 3228 1656 iste
3257 1602 3638 1674 superiorem
3671 1603 3756 1658 in-

2094 1689 2345 1757 fernum,
2379 1698 2678 1762 peccatum
2711 1690 2858 1745 dixit
2890 1709 2902 1745 :
2935 1690 3267 1746 inferiorem
3299 1707 3456 1757 vero,
3510 1691 3617 1762 qui
3671 1698 3757 1746 est

2091 1795 2265 1834 verus
2299 1780 2584 1846 infernus,
2611 1780 2667 1834 in
2702 1797 2814 1851 quo
2847 1784 3177 1850 peccatores
3209 1780 3754 1836 damnantur.Lau-

2095 1867 2196 1922 dat
2233 1884 2368 1940 ergo
2416 1869 2488 1924 ob
2541 1868 2649 1923 hoc
2699 1867 3157 1923 misericordiam
3196 1867 3448 1938 Domini,
3487 1869 3645 1941 quod
3675 1869 3750 1925 sit

2095 1962 2299 2012 erutus
2331 1975 2364 2012 a
2395 1957 2680 2030 supplicio
2704 1956 2995 2012 inferioris
3025 1957 3259 2013 inferni.
3460 1951 3465 1955 ’

2169 2068 2196 2094 ‹‹
2230 2045 2404 2116 Deus,
2456 2045 2641 2116 iniqui
2691 2045 3137 2101 insurrexerunt
3183 2045 3472 2102 adversus
3525 2063 3622 2102 me
3653 2064 3668 2100 :
3698 2051 3751 2102 et

2097 2150 2391 2206 synagoga
2419 2135 2743 2206 potentium
2776 2134 3134 2205 quaesierunt
3175 2133 3439 2190 animam
3474 2151 3685 2191 meam.
3723 2158 3748 2184 ιι

2098 2223 2408 2290 Vitiorum,
2441 2238 2542 2278 seu
2575 2223 3019 2278 daemoniorum.
3054 2227 3179 2279 Non
3213 2239 3281 2279 ex
3314 2239 3565 2294 persona
3582 2224 3747 2280 Chri-

2097 2313 2170 2367 sti
2202 2312 2323 2367 haec
2355 2312 2632 2384 propheta
2666 2311 2949 2386 loquitur,
2982 2312 3083 2368 sed
3128 2311 3481 2384 intelligitur
3530 2314 3603 2368 de
3646 2314 3751 2369 Ju-

2098 2401 2260 2456 dmis.
2300 2424 2320 2450 α
2350 2402 2475 2456 Non
2501 2407 2933 2474 proposuerunt
2979 2407 3161 2457 Deum
3202 2405 3338 2456 ante
3365 2407 3747 2474 conspectum

2100 2507 2297 2545 suum.
2335 2512 2361 2538 »
2390 2490 2790 2546 Obcascaverat
2818 2506 2918 2546 eos
2949 2489 3173 2546 malitia
3201 2506 3429 2546 eorum.

2175 2601 2201 2629 ‹‹
2231 2580 2298 2634 Et
2327 2583 2412 2650 tu,
2447 2579 2691 2635 Domine
2721 2579 2897 2646 Deus,
2933 2579 3244 2635 miserator
3271 2583 3328 2635 et
3365 2580 3704 2637 misericors
3736 2598 3749 2635 :

2100 2667 2329 2740 patiens
2381 2672 2439 2723 et
2487 2668 2682 2725 multae
2732 2668 3145 2725 misericordias
3193 2673 3250 2724 et
3299 2685 3495 2725 verax.
3533 2692 3561 2718 υ
3609 2670 3752 2726 lisc-

2099 2759 2292 2827 ricors,
2326 2773 2459 2812 cum
2492 2757 2774 2826 remittis;
2803 2759 3050 2830 patiens,
3091 2774 3225 2814 cum
3271 2763 3659 2830 peccatorem,
3693 2764 3753 2814 nt

2099 2849 2487 2913 convertatur,
2519 2850 2855 2919 exspectas;
2887 2864 3075 2916 verax,
3109 2864 3242 2904 cum
3293 2848 3594 2919 promissa
3631 2865 3751 2904 res-

2101 2936 2300 2991 titues.

2173 3049 2201 3075 «
2236 3024 2477 3097 Respice
2509 3024 2568 3080 in
2600 3041 2714 3091 me,
2747 3028 2804 3081 et
2835 3026 3111 3082 miserere
3143 3025 3256 3081 mei
3282 3042 3295 3080 :
3331 3026 3408 3081 da
3438 3025 3756 3098 imperium

2101 3117 2270 3170 tuum
2308 3130 2487 3185 puero
2519 3118 2639 3170 tuo.
2671 3134 2697 3166 ι
2731 3115 2816 3170 Ad
2867 3114 3317 3187 repugnandum
3366 3116 3758 3186 potestatibus

347 3193 430 3291 pti
463 3219 722 3291 corporis
771 3219 842 3274 ad
882 3223 1111 3273 Patrem
1161 3219 1353 3273 fundit
1375 3193 1742 3298 'or’ationem.
1776 3224 1994 3280 Secun-
2026 3193 2068 3259 Ε
2107 3203 2386 3298 δξίνθνδίεῗ·
2420 3226 2447 3252 “
2483 3204 2550 3258 Et
2579 3202 2806 3259 salvum
2838 3204 2927 3259 fac
2955 3203 3142 3259 mium
3174 3201 3395 3259 διηθίιιε
3427 3209 3566 3260 δαῖε·
3603 3227 3630 3253 ”
3659 3205 3762 3260 Ec'

349 3309 491 3363 dum
524 3308 800 3365 deitatem
835 3325 965 3363 vero
995 3313 1261 3363 sanctum
1317 3325 1377 3364 se
1423 3310 1581 3381 dicit,
1638 3313 1790 3367 sicut
1819 3330 2002 3384 quon-

353 3403 488 3456 dam
539 3399 764 3454 dixerat
809 3398 882 3452 ad
929 3402 1164 3468 Moysen
1221 3415 1234 3453 :
1283 3399 1467 3453 Sancti
1513 3404 1697 3470 estote,
1744 3403 2001 3472 quoniam

351 3505 447 3560 ego
474 3493 697 3544 sanctus
746 3503 869 3541 sum
915 3486 1106 3557 (Leuit.
1141 3504 1254 3554 x1x,
1288 3489 1362 3555 2).
1400 3509 1426 3536 ‹‹
1457 3487 1690 3543 Salvum
1742 3489 1830 3544 fac
1879 3507 1998 3545 εθιτ-

351 3594 489 3632 vum
524 3581 716 3642 tuum,
749 3575 902 3630 Deus
929 3592 1115 3641 meus,
1149 3581 1479 3647 sperantem
1533 3578 1589 3631 in
1624 3582 1697 3633 te.
1731 3579 2001 3634 Miserere
2030 3645 2034 3650 ‘

352 3663 488 3730 mei,
527 3663 788 3726 Domine,
821 3663 1099 3733 quoniam
1143 3665 1214 3718 ad
1263 3668 1319 3718 te
1353 3665 1596 3720 clamavi
1645 3671 1764 3722 tota
1811 3667 1923 3723 die.
1973 3690 1999 3716 »

352 3752 624 3806 Formam
675 3751 821 3805 servi
878 3751 1158 3822 suscepit,
1190 3769 1367 3822 quam
1416 3754 1474 3808 in
1535 3755 1693 3809 omni
1744 3760 2002 3827 tempore

350 3839 659 3912 praesentis
690 3840 816 3893 vitae
849 3838 1058 3893 salvari
1092 3845 1382 3910 precatur.
1417 3842 1538 3897 Scit
1566 3844 1723 3898 enim
1765 3845 1901 3916 quia
1947 3849 2003 3899 et

350 3929 399 3985 si
431 3928 676 4002 spiritus
708 3931 1013 4000 promptus
1063 3933 1176 3996 est,
1209 3944 1340 3983 caro
1387 3935 1580 3986 autem
1634 3931 1870 3988 inﬁrma
1915 3938 2005 3990 est

351 4018 578 4088 (Matth.
612 4035 762 4084 xxv1,
800 4018 908 4087 41).
1937 4074 1949 4086 ,

424 4133 449 4156 ‹‹
486 4106 737 4162 Laetiﬁca
765 4107 1022 4160 animam
1057 4107 1203 4161 servi
1237 4106 1340 4160 tui.
1371 4128 1399 4155 ››
1431 4113 1476 4160 Α
1521 4107 2003 4166 tribulationibus

353 4197 744 4268 praesentibus
777 4195 1258 4260 mmstam.«Quia
1288 4196 1358 4251 ad
1390 4197 2000 4266 te,Domine,animam

357 4300 545 4339 meam
580 4284 782 4339 levavi.
831 4306 883 4332 .»
930 4284 1016 4338 Ad
1054 4290 1110 4339 te
1156 4301 1284 4340 eam
1338 4286 1702 4342 ressuscitari
1737 4289 2000 4344 credens.

430 4395 457 4422 ‹‹
488 4372 632 4437 Quia
665 4377 748 4439 tu,
785 4373 1045 4439 Domine,
1081 4373 1276 4430 suavis
1308 4378 1362 4428 et
1395 4374 1642 4440 mitis,et
1671 4375 1866 4432 multae
1899 4377 2004 4432 mi-

355 4461 681 4518 sericordiae
715 4462 990 4516 omnibus
1022 4462 1426 4518 invocantibus
1471 4468 1543 4521 te.
1585 4486 1610 4511 ››
1659 4465 1758 4520 His
1798 4465 1898 4537 qui
1949 4471 2005 4522 te

352 4552 422 4607 de
477 4567 621 4622 puro
675 4551 847 4605 corde
896 4550 1186 4616 invocant,
1221 4551 1423 4607 mitem
1457 4558 1512 4607 te
1543 4554 1784 4624 praebes,
1822 4559 1878 4610 et
1907 4572 2000 4611 co-
2034 4561 2078 4624 D

353 4640 577 4713 piosam
613 4639 1071 4694 misericordiam
1104 4640 1189 4694 eis
1220 4639 1507 4712 indulges.

425 4753 444 4779 α
481 4730 739 4785 Auribus
773 4728 1024 4800 percipe,
1061 4728 1318 4798 Domine,
1351 4731 1674 4787 orationem
1723 4749 1934 4801 meam,
1969 4756 1995 4783 »

348 4824 456 4876 etc.
485 4819 773 4885 Quoniam
801 4819 962 4889 justa
995 4822 1146 4889 peto.

424 4933 450 4958 ((
486 4911 546 4964 In
579 4909 672 4963 die
705 4907 1099 4963 tribulationis
1134 4924 1293 4962 mea).
1325 4930 1349 4955 η
1374 4907 1489 4962 Hoc
1523 4913 1630 4977 est,
1665 4909 1722 4964 in
1755 4911 1848 4966 die
1872 4929 2002 4982 pas-

356 4998 559 5052 sionis.
595 5019 622 5046 ‹‹
656 4995 910 5053 Clamavi
972 4997 1042 5052 ad
1078 5003 1149 5051 te.
1185 5019 1212 5045 »
1249 4997 1328 5052 De
1359 5014 1548 5053 cruce.
1586 4998 1784 5062 «Quia
1830 5017 2004 5056 exau-

355 5083 491 5139 disti
531 5101 641 5140 me.
676 5106 702 5134 »
738 5084 810 5139 Ut
839 5101 1065 5140 comme
1086 5083 1438 5139 ndatumtibi
1463 5083 1800 5142 restitueres
1832 5086 2005 5155 spiri-

271 5189 277 5196 ’
358 5175 486 5226 tum
515 5189 730 5227 meum.

437 5280 457 5307 α
495 5259 616 5314 Non
649 5265 737 5315 est
767 5261 979 5316 similis
1010 5261 1091 5316 tui
1127 5261 1184 5316 in
1216 5260 1348 5327 diis,
1383 5261 1645 5330 Domine,
1677 5267 1733 5317 et
1773 5280 1886 5318 non
1919 5267 2007 5318 est

357 5349 682 5404 secundum
713 5367 887 5420 opera
917 5355 1075 5405 tua.»
1110 5351 1232 5406 Non
1267 5352 1552 5422 reperitur
1581 5352 1639 5406 in
1674 5351 2006 5409 simulacris

356 5437 644 5510 gentium,
681 5437 779 5507 qui
815 5439 896 5492 sic
926 5437 1110 5509 possit
1140 5444 1204 5492 ut
1235 5442 1295 5492 tu
1329 5438 1575 5508 operari.

367 5597 374 5604 ‘
432 5550 459 5576 ‹‹
494 5527 711 5581 Omnes
742 5529 944 5596 gentes
976 5542 1358 5598 quascunque
1411 5528 1618 5595 fecisti,
1653 5528 1902 5596 venient,
1950 5533 2006 5584 et

361 5616 688 5673 adorabunt
721 5631 916 5673 coram
959 5619 1032 5680 te,
1071 5614 1326 5680 Domine,
1383 5638 1410 5665 η
1467 5622 1574 5674 etc.
1628 5619 1731 5673 Per
1782 5617 2002 5690 passio-

2049 4439 2054 4446 ’
2114 4443 2368 4500 Psalmus
2401 4445 2620 4500 Cantici

2109 3291 2319 3357 clesias,
2342 3291 2402 3346 in
2433 3308 2550 3363 qua
2580 3308 2713 3348 sum
2746 3297 3006 3348 renatus.

2181 3404 2208 3430 ‹‹
2246 3382 2356 3436 Fac
2388 3397 2617 3437 mecum
2650 3381 2886 3453 signum
2919 3381 2978 3437 in
3010 3382 3251 3447 bonum,
3285 3386 3350 3436 ut
3379 3381 3627 3456 videant
3666 3382 3763 3454 qui

2111 3486 2202 3525 me
2223 3470 2473 3525 oderunt
2501 3475 2560 3524 et
2589 3470 3348 3541 confundanturzquoniam
3378 3477 3468 3537 tu,
3492 3471 3763 3536 Domine,

2110 3556 2383 3628 adjuvisti
2419 3573 2530 3626 me,
2564 3562 2621 3612 et
2649 3555 2984 3614 consolatus
3013 3574 3075 3613 es
3109 3574 3220 3614 me.
3255 3580 3282 3607 ››
3319 3557 3560 3614 Muniar
3575 3560 3766 3614 crucis

2110 3651 2221 3701 tuae
2253 3645 2442 3716 signo,
2475 3646 2631 3717 quod
2663 3645 2947 3713 videntes,
2997 3651 3314 3719 potestates
3364 3648 3628 3703 adversae
3679 3648 3768 3703 fu-

2109 3735 2272 3806 giant
2300 3735 2574 3807 confusae,
2603 3741 2659 3791 et
2688 3735 2990 3791 discedant
3035 3753 3069 3790 a
3117 3752 3228 3792 me.
3281 3739 3414 3791 Haec
3455 3737 3620 3792 enim
3662 3753 3766 3808 pro

2112 3829 2311 3880 nostro
2341 3823 2555 3895 populo
2587 3823 2870 3896 propheta
2901 3828 3088 3896 rogat.
3143 3824 3255 3880 Sed
3305 3829 3364 3880 et
3413 3841 3524 3880 nos
3567 3841 3769 3898 preca-

2113 3930 2264 3984 mur,
2299 3913 2563 3980 Domine,
2598 3917 2681 3982 ut,
2713 3911 2903 3969 crucis
2952 3917 3065 3968 tua:
3117 3912 3284 3986 signo
3343 3914 3543 3980 tutati,
3594 3919 3771 3986 atque

2110 4003 2238 4072 ejus
2270 4001 2536 4074 prmsidio
2567 3999 3204 4068 custoditi,mereamur
3231 4001 3304 4056 ab
3335 4001 3622 4058 omnibus
3643 4003 3773 4058 dia-

2113 4089 2228 4146 boli
2276 4089 2510 4145 insidiis
2540 4089 2773 4144 liberari
2809 4105 2821 4144 :
2859 4089 2998 4162 quia
3028 4088 3134 4145 tibi
3165 4095 3254 4145 est
3283 4089 3472 4146 honor
3500 4095 3560 4146 et
3589 4090 3774 4164 gloria

2111 4195 2244 4234 cum
2280 4183 2494 4234 {sterno
2527 4179 2696 4234 Patre
2725 4182 2782 4233 et
2809 4177 3027 4250 Spiritu
3055 4182 3258 4234 sancto
3305 4177 3367 4234 in
3417 4179 3641 4235 secula
3669 4197 3772 4235 sa:-

2113 4266 2400 4322 culorum.
2434 4273 2640 4323 Amen.

2608 4355 2941 4412 PSALMUS
2983 4355 3266 4411 LXXXVI.

2647 4445 2782 4514 ﬁliis
2814 4443 2964 4500 Core.
2998 4445 3154 4500 Inter
3182 4443 3481 4514 psalmum
3511 4450 3570 4501 et
3591 4447 3774 4503 canti-

2183 4533 2326 4597 cum.
2348 4516 2481 4597 quid
2505 4515 3142 4597 interestul‘requenter
3169 4515 3286 4571 dixi
3322 4534 3334 4571 :
3372 4516 3771 4597 Psalmns,_ex

2181 4587 2702 4660 psalterio‘dicitur
2732 4604 2749 4660 ι
2774 4587 3076 4660 Canticum
3106 4603 3238 4642 vero
3267 4604 3333 4660 ex
3371 4605 3511 4644 voce
3541 4591 3770 4660 profer-

2180 4657 2278 4714 tur
2309 4675 2320 4714 ε
2358 4657 2629 4732 Psalmus
2661 4659 2909 4732 refertur
2935 4658 3007 4732 ad
3038 4657 3387 4729 manus,hoc
3415 4665 3508 4716 est
3537 4657 3616 4716 ad
3641 4678 3770 4732 ope.

2182 4747 2246 4785 ra
2278 4747 2290 4785 :
2326 4729 2642 4797 canticum,
2676 4731 2745 4785 ad
2781 4729 3088 4785 theoriam.

2185 4843 2211 4867 «
2248 4819 2652 4874 Fundamenta
2683 4819 2810 4889 ejus
2843 4819 2899 4872 in
2931 4818 3230 4874 montibus
3283 4820 3524 4875 sanctis.
3583 4843 3613 4867 ιι
3646 4820 3771 4877 Non

2115 4908 2379 4978 praedixit
2427 4908 2614 4978 cujus,
2657 4910 2714 4961 et
2760 4906 2905 4961 dixit
2958 4923 2971 4961 :
3027 4931 3052 4955 ‹‹
3111 4907 3518 4964 Fundamenta
3546 4909 3682 4979 ejus
3712 4913 3768 4965 in

2116 4996 2412 5052 montibus
2470 4995 2774 5051 sanctis.»
2819 4995 2925 5059 Qui
2976 4994 3256 5067 loquitur,
3309 4997 3599 5069 propheta
3659 5005 3766 5054 est.

2116 5083 2241 5140 Filii
2275 5091 2412 5141 sunt
2445 5085 2605 5140 Core.
2638 5089 2778 5140 Core
2826 5083 2965 5156 quid
3016 5084 3454 5158 interpretatur,
3492 5087 3766 5159 frequen-

2114 5178 2200 5227 ter
2259 5171 2374 5226 dixi
2419 5189 2431 5227 :
2486 5171 2763 5242 Calvaria,
2825 5171 2935 5228 hoc
2991 5175 3080 5228 est
3130 5171 3234 5228 ﬁlii
3295 5174 3765 5232 resurrectionis.

2115 5285 2143 5312 «
2179 5262 2582 5318 Fundamenta
2609 5264 2756 5333 ejus,
2791 5284 2820 5312 »
2851 5260 2971 5317 sive
2991 5262 3112 5328 Dei,
3137 5262 3256 5318 sive
3278 5267 3433 5320 certe
3469 5263 3765 5321 Ecclesia.

2115 5353 2248 5416 Quae
2281 5355 2420 5406 sunt
2445 5355 2642 5406 autem
2674 5349 3073 5422 fundamenta,
3117 5352 3228 5406 nisi
3261 5352 3449 5422 Pater,
3473 5357 3532 5408 et
3560 5353 3766 5424 Filius,

2115 5444 2171 5494 et
2216 5438 2470 5510 Spiritus
2520 5439 2799 5495 sanctus?
2842 5439 2967 5494 Haec
3025 5456 3161 5511 ergo
3215 5440 3602 5497 fundamenta
3651 5459 3766 5499 non

2117 5533 2258 5584 sunt
2287 5529 2344 5583 in
2376 5527 2652 5597 vallibus,
2687 5529 2788 5584 sed
2821 5533 2960 5584 sunt
3011 5529 3072 5585 in
3097 5527 3421 5597 montibus,
3449 5534 3509 5586 et
3541 5547 3659 5587 non
3706 5533 3762 5588 in

2120 5617 2420 5675 montibus
2451 5618 2904 5692 quibuscunque
2933 5617 3033 5675 sed
3077 5618 3136 5675 in
3187 5618 3489 5678 montibus
3523 5621 3756 5678 sanctis.
