3976 6188
207 329 374 406 1146

1389 337 1886 410 BREVIARIUM
1929 341 2010 408 IN
2058 347 2438 411 PSALMOS.

3356 431 3358 433 ,
3461 353 3618 420 1146

211 471 505 544 Loquitur
532 470 797 531 Paulus:
850 476 1020 546 Quasi
1045 480 1268 550 sapiens
1298 482 1621 541 architectus
1647 485 1861 557 funda-
1891 480 1946 547 Α
1974 482 2083 541 hoc
2142 485 2294 556 quod
2355 483 2576 541 dictum
2635 490 2745 557 est,
2805 508 2834 536 «
2870 487 3272 546 Fundamenta
3326 485 3388 544 in
3444 505 3616 546 mon-

209 569 462 618 mentum
508 566 668 634 posui
708 565 764 635 (I
795 565 914 622 Cor.
947 585 1030 633 ιιι,
1065 570 1171 641 10),
1214 570 1325 627 hoc
1377 577 1467 629 est
1513 576 1687 630 fidem
1735 576 1860 631 Tri-

209 651 442 708 nitatis.
476 654 737 725 Denique
765 653 925 723 dicit,
957 660 1015 712 et
1062 658 1122 714 in
1171 660 1284 716 alio
1328 661 1454 717 loco
1489 681 1502 717 :
1556 665 1861 736 Exspecta-

208 741 362 798 bant
393 742 550 797 enim
582 742 873 800 civitatem
906 745 1214 804 habentem
1238 750 1622 808 fundamenta
1648 769 1659 808 :
1693 755 1862 824 cujus

209 829 424 887 artifex
469 833 526 886 et
572 831 840 887 conditor
866 833 1020 891 Deus
1049 836 1226 906 (Hebr.
1260 855 1338 905 xx,
1374 839 1461 910 10)
1495 858 1507 895 :
1569 864 1590 891 ι
1627 843 1861 898 Funda-
1916 825 1921 833 ’

209 923 416 975 menta
434 919 563 990 ejus
585 919 645 974 in
669 920 968 979 montibus
989 928 1209 982 sanctis
1247 949 1273 980 α
1296 927 1426 984 Ideo
1452 929 1598 987 dixit
1619 931 1678 987 in
1701 948 1861 987 mon-

207 1008 377 1065 tibus
425 1009 666 1078 sanctis,
697 1011 835 1081 quia
883 1018 1023 1069 sunt
1069 1019 1125 1070 et
1167 1016 1265 1072 alii
1310 1023 1539 1076 montes
1578 1039 1692 1077 non
1726 1038 1859 1078 san-

206 1098 310 1152 cti.
349 1097 608 1170 Denique
637 1098 851 1155 dicitur
878 1100 936 1156 in
979 1103 1128 1160 Isaia
1160 1122 1174 1160 :
1225 1109 1402 1178 Super
1447 1119 1686 1166 montem
1714 1116 1860 1168 tene-

207 1187 433 1242 brosum
485 1189 657 1244 levate
700 1191 919 1260 signum
966 1194 1090 1264 (lsa.
1123 1212 1243 1265 xm,
1276 1199 1352 1268 2).
1399 1199 1467 1254 Et
1504 1200 1559 1254 in
1594 1201 1706 1256 alio
1737 1200 1861 1256 loco

208 1277 480 1334 dicitur:
530 1281 666 1348 Quis
714 1295 770 1334 es
819 1283 897 1350 tu,
932 1299 1087 1340 mons
1129 1292 1385 1358 corrupte
1429 1290 1612 1357 (Zach.
1647 1307 1722 1357 ιν,
1751 1291 1808 1361 7)
1834 1290 1862 1344 ?

209 1365 442 1423 Dicitur
487 1373 545 1424 et
588 1367 648 1423 in
699 1370 1001 1429 Jeremia:
1054 1377 1208 1431 Dicat
1255 1378 1479 1434 Domino
1526 1381 1630 1434 Deo
1676 1387 1860 1434 vestro

204 1458 469 1528 gloriam,
504 1462 799 1532 antequam
843 1464 1120 1534 offendant
1156 1466 1318 1537 pedes
1354 1470 1525 1523 vestri
1552 1468 1622 1523 ad
1650 1472 1862 1524 montes

206 1546 521 1603 tenebrosos
567 1548 786 1620 (Jerem.
819 1568 942 1619 XIII,
978 1554 1086 1625 16).
1139 1554 1362 1612 Videtis
1389 1572 1525 1628 ergo
1557 1557 1695 1628 quia
1723 1560 1862 1612 sunt

207 1638 268 1690 et
297 1639 530 1692 montes
557 1638 872 1710 tenebrosi,
901 1645 958 1696 et
987 1641 1203 1698 dicitur
1231 1643 1400 1700 nobis
1430 1660 1464 1699 a
1492 1645 1764 1715 Jeremia,
1797 1648 1863 1699 ut

207 1725 426 1780 demus
455 1724 702 1798 gloriam
725 1728 863 1797 Deo,
888 1734 1200 1803 antequam
1232 1734 1528 1790 offendant
1559 1736 1734 1806 pedes
1764 1752 1862 1791 no-

1973 573 2133 629 tibus
2181 575 2418 641 sanctis,
2457 598 2476 624 ιο
2535 592 2852 647 possumus
2883 580 2940 632 et
2967 577 3038 632 de
3069 578 3184 634 Deo
3214 577 3425 635 dicere.
3476 579 3614 635 Pos-

1972 680 2182 719 sumus
2215 667 2408 720 autem
2441 670 2497 720 et
2528 664 2637 721 hoc
2668 665 2859 720 dicere
2887 683 2900 719 :
2935 689 2962 715 «
2999 666 3264 723 Gloriosa
3293 669 3446 724 dicta
3475 670 3616 724 sunt

1973 752 2044 807 de
2072 759 2150 822 te,
2184 753 2385 810 civitas
2415 753 2535 810 Dei.
2574 776 2601 802 »
2651 756 2785 818 Quae
2819 759 2906 810 est
2934 754 3047 810 ista
3076 755 3279 812 civitas
3312 757 3409 811 ubi
3457 758 3614 813 dicta

1972 846 2114 897 sunt
2133 841 2387 913 gloriosa
2405 843 2433 897 ?
2465 843 2525 898 In
2550 843 2824 900 omnibus
2854 844 3154 916 prophetis
3175 844 3397 900 dictum
3428 850 3520 901 est
3542 847 3614 902 de

1971 931 2081 986 hac
2121 931 2368 987 civitate.
2415 931 2593 988 Isaias
2643 932 2782 988 dicit
2815 949 2828 986 :
2877 935 3139 1003 Exsurge,
3172 949 3425 1004 exsurge,
3455 936 3613 989 Jeru-

1970 1021 2161 1087 salem,
2213 1020 2445 1076 induere
2490 1021 2870 1092 fortitudinem
2918 1021 3135 1078 brachii
3187 1023 3274 1077 tui
3323 1024 3464 1092 (Isa.
3517 1039 3611 1090 ιιι,

1972 1110 2047 1180 1).
2100 1112 2313 1166 Iterum
2365 1110 2492 1182 ipse
2538 1110 2765 1167 Isaias:
2816 1113 2922 1182 Ego
2967 1113 3160 1168 civitas
3205 1113 3388 1182 ﬁrma,
3419 1113 3613 1169 civitas

1972 1216 2091 1272 qum
2119 1215 2228 1256 non
2257 1205 2606 1272 oppugnatur
2634 1202 2765 1271 (Isa.
2798 1219 2936 1268 XXII,
2966 1202 3042 1272 2).
3085 1201 3233 1257 Dicit
3280 1205 3336 1256 et
3382 1201 3560 1257 David
3595 1217 3608 1255 :

1972 1291 2243 1344 Fluminis
2274 1291 2513 1361 impetus
2562 1292 2806 1360 laetiﬁcat
2849 1293 3128 1346 civitatem
3157 1293 3255 1346 Dei
3282 1291 3452 1360 (Psat.
3484 1308 3609 1356 XLV,

1969 1378 2046 1446 5).
2081 1378 2149 1433 Et
2182 1378 2239 1433 in
2281 1378 2394 1434 alio
2438 1379 2562 1434 loco
2597 1395 2608 1434 :
2663 1381 2908 1450 Domine,
2940 1382 3003 1435 in
3030 1382 3252 1435 civitate
3279 1388 3379 1435 tua
3405 1381 3613 1448 imagi-

1969 1483 2065 1523 nes
2107 1483 2295 1522 eorum
2331 1468 2627 1539 dissipabis
2677 1468 2852 1537 (Psat.
2888 1486 3056 1533 Lxxu,
3085 1470 3198 1539 20).
3248 1469 3319 1524 Et
3348 1466 3614 1523 Salvator

1971 1555 2225 1628 gloriosa
2254 1554 2484 1611 locutus
2515 1559 2605 1612 est
2633 1557 2704 1611 de
2735 1555 2843 1612 hac
2873 1556 3122 1612 civitate.
3147 1558 3265 1612 Non
3290 1559 3461 1628 potest
3488 1556 3616 1610 abs-

1970 1646 2136 1702 condi
2161 1647 2356 1702 civitas
2388 1661 2550 1717 super
2579 1654 2817 1701 montem
2856 1646 3039 1716 posita
3069 1645 3274 1714 (Matth.
3305 1661 3362 1708 v,
3394 1645 3502 1712 14).

2043 1757 2071 1783 ‹‹
2105 1735 2328 1790 Memor
2351 1751 2447 1790 ero
2470 1734 2651 1804 Raab,
2673 1738 2730 1789 et
2750 1733 3082 1805 Babylonis,
3105 1733 3416 1788 scientium
3443 1748 3556 1788 me.
3583 1754 3610 1781 ››

209 1813 319 1913 stri
376 1815 448 1870 ad
481 1819 1134 1913 _montesmtenebrosos.
1167 1821 1226 1878 Si
1270 1823 1423 1878 enim
1469 1825 1644 1894 pedes
1676 1823 1862 1880 nostri
1891 1848 1938 1913 Β
1970 1823 2254 1888 Quoniam
2285 1822 2431 1878 dixit
2460 1839 2472 1876 :
2508 1847 2535 1872 «
2562 1822 2824 1879 Gloriosa
2853 1823 3007 1878 dicta
3037 1826 3176 1878 sunt
3205 1823 3275 1877 de
3305 1825 3381 1887 te,
3409 1821 3612 1876 civitas

205 1902 566 1976 impegerint
611 1907 682 1960 ad
727 1906 860 1964 illos
891 1913 1139 1977 montes,
1170 1910 1416 1984 gloriam
1447 1913 1694 1969 Domino
1724 1914 1862 1970 dare

207 2008 329 2047 non
385 2010 724 2066 possumus.
777 2020 804 2045 «
841 1998 1244 2056 Fundamenta
1280 2002 1409 2071 ejus
1452 2002 1511 2056 in
1563 2002 1862 2057 montibus

208 2081 455 2140 sanctis.
492 2105 520 2132 »
552 2085 708 2148 Quos
738 2103 846 2143 nos
874 2104 1191 2158 possumus
1220 2089 1409 2146 dicere
1440 2091 1863 2164 fundamental?

206 2172 548 2244 Apostolos.
583 2176 646 2228 In
679 2173 794 2230 illis
823 2181 990 2231 erant
1018 2177 1404 2236 fundamenta
1436 2196 1449 2234 :
1490 2180 1569 2235 ibi
1602 2181 1860 2252 primum

204 2261 409 2332 posita
459 2265 550 2316 est
599 2263 744 2318 fides
782 2263 1070 2333 Ecclesize,
1106 2273 1162 2322 et
1203 2268 1284 2323 ibi
1315 2268 1695 2325 fundamenta
1726 2275 1864 2326 sunt

204 2349 427 2420 posita.
461 2351 531 2405 Et
577 2351 714 2423 quia
753 2355 1162 2426 unusquisque
1200 2357 1624 2428 superaediﬁcat
1653 2359 1862 2415 funda-

206 2439 415 2492 mento
441 2454 454 2492 :
487 2437 640 2494 alius
665 2456 896 2511 aurum,
921 2441 1072 2499 alius
1103 2450 1434 2517 argentum,
1457 2445 1608 2502 alius
1640 2447 1864 2520 lapides

205 2524 504 2596 pretiosos
533 2543 546 2581 :
576 2527 770 2600 diligit
789 2529 1073 2588 Dominus
1096 2538 1292 2604 portas
1311 2535 1445 2591 Sion
1469 2553 1648 2608 super
1666 2536 1864 2592 omnia

206 2615 593 2672 tabernacula
641 2619 840 2674 Jacob.
875 2622 1023 2677 Istas
1053 2626 1250 2693 portas
1282 2623 1494 2697 diligit,
1529 2641 1676 2696 quas
1703 2626 1861 2680 vide-

206 2719 349 2759 mus
407 2705 716 2762 corruisse.
752 2708 900 2764 Istas
952 2715 1152 2780 portas
1187 2712 1399 2784 diligit,
1431 2717 1488 2769 et
1517 2713 1690 2770 istam
1724 2715 1862 2771 Sion

207 2791 426 2865 diligit,
451 2811 577 2865 quae
610 2799 773 2851 arata
799 2801 888 2853 est
914 2799 1068 2855 sicut
1095 2816 1251 2872 ager.
1285 2802 1355 2856 Et
1380 2802 1569 2858 videte
1599 2805 1740 2875 quid
1771 2804 1864 2859 di-

209 2886 310 2937 cat
342 2899 356 2937 :
409 2905 434 2930 α
469 2882 672 2956 Diligit
706 2885 988 2942 Dominus
1034 2894 1233 2960 portas
1261 2890 1422 2958 Sion,
1457 2909 1636 2964 super
1665 2892 1866 2948 omnia

212 2971 597 3028 tabernacula
615 2973 816 3029 Jacob.
845 2995 877 3028 ι
895 2975 1099 3033 Videte
1131 2979 1268 3050 quid
1302 2979 1458 3036 dicat
1484 2996 1497 3035 :
1527 2981 1717 3053 Super
1745 2998 1866 3036 om-

212 3075 276 3116 es
327 3059 594 3116 civitates
623 3061 824 3130 Jacob,
857 3064 968 3120 hoc
1013 3069 1102 3121 est
1130 3065 1293 3122 Judaa
1330 3085 1343 3123 :
1390 3068 1566 3124 istam
1610 3073 1856 3125 tantum

211 3147 408 3221 diligit
427 3149 741 3206 civitatem.
760 3153 830 3207 Et
846 3155 1140 3224 quomodo
1159 3155 1428 3214 videmus
1451 3156 1594 3214 alias
1612 3174 1680 3213 ex
1700 3163 1864 3231 parte

210 3240 389 3309 stare,
423 3243 480 3294 et
507 3239 683 3296 istam
734 3241 968 3313 penitus
999 3243 1290 3300 corruisse
1315 3245 1342 3300 ?
1394 3245 1684 3319 Legamus
1711 3250 1865 3320 Apo-

208 3326 499 3400 calypsim
544 3328 791 3386 Joannis
831 3333 975 3402 (cap.
1009 3333 1174 3402 xx1):
1227 3333 1493 3406 legamus
1549 3339 1604 3391 et
1652 3336 1864 3393 Isaiam

210 3417 351 3488 (cap.
413 3418 570 3488 Lxu).
624 3419 734 3473 Ubi
783 3420 1106 3476 aedificatur
1156 3421 1362 3479 civitas
1413 3424 1756 3493 Jerusalem,
1810 3431 1867 3482 et

208 3505 524 3562 duodecim
575 3512 753 3579 portae
785 3507 972 3581 ipsius
1003 3510 1282 3566 dicuntur
1310 3529 1438 3569 esse
1468 3515 1539 3569 de
1570 3514 1866 3586 lapidibus

209 3594 486 3665 pretiosis
537 3600 908 3665 constructae,
939 3602 995 3654 et
1043 3599 1172 3671 ipsa
1220 3599 1423 3657 civitas
1468 3603 1539 3658 de
1583 3603 1723 3658 coelo
1765 3605 1862 3658 de-

211 3683 462 3750 scendit,
493 3688 550 3739 et
599 3685 875 3742 dicuntur
923 3688 1075 3742 muri
1120 3690 1249 3759 ejus
1289 3690 1471 3758 aurei,
1504 3695 1561 3746 et
1589 3691 1866 3747 dicuntur

209 3772 416 3843 plateae
445 3774 576 3844 ejus
604 3779 799 3830 stratae
830 3793 958 3832 esse
989 3779 1326 3850 smaragdo,
1357 3785 1412 3834 et
1441 3779 1720 3835 dicuntur
1749 3781 1866 3836 sin-

209 3860 362 3932 gulas
394 3864 572 3931 portae
603 3877 671 3916 ex
700 3861 951 3934 singulis
986 3863 1284 3935 lapidibus
1327 3867 1598 3937 pretiosis
1647 3870 1860 3937 (Ezech.

208 3965 409 4015 xxvm,
445 3949 556 4020 13).
613 3951 705 4004 Hae
755 3956 895 4006 sunt
936 3955 1068 4008 totae
1114 3954 1344 4009 Domini
1389 3955 1619 4022 divitiae,
1653 3962 1709 4011 et
1753 3958 1863 4013 hoc

207 4035 407 4108 diligit
434 4037 715 4094 Dominus
738 4041 889 4110 quod
915 4044 972 4096 et
1001 4041 1271 4097 homines
1292 4043 1320 4096 ?
1350 4043 1624 4100 Prohibet
1653 4062 1759 4101 nos
1789 4049 1861 4102 ab

208 4125 474 4194 avaritia,
529 4131 587 4182 et
633 4127 758 4200 ipse
807 4129 877 4184 de
925 4129 1170 4186 avaritia
1221 4132 1467 4187 exstruit
1523 4133 1864 4190 civitatem?

207 4215 383 4286 Ergo,
413 4238 441 4265 «
465 4215 672 4289 diliget
701 4217 988 4274 Dominus
1016 4223 1216 4292 portas
1247 4219 1406 4276 Sion.
1445 4245 1465 4270 ι»
1499 4221 1633 4278 Illas
1663 4228 1862 4296 portas

208 4302 522 4360 duodecim
572 4304 732 4377 Sion,
765 4307 1144 4364 manifestum
1176 4311 1265 4364 est
1293 4311 1447 4381 quod
1481 4311 1552 4367 de
1580 4313 1861 4384 apostolis

211 4389 470 4463 scripsit.
505 4391 742 4463 «Super
771 4395 970 4450 omnia
1000 4397 1381 4454 tabernacula
1397 4400 1600 4466 Jacob,
1621 4420 1648 4452 η
1685 4419 1863 4475 super

210 4495 419 4535 omnes
472 4482 694 4536 veteres
745 4486 999 4539 sanctos.
1033 4484 1151 4540 Hoc
1199 4486 1433 4542 interim
1477 4489 1734 4546 diximus
1765 4507 1860 4548 se-

1970 1912 2092 1979 Dei,
2125 1932 2154 1961 ››
2200 1917 2257 1967 et
2285 1915 2480 1968 tamen
2510 1912 2702 1983 ipsam
2731 1911 3024 1968 civitatem
3054 1910 3367 1968 Ecclesiam
3397 1908 3617 1966 intelli-

1971 2002 2167 2074 gimus
2196 2002 2267 2056 de
2296 2001 2570 2073 gentibus
2600 2005 3012 2072 congregatam
3039 2018 3052 2066 ;
3102 2005 3408 2072 propterea
3459 2014 3616 2054 nunc

1971 2092 2043 2147 de
2073 2091 2372 2146 vocatione
2403 2089 2664 2162 gentium
2696 2089 2912 2144 dicitur
2945 2105 2957 2144 :
2993 2111 3022 2139 «
3055 2092 3274 2144 Memor
3301 2105 3397 2144 ero
3431 2086 3616 2153 Raab,

1973 2185 2030 2237 et.
2058 2180 2370 2252 Babylonis
2400 2178 2710 2236 scientium
2742 2195 2856 2234 me.
2895 2200 2915 2226 υ
2970 2177 3312 2248 Quicunque
3351 2180 3619 2248 peccator

1972 2275 2081 2339 est,
2115 2286 2356 2326 securus
2387 2268 2484 2324 sit.
2518 2267 2801 2324 Dominus
2831 2284 3056 2323 memor
3086 2267 3198 2322 fuit
3227 2265 3407 2322 Raab.
3441 2266 3616 2321 Secu-

1973 2376 2104 2414 rum
2136 2359 2275 2424 dixi,
2308 2358 2356 2414 si
2391 2361 2712 2413 revertatur
2743 2358 2810 2412 ad
2847 2357 3182 2413 Dominum.
3215 2357 3501 2412 Caeterum
3532 2370 3619 2410 se-

1973 2448 2192 2504 curitas
2222 2447 2349 2502 sine
2378 2446 2671 2518 lacrymis,
2705 2463 2818 2502 non
2850 2447 3026 2502 habet
3055 2445 3398 2501 remedium.
3449 2466 3478 2494 ‹‹
3509 2447 3617 2498 Meo

1973 2551 2104 2592 mor
2131 2552 2228 2591 ero
2261 2536 2441 2590 Raab.
2473 2554 2499 2586 η
2557 2534 2716 2590 Raab
2764 2534 2925 2590 illius
2973 2534 3297 2590 meretricis
3327 2550 3455 2605 quae
3485 2549 3616 2589 sus-

1974 2624 2126 2696 cepit
2153 2624 2544 2695 exploratores
2573 2623 2712 2680 Jesu
2747 2640 2760 2678 :
2811 2641 2936 2694 quas
2965 2628 3089 2679 erat
3116 2623 3175 2677 in
3216 2622 3468 2688 Jericho,
3501 2638 3617 2694 quo

1973 2717 2206 2769 venerat
2255 2715 2446 2780 Iesus,
2479 2719 2537 2770 et
2586 2713 2747 2769 misit
2785 2713 2933 2769 duos
2963 2711 3357 2784 exploratores
3383 2711 3617 2766 Jericho

1973 2805 2175 2871 (Iosue.
2222 2819 2282 2870 ιι,
2329 2803 2380 2869 1,
2412 2801 2602 2872 seqq.).
2651 2801 2905 2856 Mundus
2956 2801 3085 2868 iste,
3136 2800 3236 2870 qui
3285 2799 3344 2853 in
3394 2803 3618 2870 septem

1975 2890 2185 2945 diebus
2213 2889 2592 2952 subvertitur,
2614 2888 2742 2944 vult
2769 2889 3095 2943 interﬁcere
3118 2886 3528 2959 exploratores.
3551 2887 3622 2941 Et

1977 2995 2111 3033 cum
2158 2977 2255 3034 ille
2303 2978 2500 3050 cupiat
2542 2977 2867 3033 interﬁcere
2904 2977 3316 3048 exploratores,
3349 2975 3475 3031 sola
3503 2991 3625 3030 me-

1976 3066 2156 3122 retrix
2186 3065 2343 3122 Raab
2372 3065 2648 3138 suscepit.
2682 3067 2752 3121 Et
2781 3065 3041 3136 suscepit
3085 3081 3182 3120 eos
3224 3081 3337 3120 non
3369 3063 3428 3119 in
3472 3063 3621 3119 infe-

1977 3154 2115 3210 riori
2147 3154 2294 3220 loco,
2328 3156 2429 3210 sed
2461 3155 2520 3210 in
2553 3154 2866 3210 caenaculo.
2894 3154 3165 3210 Dicamus
3193 3169 3330 3227 ergo
3362 3152 3621 3225 primum

1976 3245 2300 3300 secundum
2332 3244 2488 3315 quod
2519 3244 2690 3316 vulgo
2723 3244 2938 3300 dicitur
2969 3260 2981 3298 :
3035 3260 3226 3316 neque
3257 3242 3412 3298 enim
3446 3242 3617 3298 debe-

1974 3349 2109 3388 mus
2139 3337 2197 3388 et
2224 3332 2387 3388 illam
2419 3332 2957 3404 interpretationem
2989 3332 3301 3387 dimittere.
3328 3331 3396 3387 Et
3426 3347 3595 3387 susce

1973 3421 2058 3494 pit
2098 3437 2198 3477 eos
2249 3438 2364 3478 non
2413 3421 2670 3478 inferiori
2725 3421 2872 3488 loco,
2924 3422 3025 3477 sed
3075 3421 3134 3475 in
3183 3419 3500 3477 caenaculo.
3555 3420 3619 3475 In

1972 3510 2225 3579 domate,
2258 3510 2366 3567 hoc
2415 3517 2503 3567 est
2546 3511 2603 3565 in
2653 3510 3014 3566 sublimitate
3053 3510 3188 3565 ﬁdei
3219 3526 3360 3576 suae,
3395 3512 3454 3566 et
3483 3509 3617 3565 abs-

1973 3599 2171 3654 condit
2218 3615 2317 3655 eos
2365 3599 2426 3654 in
2478 3599 2618 3667 lino,
2653 3599 2762 3655 hoc
2799 3603 2888 3655 est
2925 3599 2983 3654 in
3013 3603 3189 3670 stupa
3216 3598 3343 3654 lini.
3382 3599 3495 3654 Hoc
3527 3598 3620 3653 in-

1971 3688 2156 3744 terim.
2174 3688 2432 3744 diximus
2454 3686 2787 3744 secundum"
2810 3686 3138 3754 historiam,
3161 3691 3218 3742 et
3240 3687 3449 3743 videtis
3470 3703 3615 3759 quo-

1973 3778 2146 3832 modo
2178 3779 2249 3834 de
2277 3777 2407 3849 ipsa
2448 3777 2697 3834 historia
2726 3776 3009 3849 paulatim
3040 3777 3111 3833 ad
3145 3777 3393 3850 mystica
3420 3793 3618 3833 ascen-

1973 3865 2170 3922 dimus
2203 3871 2590 3922 sacramenta.
2614 3867 2788 3922 Jesus
2818 3867 2955 3935 dux,
2980 3866 3078 3938 qui
3111 3865 3394 3938 populum
3414 3866 3621 3920 eduxe-

1972 3959 2064 4010 rat
2093 3956 2162 4011 de
2193 3959 2432 4028 Egypto
2463 3972 2476 4008 :
2527 3955 2700 4011 Jesus
2748 3956 2886 4022 dux,
2920 3954 3020 4025 qui
3050 3953 3468 4025 interpretatur
3495 3953 3618 4008 Sal-

1969 4052 2147 4111 vator,
2183 4044 2339 4100 Mose
2387 4047 2636 4108 mortuo,
2669 4047 2725 4099 et
2770 4042 2998 4115 sepulto
3044 4043 3103 4096 in
3147 4045 3300 4097 terra
3340 4040 3528 4108 Moab,
3561 4041 3620 4096 in

1969 4137 2124 4189 terra
2156 4133 2397 4202 Arabiae,
2441 4133 2552 4188 hoc
2601 4137 2709 4199 est,
2763 4133 2914 4204 Lege
2965 4133 3214 4196 mortua,
3265 4130 3323 4183 in
3375 4130 3600 4201 Evange

1970 4222 2117 4277 lium
2149 4222 2309 4293 cupit
2359 4221 2637 4276 inducere
2675 4219 2958 4291 populum
2989 4234 3184 4273 suum.
3220 4217 3446 4273 Emittit
3473 4219 3621 4274 duos

1971 4310 2362 4382 exploratores
2391 4309 2646 4378 J_ericho.
2682 4313 2838 4364 Duos
2880 4305 3295 4379 exploratores,
3327 4323 3512 4362 unum
3559 4307 3619 4362 in

1970 4399 2504 4468 circumcisionem,
2530 4398 2713 4453 alium
2736 4396 2796 4451 in
2817 4396 3113 4469 gentibus,
3138 4396 3371 4452 Petrum
3393 4400 3450 4451 et
3473 4397 3619 4452 Pau-

1971 4487 2116 4542 lum.
2147 4487 2376 4542 Jericho
2408 4485 2617 4558 quaerit
2649 4503 2750 4542 eos
2780 4486 3043 4542 occidere
3069 4503 3082 4540 :
3113 4485 3215 4540 illa
3234 4503 3332 4542 eos
3363 4485 3624 4557 suscepit

210 4569 474 4624 cundum
510 4585 692 4625 unum
727 4573 980 4643 tropum.
1014 4573 1291 4631 Dicamus
1322 4581 1516 4632 autem
1547 4583 1604 4634 et
1645 4579 1814 4636 aliter
1847 4598 1860 4637 :
1893 4587 1940 4653 ι)
1973 4575 2267 4632 meretrix.
2301 4574 2556 4632 Ecclesia
2585 4575 2656 4631 de
2687 4575 2968 4649 gentibus
3015 4579 3384 4647 congregata.
3428 4573 3622 4628 Credit

211 4677 238 4702 «
272 4655 474 4728 Diligit
520 4656 804 4714 Dominus
859 4663 1058 4731 portas
1117 4661 1278 4718 Sion.
1311 4682 1338 4714 η
1395 4665 1538 4720 Mihi
1595 4666 1865 4724 videntur

211 4748 389 4813 portas
421 4744 560 4802 Sion
591 4761 719 4802 esse
749 4748 1013 4804 virtutes.
1045 4751 1208 4805 Sicut
1237 4752 1391 4807 enim
1445 4758 1624 4825 portae
1656 4757 1861 4812 mortis

211 4839 350 4888 sunt
380 4833 524 4890 vitia
550 4838 725 4908 atque
763 4841 1002 4909 peccata
1035 4853 1048 4891 :
1100 4838 1181 4894 ita
1220 4843 1397 4911 portae
1428 4841 1565 4898 Sion
1596 4843 1866 4900 videntur

211 4920 352 4977 mihi
387 4939 517 4979 esse
546 4923 810 4981 virtutes.
845 4926 1108 4999 Denique
1138 4927 1283 4985 dicit
1313 4929 1371 4984 in
1401 4929 1514 4986 alio
1543 4931 1668 4988 loco
1703 4950 1716 4988 :
1763 4935 1866 5001 Qui

212 5013 428 5068 exultas
455 5029 541 5068 me
569 5014 634 5071 de
659 5017 836 5087 portis
863 5019 1055 5073 mortis
1085 5017 1266 5089 (Psat.
1300 5036 1379 5086 ιχ,
1414 5021 1523 5090 15).
1571 5021 1630 5078 Si
1664 5025 1862 5079 autem

213 5104 389 5170 portae
421 5104 629 5160 mortis
659 5110 895 5177 peccata
924 5112 1066 5163 sunt
1097 5123 1110 5161 :
1160 5124 1296 5180 ergo
1327 5113 1506 5180 porta:
1534 5110 1859 5167 Jerusalem

213 5190 459 5248 virtutes
489 5197 646 5248 sunt.
681 5216 709 5244 «
745 5195 933 5267 Super
963 5194 1161 5251 omnia
1189 5197 1567 5253 tabernacula
1593 5200 1793 5255 Jacob.
1831 5221 1859 5248 ››

215 5279 417 5338 Videte
469 5283 762 5354 quomodo
811 5284 1013 5350 Jacob,
1052 5284 1161 5341 hoc
1215 5290 1324 5354 est,
1363 5291 1530 5342 vetus
1584 5289 1858 5360 populus,

218 5385 327 5427 non
378 5372 555 5428 habet
599 5373 1068 5446 fundamentum,
1103 5391 1207 5430 nec
1238 5375 1479 5432 domum
1513 5377 1859 5433 fundamen-

149 5521 152 5523 _
217 5458 290 5514 tis
336 5462 613 5534 positam,
646 5461 746 5518 sed
796 5461 1170 5520 tabernacula
1221 5479 1346 5535 quae
1403 5464 1516 5520 cito
1563 5469 1856 5536 pertrans-

217 5556 372 5607 eunt.

286 5661 314 5688 «ε
347 5639 613 5699 Gloriosa
653 5639 809 5699 dicta
849 5643 989 5698 sunt
1015 5639 1087 5698 de
1116 5644 1193 5708 te,
1237 5641 1441 5700 civitas
1474 5642 1592 5701 Dei.
1629 5665 1658 5694 »
1710 5643 1858 5716 Ergo

1973 4666 2033 4721 in
2061 4665 2288 4735 Jesum,
2323 4669 2380 4720 et
2418 4680 2566 4735 quos
2596 4662 2830 4720 volebat
2857 4662 3087 4720 Jericho
3117 4663 3462 4728 interﬁcere,
3493 4661 3623 4733 ipsa

1971 4753 2157 4810 salvat
2187 4754 2243 4808 in
2275 4754 2506 4809 domate
2536 4769 2663 4810 suo.
2698 4753 2766 4808 Et
2796 4753 2960 4824 ponit
2990 4769 3089 4808 eos
3119 4752 3178 4807 in
3211 4752 3445 4806 domate
3491 4766 3620 4819 suo,

1973 4843 2031 4897 in
2063 4841 2289 4898 excelsa
2315 4843 2426 4897 {ide
2453 4845 2582 4910 sua,
2607 4846 2664 4897 et
2695 4839 3001 4897 abscondit
3019 4857 3118 4896 eos
3150 4839 3208 4894 in
3241 4839 3346 4893 lini
3369 4837 3613 4893 calamo.

1972 4930 2128 4986 Licet
2158 4931 2429 4987 meretrix
2461 4931 2556 4999 sit,
2592 4934 2789 4986 tamen
2822 4929 2985 5002 ponit
3013 4945 3111 4983 eos
3141 4927 3201 4982 in
3231 4926 3370 4983 lino.
3406 4926 3616 4982 Linum

1973 5019 2158 5076 multo
2185 5020 2400 5088 labore,
2435 5024 2494 5076 et
2522 5018 2828 5092 diligentia
2857 5018 2914 5073 in
2946 5019 3258 5074 candorem
3291 5015 3467 5072 venit.
3501 5016 3620 5072 Sci-

1971 5109 2049 5165 tis
2090 5109 2204 5182 ipsi
2251 5110 2530 5181 quoniam
2574 5107 2761 5163 linum
2794 5108 2864 5162 de
2893 5111 3046 5162 terra
3078 5107 3358 5172 nascitur,
3393 5110 3450 5161 et
3481 5121 3616 5160 cum

1969 5197 2030 5252 in
2063 5202 2216 5253 terra
2244 5202 2447 5254 natum
2482 5197 2673 5268 fuerit,
2707 5198 2938 5269 nigrum
2972 5200 3080 5266 est,
3103 5194 3330 5251 nullam
3361 5193 3614 5267 speciem

1969 5287 2166 5352 habet,
2201 5287 2429 5342 nullum
2463 5303 2655 5343 usum.
2688 5286 2947 5341 Primum
2980 5301 3117 5357 ergo
3148 5283 3371 5340 tollitur
3399 5284 3470 5340 de
3499 5287 3616 5338 ter-

1970 5393 2055 5442 ra,
2106 5377 2415 5449 frangitur,
2471 5376 2678 5431 deinde
2732 5378 3058 5446 torquetur,
3108 5379 3312 5446 postea
3364 5373 3613 5439 lavatur,

1969 5465 2178 5522 deinde
2206 5465 2495 5532 tunditur,
2529 5463 2736 5520 deinde
2766 5463 3060 5535 plectitur,
3085 5467 3144 5518 et
3173 5461 3359 5518 multa
3389 5477 3528 5517 cura
3558 5464 3616 5516 et

1968 5555 2163 5612 labore
2209 5555 2302 5610 vix
2350 5553 2505 5610 venit
2553 5553 2625 5610 ad
2674 5553 3004 5629 candorem.
3036 5553 3184 5625 Ergo
3223 5552 3334 5610 hoc
3371 5551 3610 5621 dicitur,

1968 5645 2120 5722 quod
2147 5645 2261 5703 ista
2282 5643 2520 5718 quidem
2547 5640 2822 5700 meretrix
2842 5641 3100 5715 suscepit
3124 5640 3518 5714 exploratores
3548 5638 3607 5696 in
