3976 6188
337 311 495 380 1147

1825 305 2244 374 APPBNDIX.

3579 299 3735 366 “48

324 439 447 508 lino
471 457 601 510 suo,
624 442 691 496 ut
722 437 806 496 illi
836 436 1226 511 exploratores
1252 435 1437 494 linum
1467 436 1657 510 ipsius
1688 441 1979 495 verterent
2007 440 2062 508 Α
2092 457 2196 513 pes
2224 440 2374 498 versi
2403 457 2611 498 sumus
2649 440 2708 498 in
2757 439 3090 497 candorem.
3143 458 3171 486 α
3203 434 3348 492 Ecce
3391 431 3739 505 alienigena

328 532 388 588 in
421 531 757 594 candorem,
790 527 938 594 Quid
971 529 1195 600 igitur?
1244 529 1352 586 Dat
1403 527 1519 583 illis
1559 528 1891 593 consilium,
1923 533 1980 582 et

331 621 414 678 sic
447 619 632 676 dicit:
687 621 1011 690 Emspectate
1060 619 1144 675 his
1192 618 1366 675 trib-us
1414 618 1604 673 diebus
1654 618 1812 688 (Ibid.
1865 619 1975 686 16).

330 709 455 766 Non
491 713 616 764 erat
645 725 764 764 una
792 707 935 772 dies,
970 724 1085 762 non
1117 708 1254 777 duo,
1287 706 1399 763 nisi
1429 711 1548 763 tres
1579 706 1724 763 dies.
1776 706 1978 762 Videte

333 798 475 876 quid
507 797 680 854 dicat.
713 797 1053 868 Exspectate
1083 796 1274 853 tribus
1306 796 1534 852 diebus.
1561 796 1687 853 Non
1716 796 1980 852 nominat

331 892 451 943 tres
481 890 702 953 noctes,
727 886 826 940 sed
860 890 976 942 tres
1007 885 1130 940 dies
1159 903 1170 938 :
1205 885 1342 956 quia
1372 884 1769 942 illuminatum
1802 885 1979 940 babe-

330 977 434 1032 bat
465 991 581 1030 cor.
614 975 685 1030 Et
715 973 922 1030 deinde
954 973 1094 1029 dicit
1135 979 1267 1047 post
1296 979 1415 1029 tres
1445 974 1588 1030 dies.
1621 975 1688 1030 Et
1717 974 1854 1048 quid
1892 973 1978 1028 di-

335 1065 412 1121 cit
443 1083 455 1120 :
505 1064 702 1129 Nolite,
748 1063 963 1135 inquit,
997 1067 1079 1120 ire
1107 1081 1205 1135 per
1235 1066 1581 1136 campestria,
1612 1063 1705 1120 sed
1737 1067 1795 1119 in
1826 1079 1980 1118 mon-

335 1158 467 1210 tana
495 1153 833 1210 conscendite
861 1153 1022 1224 (Ibid.
1056 1154 1167 1225 22).
1205 1153 1471 1210 Ecclesiae
1502 1153 1655 1209 enim
1690 1155 1834 1210 ﬁdes
1865 1170 1980 1208 non

335 1247 423 1299 est
451 1242 510 1296 in
543 1242 816 1306 vallibus,
844 1244 942 1300 sed
973 1243 1034 1298 in
1065 1245 1362 1301 montibus
1385 1244 1726 1298 constituta.
1751 1243 1981 1298 Jericho

337 1347 475 1402 ergo
511 1337 712 1403 postea
739 1333 1098 1388 subvertitur
1127 1334 1198 1388 ab
1227 1334 1387 1398 Jesu,
1413 1338 1468 1390 et
1499 1335 1612 1389 ista
1643 1333 1766 1389 sola
1798 1350 1982 1390 mere-

338 1418 451 1478 trix
484 1425 811 1476 reservatur
837 1420 1174 1480 incolumis.
1199 1423 1343 1493 Ergo
1374 1422 1484 1478 hoc
1517 1422 1730 1477 dicitur
1761 1439 1773 1475 :
1814 1445 1832 1470 α
1870 1426 1982 1477 Me-

342 1525 470 1564 mor
499 1525 596 1564 ero
625 1510 803 1581 Raab,
834 1534 853 1558 »
894 1510 998 1565 hoc
1027 1515 1138 1576 est,
1162 1528 1288 1582 quae
1316 1512 1573 1583 suscepit
1593 1511 1984 1583 exploratores

341 1612 525 1668 meos,
555 1603 615 1652 et
644 1614 748 1670 ego
778 1598 835 1652 in
870 1599 964 1654 die
985 1599 1192 1669 judicii
1227 1616 1452 1654 memor
1481 1615 1577 1655 ero
1609 1601 1756 1671 ejus.
1813 1622 1841 1649 ‹‹
1870 1605 1982 1656 Me-

338 1701 468 1741 mor
499 1702 595 1742 ero
637 1687 877 1742 Raab.»
928 1687 1085 1744 Raab
1135 1689 1272 1760 quid
1327 1688 1790 1761 interpretatur?
1838 1689 1982 1744 dixi-

2089 534 2147 590 et
2175 535 2378 604 Tyrus,
2411 536 2466 588 et
2498 530 2750 604 populus
2781 528 3141 599 iEtbiopum,
3171 525 3230 581 bi
3265 526 3506 582 fuerunt
3535 521 3680 580 illic.
3712 545 3742 570 ιι

2089 621 2193 680 Ubi
2228 621 2511 678 luerunt?
2549 620 2654 678 Ubi
2686 619 2942 693 gloriosa
2969 617 3125 674 dicta
3154 617 3294 672 sunt
3321 614 3393 669 de
3421 618 3497 680 te,
3531 610 3744 668 civitas

2089 711 2209 770 Dei.

2161 823 2189 851 ι(
2221 799 2514 871 Numquid
2548 799 2685 857 Sion
2720 799 2868 854 dicet
2899 796 3094 860 homo,
3127 797 3187 849 et
3215 793 3392 848 homo
3424 795 3607 847 natus
3653 791 3747 844 est

2090 889 2147 947 in
2179 907 2246 946 ea
2267 891 2294 944 ?
2325 911 2352 941 ››
2397 889 2783 962 Septuaginta
2814 887 3162 957 interpretes
3195 882 3277 937 ita
3306 877 3746 938 transtulerunt

2090 1001 2118 1028 «
2152 979 2451 1050 Numquid
2483 979 2617 1036 Sion
2647 978 2800 1034 dicet
2830 976 3004 1032 homo
3028 972 3056 1026 ‘?
3090 994 3117 1021 »
3151 993 3178 1021 ››
3211 971 3580 1041 Spreverunt
3608 981 3746 1037 ergo

2091 1067 2281 1132 multi,
2315 1085 2419 1124 nec
2473 1066 2884 1123 intellexerant
2937 1064 3071 1135 μήτι
3124 1059 3288 1124 Σιὼν,
3338 1057 3481 1130 quid
3536 1060 3650 1119 est,
3693 1059 3754 1109 et

2090 1157 2442 1216 addiderunt
2491 1176 2519 1230 ρ
2569 1160 2626 1211 et
2666 1155 2870 1228 legunt
2918 1153 3085 1223 μήτιρ
3119 1149 3261 1204 Σιὼν
3292 1145 3402 1218 ἐρεῖ
3431 1143 3750 1216 ἅνθρωπος.

2090 1250 2157 1301 Et
2194 1245 2303 1301 hoc
2344 1250 2643 1318 propterea
2671 1244 2894 1308 dicunt,
2925 1239 3206 1314 quoniam
3257 1235 3528 1308 sequitur
3559 1250 3576 1288 ι
3620 1254 3648 1284 ι
3679 1232 3752 1288 Et

2091 1334 2266 1392 homo
2299 1338 2471 1390 natus
2500 1337 2590 1388 est
2616 1332 2675 1387 in
2707 1349 2793 1387 ea.
2826 1352 2854 1384 ιν
2898 1330 3287 1402 Speraverunt
3314 1325 3491 1381 etiam
3528 1323 3617 1377 ita
3645 1322 3751 1374 de-

2093 1424 2228 1482 bere
2259 1423 2372 1478 dici
2409 1440 2420 1476 ;
2474 1426 2657 1477 mater
2686 1421 2825 1476 Sion
2856 1418 3012 1476 dicet
3039 1417 3236 1479 homo,
3265 1413 3552 1485 quoniam
3587 1408 3749 1464 ﬁlius

2099 1516 2273 1568 natus
2327 1511 2586 1567 dicitur:
2637 1514 2944 1582 propterea
2989 1509 3186 1562 errant
3232 1504 3289 1559 in
3340 1501 3552 1558 matris
3585 1515 3754 1554 voca-

2099 1599 2258 1656 bulo.
2289 1601 2560 1656 Dicamus
2590 1615 2727 1672 ergo
2757 1597 3015 1670 primum
3036 1593 3359 1652 secundum
3381 1590 3542 1662 quod
3576 1587 3755 1658 vulgo

2099 1689 2315 1745 dicitur
2347 1706 2359 1742 :
2410 1705 2597 1760 neque
2630 1688 2785 1744 enim
2820 1687 3103 1743 debemus
3131 1687 3190 1740 et
3219 1681 3379 1738 illam
3411 1679 3756 1750 interpreta-

340 1790 474 1830 mus
520 1775 846 1830 secundum
879 1775 1179 1832 historiam
1219 1797 1230 1833 :
1277 1779 1544 1834 dicamus
1575 1784 1632 1834 et
1659 1779 1982 1835 secundum
2019 1812 2067 1878 Β
2101 1778 2318 1834 tionem
2370 1778 2688 1834 dimittere.
2739 1767 3012 1832 Dicamus
3064 1789 3200 1845 ergo
3255 1775 3311 1826 et
3359 1785 3518 1824 nos:
3572 1767 3755 1822 Mater

454 1861 493 1878 ,o
546 1861 557 1872 ο
648 1863 658 1873 ο
712 1867 720 1878 .
907 1870 915 1878 .
970 1866 1005 1878 ,ο
1265 1868 1286 1878 τ
1383 1872 1391 1878 .
1835 1872 1867 1878 _
1955 1868 1965 1878 ι
2104 1867 2158 1878 Α.
2288 1867 2326 1878 ι.
2371 1867 2403 1878 ι.
2441 1867 2454 1878 ε
2708 1869 2718 1878 ι
2755 1865 2768 1878 1
3043 1866 3051 1878 ι
3209 1863 3248 1878 ,1
3281 1859 3332 1878 2_-
3386 1874 3439 1878 __
3503 1855 3606 1878 ἶ-ιῖ
3651 1855 3748 1878 ---Σ

334 1861 593 1918 nominis
645 1863 1207 1934 interpretationem.
1256 1868 1437 1923 Juxta
1485 1885 1785 1940 anagogen
1835 1868 1989 1923 Raab
2020 1855 2067 1878 υ
2103 1867 2240 1925 Sion
2271 1867 2413 1922 dicit
2441 1867 2639 1933 homo,
2671 1869 2728 1922 et
2755 1865 2930 1922 homo
2961 1866 3137 1920 natus
3166 1863 3255 1916 est
3281 1859 3341 1915 in
3379 1874 3470 1912 ea.
3503 1855 3608 1914 isti
3647 1855 3748 1926 qui

335 1949 656 2022 dupliciter
681 1952 1115 2026 interpretatur.
1141 1958 1255 2014 Aut
1279 1957 1696 2030 interpretatur
1728 1957 1958 2014 latitudo
1975 1975 1993 2011 :

335 2056 369 2095 a
389 2043 455 2096 ut
499 2045 656 2096 certe
701 2041 1118 2115 interpretatur
1145 2049 1424 2119 superbia,
1458 2049 1607 2119 Ergo
1639 2045 1827 2102 videte
1856 2046 1997 2118 quid

339 2128 525 2188 dicat.
563 2129 668 2188 Illa
699 2149 825 2204 quae
856 2135 1154 2207 quondam
1185 2137 1526 2192 ambulabat
1552 2136 1611 2192 in
1643 2136 1760 2193 lata
1788 2141 1844 2191 et
1873 2151 2001 2205 spa-

334 2217 502 2303 tiosa
548 2220 641 2275 via
691 2239 817 2292 qua:
867 2223 1028 2280 ducit
1075 2226 1146 2280 ad
1197 2231 1444 2282 mortem
1493 2225 1697 2297 (Matth.
1730 2242 1828 2290 vn,
1871 2224 1999 2294 13);

337 2307 456 2363 111a
487 2325 613 2380 quae
646 2311 899 2380 superba
929 2317 1070 2380 erat,
1093 2317 1150 2368 et
1178 2313 1431 2369 habebat
1458 2314 1745 2385 impetum
1777 2314 1848 2369 ad
1882 2312 2002 2368 rui—

345 2412 504 2462 nam,
530 2400 730 2466 postea
758 2414 1037 2456 conversa
1062 2404 1151 2456 est
1181 2402 1239 2456 in
1272 2402 1686 2459 humilitatem.
1723 2423 1751 2451 «
1779 2406 2005 2456 Memor

342 2499 439 2539 ero
496 2485 678 2554 Raab,
713 2491 775 2543 et
822 2487 1217 2559 Babylonis.»
1271 2491 1524 2564 Babylon
1576 2492 1992 2562 interpretatur

345 2573 617 2642 confusio.
649 2573 851 2629 Videte
883 2577 1022 2646 quid
1057 2577 1215 2634 dicat
1249 2595 1261 2632 :
1306 2580 1441 2635 Non
1459 2580 1655 2639 solum
1689 2579 1845 2635 Raab
1882 2596 2002 2636 me-

348 2675 478 2716 mor
508 2677 627 2728 ero,
660 2663 761 2718 sed
796 2664 970 2720 etiam
1004 2666 1317 2739 Babylonis
1351 2685 1363 2724 :
1418 2686 1780 2743 quaecunque
1809 2671 2036 2728 anima-

349 2765 383 2805 a
431 2749 586 2806 vitiis
643 2753 1016 2827 peccatisque
1064 2758 1310 2814 confusa
1357 2763 1464 2814 est.
1516 2781 1544 2809 «
1581 2760 1646 2815 Et
1695 2759 2004 2833 Babylonis

350 2839 663 2897 scientiam
698 2859 810 2899 me.
846 2866 874 2893 ››
925 2844 1128 2902 Videte
1157 2846 1296 2918 quid
1329 2848 1486 2903 dicat
1517 2867 1528 2903 :
1583 2849 1744 2906 Licet
1789 2849 2004 2922 aliquis

355 2929 511 2987 Raab
558 2931 752 3002 fuerit,
785 2931 917 2990 licet
947 2934 1200 3007 Babylon
1253 2937 1476 2994 fuerit:
1532 2942 1730 2994 tamen
1781 2955 2008 2996 memor

349 3033 448 3073 ero
500 3019 838 3093 quicunque
885 3038 975 3079 me
1015 3023 1229 3080 cierit.
1263 3030 1410 3098 Ergo
1442 3026 1491 3081 si
1524 3026 1811 3083 fuerimus
1843 3028 2002 3084 Raab

345 3109 401 3164 et
433 3109 710 3182 Babylon,
742 3110 914 3166 etiam
950 3113 1232 3169 debemus
1261 3131 1390 3172 esse
1420 3115 1630 3184 securi,
1657 3120 1715 3172 et
1744 3116 1937 3173 dicere
1968 3133 1979 3172 :

349 3199 502 3251 Deus
547 3179 694 3254 dixit
726 3216 738 3253 :
792 3223 821 3250 «
850 3203 1068 3256 Memor
1095 3218 1193 3257 ero
1225 3202 1383 3258 Raab
1414 3207 1470 3260 et
1499 3179 1828 3276 Babylonis.
1879 3206 1990 3262 Sed
2029 3179 2073 3250 ί)
2112 3202 2323 3258 simus.
2363 3223 2384 3250 υ

347 3285 538 3340 videte
569 3287 708 3358 quid
741 3289 1012 3358 sequitur
1043 3308 1054 3345 :
1109 3313 1138 3342 α
1172 3290 1490 3348 Scientium
1527 3309 1640 3349 me.
1677 3315 1704 3342 ››
1739 3294 2000 3350 Fuerunt

353 3373 513 3434 Raab
545 3380 602 3432 et
633 3376 912 3451 Babylon,
945 3380 1044 3435 sed
1080 3385 1283 3451 postea
1309 3382 1571 3437 conversi
1607 3387 1747 3438 sunt
1775 3385 1850 3440 ad
1884 3400 1996 3438 me.

354 3485 379 3512 ‹‹
415 3465 634 3522 Memor
681 3483 777 3522 ero
835 3467 993 3524 Raab
1040 3473 1098 3523 et
1139 3469 1449 3542 Babylonis
1478 3469 1789 3526 scientiam
1822 3487 1936 3528 me.
1971 3492 1999 3522 »

350 3552 454 3618 Illa
485 3571 612 3626 quae
653 3556 950 3628 quondam
992 3562 1117 3613 erat
1160 3559 1218 3614 in
1262 3558 1572 3616 latitudine
1602 3564 1998 3632 peccatorum,

356 3641 623 3697 ascendit
652 3649 854 3714 postea
877 3646 950 3700 ad
973 3648 1318 3704 memoriam
1341 3649 1464 3706 Dei.
1489 3654 1806 3722 Hucusque
1833 3650 2005 3722 quasi

355 3745 460 3799 per
489 3729 739 3802 aenigma
769 3730 1000 3789 locutus
1048 3739 1138 3790 est
1172 3752 1184 3791 :
1239 3753 1395 3792 nunc
1435 3754 1568 3794 vero
1611 3737 1872 3811 apertius
1923 3738 2004 3794 lo—

359 3818 560 3888 quitur
605 3821 678 3876 ad
722 3820 1081 3878 vocationem
1123 3824 1408 3895 gentium.
1444 3827 1649 3883 Videte
1675 3829 1832 3883 enim
1867 3827 2004 3899 quid

357 3907 513 3963 dicat
544 3925 558 3964 :

432 3999 635 4056 «Ecce
678 3997 1018 4072 alienigenae
1068 4004 1125 4057 et
1169 4002 1376 4074 Tyrus,
1406 4000 1467 4058 'et
1505 4004 1760 4075 populus
1787 4005 2008 4064 zEtbio—

359 4105 524 4160 pum,
557 4087 618 4144 hi
651 4088 889 4144 fuerunt
931 4088 1070 4145 illic.
1101 4111 1130 4142 ιι
1183 4089 1549 4163 Alienigenas
1593 4096 1761 4148 vocat
1787 4093 1859 4148 ad
1890 4093 2009 4148 dis-

361 4176 706 4234 tinctionem
739 4177 938 4235 Israel.
973 4179 1088 4238 Nos
1121 4180 1278 4236 enim
1310 4197 1521 4238 sumus
1564 4180 1924 4253 alienigenis,
1957 4185 2015 4236 et

362 4266 569 4337 Tyrus.
605 4268 796 4339 Tyrus
825 4268 1241 4341 interpretatur
1277 4270 1588 4341 tribulatio,
1619 4270 1730 4326 hoc
1759 4274 1848 4325 est
1876 4285 1965 4326 sor
1994 4287 2013 4324 :

363 4357 421 4413 et
449 4355 703 4426 populus
735 4357 1068 4431 Ethiopum
1101 4359 1284 4431 niger,
1305 4364 1368 4416 et
1397 4359 1456 4414 in
1489 4363 1857 4432 peccatorum
1891 4377 2014 4416 sor—

374 4443 548 4500 dibus
597 4443 914 4501 involutus.
946 4449 1020 4502 Et
1060 4448 1327 4519 populum
1357 4448 1709 4520 xEthiopum.
1746 4450 1862 4504 Hoc
1905 4451 2015 4513 est,

2106 1956 2227 2012 nati
2287 1957 2523 2015 fuerunt
2578 1956 2637 2010 in
2695 1952 2973 2018 Ecclesia,
3029 1949 3389 2022 alienigenis,
3439 1946 3650 2017 Tyrus,
3695 1948 3754 1998 et

2107 2043 2362 2121 populus
2402 2044 2739 2118 Ethiopum
2775 2061 2788 2099 :
2821 2043 2919 2098 isti
2971 2044 3110 2097 sunt
3157 2037 3258 2110 qui
3310 2039 3639 2096 nascuntur
3697 2032 3754 2088 in

2110 2133 2365 2194 Ecclesia
2399 2151 2410 2188 :
2463 2134 2712 2190 credunt
2754 2133 2814 2188 in
2866 2128 3208 2198 Ecclesiam,
3239 2131 3297 2183 et
3339 2128 3665 2182 nascuntur
3695 2122 3753 2176 in

2110 2223 2386 2280 Ecclesia.
2418 2223 2541 2279 Nisi
2571 2222 2729 2278 enim
2773 2219 3050 2292 baptizati
3082 2216 3319 2281 iuerint,
3351 2213 3458 2269 filii
3485 2210 3752 2268 Ecclesia

2112 2328 2227 2368 non
2260 2315 2451 2367 erunt.
2485 2312 2583 2368 Isti
2615 2326 2748 2366 vero
2780 2309 2881 2382 qui
2910 2305 3187 2380 baptizati
3221 2308 3362 2362 sunt
3389 2302 3454 2358 in
3481 2299 3757 2370 Ecclesia,

2112 2405 2364 2460 matrem
2417 2399 2715 2474 appellant
2743 2397 3082 2456 Ecclesium.
3116 2394 3412 2459 Dicunus,
3444 2393 3501 2446 et
3551 2405 3758 2445 secum

2112 2491 2256 2546 dum
2288 2489 2630 2548 Hebraicam
2654 2487 3012 2544 Veritatem:
3052 2504 3074 2532 α
3105 2480 3405 2552 Numquid
3437 2479 3581 2536 Sion
3613 2478 3760 2532 dicet

2114 2579 2312 2645 homo,
2343 2583 2401 2636 et
2428 2579 2603 2636 homo
2634 2581 2808 2633 natus
2837 2577 2926 2631 est
2953 2573 3014 2630 in
3045 2572 3157 2628 ea?
3190 2592 3216 2621 ››
3266 2568 3429 2633 Quod
3459 2567 3632 2636 dicit,
3658 2565 3761 2620 hoc

2114 2673 2226 2734 est,
2280 2668 2412 2740 quis
2459 2667 2671 2739 poterit
2714 2665 2985 2724 nuntiare
3032 2659 3218 2718 Sion?
3267 2657 3401 2730 quis
3447 2656 3502 2712 ei
3553 2654 3764 2726 poterit

2112 2757 2381 2812 nuntiare
2405 2756 2713 2812 hominum
2740 2771 2753 2809 :
2783 2752 3063 2827 quoniam
3085 2749 3261 2806 homo
3283 2749 3562 2802 nascetur
3585 2743 3648 2798 in
3677 2759 3760 2810 ea,

2113 2849 2170 2900 et
2211 2845 2336 2916 ipse
2385 2843 2637 2902 salvabit
2681 2842 2859 2900 eam?
2911 2841 3029 2898 Hoc
3073 2842 3182 2905 est,
3213 2835 3415 2892 nullus
3452 2831 3763 2892 hominum

2117 2938 2307 3006 potest
2352 2933 2403 2988 ei
2453 2932 2726 2988 nuntiare
2773 2931 2914 3003 quia
2942 2929 3081 2986 Sion
3125 2927 3382 2984 salvetur
3423 2923 3487 2982 in
3527 2922 3766 2978 homine

2116 3024 2216 3096 qui
2249 3023 2308 3078 in
2339 3039 2407 3078 ea
2436 3022 2721 3078 nascitur.
2779 3041 2807 3070 α
2839 3023 2906 3074 Et
2935 3019 3111 3078 homo
3151 3019 3326 3074 natus
3369 3016 3463 3070 est
3505 3011 3566 3067 in
3619 3027 3710 3067 ea.
3742 3032 3767 3056 ιν

2118 3111 2259 3178 Quis
2289 3114 2377 3168 est
2405 3110 2518 3168 iste
2545 3109 2769 3165 homo?
2819 3129 2840 3158 ιι
2872 3109 2945 3164 Et
2971 3106 3098 3179 ipse
3136 3101 3400 3161 fundavit
3428 3116 3560 3157 eam
3596 3098 3769 3155 Altis.

2443 3199 2858 3274 Respondeant
2910 3195 3109 3254 Ariani
3154 3211 3167 3248 :
3219 3191 3504 3264 quoniam
3562 3187 3773 3244 dicunt

2107 3290 2477 3349 Altissimum
2513 3287 2705 3344 solum
2737 3287 2970 3342 Patrem
3009 3300 3138 3342 esse
3173 3301 3186 3338 :
3235 3297 3367 3338 ecce
3396 3279 3496 3336 hic
3524 3278 3601 3334 de
3630 3275 3769 3332 Filio

2111 3380 2325 3436 dicitur
2357 3396 2369 3434 :
2403 3401 2432 3429 ‹‹
2464 3379 2535 3434 Et
2561 3376 2687 3449 ipse
2718 3374 2985 3433 fundavit
3012 3389 3142 3429 eam
3176 3368 3544 3428 Altissimus.
3579 3389 3608 3414 η
3643 3365 3768 3421 Non

2112 3469 2261 3525 dixit
2290 3484 2304 3523 :
2357 3467 2537 3524 Filius
2586 3464 2709 3535 Dei,
2743 3463 2840 3540 qui
2889 3465 3017 3520 erat
3053 3462 3113 3520 in
3153 3457 3438 3532 principio
3471 3454 3632 3527 apud
3665 3454 3770 3510 Pa-

2113 3562 2283 3616 trem.
2321 3557 2431 3612 Sed
2466 3555 2606 3628 quid
2639 3553 2830 3613 dixit?
2883 3574 2903 3602 ι
2939 3551 3123 3607 Homo
3155 3553 3328 3606 natus
3358 3549 3450 3602 est
3493 3544 3556 3600 in
3601 3560 3691 3612 ea,
3728 3547 3781 3597 et

2115 3647 2244 3721 ipse
2275 3642 2547 3700 fundavit
2575 3659 2703 3701 eam
2734 3641 3097 3700 Altissimus.
3134 3661 3164 3689 ››
3223 3637 3282 3692 Si
3319 3639 3521 3691 autem
3565 3632 3779 3688 Altissi-

2114 3752 2236 3794 mus
2265 3732 2500 3800 dicitur,
2535 3735 2755 3804 quanto
2788 3729 2979 3804 magis
3011 3727 3272 3784 Verbum
3300 3722 3441 3782 Dei!

2195 3845 2216 3872 ι
2252 3822 2539 3879 Dominus
2571 3819 2836 3877 narrabit
2875 3818 2933 3874 in
2985 3816 3280 3889 scriptura
3308 3810 3695 3886 populorum,
3725 3812 3779 3864 et

2115 3895 2452 3987 principum
2483 3909 2693 3965 horum
2729 3907 2829 3982 qui
2861 3907 3101 3964 fuerunt
3129 3903 3189 3962 in
3231 3919 3317 3959 ea.
3353 3923 3381 3950 »
3432 3899 3563 3958 Non
3616 3897 3774 3960 dixit,

2121 4001 2223 4074 qui
2253 4003 2394 4057 sunt
2423 3999 2481 4054 in
2513 4015 2600 4064 ea,
2634 3999 2735 4052 sed
2794 4016 2822 4045 «
2853 3994 2954 4067 qui
2999 3995 3236 4052 fuerunt
3281 3991 3342 4046 in
3372 4005 3461 4048 ea.
3495 3987 3775 4046 Dominus

2122 4089 2423 4154 narrabit;
2461 4111 2487 4137 »
2545 4091 2605 4143 et
2652 4101 2766 4158 quo
2818 4083 2990 4140 modo
3048 4078 3356 4138 narrabit?
3406 4076 3535 4135 Non
3583 4075 3777 4138 verbo,

2123 4179 2224 4235 sed
2257 4177 2569 4248 scriptura.
2605 4175 2667 4230 In
2697 4173 2870 4245 cujus
2900 4170 3241 4246 scriptura?
3289 4168 3352 4222 In
3399 4163 3780 4240 populorum,

2123 4267 2250 4322 Non
2301 4264 2525 4322 sufﬁcit
2565 4263 2625 4318 in
2659 4261 3035 4335 pepulorum,
3065 4258 3168 4316 sed
3217 4256 3394 4316 etiam
3443 4253 3774 4326 principum

2127 4355 2285 4414 dicit.
2318 4354 2388 4412 Et
2415 4367 2672 4425 quorum
2703 4347 3084 4422 principum?
3126 4345 3236 4411 Qui
3265 4347 3410 4404 sunt
3434 4342 3496 4398 in
3529 4357 3621 4398 ea.
3652 4340 3773 4397 Non

2128 4443 2276 4502 dixit
2301 4443 2432 4507 hoc,
2454 4441 2555 4497 sed
2579 4463 2607 4492 «
2632 4438 2732 4512 qui
2757 4439 2993 4496 fuerunt
3015 4436 3076 4492 in
3097 4451 3185 4492 ea.
3210 4457 3230 4483 ιι
3258 4433 3458 4489 Videte
3480 4447 3620 4504 ergo
3644 4445 3776 4502 quo-

365 4532 524 4603 quod
583 4532 797 4589 dicitur
843 4551 855 4590 :
889 4537 1170 4608 [Ethiopia
1201 4539 1505 4608 prazveniet
1533 4519 1738 4594 manus
1769 4540 1885 4609 ejus
1913 4537 2018 4593 Deo
2046 4549 2094 4614 ι)
2130 4533 2302 4592 modo
2348 4530 2647 4602 Scriptura
2676 4531 2880 4586 sancta
2910 4522 3298 4614 sacramentis
3323 4519 3501 4614 plena
3529 4524 3644 4580 est.
3663 4523 3774 4614 pLe-

356 4621 545 4691 (Psal.
596 4640 764 4694 vau,
809 4625 921 4696 32).
976 4647 1004 4676 «
1033 4629 1179 4682 Ecce
1227 4627 1586 4699 alienigena,
1620 4630 1676 4681 et
1722 4626 1927 4699 Tyrus,
1961 4630 2019 4681 et
2064 4617 2066 4620 ’

365 4712 622 4784 populus
650 4713 1007 4785 ZEthiopum.
1045 4737 1072 4765 ››
1119 4715 1278 4780 Quod
1325 4715 1556 4784 dicitur,
1589 4715 1697 4772 hoc
1741 4720 1877 4770 est:
1928 4714 2012 4769 illi

367 4800 466 4873 qui
516 4807 648 4859 ante
696 4802 868 4860 alieni
909 4807 1095 4873 erant,
1128 4803 1212 4860 illi
1263 4809 1432 4862 erant
1482 4805 1541 4860 in
1591 4804 2012 4860 tribulatione:

363 4891 465 4961 qui
505 4896 673 4948 erant
719 4892 892 4964 positi
937 4892 994 4946 in
1037 4893 1208 4949 corde
1247 4892 1448 4949 maris.
1487 4892 1705 4949 Dicitur
1747 4891 1902 4948 enim
1947 4892 2019 4947 de

367 4978 514 5050 Tyro
551 4997 563 5036 :
619 4982 804 5052 Tyrus
821 4983 1026 5055 .posita
1055 4983 1114 5041 in
1146 4983 1319 5038 corde
1351 4982 1547 5040 maris.
1587 4980 1674 5038 llli
1707 4979 1887 5053 igitur
1915 4980 2017 5052 qui

365 5067 531 5138 prius
562 5071 815 5128 erantin
850 5073 1016 5141 mari,
1050 5077 1108 5129 et
1146 5073 1420 5128 ﬂuctibus
1461 5071 1879 5135 tondebantur,
1914 5085 2016 5141 po-

367 5161 492 5211 stea
520 5158 738 5216 inventi
769 5166 908 5218 sunt
937 5161 994 5216 in
1029 5161 1306 5219 Ecclesia.
1359 5184 1380 5210 ι
1416 5161 1484 5214 Et
1514 5159 1766 5232 pepulus
1796 5157 2012 5214 Ethio-

363 5261 532 5315 .pum.
574 5270 593 5295 υ
638 5249 753 5306 Nos
785 5251 1082 5322 quondam
1114 5251 1411 5322 Aitbiopes
1444 5249 1683 5315 fuimus,
1715 5246 2015 5319 IEtbiopes

368 5333 524 5390 vitiis
555 5340 731 5408 atque
762 5340 1013 5410 peccatis
1049 5356 1062 5396 :
1102 5340 1380 5411 quoniam
1413 5342 1649 5411 peccata
1679 5353 1784 5394 nos
1817 5336 2014 5408 nigros

373 5423 646 5496 fecerant,
680 5430 780 5486 sed
818 5434 1017 5499 postea
1045 5429 1381 5485 audivimus
1417 5445 1430 5484 :
1475 5426 1788 5489 Lavamini,
1818 5423 2014 5480 mundi

370 5518 536 5571 estote
565 5515 694 5587 (Isa.
730 5535 765 5581 ι,
802 5517 912 5589 16).
957 5520 1024 5574 Et
1051 5517 1305 5580 diximus
1339 5535 1351 5573 :
1406 5516 1640 5576 Lavabis
1687 5530 1791 5581 me,
1825 5521 1875 5569 ct
1919 5529 2011 5568 su-

367 5619 466 5686 per
503 5605 688 5667 nivem
735 5606 1026 5666 dealbaer
1073 5608 1244 5680 (Psal.
1279 5623 1331 5678 ι,
1360 5607 1438 5680 9).
1471 5606 1585 5666 Nos
1623 5620 1762 5676 ergo
1791 5601 2007 5660 Ethio-

2123 4622 2323 4698 gimus
2351 4617 2683 4690 apostolum
2716 4614 2962 4672 Paulum
2998 4629 3011 4668 :
3043 4611 3296 4685 legimus
3324 4610 3588 4698 Petrum,
3619 4612 3681 4664 et
3711 4607 3775 4661 Ie-

2125 4697 2323 4786 gimus
2354 4707 2522 4763 illum
2551 4706 2838 4761 dicentem
2866 4721 2878 4758 :
2911 4703 2994 4759 An
3023 4701 3462 4774 emperimentum
3491 4697 3614 4770 θέλω
3639 4711 3773 4786 ϐας

2129 4781 2276 4866 ius,
2310 4797 2497 4868 quiin
2534 4811 2623 4850 me
2671 4793 2920 4866 loquitur
2968 4790 3217 4846 Christus
3263 4789 3337 4868 (ιζ
3365 4786 3487 4844 Cor.
3519 4802 3652 4854 xm,
3682 4781 3775 4852 3;?

2129 4889 2197 4944 Et
2239 4886 2394 4960 quod
2441 4883 2659 4942 Paulus
2702 4880 2985 4954 loquitur,
3016 4877 3277 4952 loquitur
3323 4875 3620 4934 Christus.
3669 4873 3774 4945 Qui

2125 4977 2276 5034 enim
2325 4990 2417 5030 vos
2463 4973 2674 5044 recipit,
2705 4987 2793 5027 me
2841 4970 3035 5041 recipit
3083 4967 3294 5040 (Matth.
3325 4983 3383 5031 Χ,
3417 4965 3529 5035 40).
3579 4961 3770 5019 Domi-

2127 5082 2240 5120 nus
2271 5079 2406 5136 ergo
2458 5065 2655 5118 noster
2686 5064 2861 5132 atque
2890 5057 3148 5120 Salvator
3177 5057 3379 5113 narrat
3407 5051 3580 5110 nobis
3610 5057 3669 5107 et
3698 5049 3772 5104 lo-

2127 5152 2346 5226 quitur,
2380 5151 2439 5209 in
2488 5147 2794 5222 scripturis
2825 5145 3156 5221 principum
3192 5159 3459 5202 suorum.
3521 5160 3550 5192 ‹‹

2125 5225 2238 5298 nus
2270 5239 2531 5298 narrabit
2567 5238 2626 5295 in
2666 5236 2983 5309 Scripturis
3005 5232 3385 5308 populorum,
3422 5253 3448 5279 ››
3507 5229 3569 5286 in
3619 5225 3764 5286 Scri-

2124 5331 2314 5404 pturis
2345 5329 2582 5388 sanctis.
2617 5330 2753 5396 Quae
2783 5326 3084 5398 Scriptura
3105 5320 3655 5397 populisomnibus
3683 5317 3759 5374 le-

2117 5421 2302 5494 gitur,
2333 5419 2441 5475 hoc
2488 5423 2597 5485 est,
2634 5421 2698 5474 ut
2743 5431 2948 5473 omnes
2994 5412 3344 5484 intelligant.
3378 5409 3544 5478 Quod
3601 5407 3756 5474 dicit,

2127 5511 2238 5566 hoc
2269 5513 2357 5565 est
2389 5527 2401 5564 :
2426 5508 2587 5563 Sicut
2634 5505 2998 5580 scripserunt
3025 5498 3384 5574 apostoli,sic
3415 5502 3473 5554 et
3501 5498 3631 5570 ipse
3658 5500 3758 5552 Do-

2119 5599 2342 5671 minus,
2366 5597 2478 5660 hoc
2507 5599 2616 5664 est,
2641 5611 2745 5669 per
2774 5591 3086 5669 Evangelia
3111 5607 3221 5652 sua
3243 5589 3484 5650 locutus
3515 5590 3627 5658 est,
3649 5599 3752 5643 non
