3976 6188
217 353 378 421 1149

1397 357 1892 429 BREVIARIUM
1936 355 2016 422 IN
2059 354 2446 420 PSALMOS.

3466 345 3624 412 ΗΒΘ

219 498 288 550 ut
317 491 487 564 pauci
518 491 932 567 intelligerent,
963 495 1063 551 sed
1096 499 1162 550 ut
1188 512 1415 568 omnes,
1440 495 1599 552 Plato
1632 494 1868 568 scripsit
1893 502 1950 572 Α
1979 494 2137 552 Raab
2189 512 2201 551 :
2254 493 2354 551 illa
2400 492 2655 566 Babylon
2690 507 2702 546 :
2747 489 2850 546 illa
2879 506 3008 562 quas
3056 485 3393 547 divaricavit
3441 486 3620 560 pedes

221 583 282 640 in
311 582 622 656 scriptura,
655 585 754 640 sed
790 601 906 640 non
958 584 1194 657 scripsit
1222 585 1478 658 populis,
1512 587 1612 642 sed
1644 584 1867 658 paucis.

215 672 326 728 Vix
373 673 530 729 enim
575 672 914 746 intelligunt
954 678 1072 730 tres
1124 674 1410 731 homines.
1449 675 1551 732 Isti
1579 690 1732 739 vero,
1766 674 1872 730 hoc

219 766 334 828 est,
385 761 681 834 principes
732 762 1006 819 Ecclesia:
1039 768 1096 818 et
1142 764 1438 836 principes
1485 763 1723 829 Christi,
1757 780 1869 817 non

219 850 586 923 scripserunt
618 852 842 923 paucis,
872 853 972 908 sed
1007 852 1278 909 universo
1309 853 1544 926 populo.
1566 853 1682 908 «Et
1710 852 1869 925 prin-

219 941 466 1013 cipium,
494 963 522 990 »
551 939 661 996 hoc
693 945 801 1006 est,
832 941 1251 1013 apostolorum,
1273 947 1329 998 et
1357 942 1870 1015 evangelistarum,

223 1052 246 1081 ι
283 1029 494 1086 horum
537 1030 636 1102 qui
687 1031 924 1086 fuerunt
972 1033 1032 1086 in
1063 1048 1150 1088 ea.
1188 1055 1216 1081 »
1247 1031 1447 1088 Videte
1494 1032 1633 1104 quid
1669 1031 1824 1088 dicat
1857 1049 1868 1084 :

225 1141 254 1169 «
290 1119 401 1186 Qui
454 1120 710 1188 fuerunt,
745 1142 772 1169 »
803 1137 920 1176 non
966 1121 1067 1192 qui
1100 1125 1242 1176 sunt
1273 1139 1285 1176 :
1321 1126 1404 1191 ut,
1438 1121 1692 1193 exceptis
1743 1137 1874 1192 apo-

223 1208 419 1277 stolis,
451 1208 842 1280 quodcunque
874 1209 1034 1266 aliud
1065 1214 1268 1282 postea
1296 1211 1532 1277 dicitur,
1565 1210 1875 1266 abscinda-

218 1301 336 1368 tur,
373 1314 488 1353 non
520 1297 733 1354 habeat
761 1304 966 1370 postea
985 1299 1410 1356 auctoritatem.
1438 1300 1713 1366 Quamvis
1739 1315 1875 1371 ergo

217 1391 465 1444 sanctus
497 1386 573 1442 sit
613 1387 827 1459 aliquis
861 1392 996 1459 post
1026 1389 1319 1461 apostolos
1351 1407 1364 1456 ;
1397 1389 1666 1461 quamvis
1695 1389 1875 1444 diser-

218 1483 316 1532 tus
349 1476 451 1546 sit,
485 1492 600 1532 non
633 1476 812 1532 habet
835 1477 1265 1534 auctoritatem.
1285 1479 1570 1543 Quoniam
1589 1478 1874 1534 Dominus

217 1570 424 1621 narrat
453 1564 513 1620 in
556 1565 848 1637 scriptura
900 1566 1272 1639 populorum,
1304 1572 1360 1623 et
1407 1567 1738 1640 principum
1771 1565 1874 1622 ho-

217 1671 352 1710 rum
387 1655 488 1727 qui
520 1655 757 1711 fuerunt
786 1656 844 1712 in
873 1672 961 1712 ea.

293 1765 321 1795 «
357 1744 522 1799 Sicut
551 1743 874 1801 laetantium
909 1746 1195 1815 omnium,
1220 1746 1504 1802 habitatio
1535 1752 1625 1805 est
1653 1748 1712 1802 in
1747 1753 1823 1803 te.
1846 1771 1874 1798 »

220 1833 516 1939 Propheta
546 1834 808 1934 loquitur
857 1836 928 1891 ad
960 1835 1301 1902 Ecclesium,
1337 1840 1394 1891 et
1424 1835 1565 1892 dicit
1592 1836 1643 1892 ei
1677 1855 1689 1892 :
1725 1860 1753 1886 «
1785 1837 1873 1893 Si-
1903 1877 1950 1939 Β

219 1929 319 1979 cut
353 1923 677 1979 laetantium
708 1925 974 1980 omnium
1005 1925 1290 1981 habitatio
1310 1929 1401 1980 est
1430 1925 1487 1980 in
1516 1929 1592 1981 te.
1624 1948 1652 1976 ››
1689 1928 1875 1990 Quare

220 2029 337 2068 non
373 2011 518 2068 dixit
549 2029 563 2068 :
598 2035 627 2063 «
662 2014 1004 2069 Laetantium
1050 2014 1314 2069 omnium
1363 2014 1644 2070 habitatio
1697 2018 1786 2070 est
1814 2014 1873 2070 in

220 2106 301 2172 te,
338 2123 366 2151 »
400 2102 504 2157 sed
530 2101 700 2168 dixit,
741 2121 762 2150 ι
794 2101 958 2158 Sicut
1006 2102 1323 2158 laetantium
1375 2102 1687 2156 omnium?
1713 2124 1742 2153 »
1776 2103 1875 2157 Di-

220 2191 378 2246 citur
410 2190 471 2246 in
505 2190 618 2246 alio
666 2189 893 2261 psalmo
927 2208 940 2246 :
971 2195 1043 2247 In
1069 2191 1428 2248 convertenda
1458 2193 1720 2247 Dominus
1747 2175 1874 2264 cap;

221 2282 506 2334 tivitatem
527 2278 678 2344 Sion,
704 2278 848 2351 facti
865 2295 1055 2333 sumus
1076 2281 1216 2335 sicut
1234 2280 1500 2335 con-solati
1515 2280 1686 2349 (Psat.
1710 2295 1873 2350 cxxv,

224 2368 281 2435 1)
308 2385 322 2433 ;
356 2370 413 2421 et
441 2383 558 2422 non
612 2365 779 2433 dixit,
812 2367 1115 2423 consolati.
1151 2368 1244 2422 Sic
1292 2371 1348 2422 et
1378 2367 1438 2421 in
1487 2367 1599 2423 isto
1629 2367 1752 2424 loco
1783 2369 1876 2423 di-

224 2454 305 2510 cit
339 2470 352 2508 :
386 2477 414 2504 ‹‹
446 2454 607 2511 Sicut
640 2455 965 2512 laetantium
1013 2456 1278 2513 omnium
1309 2455 1590 2512 habitatio
1644 2457 1703 2512 in
1733 2463 1809 2512 te.
1844 2477 1872 2506 ››

225 2544 348 2600 Hoc
377 2547 565 2599 totum
607 2561 787 2616 quare
818 2544 1010 2600 dixit?
1039 2546 1322 2612 Quoniam
1374 2545 1432 2600 in
1465 2546 1735 2617 praesenti
1770 2562 1876 2599 saa-

225 2632 361 2688 culo
387 2633 655 2704 quamvis
677 2633 890 2708 aliquis
913 2640 1152 2690 sanctus
1173 2635 1270 2707 sit,
1295 2637 1564 2708 quamvis
1587 2637 1879 2694 renuntiet

225 2720 462 2788 saeculo,
510 2739 623 2777 non
676 2722 851 2778 habet
890 2724 1205 2795 perfectam
1260 2725 1584 2782 victoriam.
1618 2725 1878 2797 Denique

224 2809 444 2866 dicitur
469 2809 529 2865 in
561 2811 867 2884 Evangelio
895 2829 907 2866 :
942 2815 1105 2869 Beati
1121 2815 1219 2885 qui
1247 2816 1452 2886 lugent,
1481 2816 1741 2886 quoniam
1769 2817 1879 2885 ipsi

224 2899 658 2956 cumulabantur
695 2901 906 2971 (Matth.
937 2919 992 2972 v,
1023 2904 1101 2971 5).
1133 2903 1190 2958 Si
1240 2907 1433 2959 autem
1484 2904 1706 2959 dictum
1739 2907 1828 2959 est
1860 2920 1874 2958 :

219 2990 388 3045 Beati
417 2991 514 3060 qui
554 2991 706 3058 ﬂent,
737 2991 1001 3062 quoniam
1029 2993 1143 3062 ipsi
1188 2992 1442 3048 ridebunt
1469 2994 1622 3063 (Luc.
1653 3010 1731 3059 v1,
1763 2991 1876 3061 21),

225 3077 610 3132 manifestum
646 3083 755 3147 est,
791 3079 1071 3150 quoniam
1103 3079 1163 3134 in
1196 3081 1466 3152 praesenti
1521 3079 1733 3136 saeculo
1762 3097 1877 3135 non

225 3170 314 3222 est
343 3170 509 3222 certa
537 3165 740 3222 laetitia
771 3183 784 3221 :
831 3183 968 3240 ergo
998 3166 1198 3223 laatitia
1247 3172 1449 3225 nostra
1478 3168 1648 3240 quasi
1677 3167 1880 3224 laatitia

224 3258 333 3310 est.
372 3277 396 3303 α
446 3254 734 3310 Habitatio
767 3254 826 3310 in
858 3234 933 3310 te.
969 3278 996 3305 η
1029 3255 1232 3312 Videte
1280 3257 1421 3329 quid
1471 3234 1645 3320 dicat,
1680 3260 1745 3312 ut
1773 3256 1876 3310 ali-
1907 3234 1952 3302 C

226 3342 360 3414 quis
394 3359 704 3414 nunquam
736 3344 969 3400 recedat
987 3345 1059 3400 ab
1090 3344 1366 3401 Ecclesia.
1388 3345 1544 3401 Scire
1574 3345 1874 3411 debemus,

227 3432 510 3502 quoniam
543 3432 697 3503 quod
731 3432 1096 3504 interpretati
1128 3450 1337 3490 sumus
1367 3435 1437 3490 de
1461 3433 1738 3500 Ecclesia,
1772 3451 1878 3506 po-

227 3523 342 3576 test
371 3523 433 3576 et
463 3519 713 3593 intelligi
745 3521 816 3576 de
869 3521 1066 3576 anima
1094 3527 1313 3578 nostra.
1347 3523 1406 3577 Si
1439 3522 1594 3579 enim
1621 3521 1758 3578 Sion
1790 3521 1877 3576 in-

224 3611 584 3681 terpretatur
623 3611 864 3682 specula,
895 3609 1094 3666 anima
1141 3614 1337 3668 autem
1369 3599 1588 3681 nostra,
1623 3628 1737 3667 non
1771 3610 1876 3667 ali-

227 3701 336 3764 ter,
371 3696 488 3753 nisi
531 3714 763 3770 semper
809 3696 1161 3755 sublimiora
1209 3699 1540 3756 considerat
1571 3717 1584 3754 :
1617 3716 1751 3756 vera
1774 3701 1878 3755 Ec-

228 3785 411 3841 clesia
439 3801 642 3841 verum
690 3786 976 3858 templum
1006 3787 1220 3843 Christi
1251 3805 1368 3844 non
1399 3793 1506 3858 est,
1537 3788 1652 3844 nisi
1684 3787 1882 3844 anima

229 3873 515 3930 humana.
548 3873 805 3929 Ecclesia
831 3874 1042 3930 Christi
1092 3892 1204 3930 non
1238 3879 1328 3930 est
1368 3875 1502 3943 alia,
1537 3877 1650 3932 nisi
1683 3876 1882 3933 anima

228 3960 597 4017 credentium
630 3961 688 4016 in
714 3962 1034 4018 Christum.
1064 3965 1176 4030 Vos,
1210 3963 1422 4034 inquit,
1457 3966 1584 4019 estis
1615 3966 1881 4036 tem’plum

227 4051 348 4116 Dei,
379 4059 432 4107 et
468 4051 699 4123 spiritus
728 4053 829 4106 Dei
876 4053 1088 4108 habitat
1137 4055 1198 4107 in
1249 4052 1394 4108 vobis
1424 4053 1472 4123 (Ι
1491 4055 1615 4110 Cor.
1650 4071 1733 4120 In,
1769 4051 1876 4126 1‘6).

227 4161 256 4190 ‹‹
288 4141 698 4196 Fundamenta
723 4141 850 4212 ejus
883 4141 941 4196 in
974 4142 1273 4198 montibus
1304 4142 1542 4208 sanctis,
1569 4164 1597 4190 »
1629 4142 1738 4198 hoc
1769 4147 1876 4214 est,

227 4229 331 4285 Dei
363 4229 748 4285 fundamenta
769 4247 884 4286 non
907 4235 1066 4299 sunt,
1090 4230 1204 4286 nisi
1224 4229 1283 4285 in
1311 4231 1612 4287 montibus
1635 4232 1875 4299 sanctis,

227 4317 287 4372 in
323 4317 699 4390 dogmatibus
729 4318 938 4374 animae
966 4319 1276 4375 credentis.
1301 4341 1329 4368 «
1364 4317 1562 4393 Diligit
1589 4319 1877 4375 Dominus

223 4411 432 4478 portas
459 4405 618 4460 Sion.
654 4428 682 4454 »
714 4405 898 4461 Habet
925 4407 1064 4463 Sion
1106 4412 1310 4463 nostra
1338 4408 1626 4479 plurimas
1654 4414 1875 4480 portas,

232 4511 381 4566 quas
412 4494 462 4550 si
511 4493 872 4566 aperuimus,
905 4495 1232 4568 ingreditur
1262 4497 1334 4551 ad
1375 4514 1481 4552 nos
1514 4513 1789 4569 sponsus,
1821 4502 1879 4553 et

1979 603 2116 641 suos
2165 584 2322 640 omni
2369 581 2718 649 transeunti,
2752 581 3076 637 secundum
3107 578 3364 637 Ezechiel
3395 576 3614 651 (Enech.

1977 692 2091 740 xvr,
2119 675 2211 743 25)
2245 689 2258 728 :
2293 671 2693 729 illa'meretrix
2722 671 2770 727 si
2797 670 3063 734 voluerit,
3084 669 3246 741 virgo
3276 670 3512 741 repente
3541 666 3620 722 ef-

1979 765 2192 820 ﬁcitur.
2223 763 2398 834 Virgo
2430 762 2516 830 ﬁt,
2534 767 2591 818 et
2618 759 2872 832 concipit
2893 758 3107 815 Filium
3128 759 3251 823 Dei,
3274 762 3332 814 et
3355 760 3616 829 generat.

1981 858 2024 908 Α
2057 855 2267 908 timore
2293 856 2414 920 tuo,
2437 852 2703 921 Domine,
2726 849 3121 921 concepimus,
3152 851 3210 904 et
3234 847 3618 918 parturimus,

1980 943 2254 1015 spiritum
2285 941 2495 997 salutis
2531 945 2642 996 tuae
2672 939 2919 995 fecimus
2949 952 3126 1009 super
3153 939 3390 992 terram.
3421 935 3623 990 Videte

1981 1047 2140 1104 ergo,
2171 1030 2447 1102 quoniam
2481 1028 2581 1084 illa
2609 1028 2884 1084 meretrix
2913 1043 2947 1082 a
2977 1032 3089 1082 Deo
3120 1024 3384 1097 concepit
3413 1027 3468 1078 et
3497 1039 3626 1094 par-

1982 1119 2191 1176 turivit
2236 1119 2591 1175 Salvatorem
2627 1134 2640 1171 :
2673 1117 2954 1187 Spiritum
2985 1115 3193 1172 salutis
3233 1118 3346 1168 tua:
3380 1111 3624 1168 fecimus

1980 1225 2160 1280 super
2206 1212 2443 1263 terram.
2477 1207 2623 1279 Ergo
2671 1205 2871 1262 anima
2917 1208 3121 1260 nostra
3161 1201 3263 1258 illa
3311 1201 3490 1269 Raab,
3528 1199 3628 1255 illa

1983 1297 2280 1366 meretrix,
2312 1299 2502 1368 potest
2552 1296 2854 1368 concipere
2882 1299 2940 1350 et
2994 1307 3195 1366 parere
3243 1289 3622 1347 Salvatorem.

1991 1407 2018 1440 α
2050 1387 2120 1441 Et
2149 1386 2324 1440 homo
2357 1389 2531 1440 natus
2562 1389 2652 1440 est
2682 1385 2740 1438 in
2771 1400 2855 1440 ea.
2880 1406 2901 1432 ι
2940 1383 2998 1439 Si
3021 1381 3334 1450 voluimus,
3366 1377 3626 1450 quotidie

1985 1475 2246 1530 nascitur
2294 1468 2579 1529 Christus.
2612 1477 2721 1527 Per
2773 1471 3036 1544 singulas
3081 1469 3325 1524 virtutes
3370 1465 3630 1522 nascitur

1983 1562 2272 1620 Christus.
2319 1561 2379 1618 Si
2426 1561 2582 1617 enim
2631 1561 2896 1618 Christus
2925 1559 3025 1615 Dei
3070 1559 3255 1614 virtus
3304 1560 3361 1611 et
3397 1555 3498 1612 Dei
3529 1571 3626 1610 sa-

1984 1652 2203 1725 pientia
2229 1656 2339 1718 est,
2373 1651 2710 1724 quicunque
2737 1649 3010 1705 virtutem
3043 1648 3199 1712 facit,
3231 1645 3508 1701 virtutem
3538 1660 3632 1716 ge-

1985 1746 2169 1798 nerat.
2195 1765 2224 1792 «
2248 1743 2316 1797 Et
2345 1741 2470 1813 ipse
2495 1739 2760 1797 fundavit
2789 1754 2917 1794 eam
2938 1737 3298 1792 AltissimUs.
3324 1757 3353 1784 »
3377 1735 3504 1806 Ipse
3525 1732 3628 1804 qui

1985 1831 2248 1887 nascitur
2295 1831 2356 1886 in
2386 1835 2444 1886 te
2476 1847 2490 1884 :
2523 1830 2648 1902 ipse
2696 1827 3144 1884 fundamentum
3177 1825 3277 1880 dat
3322 1823 3462 1880 Sion
3490 1825 3625 1876 tuae.

1985 1943 2013 1970 «
2047 1920 2329 1975 Dominus
2358 1919 2618 1974 narrabit
2647 1919 2706 1972 in
2738 1917 3028 1987 scriptura
3056 1913 3426 1986 populorum.
3462 1914 3630 1965 »Ma-

1987 2009 2266 2064 nifestum
2297 2011 2407 2072 est,
2439 2007 2719 2078 quoniam
2763 2006 2918 2076 quod
2966 2003 3250 2059 Dominus
3277 2000 3540 2073 loquitur
3567 1999 3627 2052 in

1986 2087 2310 2169 Scriptura,
2345 2095 2490 2151 nulli
2523 2096 2605 2151 ita
2641 2093 2902 2166 loquitur
2933 2092 3224 2164 quomodo
3254 2089 3416 2145 Sion.
3444 2089 3515 2142 Et
3541 2091 3629 2142 ta-

1985 2203 2120 2242 men
2151 2203 2284 2241 cum
2318 2186 2435 2242 ista
2463 2185 2664 2241 omnia
2691 2182 2909 2239 fuerint
2939 2200 2952 2238 :
2988 2197 3121 2237 cum
3153 2183 3328 2235 natus
3363 2175 3539 2232 fuerit
3568 2176 3627 2230 in

1984 2290 2054 2330 ea
2091 2273 2376 2344 Christus,
2413 2290 2528 2328 non
2575 2277 2665 2328 est
2693 2274 2850 2328 certa
2879 2275 2938 2325 et
2985 2285 3190 2324 secura
3237 2265 3494 2330 vicioria,
3527 2263 3629 2319 sed

1985 2379 2218 2434 semper
2245 2362 2305 2417 in
2336 2361 2590 2434 periculo
2634 2377 2864 2416 sumus.
2898 2381 2926 2409 ‹‹
2957 2357 3118 2414 Sicut
3147 2355 3472 2411 laetantium
3504 2369 3629 2412 om-

1986 2451 2152 2506 nium
2200 2449 2484 2506 habitatio
2530 2454 2619 2506 est
2646 2449 2707 2504 in
2737 2453 2814 2504 te.
2850 2472 2873 2501 ι
2910 2447 3018 2511 Qui
3046 2446 3216 2502 latus
3262 2447 3372 2510 est,
3403 2459 3474 2499 ex
3502 2443 3631 2514 ipsa

1985 2539 2279 2596 hilaritate
2309 2555 2552 2594 securus
2583 2542 2690 2594 est.
2725 2537 2834 2604 Qui
2873 2541 3069 2592 autem
3102 2549 3346 2590 securus
3373 2535 3483 2599 est,
3518 2530 3631 2586 cito

1985 2629 2292 2700 decipitur.
2327 2628 2434 2694 Qui
2467 2632 2663 2683 autem
2713 2625 2959 2681 insidias
2991 2622 3349 2690 reformidat,
3383 2619 3495 2676 cito
3524 2635 3633 2690 po-

1985 2721 2100 2774 test
2147 2718 2406 2783 evadere,
2441 2719 2752 2789 praestante
2805 2714 3073 2780 Domino,
3107 2713 3200 2767 cui
3237 2715 3326 2766 est
3354 2709 3542 2782 gloria
3570 2709 3631 2764 in

1987 2808 2200 2864 saecula
2231 2806 2597 2862 saeculorum.
2629 2807 2835 2860 Amen.

2477 2894 2798 2950 PSALMUS
2838 2890 3151 2948 LXXXVII.

1991 2984 2519 3058 Canticum_Psalmi
2537 2983 2681 3058 ﬁliis
2712 2982 2980 3058 Cererin
3009 2981 3174 3058 ﬁnegn
3198 2993 3298 3049 pro
3326 2977 3629 3058 litabatath,

2059 3057 2196 3131 tam,
2228 3056 2298 3112 ad
2311 3048 2754 3131 responderunt-nt
2780 3048 3088 3131 intellectus
3109 3048 3312 3131 Heinan
3342 3048 3628 3131 Israelita.

2060 3130 2172 3184 Iste
2203 3123 2468 3199 psalmus
2499 3125 2791 3201 passionis
2825 3123 3139 3201 Dominicae
3159 3123 3633 3201 continetosacra-

2061 3195 2278 3270 menta,
2303 3215 2370 3255 ea
2397 3195 2696 3270 proferens
2726 3212 2914 3267 usque
2943 3195 3013 3250 ad
3038 3195 3628 3270 consummationem,

2060 3288 2187 3340 quae
2218 3261 2372 3327 idem
2399 3261 2694 3325 Dominus
2724 3261 2934 3341 pas-sus
2965 3282 3068 3338 pro
3101 3263 3305 3320 mundi
3339 3262 3528 3319 salute
3557 3261 3629 3317 ad

2059 3343 2288 3398 Patrem
2320 3342 2550 3397 locutus
2580 3345 2688 3396 est.

2062 3453 2089 3479 «
2118 3431 2361 3486 Domine
2410 3435 2561 3486 Deus
2604 3428 2814 3484 salutis
2854 3442 3016 3491 meae,
3051 3427 3108 3481 in
3160 3423 3254 3480 die
3301 3422 3567 3478 clamavi.
3602 3443 3630 3471 »

1991 3521 2053 3576 In
2085 3519 2188 3576 illa
2211 3519 2475 3576 claritate
2503 3522 2700 3574 tecum
2732 3518 2948 3589 degens
2963 3531 3141 3587 quam
3171 3527 3403 3585 semper
3416 3509 3631 3566 habui:

1988 3607 2393 3681 pmnitentiam
2433 3607 2668 3680 populis
2697 3605 3020 3678 praedicavi.
3054 3625 3083 3653 ‹‹
3112 3602 3182 3658 Et
3227 3604 3395 3658 nocte
3435 3614 3632 3655 coram

1989 3700 2063 3752 te.
2100 3720 2128 3747 »
2159 3699 2315 3752 Inter
2344 3696 2618 3753 tenebras
2649 3696 3006 3752 Judaaorum.
3683 3759 3686 3762 _

2061 3809 2088 3835 ‹‹
2120 3787 2299 3842 Intret
2327 3786 2386 3841 in
2419 3789 2730 3857 conspectu
2757 3788 2858 3839 tuo
2880 3781 3062 3840 oratio
3093 3797 3260 3848 mea;
3293 3777 3514 3835 inclina
3536 3793 3633 3834 au-

1989 3892 2111 3931 rem
2142 3879 2306 3930 tuam
2345 3875 2418 3930 ad
2467 3890 2694 3947 precem
2728 3888 2942 3930 meam.
2977 3894 3004 3921 ››
3037 3871 3222 3936 Quam
3270 3868 3330 3924 in
3360 3868 3470 3923 hoc
3500 3881 3630 3922 cor-

1989 3979 2130 4035 pore
2162 3964 2388 4034 positus
2428 3963 2736 4035 profundo.

2060 4076 2088 4102 ‹‹
2121 4052 2268 4116 Quia
2296 4053 2519 4125 repleta
2547 4054 2636 4107 est
2688 4051 2862 4107 malis
2892 4049 3090 4105 anima
3138 4063 3285 4103 mea.
3311 4067 3339 4094 »
3371 4041 3631 4100 Peccatis

1989 4139 2188 4212 populi
2237 4140 2556 4212 pereuntis.
2589 4162 2616 4189 «
2650 4143 2717 4193 Et
2745 4139 2838 4194 via
2889 4153 3020 4193 mea
3051 4137 3110 4191 in
3149 4135 3374 4190 inferno
3426 4149 3632 4205 appro-

1988 4228 2314 4300 pinquavit.
2353 4251 2372 4277 ι
2409 4232 2550 4282 Cum
2584 4244 2686 4298 pro
2717 4226 2808 4280 his
2841 4225 2940 4296 qui
2973 4226 3240 4295 pereunt,
3270 4221 3485 4277 trador.

2064 4337 2091 4368 α
2109 4317 2450 4373 Estimatus
2473 4332 2604 4370 sum
2628 4330 2761 4369 cum
2784 4312 3272 4369 descendentibus
3293 4310 3354 4366 in
3375 4310 3626 4367 lacum.»

1986 4406 2149 4462 Sicut
2189 4404 2445 4475 reliquos
2487 4406 2819 4475 peccatores
2851 4417 2943 4457 me
2983 4402 3040 4456 in
3091 4405 3337 4457 mortem
3369 4401 3630 4474 redigere

1987 4494 2249 4551 arbitrati
2280 4497 2420 4548 sunt
2453 4508 2466 4548 :
2500 4508 2604 4547 nec
2625 4507 2927 4564 resurgere
2955 4489 3346 4546 crediderunt.
3369 4490 3628 4546 «Factus

231 4583 451 4639 dormit
475 4583 800 4639 nobiscum.
837 4583 1098 4654 Denique
1136 4584 1262 4655 ipse
1292 4584 1477 4639 dicit:
1514 4587 1643 4640 Ecce
1671 4601 1764 4656 ego
1791 4591 1881 4643 sto
1908 4596 1956 4663 ι)
1987 4599 2120 4639 sum
2171 4581 2324 4637 sicut
2369 4581 2545 4637 homo
2594 4579 3076 4662 sine'adjutorio.
3115 4601 3143 4630 ››
3181 4581 3327 4636 Cum
3375 4595 3491 4633 non
3540 4583 3631 4634 est

230 4678 360 4729 ante
386 4675 613 4744 ostium,
634 4681 686 4728 et
711 4672 869 4744 pulso
886 4691 904 4727 :
923 4673 984 4728 Si
1013 4673 1133 4744 quis
1163 4673 1305 4728 mihi
1332 4675 1629 4745 aperuerit,
1649 4677 1879 4732 intrabo

229 4771 284 4818 et
309 4764 529 4820 cenabo
571 4779 697 4818 cum
746 4763 861 4832 ipso
915 4762 1100 4834 (Apoc.
1131 4779 1214 4828 ιιι,
1246 4762 1358 4833 20).
1409 4762 1673 4820 Gloriosa
1719 4763 1878 4818 dicta

223 4857 370 4907 sunt
419 4853 491 4907 de
537 4855 611 4919 te,
645 4849 847 4906 civitas
894 4850 1016 4905 Dei.
1049 4869 1076 4901 ι
1130 4849 1342 4906 Civitas
1387 4867 1503 4906 non
1551 4856 1640 4907 est
1689 4868 1875 4906 unum

230 4939 566 5008 aediﬁcium,
597 4938 698 4994 sed
729 4935 790 4992 in
818 4936 1022 4994 multis
1070 4936 1332 4994 aediﬁciis
1381 4938 1671 4995 consistit.
1702 4939 1794 4994 Sic
1822 4943 1879 4995 et

228 5026 358 5084 Sion
409 5031 633 5095 nostra,
667 5026 782 5083 nisi
830 5025 1028 5099 plures
1057 5025 1304 5082 virtutes
1354 5027 1644 5098 habuerit,
1677 5027 1878 5085 civitas

229 5117 327 5173 Dei
357 5135 477 5177 non
507 5116 636 5173 erit.
667 5139 696 5166 «
731 5115 954 5172 Memor
971 5132 1068 5172 ero
1102 5115 1261 5172 Raab
1279 5121 1336 5173 et
1365 5116 1670 5188 Babylonis
1688 5117 1876 5173 scien-

232 5205 378 5263 tium
418 5222 536 5264 me.
569 5225 597 5258 η
633 5203 740 5260 Illa
785 5221 913 5276 quae
961 5205 1258 5278 quondam
1307 5209 1431 5261 erat
1460 5205 1519 5261 in
1568 5204 1879 5261 latitudine

235 5302 628 5366 peccatorum,
678 5293 942 5349 ascendit
997 5297 1200 5367 postea
1251 5293 1312 5349 in
1361 5295 1704 5350 memoriam
1759 5295 1874 5349 Dei.

237 5403 265 5431 «
296 5382 595 5457 Numquid
627 5382 767 5438 Sion
797 5383 948 5438 dicet
977 5382 1172 5449 homo,
1206 5387 1264 5438 et
1293 5383 1466 5440 homo
1497 5387 1670 5439 natus
1703 5389 1791 5439 est
1821 5383 1878 5439 in

239 5486 305 5526 ea
329 5472 356 5526 ?
390 5495 416 5521 ››
452 5473 593 5528 Rem
623 5470 788 5527 vobis
819 5471 1030 5526 miram
1078 5472 1324 5544 loquor;
1358 5473 1458 5528 sed
1488 5488 1707 5528 veram.
1740 5472 1878 5528 Sion

239 5562 514 5622 nostrain
539 5577 658 5634 qua
679 5559 1032 5632 aliquotiens
1053 5560 1392 5636 alienigenae
1415 5565 1572 5633 sunt,
1591 5565 1648 5618 et
1669 5563 1878 5635 Tyrus,

238 5652 298 5705 et
345 5650 642 5723 «Ethiopes
689 5668 704 5708 :
754 5649 856 5708 illa
900 5649 1139 5723 specula
1175 5669 1199 5710 ι
1248 5650 1350 5709 illa
1395 5651 1673 5710 meretrix
1719 5669 1734 5714 :
1778 5650 1882 5712 illa

1985 4671 2241 4728 libertati
2292 4687 2431 4726 meae
2479 4668 2675 4726 socius
2722 4660 2781 4724 in
2828 4668 3055 4724 inferno
3090 4686 3102 4724 :
3136 4684 3241 4723 nec
3293 4668 3528 4738 adjutor
3556 4668 3627 4722 ad

1985 4759 2376 4816 liberandum.
2410 4781 2437 4808 «
2475 4760 2629 4814 Inter
2677 4761 2938 4815 mortuos
2977 4757 3141 4812 liber.
3177 4779 3205 4806 »
3235 4757 3415 4813 Nemo
3447 4772 3538 4812 me
3569 4756 3626 4810 in

1986 4850 2212 4905 inferno
2251 4848 2432 4904 vinxit
2485 4867 2497 4904 ε
2544 4849 2645 4904 sed
2677 4863 2780 4918 ego
2826 4846 3150 4904 vinctorum
3202 4850 3464 4903 catenam
3499 4862 3628 4918 pro-

1987 4939 2116 5012 pria
2142 4937 2356 4994 virtute
2387 4936 2595 4993 laxavi.

2060 5050 2089 5079 «
2120 5026 2284 5084 Sicut
2312 5025 2599 5083 vulnerati
2629 5026 2986 5082 dormientes
3014 5026 3074 5082 in
3116 5024 3402 5100 sepulcris
3439 5042 3451 5080 :
3486 5042 3629 5098 quo-

1987 5134 2118 5174 rum
2159 5133 2274 5174 non
2324 5133 2387 5172 es
2418 5131 2644 5172 memor
2688 5114 2962 5186 amplius.
2999 5138 3020 5166 ι
3059 5115 3222 5172 Sicut
3268 5115 3462 5172 satiati
3493 5115 3632 5173 divi-

1987 5207 2085 5262 tiis
2118 5205 2336 5270 saeculi,
2367 5209 2425 5261 et
2454 5205 2512 5260 in
2559 5204 2781 5276 stupris
2812 5208 2985 5275 atque
3029 5204 3509 5262 obscmnitatibus
3538 5221 3629 5260 se-

1988 5295 2159 5368 pulti,
2194 5312 2228 5350 a
2273 5300 2328 5349 te
2379 5311 2494 5350 non
2547 5297 2964 5361 memorantur,
3000 5294 3079 5348 ita
3106 5294 3174 5348 'et
3221 5309 3327 5365 ego
3379 5311 3413 5350 a
3459 5294 3630 5349 corde

1988 5387 2193 5456 raptus
2236 5399 2369 5438 sum
2397 5382 2750 5438 Judmorum.
2783 5403 2812 5432 «
2843 5381 2911 5436 Et
2957 5381 3071 5453 ipsi
3099 5382 3170 5438 de
3199 5399 3380 5439 manu
3411 5386 3511 5439 tua
3541 5398 3628 5438 re-

1987 5472 2145 5546 pulsi
2176 5477 2333 5529 sunt.
2367 5491 2393 5523 »
2434 5476 2479 5526 Α
2508 5470 2724 5527 virtute
2753 5473 2853 5526 tua
2883 5471 3155 5542 separati.

2062 5585 2090 5611 «
2125 5562 2454 5617 Posuerunt
2499 5576 2593 5616 me
2642 5561 2703 5615 in
2735 5559 2863 5616 lacu
2910 5558 3190 5618 inferiori.
3223 5582 3252 5611 »
3283 5564 3424 5617 Cum
3454 5559 3628 5618 latro-

1991 5651 2167 5714 nibus
2197 5655 2254 5710 et
2282 5649 2685 5724 peccatoribus
2723 5648 3006 5710 obnoxiis.
3043 5673 3072 5703 ‹‹
3103 5651 3169 5708 In
3198 5648 3452 5709 tenebris
3480 5651 3538 5706 et
3568 5647 3626 5707 in
