3976 6188
332 350 484 417 1151

1824 357 2242 423 APPENDIX.
2324 351 2329 356 ’

3578 359 3732 424 1152

330 490 547 566 umbra
588 489 816 546 mortis.
855 513 877 539 υ
911 491 994 547 Ad
1045 492 1360 552 infernales
1410 498 1733 572 angustias,
1767 499 1824 556 in
1857 497 1979 567 qui-
2010 495 2065 562 Α
2096 495 2202 550 daei
2233 496 2291 552 in
2325 495 2604 554 fluctibus
2634 495 3126 570 persecutionum.
3160 517 3188 544 «
3211 492 3738 551 Circumdederunt

330 579 442 634 bus
477 595 636 634 mors
668 579 793 636 sola
823 581 1240 640 dominabitur.

407 688 434 720 α
465 668 654 741 Super
684 686 776 725 me
798 672 1177 730 conﬁrmatus
1208 679 1296 731 est
1319 676 1482 732 furor
1507 681 1666 750 tuus,
1697 685 1755 735 et
1775 698 1980 737 omnes

332 757 552 813 ﬂuctus
585 762 715 814 tuos
748 759 1026 816 induxisti
1082 780 1259 835 super
1289 782 1399 821 me.
1439 789 1458 815 ι
1498 769 1646 823 Iram
1678 774 1735 824 et
1765 769 1978 842 procel-

329 845 445 902 lam
502 847 925 904 macellationis
977 851 1189 908 furoris
1239 855 1342 922 tui,
1405 873 1553 927 quas
1598 857 1655 912 in
1709 859 1980 930 gentibus

330 935 627 990 elfusurus
681 953 830 1004 eras,
884 956 1061 1011 super
1104 959 1198 996 me
1243 943 1546 1016 induxisti,
1595 947 1695 1018 qui
1745 954 1982 1018 peccata

334 1041 539 1079 eorum
567 1027 800 1096 suscepi
837 1043 850 1082 :
883 1028 1037 1083 sicut
1066 1029 1202 1086 alibi
1237 1032 1318 1087 ait
1350 1052 1362 1089 :
1395 1036 1622 1106 Propter
1645 1040 1862 1107 peccata
1892 1055 1982 1108 po-

329 1114 459 1184 puli
487 1115 597 1170 mei
623 1118 870 1184 percussi
896 1133 1018 1172 eum
1049 1121 1178 1190 (lsa.
1214 1139 1332 1192 Lm,
1365 1125 1439 1193 8).

407 1235 435 1260 ‹‹
472 1213 659 1284 Longe
691 1213 874 1269 fecisti
915 1220 1083 1272 notos
1135 1235 1294 1275 meos
1325 1237 1352 1275 a
1389 1238 1500 1277 me.
1538 1244 1565 1271 ››
1615 1224 1864 1295 Angelos
1895 1224 1980 1278 vel

335 1301 652 1372 apostolos,
703 1307 769 1356 ut
819 1303 1018 1359 nullus
1073 1308 1354 1377 praeberet
1400 1310 1704 1366 auxilium.
1737 1313 1884 1369 Nam
1928 1319 1985 1368 et

335 1405 440 1462 ego
485 1395 747 1461 poteram
797 1396 851 1448 te
900 1409 1122 1466 rogare,
1159 1396 1341 1461 Pater,
1379 1403 1442 1452 ut
1489 1399 1789 1460 exhiberes
1840 1401 1983 1456 mihi

335 1477 648 1550 plusquam
698 1481 1006 1537 duodecim
1057 1483 1316 1555 legiones
1361 1487 1739 1558 angelorum;
1775 1491 1875 1544 sed
1903 1490 1983 1544 si-

333 1565 437 1632 lui,
474 1569 537 1620 ut
566 1567 956 1638 implerentur
985 1571 1295 1643 Scripturaa
1327 1576 1534 1639 (Matth.
1568 1579 1836 1646 xxv1,’53,
1869 1581 1981 1649 5-4).

337 1678 365 1707 ‹‹
393 1659 724 1710 Posuerunt
775 1673 868 1712 me
920 1659 1416 1718 abominationem
1449 1663 1587 1726 sibi,
1620 1687 1648 1714 ››
1679 1667 1801 1721 Non
1837 1667 1980 1733 noti,

337 1743 439 1799 sed
468 1744 672 1798 Judaei.

2089 601 2183 640 me
2213 585 2412 642 simul.
2449 608 2477 634 »
2533 585 2809 642 Pharisaei
2855 601 2988 640 cum
3029 582 3435 640 sacerdotibus
3467 600 3480 636 :
3519 583 3741 639 Pilatus

2091 691 2224 729 cum
2259 674 2624 746 principibus
2653 679 2711 730 et
2740 673 2994 747 populis.

2167 786 2186 810 ι
2224 763 2519 836 Elongasti
2553 781 2586 818 a
2615 779 2708 818 me
2739 763 2995 818 amicum
3049 764 3106 817 et
3133 761 3495 834 proximum.
3534 781 3563 808 ιι
3609 761 3741 816 Pro-

2087 851 2283 907 ximus
2330 857 2437 916 est,
2480 851 2578 923 qui
2631 851 2769 906 facit
2812 850 3271 907 misericordiam
3306 867 3318 904 :
3355 848 3460 921 qui
3514 866 3741 905 mecum

2091 957 2206 995 non
2247 944 2336 995 est
2383 940 2654 995 inventus
2702 956 2715 993 :
2770 962 2800 988 «
2833 939 2900 994 Et
2929 943 3097 995 notos
3147 954 3307 994 meos
3353 955 3390 993 a
3421 938 3684 992 miseria.
3717 962 3740 984 ιι

2092 1028 2212 1083 Prae
2286 1029 2628 1084 confusione
2692 1027 3005 1099 passionis,
3067 1027 3241 1083 etiam
3320 1026 3434 1098 ipsi
3497 1028 3741 1098 apostoli

2091 1116 2346 1188 elongati
2380 1121 2520 1172 sunt
2566 1133 2600 1172 a
2629 1133 2741 1172 me.
2798 1117 2939 1171 Hine
2963 1116 3085 1186 jam
3135 1108 3505 1171 descendens
3537 1114 3613 1168 ad
3665 1116 3745 1170 in-

2094 1206 2348 1275 fernum,
2379 1206 2452 1261 de
2481 1222 2658 1260 manu
2700 1204 2925 1276 alligati
2958 1205 3144 1268 tortis,
3177 1202 3371 1275 spolia
3416 1208 3746 1274 reportans,

2094 1293 2371 1364 pravenit
2427 1293 2714 1349 matutina
2758 1294 2888 1364 ejus
2944 1293 3202 1364 operatio
3249 1292 3484 1347 Patrem
3544 1309 3557 1344 :
3620 1309 3748 1346 cum

2093 1400 2266 1439 mane
2299 1399 2611 1455 resurgens
2661 1383 2935 1455 apparuit
2983 1381 3206 1437 multis.
3241 1383 3427 1447 Quem
3477 1397 3596 1436 nos
3629 1399 3751 1454 sup-

2093 1471 2275 1544 plices
2324 1474 2727 1544 deprecamur,
2763 1475 2828 1526 ut
2858 1469 3086 1543 plebem
3139 1487 3248 1526 sua
3298 1471 3587 1542 passione
3619 1488 3652 1524 a
3682 1472 3750 1525 la-

2094 1578 2244 1633 queo
2303 1561 2513 1617 inl'erni
2574 1560 2838 1625 liberam,
2885 1576 2993 1615 sua
3057 1557 3401 1614 fortitudine
3451 1559 3748 1624 roborare,

2095 1666 2160 1705 ac
2190 1651 2262 1705 de
2295 1650 2562 1706 secundae
2589 1649 2795 1705 mortis
2816 1649 3063 1704 nexibus
3094 1647 3368 1719 dignetur
3395 1647 3705 1703 absolvere
3733 1666 3745 1704 :

2093 1743 2159 1793 ut
2206 1738 2457 1810 expediti
2502 1754 2567 1793 ac
2616 1738 2804 1808 liberi,
2856 1753 3032 1808 regno
3082 1737 3211 1807 ejus
3263 1751 3612 1792 mereamur
3651 1737 3746 1791 ad-

412 1854 439 1880 ‹‹
471 1832 746 1888 Traditus
779 1851 909 1890 sum
953 1840 1144 1905 morti,
1178 1844 1235 1895 et
1266 1844 1612 1913 nonegredie
1638 1844 1758 1898 bar.
1794 1868 1816 1896 δ
1856 1846 1981 1903 Non
2013 1865 2061 1929 Β
2086 1827 2281 1898 jungi-
2319 1826 2434 1898 Ῑρεί
2465 1826 2651 1899 gloria
2697 1831 2755 1881 et
2782 1824 3094 1896 imperium
3141 1841 3276 1880 cum
3326 1829 3556 1880 δείδι’ηο
3592 1825 3743 1880 Pam

339 1934 472 1972 sum
521 1919 851 1991 disjunctus
882 1943 915 1979 ιι
964 1930 1204 1997 paterna
1252 1929 1592 1987 divinitate:
1627 1933 1727 1987 sed
1778 1950 1883 1988 nec
1912 1934 1982 1988 de

339 2006 606 2078 sepulcro
667 2011 868 2068 statim
920 2015 1126 2086 prodii,
1178 2021 1242 2071 ut
1288 2017 1489 2074 dilatio
1540 2023 1984 2078 resurrectionis

336 2096 639 2153 veritatem
679 2103 1014 2158 ostenderet
1060 2105 1284 2162 mortis.
1328 2129 1354 2159 α
1383 2108 1544 2164 Oculi
1601 2111 1710 2166 mei
1743 2109 1985 2182 langue-

339 2189 478 2239 runt
519 2203 634 2257 prae
683 2187 899 2261 inopia.
933 2213 960 2241 »
995 2192 1214 2249 Sensus
1261 2196 1465 2268 utique
1511 2198 1816 2265 tenuitate,
1849 2216 1981 2254 cum

340 2274 608 2344 apostoli,
644 2276 841 2333 relicto
873 2296 959 2348 eo,
993 2281 1081 2335 vel
1131 2283 1426 2354 fugerunt,
1458 2285 1544 2340 vel
1579 2292 1935 2359 negaverunt
1969 2305 1981 2342 :

340 2362 480 2432 quia
509 2379 642 2418 eum
676 2381 979 2438 resurgere
1029 2371 1385 2439 nescierunt,
1419 2374 1572 2430 sicut
1599 2373 1697 2430 ille
1736 2375 1984 2431 dilectus

340 2449 686 2518 discipulus.
739 2454 989 2510 Nondum
1036 2459 1189 2512 enim
1231 2461 1435 2516 sciebat
1483 2462 1819 2534 Scripturas,
1853 2467 1987 2536 quia

336 2545 611 2695 gorteret
669 2540 833 2594 illum
888 2560 925 2596 a
990 2550 1226 2601 mortuis
1293 2565 1575 2620 resurgere
1651 2553 1827 2623 (Joan.
1886 2571 1981 2622 xx,

412 2736 440 2762 «
471 2713 724 2771 Clamavi
777 2719 847 2774 ad
899 2726 974 2788 te,
1028 2725 1287 2780 Domine.
1339 2749 1366 2776 »
1419 2727 1628 2783 Dieens
1675 2746 1686 2783 :
1739 2729 1824 2784 Eli
1873 2729 1983 2798 Eli,

338 2799 562 2859 lemma
605 2807 912 2865 azabthani
963 2812 1167 2883 (Matth.
1216 2833 1393 2883 xxvn,
1447 2817 1556 2888 46).
1615 2841 1634 2866 α
1695 2818 1838 2873 Tota
1890 2819 1983 2874 die

339 2894 587 2964 expandi
621 2912 832 2954 manus
877 2916 1036 2956 meas
1067 2903 1138 2958 ad
1172 2907 1246 2959 te.
1284 2927 1312 2953 »
1365 2906 1649 2962 Extensus
1699 2907 1756 2961 in
1791 2924 1979 2964 cruce.

416 3011 438 3039 α
473 2992 769 3066 Numquid
804 2999 1049 3055 mortuis
1072 3001 1246 3058 facies
1278 3003 1616 3060 mirabilia?
1650 3026 1678 3054 »
1708 3005 1832 3060 Non
1865 3006 1981 3062 illis

343 3080 443 3150 qui
472 3081 728 3140 viventes
761 3087 974 3142 mortui
1005 3095 1164 3153 sunt,
1199 3093 1300 3146 sed
1350 3093 1493 3148 mihi
1526 3094 1624 3165 qui
1656 3095 1715 3149 in
1747 3097 1802 3150 te
1832 3096 1979 3152 vivo.

344 3189 373 3216 ‹‹
402 3170 516 3224 Aut
540 3171 749 3227 medici
796 3175 1188 3243 suscitabunt,
1222 3184 1280 3234 et
1323 3181 1761 3236 confitebuntur
1791 3181 1916 3237 tibi.
1956 3205 1976 3231 ι

2093 1919 2151 1970 et
2209 1915 2431 1987 Spiritu
2490 1919 2692 1971 sancto
2740 1915 2797 1969 in
2843 1918 3056 1970 cuncta
3103 1913 3313 1970 saecula
3370 1913 3742 1969 saeculorum.

2093 2008 2298 2060 Amen.

2567 2094 2696 2149 PSA
2705 2093 2883 2149 LMUS
2924 2091 3263 2148 LXXXVIII.

2099 2186 2402 2242 Intellectus
2451 2185 2648 2239 ιΕιΙιαη
2690 2183 2983 2238 Ιδνεαιίιίε.
3027 2181 3139 2236 Iste
3182 2183 3458 2252 psalmus
3506 2181 3562 2234 in
3593 2179 3742 2234 mul-

2165 2257 2241 2312 tis
2271 2255 2512 2311 vocibus
2543 2256 2894 2310 continetur.
2919 2253 3104 2307 Habet
3135 2253 3294 2307 enim
3323 2267 3526 2307 vocem
3559 2252 3742 2307 Patris

2166 2329 2239 2383 ad
2282 2326 2516 2392 Filium,
2549 2325 2674 2380 Filii
2725 2325 2797 2380 ad
2830 2325 3080 2395 Patrem,
3115 2322 3412 2395 Ecclesiae,
3449 2324 3746 2395 ipsiusque

2168 2399 2480 2471 prophetae,
2515 2396 2603 2471 vel
2651 2393 3072 2471 apostolorum.
3107 2395 3185 2450 Ex
3228 2393 3578 2466 prophetica
3619 2411 3743 2466 ergo

2162 2468 2299 2526 voce
2327 2470 2408 2525 sic
2440 2469 2677 2524 inchoat
2707 2468 2779 2522 ad
2809 2471 3040 2523 Patrem
3075 2484 3087 2521 :

2166 2582 2194 2608 «
2228 2557 2652 2614 Misericordiae
2681 2556 2914 2612 Domini
2965 2555 3024 2610 in
3081 2558 3364 2610 aeternum
3411 2555 3687 2610 cantabo.
3719 2577 3743 2602 ιι

2095 2647 2230 2704 Illas
2261 2645 2712 2711 misericordias,
2745 2644 2964 2717 quibus
2994 2643 3292 2699 hominem
3320 2647 3565 2715 peccato
3598 2659 3744 2697 mor-

2093 2742 2262 2792 tuum
2294 2735 2572 2808 dignatus
2601 2751 2663 2790 es
2692 2733 2928 2789 visitare
2959 2749 3060 2803 per
3087 2729 3317 2785 Filium.

2164 2849 2192 2875 ‹‹
2226 2827 2264 2881 Α
2309 2823 2680 2896 generatione
2731 2827 2787 2877 et
2836 2820 3228 2893 generatione.
3272 2842 3300 2866 ››
3348 2821 3394 2874 Α
3439 2818 3638 2874 Veteri
3688 2819 3744 2874 in

2090 2915 2248 2970 Novo
2279 2915 2674 2969 Testamento.
2710 2934 2738 2960 «
2769 2908 3144 2966 Annuntiabo
3164 2908 3472 2964 Veritatem
3505 2914 3692 2963 tuam.
3719 2931 3738 2954 ι

2091 3003 2385 3060 Christum
2436 3007 2627 3056 tuum.
2661 3024 2690 3050 «
2725 3001 2785 3055 In
2817 3016 2915 3056 ore
2959 3015 3110 3054 meo.
3145 3020 3173 3047 »
3206 3002 3271 3052 In
3302 3014 3421 3068 quo
3454 2997 3746 3053 confessio

2093 3093 2157 3148 ﬁt
2186 3093 2259 3148 ad
2290 3093 2560 3147 salutem.

2169 3206 2196 3232 ‹‹
2250 3181 2532 3248 Quoniam
2590 3178 2786 3235 dixisti
2835 3195 2846 3233 :
2902 3180 2964 3233 In
3014 3180 3294 3234 aternum
3342 3175 3752 3232 misericordia

342 3256 468 3312 Non
497 3265 761 3316 aromata
813 3264 1194 3333 medicorum,
1229 3269 1329 3323 sed
1361 3272 1446 3335 tu,
1483 3273 1672 3339 Pater,
1707 3287 1799 3325 me
1830 3287 1986 3326 resu-
2015 3231 2058 3296 C
2098 3270 2498 3337 aediﬁcabitur.
2533 3292 2560 3318 ››
2603 3269 2846 3340 Semper
2892 3267 3048 3323 enim
3094 3264 3393 3321 miseratio
3443 3269 3549 3321 tua
3581 3265 3755 3321 subli-

345 3345 543 3402 scitas.
585 3349 783 3422 Neque
835 3351 938 3419 illi,
971 3355 1071 3410 sed
1120 3372 1226 3428 ego
1276 3359 1595 3413 conﬁtebor
1643 3357 1746 3412 tibi
1796 3359 1852 3413 in
1887 3376 1988 3430 po-

346 3435 519 3506 pulis.

419 3548 448 3575 «
481 3527 778 3599 Numquid
822 3533 1084 3589 narrabit
1113 3534 1326 3607 aliquis
1374 3537 1432 3591 in
1464 3537 1731 3609 sepulcro
1764 3537 1988 3593 miseri-

348 3613 607 3669 cordiam
643 3620 823 3685 tuam,
857 3624 914 3674 et
943 3624 1247 3681 veritatem
1279 3630 1441 3682 tuam
1466 3627 1523 3681 in
1557 3627 1930 3698 perditione?
1962 3650 1984 3679 ι

348 3698 473 3787 Non
505 3705 560 3756 te
588 3702 853 3761 laudabit
899 3710 1170 3780 sepultus
1217 3713 1276 3769 in
1308 3714 1525 3770 divitiis
1557 3715 1776 3786 saeculi,
1806 3732 1992 3787 neque

353 3786 623 3845 habitans
654 3792 711 3846 in
744 3794 1065 3864 perditione
1094 3803 1334 3869 peccati.
1589 3789 1592 3792 i

426 3877 783 3952 «Numquid
835 3893 1263 3955 cognoscentur
1291 3890 1350 3943 in
1397 3892 1654 3947 tenebris
1704 3892 1996 3948 mirabilia

353 3969 475 4032 tua,
508 3973 565 4024 et
605 3970 842 4040 justitia
872 3976 973 4028 tua
1020 3973 1079 4029 in
1127 3979 1283 4031 terra
1330 3977 1684 4035 oblivionis?
1717 4003 1744 4029 ››
1791 3981 1995 4036 Omnis

353 4055 507 4111 enim
543 4057 639 4129 qui
671 4059 808 4116 facit
837 4067 1161 4133 peccatum,
1187 4065 1310 4121 odit
1342 4066 1530 4122 lucem
1571 4069 1746 4138 (Joan.
1774 4086 1854 4135 ιιι,
1879 4070 1993 4139 20),

353 4149 411 4198 et
441 4163 474 4200 a
504 4161 742 4219 corpore
790 4152 1036 4208 terrenis
1083 4171 1361 4226 oppresso
1413 4156 1591 4225 vitiis,
1616 4157 1851 4227 justitia
1897 4161 1997 4213 tua

352 4234 693 4293 occultatur.

426 4345 453 4370 «
514 4323 657 4380 Nam
723 4344 834 4400 ego
889 4332 960 4386 ad
1028 4336 1105 4398 te,
1165 4334 1431 4399 Domine,
1515 4334 1779 4391 clamavi.
1844 4359 1870 4383 ››
1934 4337 1993 4391 In

354 4413 634 4469 orationis
687 4433 917 4474 arcano.
975 4443 1005 4469 ‹‹
1036 4423 1106 4476 Et
1159 4439 1330 4479 mane
1368 4424 1550 4480 oratio
1601 4441 1731 4480 mea
1779 4443 1996 4496 praeve-

355 4501 476 4556 niet
503 4505 577 4557 te.
617 4525 638 4552 ι
675 4504 821 4570 Quia
869 4510 1162 4567 matutina
1191 4527 1285 4567 me
1333 4513 1754 4569 resurrectione
1783 4513 1997 4570 clariﬁ-

351 4590 530 4648 cabis.

425 4701 452 4728 ‹‹
487 4681 719 4754 thuid,
770 4683 1033 4755 Domine,
1089 4689 1323 4760 repellis
1372 4691 1692 4748 orationem
1757 4708 1990 4759 meam;

351 4770 561 4824 avertis
589 4771 793 4828 faciem
823 4779 984 4830 tuam
1018 4794 1051 4831 a
1082 4794 1174 4833 me
1193 4778 1220 4832 ?
1248 4799 1276 4829 »
1311 4779 1384 4834 Ut
1413 4797 1527 4836 non
1559 4785 1818 4836 transeat
1847 4781 1996 4836 calix

349 4854 476 4913 iste.

423 4971 448 4995 ‹‹
484 4948 710 5023 Pauper
757 4970 888 5009 sum
943 4972 1067 5029 ego,
1100 4963 1158 5012 et
1183 4957 1241 5012 in
1290 4957 1590 5015 laboribus
1619 4977 1653 5014 a
1687 4959 1994 5030 juventute

353 5050 501 5093 mea.
535 5061 560 5087 ››
610 5043 655 5095 Α
707 5046 964 5116 tempore
1016 5046 1208 5102 carnis
1256 5053 1588 5119 assumptis.
1637 5071 1665 5098 «
1696 5047 1993 5103 Exaltatus

353 5128 566 5182 autem.
606 5151 627 5176 »ι
655 5132 718 5186 In
750 5149 936 5191 cruce,
984 5158 1012 5185 «
1046 5135 1400 5192 Humiliatus
1448 5154 1602 5192 sum.
1636 5160 1664 5186 »
1697 5143 1762 5192 In
1793 5136 1994 5209 sepul-

354 5232 470 5273 cro.
510 5221 630 5275 «Et
661 5225 1063 5282 conturbatus.
1098 5248 1125 5275 n
1157 5228 1219 5280 In
1254 5231 1457 5282 morte.

429 5335 455 5362 ι(
493 5312 552 5366 In
585 5329 676 5366 me
722 5314 1083 5371 transierunt
1129 5317 1229 5372 iraa
1261 5321 1392 5371 tuas.
1427 5337 1454 5364 ››
1502 5315 1908 5383 Transierunt,
1940 5319 1996 5372 et

357 5419 471 5460 non
505 5403 903 5474 perstiterunt.
941 5427 968 5455 «
1008 5406 1076 5460 Et
1107 5410 1356 5462 terrores
1388 5406 1472 5460 tui
1503 5405 1998 5461 conturbaverunt

356 5511 468 5551 me.
497 5519 517 5547 ι
558 5493 720 5564 Ipsos
751 5509 896 5563 quos
927 5494 1196 5564 superius
1225 5494 1285 5549 in
1317 5498 1518 5567 gentes
1549 5510 1641 5550 me
1671 5495 1994 5550 etl‘usurum

356 5582 743 5657 pronuntiavi.

434 5697 455 5728 ς
490 5673 1010 5733 Circumdederunt
1042 5689 1136 5731 me
1166 5673 1318 5731 sicut
1370 5690 1521 5747 aqua
1551 5677 1672 5731 tota
1699 5673 1812 5731 die.
1847 5694 1877 5723 »
1901 5673 2000 5730 Ju-

2099 3364 2315 3423 matur,
2350 3363 2406 3414 et
2452 3374 2758 3429 nunquam
2810 3355 3154 3411 destruitur.
3194 3375 3214 3403 α
3252 3354 3315 3408 In
3346 3353 3510 3409 cmlis
3542 3370 3756 3426 prepa-

2101 3449 2328 3504 rabitur
2365 3447 2578 3503 veritas
2609 3451 2730 3500 tua.
2768 3466 2795 3495 ››
2827 3444 2892 3498 In
2947 3441 3230 3515 apostolis
3282 3442 3756 3513 praedestinatur.

2099 3537 2247 3592 Hinc
2277 3553 2387 3591 vox
2416 3534 2601 3590 Patris
2634 3551 2646 3589 :

2176 3647 2205 3675 ‹‹
2247 3624 2486 3696 Diposui
2538 3625 2962 3679 testamentum
3014 3638 3210 3677 meum
3259 3619 3464 3677 electis
3508 3621 3682 3677 meis.
3733 3641 3760 3663 v-

2103 3714 2452 3770 Doctoribus
2482 3711 2899 3776 Ecclesiarum,
2933 3715 2998 3764 ut
3026 3709 3344 3782 acquisitos
3374 3726 3481 3780 per
3510 3711 3759 3782 gratiam

2105 3802 2370 3876 populos,
2423 3800 2510 3857 vel
2566 3802 2833 3865 doceant,
2894 3798 2982 3855 vel
3033 3799 3353 3855 informant
3387 3815 3414 3872 3
3485 3820 3512 3847 «
3561 3798 3758 3853 Juravi

2104 3892 2285 3947 David
2319 3908 2484 3947 servo
2516 3906 2664 3944 meo.
2700 3911 2726 3937 »
2772 3887 2867 3943 Dei
2902 3886 3122 3959 quippe
3143 3885 3388 3958 juratio,
3420 3887 3761 3958 promissio-

2105 3982 2196 4037 nis
2229 3984 2318 4036 est
2360 3977 2746 4036 confirmatio.
2811 3999 2832 4025 ι
2871 3975 3048 4030 David
3096 3991 3260 4031 servo
3307 3991 3461 4041 meo,
3497 3998 3524 4022 »ι
3558 3973 3622 4029 id
3653 3977 3752 4034 est,

2105 4069 2333 4124 Christo
2361 4067 2606 4123 Domino
2639 4083 2652 4122 :
2687 4065 2787 4136 qui
2832 4081 2902 4120 ex
2948 4081 3159 4136 genere
3189 4063 3368 4119 David
3398 4080 3644 4118 carnem
3677 4081 3757 4118 as-

2105 4157 2379 4228 sumpsit.
2416 4181 2443 4205 ‹‹
2475 4158 2687 4226 :Usque
2731 4153 2789 4208 in
2837 4157 3117 4209 aeternum
3162 4152 3503 4224 praeparabo
3533 4152 3756 4223 [semen

2105 4249 2292 4301 tuum.
2330 4268 2355 4292 ››
2391 4245 2451 4299 In
2486 4242 2859 4298 credentibus
2888 4239 3178 4297 Ecclesiae.

2178 4358 2204 4383 ‹‹
2241 4337 2309 4387 Et
2363 4332 2662 4387 aediﬁcabo
2731 4330 2788 4384 in
2865 4329 3260 4401 generatione,
3317 4332 3375 4384 et
3434 4329 3759 4402 generatio-

2107 4439 2239 4480 nem
2301 4423 2498 4478 sedem
2562 4424 2746 4475 tuam.
2808 4442 2834 4468 «
2894 4420 3087 4491 Ipsam
3146 4417 3464 4474 Ecclesium
3525 4418 3588 4473 in
3650 4434 3760 4490 qua

2107 4529 2362 4570 ceu'rex
2420 4509 2649 4566 sedebis
2710 4509 2767 4562 in
2827 4513 3132 4564 aeternum.
3196 4508 3412 4564 Iterum
3478 4506 3762 4579 propheta

2029 4599 2231 4665 Dait:

2179 4714 2205 4740 ‹‹
2251 4688 2699 4746 Conﬁtebuntur
2745 4685 2874 4742 οωιί
2929 4684 3223 4742 mirabilia
3265 4690 3387 4741 tua.
3441 4683 3695 4740 Domine
3740 4702 3754 4738 :

2103 4779 2319 4836 etenim
2368 4777 2669 4833 veritatem
2720 4779 2884 4830 tuam
2913 4773 2973 4828 in
3021 4773 3280 4830 Ecclesia
3326 4777 3751 4828 sanctorum.»

2101 4865 2365 4941 Apostoli
2426 4865 2579 4921 enim
2638 4862 3037 4937 praedicabunt
3080 4863 3283 4919 Jesum
3330 4860 3657 4927 Christum,
3699 4867 3751 4916 et

2102 4975 2230 5030 qua:
2276 4973 2379 5028 per
2408 4971 2542 5012 eum
2602 4951 2862 5026 operaria
2917 4953 2978 5008 in
3009 4951 3461 5025 congregatione
3523 4955 3748 5006 sancto-

2102 5063 2257 5104 rum.

2177 5157 2206 5186 ‹‹
2231 5133 2518 5202 Quoniam
2545 5132 2678 5205 quis
2703 5129 2763 5185 in
2785 5129 3041 5186 nubibus
3059 5129 3387 5199 aequabitur
3411 5127 3700 5184 Domino?
3715 5148 3740 5176 ιο

2108 5226 2170 5280 In
2222 5221 2521 5296 prophetis
2563 5221 2785 5292 utique.
2816 5240 2838 5269 α
2893 5221 3007 5273 Aut
3057 5218 3193 5290 quis
3244 5216 3456 5274 similis
3504 5217 3618 5273 erit
3648 5220 3748 5270 Do-

2105 5314 2264 5369 mino
2296 5313 2352 5366 in
2387 5309 2524 5366 ﬁliis
2574 5308 2721 5364 Dei?
2753 5332 2779 5357 »
2833 5307 3003 5364 Multi
3035 5311 3176 5364 sunt
3205 5306 3311 5363 ﬁlii
3342 5307 3442 5364 Dei
3477 5322 3580 5379 per
3607 5305 3744 5362 ado-

2105 5402 2363 5476 ptionem
2399 5418 2411 5456 :
2447 5399 2547 5455 sed
2585 5397 2788 5454 nullus
2838 5396 3138 5468 unigenito
3170 5395 3312 5454 Filio
3343 5411 3477 5452 vero
3508 5396 3625 5453 Deo
3658 5410 3748 5467 po-

2105 5495 2224 5547 test
2253 5486 2588 5545 assimilari.

2180 5604 2208 5631 ‹‹
2241 5579 2417 5648 Deus,
2449 5577 2550 5650 qui
2582 5575 2942 5650 gloriﬁcatur
2969 5575 3031 5631 in
3061 5574 3304 5632 consilio
3335 5578 3690 5632 sanctorum.
3713 5591 3739 5620 ιι

2107 5669 2439 5730 Paracletus
2470 5665 2711 5734 scilicet,
2735 5664 2837 5740 qui
2866 5665 2926 5724 in
2957 5664 3407 5740 congregatione
3433 5661 3741 5739 apostolica
