3976 6188
195 363 380 424 H53
445 411 447 414 .

1399 357 1896 432 BREVIARIUM
1941 369 2018 430 lN
2061 369 2448 434 PSALMOS.

3465 394 3620 454 “54

195 494 560 555 adorandus
607 499 752 564 erat,
785 495 1026 568 aequalis
1073 513 1203 553 esse
1245 499 1399 554 Patri
1449 501 1514 555 ac
1543 501 1682 557 Filio
1714 518 1862 574 prae:
1892 505 1945 570 Α
1974 507 2130 571 Jesu,
2163 508 2218 559 et
2266 506 2656 576 sacerdotum,
2685 507 2914 566 Jericho
2954 517 3190 587 corruit,
3226 523 3432 579 mundi
3463 525 3618 597 ﬁgu-

196 583 468 639 dicatur.
503 583 649 639 Nam
681 589 737 640 et
765 586 1046 641 Dominus
1075 586 1251 641 Jesus
1292 586 1564 643 Christus
1595 606 1728 644 cum
1761 590 1864 646 Pa-

195 677 294 726 tre
339 676 402 726 et
448 671 666 743 Spiritu
715 677 939 740 sancto,
972 692 1090 729 una
1119 675 1388 731 subsistit
1419 677 1863 750 omnipotentia.

197 783 227 809 ‹‹
267 760 534 833 Magnus
563 765 621 815 et
647 762 974 818 horrendus
1020 779 1196 836 super
1244 780 1448 820 omnes
1495 766 1595 836 qui
1647 767 1706 821 in
1754 767 1865 821 cir-

195 849 380 906 cuitu
409 851 538 922 ejus
569 855 728 906 sunt.
765 874 793 900 »
826 853 932 916 Qui
962 853 1013 908 ei
1046 869 1147 924 per
1174 853 1569 910 innocentiam
1603 855 1730 912 vitae
1764 873 1864 927 ap-

194 938 613 1011 propinquare
651 949 1009 997 meruerunt.

282 1068 315 1096 ‹‹
353 1045 593 1101 Domine
644 1051 794 1102 Deus
847 1047 1153 1119 virtutum,
1203 1049 1338 1121 quis
1386 1049 1598 1106 similis
1648 1051 1804 1106 tibi?
1838 1075 1866 1101 ››

195 1135 487 1190 Potentia
523 1141 581 1190 et
625 1135 860 1191 virtute.
915 1159 942 1186 «
979 1137 1188 1193 Potens
1216 1155 1298 1206 es,
1332 1139 1597 1207 Domine,
1630 1145 1689 1195 et
1719 1140 1867 1195 veri-

194 1229 295 1278 tas
333 1227 440 1277 tua
467 1223 526 1277 in
558 1223 802 1279 circuitu
831 1229 951 1280 tuo.
991 1248 1018 1275 »
1067 1225 1135 1280 Hi
1165 1227 1237 1281 de
1267 1228 1486 1298 quibus
1515 1228 1640 1300 ipse
1672 1230 1772 1300 qui
1804 1245 1866 1284 es

194 1311 450 1380 veritas,
482 1312 562 1367 ait
589 1329 602 1366 :
636 1318 820 1382 Pater,
854 1315 995 1380 volo,
1028 1319 1088 1370 ut
1115 1315 1212 1370 ubi
1240 1332 1336 1384 ego
1363 1332 1508 1387 sum,
1541 1322 1590 1372 et
1620 1318 1727 1389 ipsi
1755 1321 1870 1374 sint

195 1416 424 1455 mecum
452 1400 627 1472 (Joan.
658 1419 800 1464 xvu,
829 1403 948 1473 24).

274 1528 305 1557 ‹‹
341 1508 437 1562 Tu
472 1507 867 1563 dominaberis
900 1511 1171 1580 potestati
1203 1511 1405 1572 maris.
1438 1531 1464 1562 η
1523 1512 1712 1583 Hujus
1760 1529 1864 1568 sae-

194 1595 322 1652 culi
375 1596 785 1667 potestatibus.
839 1620 867 1647 «
901 1598 1124 1654 Motum
1175 1604 1369 1656 autem
1418 1600 1703 1656 ﬂuctuum
1737 1603 1865 1671 ejus

196 1689 263 1740 tu
300 1685 570 1756 mitigas.
609 1707 630 1734 »
685 1685 1063 1742 Tentationes
1107 1704 1256 1760 quas
1288 1694 1648 1746 commovent
1681 1689 1865 1745 servis

197 1775 352 1829 tuis.

275 1886 305 1912 ‹‹
343 1864 441 1919 Tu
471 1862 798 1918 humiliasti
846 1864 1001 1920 sicut
1037 1863 1408 1921 vulneratum
1458 1867 1800 1938 superbum.
1834 1890 1862 1918 »
1896 1873 1945 1937 Β
1977 1862 2179 1941 carnis
2231 1889 2451 1960 utique,

197 1950 548 2020 Diabolum,
580 1953 680 2023 qui
728 1951 904 2008 clavis
943 1953 1134 2008 crucis
1174 1959 1284 2009 tua:
1316 1956 1636 2024 sauciatus,
1668 1955 1864 2011 humi-

196 2039 394 2096 liatus
425 2044 514 2096 est
541 2040 601 2094 in
634 2040 857 2112 spoliis.
891 2065 921 2092 «
950 2043 1038 2097 Tu
1068 2042 1127 2096 in
1158 2043 1369 2098 virtute
1401 2044 1624 2098 brachii
1645 2043 1727 2098 tui
1752 2045 1868 2100 dis-

199 2129 450 2202 persisti
481 2129 753 2184 inimicos
781 2133 935 2185 tuos.
970 2153 992 2182 ι
1037 2129 1328 2186 Satellites
1357 2132 1507 2203 ejus.

277 2257 307 2285 ‹‹
345 2235 459 2291 Tui
489 2238 634 2289 sunt
661 2234 811 2305 caeli,
843 2240 898 2290 et
928 2239 1030 2291 tua
1061 2240 1149 2291 est
1177 2240 1351 2293 terra.
1389 2259 1416 2286 »
1466 2237 1728 2310 Apostoli
1777 2237 1865 2294 vel

197 2322 431 2395 reliqui
461 2322 650 2378 sancti
679 2341 691 2378 :
726 2322 826 2395 qui
858 2323 917 2377 in
947 2324 1119 2379 terris
1146 2324 1340 2396 positi,
1365 2326 1654 2382 caelestem
1686 2327 1864 2382 vitam

199 2415 424 2484 agunt.
476 2434 503 2460 ‹‹
537 2411 747 2466 Orbem
778 2417 1068 2469 terrarum
1100 2417 1156 2468 et
1195 2413 1614 2486 plenitudinem
1647 2415 1774 2486 ejus
1805 2420 1868 2470 tu

202 2499 503 2555 fundasti.
531 2520 559 2549 »
590 2500 756 2558 Haud
780 2500 1028 2556 dubium
1055 2507 1147 2558 est
1176 2501 1355 2574 hujus
1385 2505 1591 2559 mundi
1624 2504 1868 2576 plenitu-

201 2589 417 2643 dinem
451 2605 486 2642 a
513 2593 570 2644 te
600 2593 985 2661 procreatam.
1021 2590 1131 2646 Sed
1165 2597 1222 2646 et
1251 2592 1413 2648 illam
1461 2593 1720 2648 vivorum
1753 2599 1864 2649 ter-

201 2694 365 2744 ram,
400 2677 459 2731 in
491 2693 610 2748 qua
639 2677 941 2749 plenitudo
973 2680 1323 2752 sanctitatis,
1355 2687 1411 2737 te
1444 2683 1865 2750 introducente,

203 2753 593 2832 inhabitabit,
623 2771 686 2821 tu
710 2769 1051 2840 praeparasti
1073 2768 1269 2825 electis
1289 2771 1428 2826 tuis.
1468 2796 1488 2821 ει
1517 2771 1867 2843 Aquilonem

203 2859 266 2912 et
298 2869 468 2911 mare
487 2859 551 2908 tu
573 2855 802 2911 creasti.
830 2877 858 2907 »
905 2857 1118 2929 Aquilo
1160 2859 1554 2916 Antichristus
1599 2861 1872 2933 intelligi-

207 2948 332 3000 tur.
368 2942 454 2998 De
486 2960 602 3015 quo
641 2944 722 2999 ait
763 2949 910 3000 Deus
958 2946 1030 3000 ad
1079 2946 1393 3003 Jeremiam
1431 2965 1442 3003 :
1494 2950 1570 3004 Ab
1617 2952 1872 3022 aquilone

206 3032 498 3106 pandetur
551 3033 760 3088 malum
811 3049 974 3105 super
1037 3039 1256 3092 cunctos
1322 3037 1654 3094 habitatores
1706 3048 1873 3096 terrm

208 3123 444 3194 (Jerem.
480 3138 518 3191 1,
555 3122 663 3192 14).

279 3251 309 3278 ‹‹
342 3227 606 3295 Thabor,
640 3231 697 3283 et
751 3227 1004 3284 Harmon
1063 3229 1122 3283 in
1183 3230 1420 3287 nomine
1467 3237 1568 3287 tuo
1616 3235 1870 3290 exsulta-

1999 3227 2220 3306 ‘ormam
2270 3255 2414 3307 servi
2453 3257 2657 3326 accepit
2701 3259 2945 3330 (Philpp.
2982 3227 3053 3328 11,7

205 3317 384 3372 bunt.
428 3339 456 3366 »
513 3317 730 3383 Hermo,
763 3316 1026 3389 inquam,
1073 3320 1362 3375 anathema
1408 3321 1867 3394 interpretatur:

210 3407 374 3462 sicut
412 3405 473 3460 in
509 3406 961 3478 quadragesimo
994 3407 1182 3479 primo
1212 3410 1591 3481 exposuimus
1622 3413 1868 3483 psalmo.

213 3494 432 3551 Thabor
479 3510 613 3550 vero
666 3496 888 3550 veniens
934 3497 1138 3565 tamen,
1171 3496 1258 3552 vel
1306 3498 1498 3554 veniat
1538 3499 1656 3556 lux.
1694 3501 1875 3574 Igitur

211 3583 328 3639 iste
361 3585 465 3656 qui
513 3583 600 3639 vel
646 3584 921 3656 optativa,
954 3583 1037 3640 vel
1072 3586 1409 3660 prophetica
1440 3589 1709 3645 advenire
1740 3608 1874 3662 pro-

211 3673 529 3728 nuntiatur
557 3672 779 3741 lumen,
812 3673 994 3729 Vetus
1037 3674 1384 3748 intelligitur
1412 3678 1872 3734 Testamentum.

213 3748 322 3817 Ille
373 3779 510 3816 vero
560 3762 660 3833 qui
715 3763 1049 3834 anathema,
1083 3764 1137 3818 id
1181 3771 1269 3820 est
1299 3767 1708 3838 perditionem,
1743 3787 1875 3840 pro-

217 3851 356 3906 fert.
386 3849 612 3904 Novum
635 3850 1070 3906 Testamentum
1104 3855 1380 3921 ostendit,
1404 3856 1461 3909 in
1495 3872 1611 3926 quo
1644 3862 1877 3928 peccata

220 3937 713 4014 anathematizari
768 3940 1073 4008 jubcntur,
1132 3941 1360 3997 dicente
1411 3943 1707 4001 Domino:
1757 3946 1880 4002 Nisi

214 4028 611 4099 paenitentiam
640 4029 885 4096 egeritis,
918 4044 1105 4084 omnes
1129 4032 1394 4086 similiter
1418 4035 1675 4104 peribitis
1724 4039 1874 4107 (Luc.

219 4134 351 4188 xm,
387 4117 465 4186 3).
517 4116 823 4172 Exsultent
853 4134 988 4189 ergo
1019 4120 1192 4175 ambo
1222 4119 1280 4174 in
1313 4123 1548 4178 nomine
1598 4125 1825 4180 Domini
1859 4142 1872 4180 :

223 4222 363 4260 cum
394 4203 484 4260 vel
515 4204 610 4260 ille
640 4205 837 4262 lumen
871 4207 1075 4262 mundi
1105 4209 1300 4265 venire
1341 4211 1694 4268 vaticinatur
1727 4230 1739 4268 :
1789 4214 1876 4268 vel

221 4294 336 4350 iste
367 4310 505 4348 eum
536 4293 594 4348 in
624 4295 751 4366 ipso
782 4297 1002 4352 mundo
1026 4298 1151 4368 jam
1184 4297 1396 4368 lucere,
1431 4301 1618 4373 signis
1647 4302 1875 4357 virtuti-

221 4382 458 4453 busque
481 4381 862 4438 demonstrat.
899 4406 926 4434 «
949 4386 1141 4441 Tuum
1171 4387 1478 4444 brachium
1504 4406 1638 4445 cum
1672 4395 1875 4462 poten-

222 4470 329 4526 tia.
366 4493 394 4520 ››
431 4469 732 4525 Fortitudo
763 4475 866 4526 tua
892 4489 1024 4527 cum
1056 4491 1124 4529 ea
1153 4491 1279 4546 qua:
1312 4477 1585 4547 volueris,
1619 4479 1879 4536 efﬁcacia

230 4559 589 4632 praevalebit.

301 4690 329 4717 ‹‹
365 4667 661 4730 Firmetur
713 4684 924 4724 manus
983 4673 1104 4724 tua.
1165 4670 1352 4741 Opera
1416 4689 1548 4744 quae
1611 4675 1753 4731 facis
1819 4677 1878 4732 in

233 4757 479 4812 mundo.
513 4757 582 4810 Et
612 4759 895 4814 exaltetur
923 4759 1155 4816 dextera
1198 4763 1317 4815 tua.
1353 4783 1382 4810 »
1437 4762 1710 4833 Majestas
1757 4769 1880 4837 tua,

229 4844 317 4900 vel
366 4845 627 4901 Ecclesia
682 4847 740 4901 in
799 4847 1073 4919 gentibus
1122 4849 1428 4920 acquisita.
1482 4874 1509 4901 «
1541 4851 1778 4908 Justitia
1825 4859 1883 4909 et

222 4933 520 5002 judicium
571 4935 914 5008 praeparatio
947 4937 1105 4993 sedis
1147 4942 1280 4993 tuae.
1317 4962 1344 4988 ››
1396 4939 1516 4995 Nisi
1568 4942 1668 5012 qui
1717 4943 1879 5013 prius

224 5021 524 5091 justitiam
574 5025 985 5098 judiciumque
1041 5026 1257 5094 fecerit,
1309 5044 1421 5083 non
1481 5033 1672 5101 potest
1729 5032 1879 5088 efﬁci

233 5110 402 5166 sedes
444 5116 565 5166 tua.

306 5221 334 5247 ‹‹
379 5199 776 5257 Misericordia
849 5207 906 5258 et
977 5203 1189 5259 veritas
1265 5207 1599 5277 praecedunt
1673 5209 1877 5265 faciem

239 5290 421 5344 tuam.
464 5311 485 5336 ι
538 5288 645 5344 Ubi
694 5290 851 5346 enim
903 5291 1306 5349 misericordia
1353 5311 1419 5350 ac
1455 5297 1670 5353 veritas
1700 5297 1878 5354 comi-

238 5378 454 5449 tantur,
500 5377 619 5433 illic
667 5383 725 5433 et
771 5379 1049 5452 inspectio
1108 5380 1274 5437 faciei
1332 5387 1443 5439 tua:
1501 5387 1876 5443 convertitur.

244 5485 271 5512 «
302 5469 514 5522 Beatus
555 5466 806 5539 populus
849 5469 947 5540 qui
998 5470 1112 5526 scit
1149 5470 1587 5542 jubilationem.
1622 5497 1651 5523 »
1699 5476 1878 5547 Spiri-

241 5555 454 5611 tualem
488 5556 693 5628 utique
735 5556 1171 5630 jubilationem,
1201 5575 1305 5631 per
1332 5577 1510 5632 quam
1543 5563 1746 5618 mundi
1781 5581 1879 5619 ne-

241 5643 436 5720 quitiae
461 5643 848 5734 collidentur:
882 5645 1033 5704 sicut
1057 5648 1350 5720 quondam
1375 5650 1446 5707 ad
1466 5651 1878 5724 jubilationem

1978 609 2101 647 ram
2133 596 2338 648 tenens
2367 595 2565 660 (Iosue.
2596 611 2674 667 vr,
2705 597 2820 668 20).

2051 723 2070 747 ει
2106 700 2368 761 Domine.
2402 701 2461 754 in
2490 700 2712 758 lumine
2755 704 2950 762 vultus
3002 711 3086 764 tui
3144 715 3552 776 ambulabunt.
3589 745 3618 771 »

1976 791 2036 841 In
2087 787 2516 844 illuminatione
2574 792 2774 864 utique
2827 795 3080 867 Spiritus
3129 805 3336 859 sancti.
3396 829 3424 856 ι(
3455 808 3522 862 Et
3561 810 3619 864 in

1976 877 2212 933 nomine
2243 884 2343 933 tuo
2373 879 2752 936 exsultabunt
2779 888 2899 939 tota
2930 886 3042 941 die.
3082 910 3107 936 ››
3161 890 3222 944 In
3256 895 3490 951 nomine
3521 897 3620 954 illo

1977 983 2121 1022 novo
2174 968 2324 1038 quod
2378 968 2740 1024 benedicitur
2787 972 2844 1026 in
2894 977 3085 1043 terris,
3124 977 3174 1032 id
3219 985 3308 1034 est
3341 982 3623 1040 Christia-

1979 1071 2051 1109 no
2120 1079 2147 1105 «
2182 1060 2247 1109 Et
2275 1056 2333 1110 in
2369 1058 2728 1127 tuajustitia
2759 1060 3187 1121 exaltabuntur.
3223 1093 3244 1120 ι
3299 1073 3622 1142 Sequentes

1977 1147 2152 1213 atque
2181 1144 2574 1200 custodientes
2607 1161 2757 1202 eam.

2057 1267 2076 1296 α
2104 1248 2387 1312 Quoniam
2419 1249 2608 1321 gloria
2650 1255 2882 1311 virtutis
2932 1274 3132 1315 eorum
3178 1266 3239 1317 tu
3274 1281 3354 1320 es.
3395 1290 3422 1315 ››
3474 1269 3533 1323 In
3567 1273 3624 1324 te

1977 1335 2132 1391 enim
2164 1336 2507 1407 gloriantur,
2539 1343 2596 1394 et
2627 1359 2740 1396 non
2775 1343 2832 1398 in
2866 1345 2999 1401 alio.
3054 1372 3081 1399 ‹‹
3119 1351 3187 1404 Et
3236 1351 3293 1407 in
3347 1355 3624 1429 benepla-

1977 1424 2091 1479 cito
2121 1429 2221 1480 tuo
2252 1425 2603 1481 exaltabitur
2631 1446 2807 1485 cornu
2843 1439 3135 1493 nostrum.
3171 1463 3194 1491 ι
3252 1441 3417 1498 Sicut
3464 1424 3621 1502 enim

1976 1513 2059 1568 eis
2116 1515 2476 1586 beneplacita
2540 1518 2777 1574 fuerunt
2835 1531 3117 1596 praecepta
3184 1535 3306 1599 tua,
3369 1533 3449 1588 ita
3516 1536 3624 1593 tibi

1976 1602 2402 1674 beneplacitum
2460 1611 2567 1674 est,
2621 1612 2685 1663 ut
2738 1609 2794 1663 in
2850 1615 2905 1666 te
2953 1614 3240 1672 exaltetur
3292 1620 3476 1677 virtus
3527 1640 3621 1679 eo-

1979 1707 2129 1746 rum.

2049 1819 2077 1848 «
2118 1799 2399 1864 Quoniam
2473 1803 2694 1858 Domini
2763 1811 2853 1861 est
2926 1812 3252 1883 assumptio
3320 1822 3537 1873 nostra.
3593 1843 3621 1869 »

2504 1915 2529 1939 ‹‹
2565 1891 2633 1945 Et
2679 1897 2865 1948 sancti
2921 1899 3094 1954 Israel
3149 1904 3302 1974 regis
3353 1908 3554 1964 nostri.
3592 1932 3620 1958 »

1977 1976 2165 2047 Ipsius
2214 1976 2442 2032 Domini
2495 1981 2677 2035 nostri
2723 1981 2859 2038 Jesu
2913 1985 3148 2057 Christi,
3185 1992 3282 2062 qui
3328 1993 3386 2048 in
3420 1996 3620 2052 Eccle-

1975 2064 2063 2119 sia
2092 2070 2316 2136 regnat.
2350 2065 2494 2122 Hinc
2533 2070 2744 2125 iterum
2794 2074 3075 2144 propheta
3129 2081 3200 2132 ad
3251 2083 3476 2138 Patrem
3535 2084 3617 2140 lo-

1976 2149 2180 2220 quitur
2207 2168 2220 2206 :

2052 2281 2079 2307 ‹‹
2113 2259 2276 2313 Tunc
2324 2258 2557 2316 locutus
2634 2279 2696 2319 es
2746 2264 2804 2320 in
2864 2266 3081 2325 visione
3141 2276 3357 2329 sanctis
3417 2277 3554 2333 tuis.
3588 2300 3614 2331 ν

1980 2346 2301 2417 Prophetis,
2336 2347 2692 2422 reliquisque
2741 2352 2960 2412 electis.
3024 2380 3044 2408 ι
3081 2360 3149 2415 Et
3199 2362 3415 2432 dixisti,
3449 2370 3619 2438 posui

1979 2435 2358 2506 adjutorium.
2392 2459 2421 2487 ››
2463 2439 2680 2511 Populo
2711 2442 2951 2500 scilicet.
2985 2469 3013 2496 «
3049 2452 3111 2502 In
3145 2435 3468 2520 potentem:
3493 2477 3520 2504 »
3559 2457 3619 2510 Id

1978 2528 2067 2579 est
2114 2541 2290 2595 super
2347 2527 2666 2599 diabolum,
2715 2531 2812 2602 qui
2873 2535 3228 2606 Opprimeret
3285 2543 3619 2612 superbiam

2003 2613 2124 2681 :jus.
2198 2634 2226 2662 ‹‹
2275 2614 2340 2668 Et
2405 2616 2648 2672 exaltavi
2717 2619 2964 2678 electum
3034 2626 3103 2681 de
3168 2627 3334 2699 plebe
3397 2649 3544 2688 mea.
3597 2658 3617 2683 ιι

1978 2701 2273 2794 Christum
2308 2704 2641 2762 Dominum.
2677 2709 2780 2773 Qui
2816 2717 3116 2783 propterea
3146 2715 3362 2773 electus
3402 2721 3473 2776 de
3521 2740 3622 2794 po-

1979 2789 2116 2861 pulo
2147 2790 2382 2858 dicitur,
2414 2794 2552 2864 quia
2593 2811 2828 2853 carnem
2879 2803 3205 2873 assumpsit
3250 2822 3318 2860 cx
3365 2789 3621 2867 homine.

2052 2919 2080 2944 «
2116 2897 2311 2952 Iuveni
2347 2899 2518 2952 David
2552 2916 2782 2957 servum
2829 2920 3047 2961 meum.
3082 2933 3104 2958 υ
3161 2910 3384 2966 Invenit
3436 2929 3570 2969 eum
3608 2935 3620 2972 :

1981 2983 2156 3055 elegit
2182 2987 2406 3056 utique,
2431 2991 2496 3042 ut
2523 3004 2592 3042 ex
2619 2990 2746 3059 ejus
2776 3007 2988 3063 genere
3012 3006 3342 3054 assumeret
3363 3017 3620 3059 carnem.

1982 3074 2145 3137 Quod
2179 3077 2373 3129 autem
2404 3076 2504 3146 ait,
2535 3093 2772 3144 servum,
2801 3083 3114 3152 Apostolus
3142 3087 3416 3159 explanat
3447 3107 3460 3147 :
3495 3097 3622 3149 Non

1982 3164 2252 3232 rapinam
2279 3163 2585 3220 arbitratus
2632 3176 2711 3224 est
2752 3186 2872 3225 esse
2917 3187 2973 3226 se
3013 3177 3283 3245 (aequalem
3329 3180 3434 3235 Deo
3465 3199 3484 3235 :
3535 3182 3630 3237 sed

3115 3265 3146 3332 ).
3203 3288 3230 3315 α
3262 3265 3398 3323 Oleo
3429 3275 3630 3325 sancto

1982 3356 2111 3394 meo
2146 3340 2281 3394 unxi
2313 3356 2468 3396 eum.
2505 3365 2533 3390 »
2574 3343 2698 3400 Non
2731 3346 2884 3402 tristi
2915 3354 2970 3404 et
2999 3356 3292 3424 corrupto,
3326 3357 3426 3411 sed
3460 3357 3630 3428 pleno

1983 3428 2183 3484 laetitia
2211 3435 2267 3484 et
2303 3431 2632 3488 sanctitate.

2055 3558 2082 3584 ‹‹
2119 3536 2324 3590 Manus
2353 3536 2510 3592 enim
2544 3555 2673 3594 mea
2704 3541 3080 3600 auxiliabitur
3106 3546 3156 3601 ei
3193 3565 3205 3601 :
3237 3553 3293 3603 et
3321 3549 3627 3608 brachium

1986 3639 2179 3678 meum
2212 3624 2564 3681 confortabit
2593 3644 2747 3684 eum.
2785 3653 2812 3678 ››
2869 3633 2929 3686 In
2962 3641 3267 3707 assumpto
3296 3654 3554 3711 corpore.

2058 3753 2083 3778 ‹‹
2118 3729 2272 3785 Nihil
2305 3732 2566 3804 proficiet
2595 3735 2872 3792 inimicus
2904 3739 2960 3793 in
2992 3756 3079 3795 eo.
3118 3764 3146 3789 »
3201 3742 3479 3802 Diabolus
3511 3747 3631 3803 sci-

1985 3819 2138 3874 licet.
2197 3841 2218 3867 ‹‹
2254 3820 2323 3896 Et
2369 3821 2526 3878 {ilius
2580 3823 2907 3896 iniquitatis
2959 3846 3072 3885 non
3128 3839 3382 3904 apponet
3427 3853 3631 3892 nocere

1986 3909 2057 3962 ei.
2096 3931 2116 3957 ι
2174 3909 2358 3965 Judas
2387 3911 2653 3993 traditor,
2689 3915 2788 3986 qui
2819 3917 3025 3973 merito
3069 3919 3225 3974 ﬁlius
3274 3922 3629 3993 iniquitatis,

1987 3997 2041 4050 id
2077 4000 2165 4050 est
2194 3997 2430 4067 diaboli,
2457 3991 2680 4056 dicitur
2713 4020 2724 4056 :
2775 4005 2914 4075 quia
2957 4007 3225 4063 diabolus
3279 3991 3514 4065 intravit

1988 4101 2085 4139 cor
2114 4086 2261 4156 ejus,
2299 4092 2358 4141 ut
2407 4089 2663 4144 traderet
2706 4092 3023 4148 Christum.

2060 4217 2086 4242 ‹‹
2123 4193 2188 4247 Et
2219 4194 2591 4250 conscindam
2625 4213 2659 4250 a
2699 4197 2843 4252 facie
2874 4198 3058 4269 ipsius
3104 4201 3372 4259 inimicos
3418 4205 3564 4275 ejus.
3600 4229 3628 4258 »

1986 4283 2219 4338 Judaeos
2251 4284 2472 4354 utique,
2506 4285 2606 4355 qui
2655 4302 2806 4356 saepe
2857 4304 2890 4341 a
2938 4287 3184 4345 Domino
3235 4293 3461 4349 confusi
3495 4299 3632 4350 tan-

1989 4387 2163 4441 quam
2215 4371 2495 4427 conscissi
2549 4371 2782 4444 gladiis,
2816 4376 3192 4434 discedebant
3238 4398 3270 4436 a
3315 4389 3631 4456 conspectu

1988 4461 2134 4530 ejus.
2187 4483 2212 4509 ‹‹
2250 4464 2314 4514 Et
2344 4460 2646 4515 audientes
2675 4478 2808 4517 eum
2855 4464 2912 4518 in
2964 4465 3160 4539 fugam
3210 4476 3566 4527 convertam.
3604 4495 3633 4522 ››

1989 4552 2067 4602 De
2095 4548 2458 4604 daemonibus
2490 4549 2630 4604 dicit
2657 4551 2878 4623 iniquis
2905 4571 2916 4608 :
2962 4556 3061 4626 qui
3093 4573 3288 4614 coram
3319 4577 3387 4615 co
3418 4561 3633 4633 saepius

1909 4606 1956 4670 Β
1989 4636 2313 4709 fugiebant,
2371 4637 2692 4696 clamantes
2731 4606 2942 4712 :‘Quid
2969 4606 3194 4702 1venisti
3245 4658 3374 4704 ante
3427 4606 3635 4722 tempus

1991 4729 2246 4795 torquere
2290 4742 2387 4781 nos
2407 4729 2432 4780 .9
2477 4727 2693 4784 Scimus
2737 4733 2867 4802 quia
2899 4741 2959 4787 tu
2985 4749 3042 4789 es
3072 4736 3246 4792 Filius
3277 4737 3374 4793 Dei
3417 4738 3632 4809 (Matth.

1989 4831 2110 4884 vm,
2141 4814 2257 4884 29).
2311 4857 2318 4864 .

2061 4944 2089 4970 «
2123 4920 2188 4975 Et
2216 4919 2427 4976 veritas
2459 4939 2605 4990 mea,
2639 4928 2696 4980 et
2727 4927 3126 4985 misericordia
3155 4948 3284 4988 mea
3313 4949 3448 4990 cum
3479 4935 3628 5007 ipso.

1988 5009 2296 5076 Veritas,»
2347 5011 2486 5080 quia
2532 5028 2598 5066 ea
2646 5030 2771 5084 quae
2823 5033 2856 5070 ει
2905 5033 2997 5072 me
3055 5020 3292 5088 audivit,
3351 5021 3630 5094 loquitur.

1994 5122 2020 5149 «
2054 5098 2498 5154 Misericordia»
2531 5102 2668 5172 quia
2697 5109 2866 5160 sanat
2896 5105 3181 5179 infirmos,
3206 5114 3323 5165 tam
3358 5111 3417 5165 in
3444 5117 3636 5168 mente

1991 5204 2167 5257 quam
2201 5187 2259 5241 in
2291 5203 2548 5260 corpore.
2601 5213 2629 5240 «
2666 5191 2731 5245 Et
2763 5192 2820 5246 in
2856 5195 3091 5250 nomine
3123 5213 3251 5253 meo
3282 5199 3634 5257 exaltabitur

1991 5292 2169 5330 cornu
2201 5277 2350 5347 ejus.
2398 5301 2426 5326 ‹‹
2462 5278 2760 5335 Fortitudo
2792 5281 3056 5338 Ecclesiae
3087 5287 3373 5358 sanguine
3404 5305 3513 5345 suo
3544 5305 3632 5345 re-

1991 5365 2120 5420 dem
2127 5368 2258 5436 pta.

2062 5496 2090 5523 «
2125 5473 2194 5527 Et
2224 5488 2435 5544 ponam
2469 5472 2527 5526 in
2569 5474 2712 5528 mari
2764 5493 3003 5534 manum
3053 5482 3200 5550 eius.
3238 5504 3266 5530 ››
3316 5482 3631 5538 Ostendam

1990 5579 2159 5635 opera
2216 5561 2345 5631 ejus
2395 5561 2633 5616 mundo.
2689 5587 2718 5614 ‹‹
2750 5565 2818 5620 Et
2862 5566 2920 5622 in
2962 5567 3305 5627 ﬂuminibus
3334 5571 3630 5628 dexteram

1989 5652 2136 5724 ejus.
2168 5669 2196 5703 ι»
2248 5650 2437 5722 Super
2477 5649 2838 5726 principatus
2867 5659 2923 5712 et
2950 5661 3265 5731 potestate
3295 5658 3521 5725 mundi.
