3976 6188
286 373 445 438 “55

1777 345 2199 409 APPENDIX.

3533 343 3701 405 1156

363 530 392 558 ‹‹
424 505 554 577 Ipse
571 496 862 558 invocabit
877 508 992 561 me,
1006 492 1177 546 Pater
1201 501 1368 544 meus
1389 501 1452 541 es
1476 487 1570 539 tu:
1592 486 1742 539 Deus
1765 497 1932 537 meus
1962 485 2018 550 Α
2117 504 2146 533 ‹‹
2176 482 2554 554 Diripuerunt
2584 496 2720 538 eum
2767 493 2970 536 omnes
3025 480 3400 534 transeuntes
3450 476 3635 532 viam.
3671 500 3698 524 ι-

291 602 349 653 et
379 567 683 664 susceptor
710 584 917 644 salutis
948 597 1110 638 meae.
1144 601 1172 629 »
1204 575 1433 648 Saepius
1463 590 1598 630 eum
1631 575 1938 628 invocasse
2043 571 2374 627 Transeunt
2401 571 2558 626 enim
2590 570 2757 624 illum
2807 569 2908 640 qui
2955 568 3101 623 dixit
3133 585 3145 623 :
3197 569 3311 636 Ego
3347 583 3467 621 sum
3497 567 3620 631 via,
3657 575 3715 620 et

290 687 518 742 Patrem
548 658 752 744 Deum,
786 675 846 730 in
875 667 1202 742 Evangeliis
1241 663 1531 737 legimus;
1591 660 1743 716 sicut
1790 658 1936 714 illud

291 779 422 831 est:
474 773 658 834 Pater,
711 762 957 831 clari/ica
1011 773 1099 812 me
1154 754 1304 826 apud
1356 751 1702 821 temetipsum
1748 748 1934 818 (Joan.

289 879 428 928 xvu,
460 861 536 930 5).
582 857 652 912 Et
695 853 954 908 iterum:
1010 849 1194 912 Pater,
1247 844 1308 898 in
1363 855 1562 895 manus
1618 846 1738 893 tuas
1791 852 1935 892 com-

539 944 798 1016 spiritum
849 953 1034 993 meum
1091 935 1245 1005 (Luc.
1305 946 1505 996 xxxm,
1559 928 1668 997 46),
1720 947 1750 976 ‹‹
1784 925 1939 980 Deus

291 1053 479 1095 meus.
513 1057 541 1085 »
568 1015 727 1091 Deus
757 1033 951 1084 autem
981 1027 1147 1080 vocat
1177 1036 1312 1076 cum
1347 1018 1488 1074 dicit
1521 1031 1536 1072 :
1587 1018 1751 1084 Deus,
1800 1015 1941 1069 Deus

291 1142 463 1197 meus,
520 1121 718 1193 utquid
770 1133 856 1173 me
912 1112 1262 1184 dereliquisti
1317 1108 1526 1181 (Matth.
1592 1122 1740 1171 xxvn,
1798 1103 1887 1173 46)
1913 1102 1941 1158 ‘l

291 1222 349 1274 et
376 1213 563 1271 multa
594 1209 726 1266 alia.

366 1328 394 1357 «
427 1304 497 1359 Et
541 1315 646 1372 ego
700 1292 1155 1368 primogenitum
1205 1302 1418 1360 ponam
1463 1283 1611 1339 illud
1648 1279 1940 1372 excelsum

293 1410 412 1466 pres
442 1369 678 1462 regibus
708 1392 891 1441 terra.
927 1405 954 1432 »
988 1382 1091 1435 Est
1121 1377 1278 1435 enim
1309 1373 1594 1430 Dominus
1624 1376 1792 1466 Jesus
1823 1369 1940 1466 pri-

295 1456 628 1553 inogenitus
684 1491 752 1530 ex
808 1469 1054 1528 mortuis
1113 1467 1337 1538 (Goloss.
1370 1480 1408 1529 1,
1459 1464 1547 1529 18)
1581 1479 1594 1517 z
1625 1460 1805 1553 _sicut
1863 1456 1945 1512 ait

292 1550 627 1642 Apostolus,
659 1561 929 1618 Excelsus
968 1559 1174 1623 factus,
1207 1553 1380 1609 ccelos
1429 1550 1752 1606 ascendens
1786 1563 1798 1602 :
1847 1563 1942 1600 re-

294 1675 411 1731 gna
440 1653 647 1712 mundi
679 1654 891 1706 cuncta
920 1645 1264 1714 subjiciens.

370 1769 392 1796 α
429 1745 492 1800 In
521 1747 801 1797 aeternum
841 1734 1082 1791 servabo
1113 1731 1198 1786 illi
1230 1726 1692 1786 misericordiam
1725 1739 1938 1792 meam,

293 1840 350 1890 et
397 1831 816 1888 testamentum
862 1839 1060 1879 meum
1111 1819 1277 1875 ﬁdele
1326 1817 1520 1890 ipsi.»
1580 1816 1643 1869 In
1693 1811 1947 1868 Ecclesia

294 1937 471 1994 quam
520 1935 622 1992 per
669 1911 1153 1981 misericordiam,
1186 1912 1242 1964 et
1279 1909 1698 1963 testamentum
1729 1918 1942 1974 praece-

295 1991 538 2085 ptorum
581 2021 824 2064 suorum
873 1999 1138 2068 redemit,
1174 1999 1296 2053 haec
1338 1996 1398 2051 in
1430 2012 1497 2051 ea
1527 1991 1946 2067 perpetualiter

297 2099 740 2157 conservantur.

373 2212 402 2242 ι(
429 2189 500 2244 Et
529 2201 743 2259 ponam
772 2182 832 2236 in
863 2177 1143 2235 saeculum
1196 2172 1393 2231 saeculi
1442 2187 1644 2227 semen
1697 2170 1848 2240 ejus,
1890 2171 1949 2222 et

300 2256 579 2334 thronum
610 2275 740 2344 ejus
771 2271 925 2326 sicut
956 2267 1081 2321 dies
1111 2265 1258 2320 cmli.
1294 2285 1321 2312 ››
1357 2258 1757 2331 Congregatio
1787 2256 1945 2312 enim

300 2371 637 2422 sanctorum
689 2376 815 2431 qua:
859 2357 920 2412 in
962 2353 1220 2409 Ecclesia
1249 2356 1358 2417 est,
1391 2351 1451 2404 in
1484 2366 1601 2421 qua
1634 2353 1787 2402 Deus
1817 2351 1945 2400 tan-

300 2469 478 2524 quam
509 2451 569 2505 in
600 2450 812 2504 throno
843 2444 1076 2512 residet,
1105 2441 1257 2496 sicut
1285 2437 1372 2494 sol
1402 2436 1647 2508 fulgebit
1677 2436 1736 2490 in
1769 2448 1946 2505 regno

304 2540 514 2596 Patris.

374 2651 402 2678 «
432 2627 492 2684 Si
514 2630 708 2682 autem
739 2619 1159 2692 dereliquerint
1179 2615 1284 2671 ﬁlii
1306 2616 1434 2686 ejus
1463 2614 1648 2685 legem
1678 2627 1889 2677 meam,
1918 2632 1945 2659 ››

300 2723 408 2773 etc.
441 2715 602 2780 Quod
634 2711 1004 2768 derelictores
1043 2706 1212 2780 legis,
1235 2705 1597 2777 judiciorum
1645 2701 1946 2766 oblitores,

298 2795 1757 2880 profanatoresjustiﬁcationum,mandatorumque
1769 2795 1955 2880 trans-

305 2876 624 2968 gressores,
657 2892 718 2946 in
763 2889 950 2961 virga,
981 2886 1037 2941 id
1068 2890 1157 2941 est
1186 2884 1245 2938 in
1277 2881 1588 2954 disciplina
1619 2878 1741 2946 Dei,
1773 2876 1948 2934 corri-

307 2965 564 3056 piantur,
587 2985 644 3036 et
665 2975 1069 3034 misericordia
1088 2973 1284 3029 divina
1303 2987 1418 3026 non
1443 2972 1739 3025 auferatur
1762 2984 1774 3021 :
1805 2965 1950 3021 illud

305 3055 651 3138 ostenditur,
685 3073 750 3124 ut
802 3065 1002 3121 nullus
1048 3063 1176 3119 sine
1224 3077 1328 3132 spe
1376 3055 1832 3131 recuperationis
1878 3055 1950 3110 ab

303 3161 561 3216 Ecclesia
589 3160 856 3214 arceatur
887 3172 899 3209 :
951 3151 1089 3224 quia
1119 3150 1272 3206 sicut
1299 3148 1578 3204 severitas
1609 3146 1807 3201 divina
1834 3149 1951 3199 ter-

2048 663 2266 727 veritas,
2298 669 2347 715 et
2392 661 2508 715 vita
2538 659 2716 732 (Joan.
2747 675 2865 725 x1v,
2908 658 2964 730 6)
2998 673 3013 714 :
3063 673 3198 712 cum
3227 654 3314 711 vel
3347 655 3714 711 vestimenta

2049 749 2176 820 ejus
2206 749 2492 816 dividunt,
2524 748 2611 804 vel
2665 763 2876 818 corpus
2927 745 3106 802 clavis
3150 749 3207 800 et
3254 760 3539 800 mucrone
3571 759 3714 798 con-

2048 837 2296 893 fodiunt.
2332 859 2360 887 «
2386 839 2595 893 Factus
2621 841 2710 892 est
2733 835 3116 908 opprobrium
3135 833 3345 889 vicinis
3369 833 3524 889 suis.
3548 852 3582 884 ι
3608 831 3714 887 Ju-

2048 926 2208 993 daeis,
2245 942 2310 981 ac
2361 925 2723 997 principibus
2777 923 3168 992 sacerdotum,
3221 923 3321 994 qui
3371 922 3711 978 dicebant:

2053 1017 2200 1073 Vah!
2231 1017 2329 1085 qui
2373 1015 2686 1070 destruebas
2737 1014 3001 1085 templum
3043 1014 3159 1080 Dei,
3191 1021 3244 1067 et
3283 1016 3406 1083 post
3450 1011 3714 1066 triduum

2046 1105 2357 1176 reaediﬁcas
2404 1104 2594 1161 illud:
2647 1102 2907 1160 descende
2958 1103 3024 1158 de
3071 1118 3232 1158 cruce
3275 1101 3492 1172 (Matth.
3523 1117 3721 1169 mn,

2047 1194 2160 1265 4ο).

2126 1304 2155 1334 ‹‹
2183 1282 2462 1340 Exaltasti
2495 1283 2792 1338 dexteram
2821 1279 3276 1352 deprimentium
3307 1295 3468 1336 eum.
3499 1301 3529 1330 ιι
3561 1283 3720 1336 Cum

2051 1371 2332 1427 humilias
2360 1387 2494 1426 eum
2526 1370 2584 1425 in
2618 1374 2888 1425 mortem.
2931 1388 2953 1417 ε
2988 1368 3318 1424 Laetiﬁcasti
3349 1385 3564 1424 omnes
3601 1371 3725 1424 ini-

2053 1461 2236 1516 mices
2266 1461 2414 1530 ejus.
2451 1482 2478 1510 »
2512 1457 2766 1514 Pilatum
2797 1474 2933 1514 cum
2963 1458 3234 1530 gentibus
3264 1461 3322 1513 et
3346 1457 3600 1514 Judaeis.

2127 1571 2156 1599 α
2184 1549 2457 1604 Avertisti
2512 1539 2872 1619 adiutorium
2916 1547 3095 1619 gladii
3143 1548 3292 1618 ejus.
3328 1569 3356 1597 »
3404 1547 3558 1604 Cum
3599 1564 3726 1604 non

2055 1638 2270 1711 profuit
2323 1637 2543 1693 Judaeis
2599 1652 2791 1692 sermo
2850 1636 3281 1708 praedicationis
3340 1636 3529 1694 illius.
3583 1662 3618 1689 α
3655 1637 3727 1693 Et

2055 1744 2169 1782 non
2201 1743 2262 1782 es
2295 1725 2611 1782 auxiliatus
2641 1726 2692 1781 ei
2725 1725 2784 1779 in
2815 1724 2988 1781 bello.
3019 1745 3047 1777 η
3099 1725 3163 1781 In
3194 1725 3468 1780 conﬂictu
3504 1726 3726 1798 utique

2055 1816 2367 1888 passionis.

2126 1929 2152 1956 «
2186 1904 2531 1962 Destruxisti
2575 1921 2710 1961 eum
2759 1905 2831 1960 ab
2879 1905 3314 1969 emundatione.
3347 1926 3377 1955 »
3439 1905 3505 1961 Si
3547 1906 3718 1963 enim

2054 1994 2292 2066 alligata
2337 1993 2548 2049 fuisset
2600 1993 2896 2050 munditia
2944 1994 3094 2064 ejus,
3127 2010 3243 2049 non
3293 1993 3505 2066 utique
3534 1995 3720 2051 vesti-

1961 2108 1964 2110 ν
2056 2087 2253 2139 menta
2276 2083 2404 2154 ejus
2426 2087 2630 2138 nostra
2651 2081 2910 2138 facinora
2933 2081 3385 2154 inquinassent:
3409 2082 3566 2138 sicut
3581 2085 3720 2155 ipse

2057 2173 2138 2229 ait
2170 2190 2182 2227 :
2231 2173 2495 2242 Aspersus
2543 2177 2625 2226 est
2670 2173 2894 2242 sanguis
2941 2187 3130 2228 eorum
3173 2188 3343 2244 super
3388 2174 3715 2228 vestimenta

2054 2278 2198 2327 mea,
2228 2265 2281 2316 et
2309 2262 2499 2317 omnia
2527 2260 2858 2318 indumenta
2894 2277 3015 2318 mea
3046 2262 3343 2333 inquinavi
3388 2263 3510 2333 (lsa.
3540 2277 3718 2329 nam,

2058 2351 2131 2422 3).
2165 2350 2310 2406 Nam
2342 2354 2400 2404 et
2427 2350 2578 2404 inter
2625 2349 2860 2421 iniquos
2907 2350 3243 2422 deputatus,
3275 2355 3336 2405 et
3367 2367 3507 2405 cum
3533 2349 3723 2406 latro-

2058 2441 2234 2495 nibus
2263 2439 2578 2494 cruciﬁxus
2607 2443 2714 2493 est.
2769 2460 2798 2489 ‹‹
2828 2439 2898 2493 Et
2929 2439 3128 2498 sedem
3159 2440 3288 2510 ejus
3319 2439 3382 2496 in
3415 2446 3573 2496 terra
3603 2439 3726 2495 col-

2058 2528 2253 2585 lisisti.
2276 2547 2302 2578 »
2340 2528 2689 2583 Sanctarum
2722 2527 2951 2584 animas
2982 2543 3159 2598 super
3178 2544 3325 2600 quas
3347 2527 3722 2600 quiescebat,

2059 2635 2187 2690 quae
2219 2616 2722 2672 conturbabantur
2749 2617 2818 2672 de
2849 2616 3013 2672 obitu
3041 2617 3192 2688 ejus.

2131 2727 2159 2756 «
2191 2705 2492 2761 Minorasti
2518 2705 2642 2762 dies
2671 2705 2953 2777 temporis
2975 2706 3124 2777 ejus.
3153 2727 3179 2753 ››
3211 2705 3347 2764 Dies
3381 2705 3548 2762 illius
3577 2714 3726 2766 sunt

2060 2793 2354 2859 diminuti,
2389 2800 2453 2848 ut
2498 2793 2752 2849 velocius
2794 2799 3076 2850 remearet
3105 2795 3176 2850 ad
3210 2794 3464 2851 Patrem.
3525 2820 3552 2846 ‹‹
3589 2797 3726 2855 Per-

2060 2884 2264 2939 fudisti
2296 2900 2429 2942 eum
2464 2882 2826 2938 confusione.
2865 2905 2885 2931 ι
2929 2883 3284 2940 Confusione
3313 2884 3529 2956 utique
3557 2902 3722 2943 mor-

2059 2972 2156 3028 tis.
2191 2971 2320 3027 Hec
2352 2971 2624 3027 dicebant
2652 2971 2920 3042 apostoli,
2954 2972 3290 3043 ignorantes
3318 2989 3458 3028 eum
3493 2991 3530 3030 a
3560 2991 3720 3031 mor-

2060 3061 2178 3117 tuis
2208 3061 2420 3116 debere
2452 3061 2772 3132 resurgere.
2824 3060 2987 3125 Quod
3020 3066 3214 3116 autem
3246 3060 3358 3116 hoc
3391 3063 3722 3133 nescirent,

2061 3149 2418 3222 evangelista
2439 3153 2878 3205 commemorat.
2903 3149 3051 3206 Nam
3085 3149 3155 3206 de
3183 3149 3396 3205 dilecto
3424 3151 3727 3222 discipulo

302 3253 410 3315 ret,
443 3250 721 3321 arguente
769 3241 997 3312 justitia
1028 3257 1042 3296 :
1095 3241 1176 3294 ita
1224 3237 1410 3309 pietas
1457 3238 1708 3307 reparat,
1752 3232 1947 3289 mode-
1980 3233 2023 3300 C
2063 3239 2180 3294 ait:
2211 3238 2467 3296 Nondum
2496 3239 2644 3293 enim
2671 3237 2872 3293 sciebat
2890 3237 3208 3310 Scripturas
3235 3257 3254 3292 :
3287 3240 3421 3310 quia
3439 3247 3730 3312 oporteret

302 3341 468 3395 rante
497 3334 826 3392 clementia.

371 3450 399 3480 ι(
432 3425 624 3482 Semel
647 3422 840 3495 juravi
873 3422 932 3476 in
963 3423 1164 3475 sancto
1196 3432 1344 3471 meo.
1377 3436 1405 3464 »
1462 3416 1522 3468 In
1564 3412 1800 3468 homine
1846 3410 1946 3466 illo

299 3517 622 3572 Dominieo.
655 3536 685 3564 α
719 3511 780 3567 Si
814 3509 987 3566 David
1023 3506 1297 3571 mentiar,
1329 3526 1356 3555 »
1391 3502 1561 3559 Nullo
1592 3501 1749 3556 enim
1781 3517 1944 3556 men-

299 3589 466 3666 dacio
495 3598 1000 3658 circumscribitur
1026 3597 1181 3651 Deus
1209 3612 1221 3650 :
1254 3594 1407 3649 sicut
1435 3592 1517 3648 ait
1546 3588 1901 3662 evangelista
1930 3605 1942 3645 :

299 3694 414 3746 Iota
460 3706 636 3745 unum
685 3691 783 3742 aut
836 3703 980 3741 unus
1025 3700 1167 3756 apem
1215 3699 1326 3739 non
1369 3681 1683 3754 praeteribit
1729 3697 1763 3734 a
1812 3681 1943 3750 lege,

300 3780 469 3836 donec
511 3779 699 3834 omnia
745 3777 900 3845 fiant,
933 3773 1148 3846 (Matth.
1184 3790 1236 3838 ν,
1271 3772 1375 3842 18).
1431 3795 1451 3820 ιι
1487 3771 1696 3826 Semen
1727 3770 1855 3839 ejus
1886 3769 1947 3822 in

302 3873 585 3926 aeternum
603 3862 921 3923 manebit.»
937 3861 1192 3932 Populus
1209 3860 1556 3930 acquisitus.
1573 3882 1600 3909 ‹‹
1616 3859 1684 3914 Et
1700 3857 1948 3913 thronus

300 3959 431 4029 ejus
461 3957 614 4014 sicut
642 3952 728 4010 sol
758 3952 816 4008 in
834 3952 1155 4028 conspectu
1179 3963 1328 4002 meo.
1363 3968 1391 3996 «
1417 3947 1610 4017 Ipsam
1631 3945 1947 4001 Ecclesiam

301 4048 363 4103 in
396 4046 656 4103 claritate
687 4044 896 4098 futurae
929 4035 1310 4095 beatitudinis
1341 4050 1704 4109 permanere,
1736 4035 1948 4088 iterum

301 4141 477 4208 atque
505 4135 721 4191 iterum
749 4128 1055 4204 promittit.
1097 4148 1124 4176 ‹‹
1157 4126 1228 4180 Et
1257 4125 1411 4180 sicut
1440 4122 1581 4178 luna
1610 4121 1862 4194 perfecta
1890 4121 1948 4176 in

302 4228 604 4279 aeternum.
640 4245 667 4271 ››
718 4221 864 4275 Tota
891 4216 1107 4283 lucida,
1140 4218 1264 4270 tota
1293 4212 1549 4285 perfecta
1581 4229 1593 4267 :
1628 4209 1710 4266 nil
1741 4211 1948 4266 obscu-

303 4312 492 4367 ritatis
523 4311 832 4366 continens
861 4309 919 4362 in
953 4322 1034 4362 se.
1069 4327 1096 4355 ‹‹
1127 4305 1195 4359 Et
1223 4302 1392 4358 testis
1425 4301 1481 4355 in
1506 4300 1648 4356 cmlo
1679 4299 1892 4357 ﬁdelis.
1919 4323 1948 4350 »

304 4399 432 4472 Ipse
480 4398 746 4467 Christus
807 4395 1110 4461 Dominus,
1161 4391 1261 4465 qui
1321 4389 1488 4446 ﬁdele
1545 4389 1950 4446 testimonium

303 4487 558 4545 reddidit
604 4487 674 4542 de
721 4501 893 4556 opere
926 4483 1109 4539 Patris
1158 4482 1217 4536 in
1269 4480 1508 4548 mundo,
1541 4479 1601 4534 in
1644 4477 1818 4534 ccelos
1865 4484 1954 4536 est

302 4575 655 4633 evehendus.
691 4574 835 4629 Hinc
865 4573 937 4628 ad
970 4572 1201 4626 Patrem
1230 4585 1338 4625 vox
1364 4568 1699 4640 apostolica.

374 4690 402 4717 ‹‹
435 4668 523 4723 Tu
554 4681 687 4721 vero
719 4659 982 4736 repulisti
1033 4663 1090 4715 et
1137 4657 1471 4731 despexisti.
1508 4680 1535 4707 »
1590 4657 1736 4722 Quia
1783 4673 1951 4730 sepa-

303 4773 506 4813 ramur
555 4773 590 4810 a
637 4769 772 4825 rege
829 4754 1049 4820 nostro,
1105 4748 1245 4802 dum
1304 4745 1546 4818 patitur.
1602 4768 1629 4797 ‹‹
1664 4746 1952 4802 Distulisti

304 4845 600 4902 Christum
633 4847 826 4898 tuum.
860 4861 887 4891 »
937 4836 1245 4892 Tradeudo
1292 4850 1427 4891 eum
1458 4834 1734 4891 inimicis.

377 4958 405 4983 ‹‹
437 4932 713 4989 Avertisti
744 4931 1164 4986 testamentum
1215 4925 1363 4980 servi
1412 4923 1582 4979 tui.»
1636 4928 1744 4980 Per
1795 4926 1950 4998 quod

306 5022 654 5094 promiserat
709 5036 816 5076 nos
875 5032 1074 5073 secum
1132 5029 1395 5086 regnare.
1432 5035 1460 5064 «
1514 5014 1837 5069 Profanasti
1889 5015 1949 5070 in

305 5116 461 5166 terra
489 5108 889 5167 sanctuarium
923 5108 1072 5178 ejus.
1104 5125 1130 5158 ιι
1189 5103 1543 5160 Promiseras
1589 5095 1742 5159 enim
1794 5105 1951 5176 quod

309 5215 426 5255 non
459 5200 630 5255 dares
662 5202 932 5255 sanctum
963 5201 1132 5252 tuum
1171 5193 1365 5258 videre
1411 5193 1864 5264 corruptionem,
1897 5199 1954 5250 et

309 5303 467 5344 nunc
490 5288 616 5357 jam
646 5287 706 5342 in
739 5285 1005 5360 sepulcro
1040 5284 1275 5356 tegitur.

382 5398 410 5427 ‹‹
443 5375 744 5431 Deduxlsti
776 5391 979 5431 omnes
1011 5389 1176 5446 sepes
1207 5372 1356 5444 ejus.
1396 5395 1417 5422 ιι
1475 5371 1664 5428 Verba
1696 5371 1864 5444 Legis
1896 5375 1954 5428 et

309 5464 730 5540 prophetarum
760 5465 820 5518 in
851 5463 1068 5535 quibus
1098 5461 1479 5518 retinebatur.
1514 5485 1541 5510 «
1574 5459 1828 5517 Posuisti
1860 5461 1954 5516 ﬁr-

307 5555 674 5612 mamentum
724 5552 851 5624 ejus
894 5551 1286 5606 formidinem.
1323 5575 1344 5604 ι
1402 5555 1519 5608 Nos
1551 5551 1653 5624 qui
1685 5568 1818 5608 eum
1849 5568 1952 5608 au-

309 5642 618 5705 diebamus
645 5658 782 5702 cum
814 5640 1049 5700 doceret
1086 5639 1310 5697 turbas.

2053 3329 2218 3383 illum
2267 3345 2302 3382 a
2347 3327 2582 3382 mortuis
2630 3342 2915 3396 resurgere
2957 3327 3137 3397 (Joan.
3170 3343 3265 3398 xx,
3297 3328 3375 3398 9).
3427 3331 3500 3383 Et
3553 3330 3728 3387 Petro

2055 3417 2223 3488 quasi
2273 3415 2656 3471 deliramenta
2702 3415 2827 3471 visa
2879 3419 3018 3471 sunt
3059 3415 3235 3472 verba
3267 3418 3727 3476 resurrectionis

2054 3506 2256 3576 hujus.
2289 3504 2546 3560 Thomas
2579 3508 2777 3559 autem
2809 3504 2892 3560 ait
2922 3521 2934 3555 :
2967 3505 3089 3559 Nisi
3119 3504 3324 3571 videro,
3351 3521 3465 3561 non
3497 3507 3726 3563 credam

2055 3593 2218 3664 (Ibid.
2268 3594 2388 3664 25).
2450 3594 2582 3648 Ideo
2638 3608 2775 3664 ergo
2827 3591 2965 3648 talia
3017 3592 3410 3666 loquebantur
3465 3597 3726 3667 apostoli

2057 3683 2225 3756 quasi
2249 3681 2664 3754 exprobrantes
2692 3681 2842 3736 Patri
2869 3698 2881 3736 :
2918 3682 3058 3752 quia
3087 3681 3444 3755 ignorabant
3471 3700 3616 3739 eum
3647 3685 3723 3742 ab

2056 3773 2282 3828 inferno
2352 3770 2562 3826 redire.
2624 3770 2728 3826 His
2796 3770 2976 3842 igitur
3041 3771 3397 3839 succedens,
3457 3773 3725 3832 Ecclesia

2057 3861 2202 3917 dicit
2235 3877 2248 3917 :

2131 3973 2157 4000 ‹‹
2193 3950 2525 4021 Usquequo,
2559 3948 2736 4018 Deus,
2769 3948 3040 4004 irasceris
3087 3949 3144 4004 in
3193 3950 3370 4005 ﬁnem
3405 3968 3419 4007 :
3469 3953 3720 4008 exarde-

2058 4043 2180 4095 scet
2209 4039 2362 4094 sicut
2391 4037 2544 4110 ignis
2595 4037 2680 4094 ira
2725 4037 2880 4092 tua?
2911 4060 2938 4087 »
2990 4038 3259 4102 Quandiu
3313 4039 3610 4107 irasceris,
3651 4048 3720 4097 ut

2059 4143 2194 4183 eum
2225 4144 2259 4182 a
2287 4131 2472 4182 morte
2504 4142 2618 4181 non
2652 4142 2882 4182 revoces
2905 4126 2934 4180 ?

2131 4239 2159 4265 «
2194 4215 2535 4282 Memorare,
2567 4215 2829 4281 Domine,
2863 4232 2988 4288 quae
3020 4216 3097 4272 sit
3126 4201 3455 4273 substantia
3486 4235 3649 4289 mea,
3686 4245 3717 4269 ιε

2061 4303 2234 4362 Nulla
2264 4303 2409 4358 mihi
2439 4307 2528 4359 est
2555 4303 2683 4359 vitae
2715 4303 3066 4375 substantia,
3099 4304 3214 4360 nisi
3262 4305 3320 4360 in
3365 4321 3504 4361 eum
3535 4323 3715 4379 quem

2062 4391 2360 4466 praestoler
2387 4392 2596 4448 reverti
2627 4393 2698 4448 de
2728 4396 2966 4448 tartaro.
3001 4416 3029 4443 ‹‹
3052 4393 3348 4465 Numquid
3374 4395 3534 4450 enim
3567 4412 3716 4452 vane

2060 4481 2414 4538 constituisti
2443 4496 2648 4536 omnes
2675 4480 2824 4537 ﬁlios
2856 4481 3165 4538 hominum
3187 4482 3216 4537 ‘I
3243 4506 3264 4534 ι
3303 4483 3361 4538 Si
3385 4483 3549 4540 enim
3580 4483 3718 4541 illos

1981 4593 2028 4658 Β
2062 4589 2176 4628 non
2208 4587 2374 4642 vane,
2412 4570 2513 4626 sed
2543 4571 2825 4625 veraciter
2869 4569 2931 4626 in
2963 4587 3065 4643 spe
3093 4572 3545 4628 resurrectionis
3577 4589 3718 4629 con-

2061 4660 2325 4726 stituisti,
2357 4663 2577 4731 quanto
2633 4660 2821 4731 magis
2850 4659 3064 4715 Filium
3113 4665 3284 4716 tuum
3330 4661 3510 4718 debes
3555 4679 3724 4719 resu~

2061 4750 2273 4807 scitare
2299 4748 2312 4803 ἰ

2133 4862 2160 4889 α
2195 4837 2334 4905 Quis
2365 4843 2454 4894 est
2483 4838 2657 4894 homo
2688 4839 2788 4909 qui
2819 4838 2990 4909 vivet,
3021 4843 3078 4894 et
3115 4855 3230 4895 non
3276 4839 3495 4896 videbit
3555 4858 3718 4898 mor-

2059 4933 2177 4984 tem
2211 4945 2224 4982 :
2279 4931 2380 4983 aut
2430 4926 2562 5000 quis
2610 4931 2773 4983 eruet
2813 4928 3070 4984 animam
3109 4945 3280 4984 suam
3313 4929 3383 4985 de
3415 4946 3601 4986 manu
3631 4931 3719 4987 in-

2060 5017 2213 5073 feri?
2235 5039 2263 5066 »
2293 5015 2418 5072 Scio
2449 5017 2589 5088 quia
2620 5017 2821 5073 nullus
2851 5017 3026 5073 homo
3057 5033 3304 5074 carneus
3337 5017 3532 5075 evadit
3564 5037 3719 5077 meis

2058 5110 2199 5175 tem,
2233 5121 2420 5176 neque
2451 5105 2706 5161 animam
2738 5122 2908 5161 suam
2939 5105 3193 5163 servabit
3220 5106 3290 5162 ab
3322 5107 3547 5164 inferis.
3601 5110 3711 5166 Sed

2061 5195 2191 5252 novi
2224 5194 2364 5266 quia
2392 5195 2547 5250 Deus
2577 5196 2688 5251 sub
2717 5193 3042 5250 velamento
3095 5196 3288 5251 carnis
3331 5195 3554 5253 latebat
3586 5200 3716 5254 abs.

2061 5283 2352 5354 conditus,
2383 5299 2557 5355 quem
2591 5300 2748 5340 mors
2781 5288 2838 5339 et
2868 5284 3132 5340 infernus
3171 5300 3287 5340 non
3333 5285 3592 5342 debeant
3623 5303 3714 5344 ne-

2060 5373 2264 5429 tinere.

2135 5485 2163 5513 ‹‹
2196 5462 2302 5518 Ubi
2335 5466 2474 5518 sunt
2520 5462 2930 5519 misericordiae
2960 5467 3072 5517 tute
3103 5462 3380 5536 antiquae,
3412 5465 3666 5522 Domine
3693 5484 3710 5523 :

2061 5552 2216 5608 sicut
2235 5551 2454 5623 jurasti
2484 5550 2661 5608 David
2716 5552 2776 5609 in
2817 5552 3060 5609 veritate
3109 5557 3210 5608 tua
3233 5552 3261 5607 7
3293 5574 3322 5602 »
3369 5553 3430 5611 Si
3464 5553 3563 5611 hic
3596 5571 3709 5612 non

2058 5641 2450 5700 resuscitator
2471 5641 2500 5700 ?
