3976 6188
230 402 384 466 “51

1404 396 1901 463 BREVIARIUM
1944 397 2024 459 IN
2068 395 2454 462 PSALMOS.

3477 404 3638 472 MSS

299 557 328 584 α
362 533 587 589 Memor
658 537 800 604 esto,
865 532 1130 600 Domine,
1202 532 1498 605 opprobrii
1572 546 1873 586 servorum
1907 540 1958 602 Α
1990 546 2180 600 Lxxni,
2217 529 2323 600 19).
2357 532 2424 586 Et
2456 547 2560 587 nos
2604 531 2802 588 hostes
2847 541 3322 607 prosequuntur:
3373 545 3639 613 propter-

233 630 489 680 tuorum.
527 645 555 672 »
588 623 693 686 Qui
725 640 858 678 eum
902 627 1235 694 expectant.
1269 644 1295 671 «
1328 622 1490 686 Quod
1518 620 1784 675 continui
1815 619 1874 673 in

235 715 364 769 sinu
398 727 528 767 meo
578 710 898 766 multarum
947 711 1229 783 gentium.
1266 734 1292 760 ‹‹
1326 710 1480 773 Quos
1529 706 1874 780 congregavi

231 807 518 872 tanquam
550 801 613 854 in
644 801 800 868 sinu,
831 800 891 854 in
926 816 1042 854 una
1071 800 1244 854 domo
1274 797 1662 854 credulitatis.

305 890 528 955 «Quod
581 890 1072 960 exprobraverunt
1116 887 1342 942 inimici
1389 887 1496 954 tui,
1549 884 1812 940 Domine.
1853 906 1878 931 »ι

232 979 438 1048 Judaei,
488 977 785 1045 Phariam,
835 977 1274 1048 Sadducmique.
1309 996 1335 1028 ιο
1373 975 1534 1038 Quod
1571 974 1881 1044 exprobra~

234 1072 520 1124 verunt.»
560 1065 709 1130 Quid
760 1064 1299 1136 exprobraverunt?
1348 1062 1879 1118 Commutationem

231 1156 443 1212 Christi
473 1155 581 1211 tui.
619 1195 635 1211 .
668 1155 814 1210 Cum
847 1171 908 1210 se
940 1154 1012 1208 ab
1035 1153 1128 1209 bis
1149 1158 1544 1218 commutans,
1574 1151 1644 1206 ad
1678 1155 1880 1222 gentes

232 1247 484 1302 diceret:
517 1248 650 1301 Ecce
675 1245 1024 1315 relinquetur
1050 1243 1203 1300 vobis
1231 1242 1427 1298 domus
1459 1245 1641 1297 vestra
1669 1240 1882 1295 deserta

232 1337 382 1409 (Luc.
413 1351 533 1401 xm,
564 1333 677 1404 35).

307 1446 335 1475 ι(
371 1422 714 1480 Benedictus
758 1421 1044 1477 Dominus
1088 1420 1149 1475 in
1180 1424 1486 1486 aeternum,
1539 1419 1660 1484 ﬁat,
1695 1419 1814 1484 ﬁat,
1848 1439 1876 1468 »

234 1514 374 1568 Ecce
403 1511 764 1581 benedictus,
814 1526 946 1565 ecce
992 1508 1281 1581 gloriosus
1331 1523 1464 1563 cum
1515 1507 1662 1562 redit
1691 1523 1760 1562 ex
1789 1507 1879 1560 in-

233 1601 412 1657 feris:
463 1616 598 1655 cum
647 1615 708 1654 se
765 1599 982 1670 praebet
1039 1597 1367 1669 discipulis,
1424 1613 1557 1652 cum
1611 1595 1878 1650 Ecclesia

232 1696 367 1746 vota
395 1694 452 1746 et
481 1690 576 1762 pia
607 1688 897 1744 desideria
925 1686 1199 1753 restituit,
1233 1687 1431 1746 dicens
1462 1687 1681 1741 sanctis
1707 1703 1719 1740 :
1751 1686 1880 1738 Ecce

233 1795 329 1851 ego
349 1779 629 1834 uobiscum
655 1794 779 1832 sum
821 1777 1078 1832 omnibus
1105 1775 1295 1832 diebus
1333 1791 1505 1847 usque
1530 1774 1600 1830 ad
1631 1789 1877 1829 consum-

1986 635 2053 674 ea
2082 620 2292 692 subtus
2333 619 2458 675 alas
2506 626 2639 676 tuas
2672 621 3018 693 refugimus.
3075 648 3096 672 ι
3150 631 3214 680 In
3254 630 3634 699 generatione

1987 712 2044 763 et
2072 709 2528 779 generationem.
2562 733 2588 760 ››
2623 711 2691 764 Et
2723 710 2780 766 in
2818 712 3126 783 praeterito,
3161 719 3219 769 et
3246 713 3304 770 in
3339 719 3636 789 praesenti,

1989 801 2044 850 et
2073 797 2131 852 in
2164 799 2377 853 futuro.
2428 797 2646 854 Aliter:
2698 823 2726 850 ‹‹
2779 801 2840 854 In
2885 802 3256 871 generatione
3304 809 3360 859 et
3388 821 3637 876 genera-

1987 886 2226 941 tionem.
2265 908 2292 934 »
2326 887 2394 941 Et
2411 887 2469 940 in
2501 889 2678 943 veteri
2703 889 2915 960 populo
2934 889 3290 959 Jurleeorum,
3317 899 3374 947 et
3396 895 3455 948 in
3490 912 3637 951 novo

1987 973 2474 1030 Christianorum.

2061 1086 2087 1111 «
2126 1062 2466 1135 Priusquam
2502 1069 2728 1122 montes
2759 1067 2981 1144 ﬁerent,
3014 1074 3069 1124 et
3101 1069 3454 1126 formaretur
3485 1076 3638 1128 terra

1989 1155 2047 1206 et
2071 1152 2250 1206 orbis.
2284 1175 2311 1203 ››
2364 1153 2641 1226 Subrepit
2667 1156 2690 1189 ³
2721 1155 2778 1209 in
2828 1156 2937 1211 hoe
2984 1156 3110 1212 loco
3158 1157 3418 1216 haeresis.
3453 1161 3512 1216 Si
3544 1178 3638 1216 re-

1989 1240 2214 1310 fugium
2249 1240 2436 1297 factus
2465 1246 2554 1297 est
2582 1242 2750 1298 nobis
2791 1248 3108 1315 antequam
3154 1254 3382 1304 montes
3411 1251 3638 1320 tierent,

1989 1334 2045 1384 et
2075 1329 2424 1385 formaretur
2452 1330 2643 1387 orbis:
2691 1348 2827 1404 ergo
2867 1335 3078 1389 anim-aa
3126 1343 3292 1392 erant
3321 1343 3638 1410 antequam

1991 1418 2152 1473 fieret
2181 1419 2359 1474 orbis.
2390 1420 2537 1482 Quid
2569 1422 2728 1476 enim
2761 1422 2902 1476 dicit
2931 1423 3235 1495 Scriptura
3256 1427 3283 1480 ?
3311 1451 3330 1475 ιι
3377 1427 3642 1496 Domine,

1989 1507 2281 1578 refugium
2315 1508 2502 1566 factus
2530 1526 2592 1564 es
2647 1511 2838 1577 nobis,
2886 1513 2943 1566 in
2990 1515 3387 1585 generatio-ne,
3423 1516 3641 1587 inquit,

1988 1602 2045 1650 et
2071 1597 2525 1667 generationem.
2565 1620 2592 1647 »
2624 1605 2671 1652 A
2702 1600 2986 1671 principio
3023 1602 3269 1658 mundi:
3305 1608 3439 1660 ante
3471 1605 3636 1676 prin-

1986 1684 2206 1756 cipium
2255 1687 2480 1740 mundi.
2534 1691 2650 1742 Hoc
2700 1687 2782 1742 illi
2831 1689 3052 1745 dicunt.
3100 1693 3167 1746 Et
3217 1708 3287 1746 ne
3318 1698 3488 1763 putes
3521 1711 3634 1764 me,

1990 1774 2199 1846 inquit,
2251 1775 2441 1831 dicere
2489 1776 2836 1848 priusquam
2887 1783 3114 1834 montes
3165 1779 3393 1847 ﬁerent,
3423 1788 3480 1836 et
3515 1783 3635 1838 for-

235 1870 532 1925 mationem
582 1868 774 1923 saeculi
828 1866 1016 1937 (Matth
1086 1882 1282 1932 xxvm,
1339 1866 1452 1936 20).
1517 1864 1625 1930 Qui
1681 1880 1790 1918 nos
1847 1879 1882 1917 a
1909 1908 1958 1973 Β
1991 1868 2248 1920 maretur
2277 1868 2450 1928 terra,
2483 1869 2540 1918 et
2569 1865 2746 1933 orbis,
2780 1870 2840 1920 tu
2873 1867 3086 1938 inquit,
3120 1868 3416 1940 refugium
3449 1870 3641 1928 factus

235 1956 412 2013 malis
455 1956 684 2012 actibus
731 1960 1093 2012 commutare
1139 1955 1413 2026 dignetur
1456 1954 1516 2008 in
1564 1953 1772 2021 honos,
1813 1967 1880 2006 a3

234 2064 345 2103 sua
373 2047 586 2118 pietate
633 2045 842 2117 dignos
884 2044 1139 2112 effectos,
1189 2042 1412 2114 Spiritu
1460 2046 1661 2097 sancto
1693 2040 1880 2112 reple-

238 2142 352 2205 tos,
396 2136 458 2189 in
515 2150 693 2206 regno
747 2149 852 2189 suo
905 2131 1077 2188 solita
1133 2131 1504 2186 miseratione
1543 2129 1879 2186 constituat.

231 2225 382 2290 Quia
406 2223 521 2296 ipsi
547 2227 639 2278 est
667 2221 852 2294 gloria
878 2225 937 2276 et
965 2221 1277 2292 imperium
1310 2235 1444 2274 cum
1470 2224 1684 2273 aeterno
1717 2217 1883 2273 Patre

232 2319 294 2368 et
321 2311 544 2384 Spiritu
575 2315 776 2366 sancto
803 2309 864 2363 in
895 2308 1108 2364 saecula
1136 2307 1508 2364 saeculorum.
1541 2309 1744 2364 Amen.

736 2414 1059 2470 PSALMUS
1101 2412 1386 2468 LXXXIX.

238 2487 426 2566 Oratio
471 2506 644 2576 Moysi
688 2504 928 2559 hominis
976 2504 1092 2558 Dei.
1143 2503 1405 2565 Quatuor
1450 2507 1590 2576 sunt
1619 2505 1644 2576 ‘_
1671 2501 1880 2574 psalmi

308 2578 408 2650 qui
465 2573 726 2650 oratione
783 2577 1231 2650 praenotantur,
1267 2578 1467 2650 sextus
1525 2573 1787 2629 decimus
1829 2579 1886 2629 et

286 2645 702 2720 octogesimus
734 2645 999 2720 quintus,
1055 2649 1112 2700 et
1147 2645 1540 2720 octogesimus
1587 2662 1799 2720 nonus,
1829 2650 1887 2701 et

226 2787 232 2793 ι
311 2716 669 2793 centesimus
698 2716 945 2793 primus.
974 2717 1037 2772 In
1069 2717 1387 2793 centesimo
1415 2716 1602 2793 primo
1635 2717 1880 2793 dicitur:

317 2787 532 2848 Oratio
553 2787 814 2862 pauperis
851 2803 994 2862 ﬁcum
1025 2789 1295 2862 anxiatus
1322 2788 1522 2862 fuerit,
1554 2792 1605 2842 et
1663 2789 1729 2862 ivi
1752 2804 1883 2862 con-

310 2865 494 2932 spectu
523 2859 620 2916 Dei
668 2859 879 2932 fuderit
916 2860 1219 2932 orqtionem
1265 2875 1473 2932 suam._
1507 2859 1635 2912 Iste.
1683 2859 1887 2932 Dratio

311 2930 772 3005 Hoysihoniinis
820 2931 936 2985 Dei.
996 2930 1270 3002 Legimus
1325 2930 1617 3005 canticum
1680 2930 1884 3002 Moysi.

313 3000 469 3076 quod
489 3003 558 3076 in
588 3003 782 3076 Exodo
801 3018 867 3057 eo
897 3000 1160 3076 tempore
1191 3002 1425 3076 quando
1447 3000 1698 3071 populus
1729 3000 1888 3076 mare

225 3144 228 3147 _
317 3071 588 3132 transivit
611 3073 899 3147 Rubrum,
931 3071 1256 3147 etdemerso
1284 3071 1605 3147 Pharaone,
1637 3075 1694 3126 et
1719 3072 1888 3147 _omn_i

318 3149 447 3218 ejus
505 3144 799 3218 eaercitu,
838 3143 1024 3218 Maria
1052 3143 1262 3218 cecinit
1328 3145 1385 3196 et
1426 3142 1651 3218 Moyses
1690 3144 1885 3218 (Exod,

314 3213 407 3288 x'v,
439 3218 512 3287 1).
536 3213 1037 3288 Βεξῃᾴολθςίωυο
1077 3217 1134 3268 et
1165 3215 1221 3288 in
1245 3213 1709 3288 Denteron’omio,
1733 3215 1888 3286 quod

1989 1967 2052 2005 es
2082 1950 2270 2005 nobis.
2317 1950 2377 2004 Si
2425 1955 2619 2007 autem
2669 1953 2959 2024 refugium
3008 1960 3279 2012 nostrum
3334 1957 3442 2013 fuit
3473 1964 3644 2015 ante-

1991 2054 2168 2120 quam
2201 2037 2359 2093 orbis
2390 2039 2571 2106 ﬁeret,
2600 2056 2735 2112 ergo
2766 2045 2902 2096 ante
2933 2043 3143 2098 animae
3173 2044 3428 2113 fuerunt,
3465 2063 3642 2117 quam
3675 2088 3677 2090 -

1992 2126 2250 2182 mundus
2307 2127 2485 2196 ﬁeret,
2548 2127 2695 2183 Male
2752 2129 3092 2202 distinguis,
3150 2131 3407 2189 haeresis.
3454 2137 3644 2200 Quare

1992 2213 2350 2269 calumniam
2384 2216 2525 2270 facis
2549 2216 2791 2287 Spiritui
2824 2218 3071 2274 sancto?
3102 2221 3196 2276 Sic
3233 2221 3640 2295 loquere,quo-

1993 2302 2166 2357 modo
2198 2303 2450 2374 Spiritus
2481 2311 2719 2362 sanctus
2753 2306 2986 2362 locutus
3017 2313 3124 2363 est.
3157 2309 3250 2364 Sic
3286 2327 3423 2383 ergo
3454 2311 3647 2384 legenv

1995 2391 2134 2446 dum
2167 2397 2292 2447 est:
2333 2415 2358 2442 ‹‹
2393 2396 2652 2461 Domine,
2703 2395 2994 2467 refugium
3047 2397 3236 2452 factus
3265 2416 3328 2455 es
3362 2401 3551 2469 nobis,
3586 2403 3644 2458 in

1992 2481 2364 2552 generatione
2411 2487 2468 2537 et
2511 2484 2969 2555 generationem,
3008 2508 3035 2532 υ
3088 2486 3394 2559 hucusque
3435 2488 3646 2544 distin-

1994 2569 2126 2624 ctio.
2160 2569 2413 2624 Rursum
2438 2569 2594 2625 aliud
2620 2573 2973 2642 principium
3002 2592 3014 2629 :
3042 2597 3068 2622 «
3106 2574 3454 2646 Priusquam
3483 2594 3642 2634 mon—

1994 2661 2082 2712 tes
2114 2657 2335 2727 ﬁerent,
2359 2665 2416 2712 et
2443 2659 2790 2715 formaretur
2811 2665 2984 2729 terra,
3017 2667 3076 2717 et
3103 2663 3281 2728 orbis,
3313 2687 3338 2713 ››
3370 2681 3406 2719 a
3431 2664 3644 2724 saeculo

1993 2750 2050 2800 et
2082 2762 2264 2817 usque
2295 2747 2352 2801 in
2385 2747 2662 2802 saeculum
2694 2752 2754 2803 tu
2786 2766 2848 2805 es
2885 2750 3058 2805 Deus.
3090 2751 3173 2805 Tu
3208 2769 3270 2806 es
3301 2753 3456 2808 Deus
3487 2761 3648 2810 ante-

1994 2851 2172 2897 quam
2207 2841 2432 2890 montes
2457 2837 2693 2891 tierent:
2729 2843 2788 2893 tu
2823 2853 2886 2894 es
2913 2839 3068 2894 Deus
3092 2845 3408 2912 antequam
3442 2845 3650 2898 l'orma-

1997 2928 2156 2978 retur
2184 2928 2358 2989 terra,
2409 2929 2466 2979 et
2495 2925 2672 2980 orbis.
2709 2947 2737 2975 «
2787 2930 2831 2980 A
2862 2927 3074 2983 saeculo
3125 2935 3182 2983 et
3231 2945 3415 3000 usque
3457 2930 3515 2986 in
3543 2949 3647 2987 sas-

1997 3012 2194 3068 culum
2241 3017 2302 3066 tu
2345 3029 2407 3067 es
2457 3013 2630 3069 Deus.
2665 3037 2691 3063 »
2743 3015 2830 3070 Tu
2877 3031 2940 3070 es
2970 3031 3220 3088 semper,
3272 3023 3336 3072 tu
3385 3036 3448 3074 es
3483 3025 3646 3076 aster-

1998 3119 2129 3156 ῐιυε.

2075 3211 2095 3238 α
2133 3188 2212 3245 Ne
2242 3194 2470 3245 avertas
2492 3190 2786 3248 hominen
2811 3193 2869 3247 in
2896 3192 3314 3263 humilitatem,
3345 3197 3642 3268 etdixisti,

317 3268 613 3346 Esi-tutu};
639 3268 800 3342 illud,
819 3268 1141 3356 scripserat
1168 3285 1241 3356 in
1273 3268 1714 3356 Denteronomio
1743 3268 1885 3356 (cap.
1919 3268 1961 3336 C
2000 3279 2426 3345 convertimini,
2476 3279 2578 3334 lilii
2629 3281 2959 3337 hominum.
2994 3306 3016 3335 ι
3071 3283 3115 3338 0
3151 3285 3412 3352 Domine,
3442 3292 3510 3341 ut
3540 3286 3650 3343 hoc

316 3361 515 3432 χχχιι).
548 3357 608 3414 Si
640 3358 821 3432 igitur
849 3355 1058 3432 psalmi
1083 3355 1199 3432 isti,
1230 3355 1545 3432 et‘cantica
1573 3356 1686 3432 ista
1710 3355 1890 3432 Μογεὶ

225 3498 230 3501 _
317 3427 689 3512 sunt,'_quare
722 3429 779 3484 in
811 3427 1061 3500 propriis
1091 3427 1489 3512 voluminibus
1526 3443 1641 3482 non
1675 3427 1893 3508 haben-

316 3503 462 3580 tur_?
495 3498 754 3580 Diximus
784 3498 920 3580 ergo
951 3499 1242 3580 quomodo
1277 3498 1632 3580 centesimus
1667 3500 1894 3580 primus

317 3573 582 3646 psalmus
642 3568 999 3627 inscribitur.
1066 3568 1256 3625 Oratio
1306 3571 1568 3641 pauperis
1624 3568 1685 3625 et
1744 3571 1893 3625 alius

317 3644 535 3715 estqui
589 3642 825 3715 scripsit
878 3643 949 3715 de
979 3643 1127 3715 ipso,
1160 3646 1217 3696 et
1244 3639 1340 3695 ille
1394 3657 1616 3715 pauper
1655 3642 1893 3715 qui_pro

319 3662 408 3701 est
434 3662 535 3716 qm
589 3662 825 3715 scripsu
878 3662 949 3696 ae
979 3662 1127 3712 ipso,
1160 3662 1217 3696 et
1245 3662 1340 3695 me
1394 3662 1616 3714 pauper
1655 3662 1756 3712 qm
1795 3662 1893 3710 pro

319 3716 487 3772 nobis
517 3715 882 3786 deprecatur,
914 3713 1198 3768 Dominus
1254 3716 1379 3768 est:
1415 3714 1522 3780 Qui
1571 3729 1696 3768 cum
1745 3712 1895 3786 dives

230 3855 236 3860 ,
316 3791 474 3854 esset,
499 3785 710 3860 pauper
747 3787 964 3860 [actus
991 3787 1314 3860 estpropter
1354 3800 1472 3850 nos,
1504 3788 1562 3860 et
1591 3785 1899 3860 cetera.le

317 3853 708 3926 Cor.vm,‘9).
744 3853 840 3910 Sic.
866 3859 922 3909 et
952 3853 1060 3926 hic
1075 3853 1321 3926 Moyses,
1355 3855 1632 3926 quoniam
1660 3872 1705 3926 7a
1736 3853 1895 3926 prin-

319 3929 470 3999 cipio
499 3923 731 3999 generis
760 3925 1003 3980 humani
1047 3923 1291 3999 historia
1317 3923 1441 3995 ipse
1465 3925 1700 3995 scripsit
1721 3923 1896 3999 {ipse

317 3995 474 4054 enim
506 3995 742 4068 scripsit
811 3995 1102 4068 quomodo
1157 3995 1368 4051 caelum
1400 4066 1407 4068 Α
1434 4000 1491 4052 et
1539 4001 1690 4051 terra
1725 3995 1897 4068 tacta

321 4071 463 4137 sint,
494 4066 788 4140 quomodo
828 4066 893 4123 et
926 4068 1098 4140 homo
1132 4068 1319 4140 factus
1363 4066 1444 4140 sit
1466 4068 1538 4140 de
1567 4067 1897 4140 conditione

318 4138 594 4196 homin—is.
627 4141 695 4196 Et
725 4139 833 4194 iste
864 4138 1135 4193 Psalmus
1166 4139 1238 4194 de
1281 4139 1611 4194 conditione
1643 4139 1897 4194 hominis

318 4213 618 4285 loquitur:
653 4209 794 4285 quid
827 4210 904 4264 sit
924 4210 1128 4285 homo,
1162 4215 1220 4285 et
1247 4225 1426 4285 quare
1458 4215 1630 4265 natus
1661 4212 1760 4285 sit,
1791 4211 1896 4276 Qui

320 4281 458 4362 ergo
490 4284 547 4362 in
580 4281 788 4362 Genesi
824 4281 1059 4362 scripsit
1089 4282 1159 4362 de
1207 4281 1896 4362 hominumconditione,

319 4352 445 4425 ipse
473 4359 538 4425 et
557 4369 712 4425 nunc
761 4352 1064 4407 inducitur
1089 4352 1343 4422 aSpiritu
1375 4357 1576 4408 sancto
1596 4353 1898 4424 disputare

321 4423 462 4497 quid
493 4423 572 4478 sit
603 4423 797 4481 homo.

319 4538 346 4563 ‹‹
384 4511 642 4582 Domine,
674 4511 966 4582 refugium
1019 4511 1207 4566 factus
1238 4527 1301 4566 es
1350 4511 1516 4568 nobis
1566 4511 1624 4566 in
1657 4527 1898 4582 genera-

2001 3368 2324 3423 audeamus
2355 3372 2566 3439 petere,
2597 3373 2654 3424 et
2683 3369 2986 3426 dicamus:
3023 3393 3052 3421 «
3088 3372 3167 3427 Ne
3199 3377 3425 3430 avertas
3452 3374 3648 3432 homi-

2002 3473 2135 3511 nem
2167 3457 2223 3510 in
2257 3456 2668 3528 humilitatem,
2725 3481 2752 3507 ››
2785 3463 2847 3514 tu
2895 3460 3062 3515 nobis
3103 3461 3316 3517 dedisti
3349 3463 3648 3532 ﬁduciam,

2001 3546 2201 3600 dicens
2226 3562 2238 3598 :
2269 3547 2624 3601 Revertimini
2670 3547 2739 3602 ad
2767 3563 2875 3614 me,
2922 3549 3054 3618 ﬁlii,
3092 3560 3442 3622 revertentes,
3473 3557 3524 3609 et
3553 3569 3650 3622 ego

2001 3635 2205 3689 sana-bo
2258 3637 2615 3690 contritiones
2676 3645 2881 3692 vestras
2939 3639 3153 3708 (Ezech.
3208 3657 3370 3707 xvm,
3412 3642 3468 3709 5,
3498 3641 3646 3710 Osee,

2002 3740 2118 3788 xxv,
2166 3723 2276 3794 32).
2324 3744 2350 3772 υ
2413 3724 2478 3778 Et
2535 3723 2755 3793 dixisti,
2810 3727 3233 3795 convertimini,
3294 3728 3398 3783 ﬁlii
3458 3729 3650 3786 homi-

2004 3828 2167 3866 DUII].
2202 3835 2229 3859 ))

2078 3924 2104 3950 ‹‹
2135 3901 2418 3965 Quoniam
2453 3901 2609 3958 mille
2640 3902 2778 3958 anni
2800 3907 2933 3959 ante
2953 3905 3153 3961 oculos
3178 3911 3334 3972 tuos,
3366 3911 3649 3977 tanquam

2005 3991 2128 4045 dies
2156 4007 2272 4044 una
2305 4007 2431 4062 quae
2475 3991 2768 4063 praeteriit.
2819 3993 2888 4047 Et
2925 3994 3192 4048 custodia
3221 3995 3282 4048 in
3326 3998 3493 4050 nocte
3523 4012 3650 4067 quae

2009 4096 2108 4151 pro
2138 4077 2320 4133 nihilo
2352 4078 2640 4135 habentur
2669 4097 2869 4135 eorum
2901 4082 3037 4137 anni
3069 4087 3262 4136 erunt.
3302 4105 3326 4131 ››
3361 4084 3654 4140 Debemus

2007 4169 2328 4223 secundum
2362 4168 2664 4223 historiam
2693 4168 2839 4222 scire
2869 4169 3008 4239 quia
3054 4185 3165 4224 nox
3196 4170 3253 4223 in
3288 4177 3540 4241 quatuor
3571 4173 3650 4228 vi-

2005 4256 2175 4328 gilias
2205 4255 2501 4310 dividitur.
2555 4255 2814 4326 Denique
2845 4261 2901 4310 et
2950 4256 3007 4310 in
3060 4257 3369 4330 Evangelio
3398 4259 3651 4316 dicitur:

2011 4348 2066 4400 lu
2102 4348 2309 4416 quarta
2338 4349 2532 4398 autem
2581 4343 2777 4415 vigilia
2825 4344 3034 4416 (Matth.
3087 4364 3199 4414 xxv,
3250 4349 3340 4415 25,
3387 4353 3443 4403 et
3472 4354 3652 4408 Marc.

2007 4451 2082 4499 VI,
2116 4434 2223 4503 48).
2258 4432 2382 4486 Una
2411 4447 2548 4503 ergo
2589 4430 2786 4502 vigilia
2817 4437 2936 4488 tres
2985 4433 3138 4489 horae
3170 4440 3328 4491 sunt.
3363 4437 3484 4493 Nox
3514 4454 3652 4511 ergo

2007 4521 2286 4576 dividitur
2317 4521 2374 4574 in
2407 4524 2658 4592 quatuor
2687 4520 2932 4592 vigilias.
2965 4521 3225 4594 Denique
3260 4525 3475 4586 milites
3505 4543 3649 4600 qua-

245 4604 404 4660 tione
433 4607 492 4657 et
521 4599 986 4674 generationem.
1021 4620 1050 4648 »
1084 4600 1208 4672 Qui
1219 4599 1515 4671 refugium
1542 4601 1768 4671 quierit,
1797 4616 1880 4656 au

2012 4617 2144 4667 tuor
2172 4609 2452 4665 stationes
2502 4609 2735 4676 habent,
2784 4612 3019 4681 quando
3065 4611 3331 4684 vigilant,
3382 4618 3438 4668 et
3480 4632 3653 4670 excu-

245 4692 318 4750 ab
369 4695 518 4746 testu
562 4689 744 4745 nimio
797 4687 1005 4760 quierit
1043 4692 1100 4743 et
1141 4686 1349 4756 calore,
1373 4693 1474 4744 aut
1518 4689 1708 4744 bestia
1733 4688 1900 4744 illum

243 4779 632 4853 persequitur,
665 4781 767 4833 aut
794 4776 992 4833 hostes
1022 4775 1190 4831 illum
1222 4781 1677 4847 persequuntur,
1714 4781 1778 4832 ut
1807 4778 1893 4833 in-

243 4868 551 4924 terﬁciant.
590 4868 655 4922 Et
683 4882 788 4922 nos
819 4865 996 4937 igitur
1017 4864 1074 4918 in
1105 4868 1251 4919 aestu
1277 4881 1486 4920 sumus
1517 4865 1686 4920 istius
1717 4883 1892 4922 saecu-

247 4957 385 5025 euli,
413 4959 472 5012 et
498 4973 606 5012 nos
648 4955 838 5010 bestia
887 4952 1278 5025 persequitur,
1329 4952 1398 5008 de
1448 4969 1564 5024 qua
1595 4955 1884 5010 dicimus:

244 5048 321 5104 Ne
349 5045 533 5106 tradas
567 5046 753 5102 bestiis
783 5045 1033 5100 animam
1061 5041 1404 5111 conﬁtentem
1441 5043 1549 5098 tibi
1577 5043 1742 5114 (Psal,

324 5191 338 5224 ¹
367 5186 482 5242 Nec
513 5189 707 5257 tamen
768 5191 990 5253 auctor,
1023 5185 1177 5257 quod
1220 5183 1300 5257 in
1341 5190 1610 5257 promptu
1645 5189 1785 5248 erat,
1820 5201 1890 5257 ex

245 5260 356 5314 hoc
383 5257 558 5312 titulo
588 5256 882 5329 psalmum
931 5255 1110 5329 Μοῗεὶ
1160 5255 1552 5329 tribuendum
1572 5256 1886 5311 concludit.

249 5332 530 5385 Docuerat
589 5327 718 5383 vero
797 5327 1176 5400 Hieronymus
1233 5343 1364 5382 cum
1417 5327 1578 5400 alibi,
1639 5332 1762 5400 tum
1821 5343 1890 5382 ex

249 5399 513 5484 Origenis
562 5399 853 5454 sententia
898 5398 1044 5454 libfl
1091 5403 1284 5484 contra
1317 5398 1614 5480 Ruﬁnum:
1663 5398 1890 5484 «pcto-

284 5470 537 5554 ssimum
571 5486 1071 5554 quoque-nonum
1124 5470 1442 5554 psalmum,
1484 5470 1892 5554 qui‘scribitur

297 5543 441 5599 ratio
475 5539 646 5598 Mosis
677 5539 932 5612 hominis
962 5539 1173 5612 Dei,rét
1203 5541 1457 5612 reliquos
1488 5539 1758 5612 undecim
1790 5541 1890 5612 qui

246 5633 359 5671 non
387 5614 609 5670 habent
633 5611 858 5679 titulos,
892 5611 1214 5666 secundum
1248 5611 1425 5668 Huilli
1471 5611 1889 5679 expositionem

244 5687 512 5763 ejusdem
542 5685 725 5760 Moysi
771 5682 1094 5757 (Origenes)
1141 5687 1343 5755 putat:
1400 5700 1504 5742 nec
1535 5682 1890 5758 dedignatur

2011 4703 2172 4764 bant,
2205 4703 2261 4753 et
2291 4698 2571 4753 serviunt.
2604 4697 2805 4754 Videte
2833 4715 2969 4772 ergo
3004 4700 3144 4772 quid
3177 4701 3352 4757 dicat.
3385 4702 3428 4758 Ο
3461 4705 3657 4760 brevis

2002 4795 2202 4846 nostra
2232 4787 2559 4843 mternitas!
2595 4787 2779 4842 Adam
2812 4787 2907 4844 ille
2938 4795 3292 4862 propagator
3326 4795 3522 4847 noster
3554 4793 3657 4866 qui

1999 4879 2137 4935 vixit
2162 4877 2470 4948 nongentis
2502 4881 2558 4931 et
2589 4876 2829 4947 triginta
2846 4878 3015 4933 annis
3040 4897 3053 4946 ;
3081 4878 3253 4934 etiam
3295 4879 3390 4934 ille
3422 4880 3658 4936 Mathu-

1999 4968 2203 5036 salem,
2236 4967 2337 5038 qui
2388 4965 2531 5020 vixit
2580 4965 2910 5037 nongentis,
2945 4972 3001 5021 et
3048 4968 3352 5040 sexaginta
3396 4969 3657 5041 quinque

1999 5057 2167 5112 annis
2198 5055 2351 5125 (Gen.
2386 5071 2440 5120 v,
2469 5055 2562 5125 25)
2590 5072 2602 5122 ;
2629 5053 2736 5120 fac,
2774 5055 2927 5125 quod
2952 5054 3160 5110 vixerit
3188 5055 3370 5124 mille,
3395 5058 3466 5112 ad
3499 5073 3660 5138 com_

1998 5199 2299 5271 llebraeam
2321 5195 2688 5271 scripturam
2713 5194 3119 5271 interpretans,
3151 5214 3252 5270 per
3274 5198 3508 5271 singula
3529 5198 3658 5257 loca

1999 5269 2428 5342 quid_Hebrzo_is
2455 5266 2723 5342 videatur
2753 5266 3030 5342 inserere.
3066 5290 3093 5317 »

2069 5343 2090 5374 ²
2120 5339 2250 5394 Vid.
2284 5340 2458 5414 epist,
2491 5337 2548 5392 in
2584 5342 2782 5414 nostra
2812 5339 3147 5414 recensione
3178 5341 3295 5406 140,
3323 5341 3398 5414 ad
3421 5341 3657 5414 Cypria-

1998 5429 2151 5482 num,
2186 5409 2352 5466 num}
2383 5411 2442 5482 6,
2471 5414 2528 5464 et
2573 5425 2700 5482 quae
2752 5409 2811 5482 in
2863 5425 2996 5482 eum
3042 5409 3234 5465 locum
3269 5409 3651 5468 adnotamus.

2002 5479 2146 5538 Inde
2167 5487 2222 5538 et
2242 5479 2538 5550 conﬁcias,
2562 5479 2731 5552 plane
2762 5479 2938 5534 simili
2970 5488 3302 5540 recurrente
3335 5485 3650 5552 sententia,

1998 5555 2415 5629 Hieronymum
2436 5552 2506 5629 de
2536 5567 2642 5629 suo
2666 5550 2774 5629 hoc
2805 5566 2976 5629 opere
3002 5553 3126 5611 ﬁeri
3161 5571 3272 5611 non
3297 5556 3559 5629 potuisse
3584 5550 3653 5615 ut

1999 5621 2232 5696 taceret,
2267 5624 2314 5682 si
2347 5623 2503 5679 istud
2543 5621 2967 5682 elucubrasset.
3091 5647 3094 5650 ·
