3976 6188
309 356 466 417 H59

1799 349 2192 411 APPENDIX
2205 391 2220 410 .

3557 355 3732 415 H60

308 487 667 562 perationem
716 485 1057 542 aeternitatis
1102 489 1234 556 tuae,
1290 485 1445 557 quod
1492 483 1712 556 grande
1752 483 1946 551 fuerit,
1977 495 2034 560 Α
2063 483 2123 538 Si
2151 486 2347 538 autem
2399 482 2530 555 plus
2581 481 2923 549 vixerimus,
2969 481 3097 552 jam
3146 499 3263 540 non
3303 487 3394 540 est
3427 485 3574 552 vita,
3610 487 3714 541 sed

304 581 478 635 breve
505 580 613 632 est.
665 575 812 640 Quid
862 575 1018 631 enim
1048 578 1239 646 potest
1281 575 1504 647 grande
1534 589 1661 628 esse
1693 573 1851 644 quod
1884 572 1952 625 fi-

308 683 441 724 nem
471 665 693 721 habet?
724 663 882 720 Mille
911 663 1049 720 anni
1080 664 1265 719 nostri
1293 666 1607 734 antequam
1635 662 1950 717 offendere-

309 773 463 822 mus,
497 771 618 810 una
647 753 771 810 dies
815 754 971 826 apud
1019 757 1076 808 te
1105 756 1248 808 erat.
1297 752 1444 816 Quid
1477 751 1604 806 dico
1638 767 1755 805 una
1784 748 1954 804 dies?

313 845 439 901 Una
469 843 687 916 vigilia.
720 842 863 898 Vide
911 842 1050 914 quid
1083 841 1274 897 dicat:
1308 840 1594 913 Dignatus
1629 856 1690 896 es
1717 855 1819 910 pro
1851 854 1952 894 no-

311 941 432 989 stra
461 932 649 989 salute
698 931 1088 987 descendere:
1145 929 1348 985 fudisti
1379 946 1481 1000 pro
1515 928 1683 984 nobis
1716 927 1952 1000 sangui-

309 1038 486 1078 nem:
521 1038 594 1076 ne
639 1020 877 1092 patiaris
925 1020 1112 1092 perire
1159 1036 1285 1090 nos,
1336 1023 1393 1074 et
1440 1018 1587 1073 mori
1620 1018 1680 1072 in
1713 1015 1953 1072 humili-

307 1115 446 1167 tate.
470 1112 602 1182 Ipse
624 1109 851 1166 dixisti:
879 1109 1014 1165 Cum
1033 1110 1310 1165 exaltatus
1327 1111 1504 1178 fuero,
1528 1108 1714 1162 omnia
1733 1106 1952 1161 traham

308 1201 377 1254 ad
405 1216 493 1254 me
523 1200 700 1271 (Joan.
729 1216 826 1266 x11,
851 1199 962 1270 32).
992 1197 1288 1254 Exaltatus
1309 1213 1391 1262 es,
1424 1200 1480 1251 et
1509 1194 1775 1251 exaltasti
1809 1210 1950 1251 nos:

303 1288 418 1344 noli
449 1288 868 1359 derelinquere,
901 1292 967 1343 ut
994 1287 1428 1343 contrahamur.

377 1418 405 1444 «
439 1396 608 1450 Mane
637 1394 789 1450 sicut
811 1393 991 1449 herba
1011 1397 1302 1450 transeat:
1328 1412 1498 1451 mane
1522 1396 1727 1450 ﬂoreat
1753 1396 1808 1448 et
1830 1406 1956 1464 per-

297 1489 603 1540 transeat:
637 1499 875 1555 vespere
920 1483 1172 1550 decidat,
1217 1483 1454 1541 in‘duret
1487 1488 1543 1540 et
1571 1486 1810 1538 arescat.
1852 1502 1880 1529 »
1910 1480 1954 1534 Ο

308 1573 590 1646 mysteria
619 1572 1086 1643 Scripturaruml
1125 1592 1151 1619 ‹‹
1179 1575 1343 1627 Mane
1375 1559 1536 1629 sicut
1558 1572 1739 1627 herba
1766 1575 1955 1625 trans-

309 1667 420 1718 eat.
471 1682 498 1712 »
564 1659 842 1732 Loquitur
895 1659 1180 1716 Dominus
1225 1665 1424 1716 noster
1470 1665 1643 1733 atque
1695 1659 1957 1715 Salvator

310 1751 369 1804 in
428 1748 737 1820 Evangelio
788 1747 858 1802 de
914 1747 1045 1802 feno
1104 1749 1259 1819 quod
1318 1749 1375 1804 in
1439 1767 1556 1804 una
1608 1749 1700 1804 die
1748 1747 1951 1814 oritur,

308 1843 364 1893 et
417 1854 537 1892 una
609 1836 704 1891 die
777 1837 985 1892 arescit
1059 1836 1268 1907 (Matth.
1339 1855 1415 1906 VI,
1475 1839 1592 1934 30)ἒ
1654 1835 2033 1934 QuomodoB

310 1928 488 1982 herba
546 1942 674 1997 quae
730 1925 878 1980 viret
924 1931 979 1980 et
1036 1926 1221 1993 ﬂoret,
1281 1943 1453 1982 mane
1500 1927 1730 1981 videtur
1785 1925 1954 1996 quasi

309 2017 415 2072 ﬂos
446 2032 573 2072 esse
603 2020 661 2071 et
689 2015 882 2070 virens
908 2032 919 2069 :
953 2018 1227 2070 caeterum
1255 2015 1341 2072 sol
1372 2032 1505 2071 cum
1536 2015 1757 2071 venerit
1785 2018 1842 2069 et
1871 2018 1954 2083 te-

305 2106 454 2162 xerit
483 2105 648 2175 illud,
682 2105 754 2159 ad
783 2120 1084 2176 vesperam
1129 2105 1296 2177 quasi
1327 2104 1726 2172 demarcescit,
1770 2107 1824 2158 et
1857 2103 1956 2157 de-

310 2196 472 2263 cidit,
506 2194 590 2250 sic
619 2199 677 2250 et
723 2193 913 2249 omnis
962 2194 1078 2249 vita
1126 2199 1324 2249 nostra
1371 2195 1538 2266 quasi
1584 2194 1692 2249 ﬂos
1727 2191 1956 2247 videtur

307 2299 436 2339 esse
469 2300 602 2338 cum
629 2283 776 2337 viret
804 2285 861 2336 et
890 2282 1124 2337 arescit.
1177 2283 1424 2338 Vidistis
1457 2290 1590 2337 ante
1621 2284 1819 2336 decem
1854 2298 1956 2336 an-

310 2389 416 2426 nos
438 2369 961 2426 adolescentulum.
989 2369 1146 2426 Nihil
1169 2370 1266 2425 illo
1289 2371 1594 2442 pulchrius
1621 2389 1632 2425 :
1660 2371 1774 2425 huc
1798 2369 1959 2424 illuc-

310 2473 422 2529 que
453 2458 741 2513 currebat.
793 2458 854 2512 Si
884 2474 1020 2512 eum
1071 2474 1226 2512 nunc
1273 2460 1588 2530 aspexeris,
1636 2459 1867 2514 videtur
1897 2458 1956 2512 in

309 2549 606 2601 senectute
664 2544 833 2616 quasi
893 2550 1183 2601 mortuus.
1245 2546 1400 2602 Licet
1447 2547 1598 2602 vivat
1637 2549 1957 2614 senectute,

310 2638 507 2689 tamen
531 2633 921 2689 adolescentia
949 2634 1118 2706 perit.
1153 2655 1180 2687 α
1205 2635 1373 2690 Mane
1395 2636 1548 2691 sicut
1571 2635 1752 2690 herba
1771 2639 1958 2690 trans-

315 2728 425 2795 eat,
461 2745 489 2773 »
521 2723 630 2778 hoc
677 2727 784 2790 est,
828 2723 1107 2794 juventus
1157 2729 1392 2780 nostra:
1445 2726 1641 2796 Ipsum
1684 2728 1772 2779 est
1801 2724 1958 2779 enim

316 2829 506 2868 mane.
541 2834 570 2863 «
620 2811 782 2867 Sicut
827 2811 1010 2868 herba
1056 2817 1352 2869 transeat:
1409 2830 1581 2868 mane
1632 2814 1851 2879 ﬂoreat,
1903 2817 1961 2868 et

311 2905 591 2957 transeat.
626 2923 653 2950 «
705 2899 1005 2956 Floremus
1055 2901 1113 2955 in
1166 2900 1590 2957 adolescentia:
1640 2902 1958 2957 arescimus

311 2992 372 3046 in
420 2993 737 3046 senectute.
789 3013 817 3040 ‹‹
866 2989 1120 3062 Vespere
1170 2989 1422 3058 decidat,
1471 2991 1708 3046 induret
1754 2994 1810 3045 et
1836 3007 1954 3045 are-

310 3085 451 3137 scat.
1219 3140 1232 3149 .

389 3189 417 3217 ‹‹
447 3167 593 3230 Quia
623 3165 939 3222 defecimus
962 3167 1021 3221 in
1051 3167 1134 3222 ira
1157 3171 1277 3236 tua,
1311 3170 1369 3223 et
1394 3168 1454 3222 in
1486 3169 1678 3223 furore
1710 3172 1809 3223 tuo
1841 3171 1960 3222 tur-

2065 589 2244 627 mors.

2135 682 2164 710 «
2214 660 2272 715 Si
2317 665 2511 716 autem
2561 659 2620 714 in
2670 661 3090 732 potentatibus,
3140 662 3438 735 octoginta
3487 667 3660 720 anni.
3696 689 3731 715 ιι

2064 749 2243 813 Quem
2275 749 2431 805 enim
2458 750 2716 805 invenies
2742 750 3180 822 octogenarium
3212 767 3342 808 esse
3370 757 3430 808 et
3459 755 3739 810 sanum?

2063 839 2209 895 Dicit
2249 842 2305 894 et
2359 838 2556 894 Graeca
2601 839 2926 895 sententia:
2978 845 3249 897 senectus
3297 842 3430 914 ipsa
3472 845 3736 899 morbus

2063 931 2170 982 est.
2208 947 2235 980 α
2263 927 2330 982 Et
2358 927 2614 999 amplius
2632 944 2835 983 eorum
2857 926 3022 983 labor
3051 933 3107 984 et
3133 929 3317 985 dolor.
3352 954 3381 980 »
3413 931 3735 1004 Quidquid

2063 1015 2197 1088 plus
2236 1015 2433 1084 fuerit,
2485 1033 2601 1072 non
2655 1021 2744 1072 est
2773 1017 2908 1086 vita,
2961 1017 3061 1072 sed
3105 1017 3288 1074 dolor.
3321 1019 3443 1075 Hoc
3477 1021 3733 1077 interim

2063 1105 2320 1160 diximus
2364 1107 2691 1161 secundum
2739 1105 3069 1162 historiam.
3119 1110 3403 1164 Caeterum
3445 1109 3738 1166 dicamus

2063 1195 2387 1249 secundum
2434 1211 2756 1266 anagogen.
2809 1195 2875 1250 Et
2931 1195 3124 1251 omnis
3171 1197 3412 1268 quidem
3447 1198 3742 1270 psalmus

2064 1283 2268 1355 recipit
2296 1283 2703 1356 tropologiam,
2736 1288 2792 1340 et
2822 1291 3083 1356 poteram
3128 1302 3281 1341 nunc
3313 1303 3418 1358 per
3451 1287 3742 1361 singulos

2062 1371 2382 1428 versiculos
2441 1389 2691 1440 currere,
2724 1377 2781 1428 et
2837 1373 3202 1444 spiritualem
3262 1375 3741 1449 intelligentiam

2063 1461 2123 1514 in
2157 1459 2406 1532 singulis
2436 1461 2652 1530 dicere,
2693 1462 2794 1518 sed
2839 1461 2984 1518 bora
3027 1462 3412 1520 excludimur.
3471 1465 3609 1522 Uno
3646 1472 3746 1522 ta-

2065 1565 2199 1604 men
2229 1549 2515 1605 versiculo
2564 1550 2732 1622 quasi
2777 1557 3018 1623 gustum
3063 1553 3227 1608 vobis
3274 1555 3350 1609 do
3381 1554 3740 1626 spiritualis

2063 1637 2480 1710 intelligentiae,
2513 1643 2580 1694 ut
2607 1639 2893 1712 quidquid
2937 1640 3031 1696 hic
3078 1645 3332 1710 tacuero,
3367 1644 3601 1716 putetis
3636 1645 3742 1701 hic

2064 1726 2284 1782 dictum
2338 1744 2482 1784 esse.
2533 1728 2663 1784 Dies
2723 1745 3013 1785 annorum
3061 1734 3402 1788 nostrorum
3462 1734 3527 1788 in
3573 1735 3740 1806 ipsis

2065 1817 2435 1888 septuaginta
2481 1819 2672 1874 annis.
2707 1839 2737 1867 υ
2787 1819 3169 1892 Septuaginta
3213 1821 3377 1892 anni,
3427 1845 3460 1872 υ
3495 1829 3737 1896 septem

2066 1904 2310 1961 decades
2359 1910 2519 1975 sunt,
2552 1930 2580 1956 «
2612 1910 2670 1962 et
2715 1908 3013 1980 octoginta
3053 1908 3212 1978 anni,
3242 1933 3272 1959 ››
3303 1915 3440 1967 octo
3473 1912 3740 1969 decades

2065 1998 2221 2050 sunt.
2271 1994 2478 2051 Videte
2523 2011 2659 2068 ergo
2708 1998 2999 2068 quomodo
3050 1999 3362 2070 septimus,
3394 2004 3456 2056 et
3485 2008 3743 2058 octavus

2066 2098 2347 2138 numerus
2378 2084 2857 2160 praedicatur..Et
2889 2088 3182 2158 quomodo
3207 2088 3510 2146 diximus:
3543 2096 3606 2145 tu
3641 2109 3737 2147 ne-

2067 2171 2290 2243 fugium
2323 2173 2512 2228 factus
2557 2189 2620 2229 es
2667 2174 2836 2229 nobis
2867 2176 2927 2230 in
2976 2177 3350 2248 generatione
3394 2185 3448 2234 et
3473 2196 3726 2252 genera-

2065 2260 2309 2329 tionem,
2342 2265 2399 2316 et
2427 2261 2483 2315 in
2513 2261 2707 2318 Veteri
2750 2267 2809 2318 et
2836 2263 2895 2318 in
2948 2268 3103 2320 Novo
3135 2269 3546 2323 Testamento:
3575 2285 3730 2340 pro-

2066 2353 2266 2420 pterea
2313 2366 2468 2405 nunc
2517 2355 2574 2406 et
2621 2352 2938 2424 septimum
2988 2359 3045 2409 et
3087 2359 3363 2411 octavum
3405 2374 3738 2414 numerum

2067 2438 2252 2509 ponit.
2285 2442 2405 2494 Hoc
2434 2439 2577 2494 dicit
2605 2440 2664 2496 in
2710 2441 3094 2498 Ecclesiaste:
3143 2445 3225 2499 Da
3243 2455 3464 2516 partem
3494 2449 3736 2519 septem,

2065 2531 2116 2582 et
2143 2527 2214 2581 de
2239 2531 2452 2598 partem
2479 2533 2593 2584 octo
2639 2531 2832 2601 (Eccle.
2880 2548 2960 2598 x1,
2990 2533 3066 2605 2).
3117 2533 3431 2606 Propterea
3461 2539 3522 2591 et
3550 2539 3732 2608 quin-

2068 2615 2255 2670 decim
2287 2621 2427 2671 sunt
2472 2619 2762 2689 graduum
2812 2619 3046 2692 psalmi,
3098 2620 3208 2677 hoc
3257 2628 3349 2679 est
3397 2629 3631 2696 septem
3676 2633 3735 2682 et

2068 2707 2231 2759 octo:
2267 2705 2599 2776 quindecim
2633 2709 2849 2779 pariter
2893 2725 2998 2764 nos
3029 2710 3253 2767 ducunt
3292 2713 3366 2768 ad
3399 2730 3587 2786 regna
3620 2732 3736 2771 cae-

2066 2791 2295 2847 lorum:
2356 2794 2609 2866 denique
2684 2801 2995 2869 postquam
3072 2801 3362 2871 septimus
3421 2805 3730 2874 graduum

2068 2879 2332 2952 psalmus
2379 2882 2642 2954 expletus
2691 2889 2798 2952 est,
2851 2885 2993 2956 quid
3042 2886 3255 2942 dicitur
3310 2889 3372 2944 in
3425 2891 3736 2962 scriptura

2069 2967 2222 3041 ipius
2249 2971 2508 3040 psalmi?
2540 2971 2826 3045 Psalmus,
2861 2975 3073 3046 inquit,
3109 2975 3464 3046 Salomonis,
3500 2981 3609 3050 qui
3642 2998 3736 3036 ex-

2069 3063 2360 3115 struxerat
2387 3066 2636 3116 veterem
2669 3063 2932 3118 domum.
2967 3064 3033 3120 Et
3076 3065 3214 3136 quid
3253 3067 3432 3123 dicit:
3463 3071 3598 3124 Nisi
3629 3071 3736 3126 Do-

2068 3151 2256 3204 minus
2284 3149 2644 3219 mdiﬁcaverit
2689 3152 2931 3219 domum,
2983 3155 3043 3208 in
3082 3171 3284 3210 vanum
3331 3157 3737 3215 laboraverunt

314 3255 435 3313 bati
466 3272 694 3310 sumus.
729 3279 751 3308 ι
789 3256 1109 3329 Nongentis
1140 3256 1382 3328 triginta
1411 3257 1581 3312 annis
1613 3261 1782 3313 antea
1811 3257 1955 3312 vive-

2135 3239 2170 3292 ιὶ
2196 3237 2482 3313 aediﬁcant
2509 3256 2629 3295 eam
2677 3242 2828 3311 (Psal
2881 3259 3064 3310 cxxvr,
3115 3243 3191 3314 4).
3225 3245 3375 3308 Quid
3406 3262 3548 3318 ergo
3583 3249 3735 3304 dicit

315 3347 549 3416 bamus,
583 3361 771 3416 usque
819 3345 893 3400 ad
943 3344 1103 3400 mille
1148 3345 1267 3401 fere
1315 3361 1681 3401 veneramus.
1727 3347 1869 3401 Ecce
1898 3345 1958 3400 in

315 3435 551 3491 brevem
581 3434 760 3489 vitam
790 3433 909 3489 vita
939 3438 1142 3490 nostra
1171 3438 1466 3490 contracta
1495 3439 1600 3489 est.

386 3563 413 3589 ‹‹
450 3539 698 3595 Posuisti
721 3539 1060 3611 iniquitates
1092 3545 1323 3596 nostras
1345 3541 1403 3595 in
1437 3545 1750 3613 conspectu
1781 3546 1901 3596 tuo.
1931 3563 1958 3591 ››

317 3626 475 3682 Nihil
521 3631 577 3681 te
620 3626 790 3692 celat,
838 3627 946 3682 hoc
990 3634 1098 3699 est,
1148 3635 1383 3700 peccata
1433 3635 1650 3698 nostra,
1705 3646 1807 3685 nec
1846 3647 1960 3685 nox

314 3713 487 3782 celat,
518 3730 624 3769 nec
668 3713 996 3770 involutum
1049 3718 1320 3772 tenebrae.
1355 3718 1563 3773 Omnia
1594 3720 1747 3791 apud
1779 3723 1834 3774 te
1863 3719 1957 3774 lu-

315 3807 482 3858 cent:
517 3826 546 3853 ‹‹
579 3801 869 3858 Saeculum
916 3809 1180 3859 nostrum
1213 3805 1272 3859 in
1311 3805 1740 3863 illuminatione
1765 3807 1960 3863 vultus

316 3892 423 3948 tui.
460 3914 487 3941 »
518 3891 726 3947 Melius
748 3890 998 3946 habetur
1026 3891 1082 3945 in
1108 3891 1387 3947 Hebraico
1414 3910 1426 3947 :
1458 3916 1486 3942 »
1519 3895 1650 3950 Vita
1680 3897 1958 3951 nostrain

315 3980 743 4036 illuminatione
771 3979 968 4036 vultus
1002 3981 1104 4036 tui.
1141 4003 1169 4030 »
1191 3980 1484 4053 Quidquid
1517 3983 1770 4054 agimus,
1799 3986 1960 4055 quid-

315 4070 453 4141 quid
484 4069 544 4124 in
574 4074 795 4126 secreto
828 4086 934 4125 nos
965 4069 1151 4125 facere
1201 4073 1498 4142 putamus,
1543 4075 1699 4142 patet
1728 4072 1783 4127 in
1818 4089 1958 4128 ocu-

317 4157 390 4214 lis
420 4159 560 4215 tuis.

392 4284 420 4313 ‹‹
451 4265 734 4327 Quoniam
766 4281 970 4321 omnes
1017 4265 1141 4321 dies
1186 4266 1369 4321 nostri
1400 4266 1756 4322 defecerunt.
1791 4290 1818 4317 »
1850 4272 1956 4322 Cu-

316 4352 500 4407 currit
525 4357 665 4408 setas
690 4370 700 4406 :
740 4359 797 4408 et
825 4354 966 4409 dum
996 4354 1359 4426 ignoramus,
1391 4355 1644 4428 graviter
1673 4357 1954 4429 perimus.

314 4445 382 4496 Et
412 4441 520 4496 hoc
550 4441 744 4512 ipsum
771 4444 924 4513 quod
958 4441 1277 4516 loquimur,
1312 4445 1382 4499 de
1403 4450 1587 4500 morte
1617 4451 1724 4514 est,
1756 4451 1812 4502 et
1842 4463 1957 4502 non

311 4529 717 4602 intelligimus.

384 4661 412 4689 «
444 4638 594 4694 Anni
626 4638 808 4694 nostri
857 4639 1009 4694 sicut
1046 4655 1258 4695 aranea
1307 4640 1766 4696 meditabuntur.
1803 4664 1830 4691 )›
1861 4642 1957 4696 Vi-

312 4727 441 4782 dete
473 4728 610 4798 quid
644 4727 816 4782 dicat.
851 4728 1150 4792 Quomodo
1182 4744 1392 4784 aranea
1423 4730 1591 4800 quasi
1624 4730 1808 4786 mittit
1838 4731 1958 4798 fila,

311 4821 368 4870 et
399 4815 511 4871 huc
541 4815 797 4887 illucque
826 4815 1123 4887 discurrit,
1156 4820 1212 4872 et
1240 4817 1382 4872 texit
1419 4821 1540 4872 tota
1571 4817 1682 4890 die,
1713 4823 1770 4874 et
1798 4819 1962 4876 labor

312 4904 550 4974 quidem
582 4905 823 4977 grandis
853 4910 962 4976 est,
996 4905 1096 4960 sed
1128 4905 1367 4962 effectus
1411 4907 1611 4962 nullus
1650 4912 1759 4976 est,
1791 4909 1875 4964 sic
1903 4913 1961 4964 et

307 4991 428 5046 vita
454 4992 761 5049 hominum
796 4994 910 5050 huc
939 4993 1197 5066 illucque
1221 4995 1515 5051 discurrit.
1554 4997 1958 5055 Possessiones

311 5079 649 5150 quaerimus,
685 5081 917 5139 divitias
965 5084 1318 5156 appetimus,
1373 5100 1750 5155 procreamus
1783 5085 1954 5158 ﬁlios,

307 5166 662 5242 laboramus,
713 5169 773 5227 in
839 5188 1020 5244 regna
1072 5172 1462 5240 sustollimur,
1515 5178 1572 5229 et
1621 5174 1818 5231 omnia
1869 5178 1953 5232 fa-

310 5255 523 5324 cimus,
555 5263 613 5313 et
645 5276 758 5315 non
789 5259 1194 5333 intelligimus,
1228 5262 1368 5334 quia
1406 5279 1629 5318 aranea:
1661 5263 1837 5321 telam
1869 5271 1954 5322 te-

312 5360 527 5400 xumus.

385 5475 414 5503 «
445 5450 579 5508 Dies
609 5469 894 5510 annorum
924 5461 1259 5514 nostrorum
1303 5460 1362 5513 in
1395 5458 1539 5531 ipsis
1582 5463 1956 5533 septuaginta

309 5541 501 5598 annis.
536 5564 564 5590 ››
595 5540 701 5597 Ubi
731 5547 869 5598 sunt
890 5544 1048 5600 mille
1079 5546 1263 5601 anni?
1292 5547 1351 5602 In
1383 5547 1756 5620 septuaginta
1785 5551 1954 5607 annis

303 5629 580 5694 contracti
637 5647 866 5692 sumus.
924 5633 981 5690 Si
1043 5638 1240 5691 autem
1300 5635 1573 5710 multum,
1634 5640 1951 5712 octoginta.

2069 3326 2194 3397 ipse
2224 3327 2516 3394 Salomon,
2551 3329 2649 3400 qui
2683 3330 3081 3401 praescribitur
3104 3333 3163 3386 in
3185 3333 3313 3404 ipso
3332 3333 3509 3390 titulo
3527 3335 3558 3389 7
3575 3336 3730 3410 Ergo

2070 3415 2346 3470 aediﬁcavi
2374 3417 2681 3489 templum,
2717 3419 2816 3473 sed
2852 3419 2963 3477 nisi
2999 3425 3238 3477 octavus
3269 3439 3562 3479 numerus
3591 3426 3735 3480 edi-

2068 3504 2342 3571 ﬁcaverit,
2374 3504 2433 3559 in
2462 3522 2677 3561 vanum
2708 3512 2799 3562 est
2843 3508 3054 3564 domus
3102 3509 3407 3567 aediﬁcata.
3442 3514 3730 3587 Legimus

2071 3598 2125 3647 et
2155 3593 2210 3646 in
2245 3593 2550 3666 Evangelio
2601 3597 2926 3652 secundum
2980 3599 3350 3655 Matthaaum:
3396 3603 3559 3658 Beati
3580 3621 3730 3676 pau-

2065 3697 2256 3753 peres:
2315 3685 2470 3738 Beati
2519 3686 2718 3740 mites:
2765 3687 2925 3741 Beati
2983 3690 3303 3755 esurientes,
3357 3699 3413 3745 et
3469 3695 3726 3749 sitientes

2070 3770 2276 3842 (Matth.
2309 3788 2361 3838 v,
2407 3771 2584 3844 3-11),
2636 3777 2693 3828 et
2723 3780 2946 3845 caetera,
2995 3781 3052 3832 et
3108 3784 3249 3833 sunt
3294 3784 3422 3834 octo
3454 3780 3725 3837 Beatitu-

2068 3861 2255 3916 dines.
2290 3861 2435 3934 Ergo
2468 3861 2752 3919 Dominus
2775 3869 2974 3920 noster
2991 3866 3284 3923 octonario
3306 3884 3560 3926 numero
3590 3887 3727 3926 cono

2069 3948 2242 4004 clusit
2297 3950 2694 4022 Evangelium.
2757 3952 3014 4026 Denique
3071 3972 3324 4027 usquam
3383 3957 3726 4017 invenimus

2068 4043 2196 4094 octo
2229 4039 2445 4110 puriter
2472 4039 2891 4113 Beatitudines,
2928 4043 3040 4098 nisi
3086 4044 3144 4099 in
3176 4046 3512 4118 Evangelia.
3543 4049 3722 4105 Octo-

2067 4127 2230 4182 nario
2262 4144 2526 4197 numero,
2550 4129 2658 4185 hoc
2688 4135 2794 4199 est,
2819 4132 2874 4186 in
2901 4131 2994 4188 die
3018 4135 3487 4192 resurrectionis.
3531 4159 3562 4188 ‹‹
3587 4139 3723 4195 Dies

2070 4231 2360 4271 annorum
2393 4221 2729 4274 nostrorum
2759 4219 2818 4274 in
2866 4221 3010 4293 ipsis
3059 4223 3431 4296 septuaginta
3459 4227 3662 4283 annis.
3703 4253 3730 4277 υ

2069 4304 2257 4360 Vultis
2302 4307 2608 4362 ostendam
2639 4308 2801 4364 vobis
2848 4307 3084 4366 interim
3133 4313 3289 4383 quod
3338 4313 3630 4386 septimus
3660 4323 3726 4372 et

2063 4397 2301 4450 octavus
2341 4411 2621 4451 numerus
2663 4397 2960 4454 continent
3007 4399 3264 4472 plurima
3292 4407 3718 4462 sacramenta?

2065 4485 2348 4556 Legamus
2377 4483 2658 4555 Ezechiel,
2690 4490 2747 4541 et
2787 4487 2844 4542 in
2873 4504 2990 4544 una
3033 4494 3200 4560 porta
3241 4489 3493 4547 dicitur:
3528 4493 3597 4548 Et
3627 4496 3722 4548 in-

1988 4593 2035 4658 D
2066 4572 2373 4641 gradiatur,
2424 4573 2615 4645 inquit
2665 4591 2770 4646 per
2808 4583 3031 4647 portam
3090 4579 3326 4634 Orientis
3354 4582 3417 4634 in
3450 4585 3724 4650 templum

2068 4661 2211 4732 quod
2265 4660 2571 4731 aediﬁcatur
2629 4663 2841 4732 (Ezech.
2903 4683 2991 4738 ιι,
3043 4667 3154 4738 20).
3220 4669 3283 4722 In
3315 4669 3604 4741 Ezechiel,
3671 4675 3732 4729 in

2071 4755 2332 4805 extrema
2378 4755 2577 4821 parte:
2632 4756 2700 4807 Et
2748 4755 3022 4823 ascendet,
3055 4755 3272 4828 inquit,
3319 4759 3583 4816 sacerdos
3607 4766 3732 4834 pri~

2069 4856 2244 4907 mum,
2271 4855 2372 4910 per
2404 4843 2604 4910 septem
2632 4849 2682 4896 et
2723 4850 2839 4898 octo
2885 4843 3090 4914 gradus
3139 4844 3307 4918 (Ibid.
3349 4847 3466 4919 26).
3500 4849 3577 4904 Et
3608 4850 3734 4906 ﬁeri

2069 4932 2294 5000 poterat
2322 4933 2388 4983 ut
2418 4928 2477 4983 in
2509 4944 2577 4983 ea
2623 4933 2790 5001 porta
2821 4935 2878 4987 et
2923 4938 3147 5006 septem
3185 4941 3383 4991 essent
3411 4938 3640 5009 gradus
3669 4948 3726 4996 et

2066 5021 2213 5072 octo.
2247 5016 2357 5072 Sed
2393 5016 2579 5072 videte
2627 5019 2766 5090 quid
2814 5019 2993 5076 dicit:
3045 5022 3341 5079 Orientalis
3383 5031 3546 5095 porta
3579 5029 3728 5085 unde

2066 5106 2247 5161 lumen
2275 5108 2422 5161 venit
2469 5106 2644 5177 (Ibid:
2674 5108 2752 5178 6),
2804 5111 3088 5168 Dominus
3132 5116 3332 5169 noster
3376 5119 3558 5187 atque
3590 5117 3720 5174 Sal-

2063 5198 2245 5250 vator.
2279 5194 2404 5250 Una
2429 5195 2665 5266 quidem
2717 5203 2885 5269 porta
2930 5205 3038 5269 est,
3091 5205 3148 5256 et
3177 5218 3348 5259 nemo
3387 5203 3719 5272 ingreditur

2064 5283 2119 5337 in
2153 5299 2279 5339 eam
2312 5285 2423 5340 nisi
2454 5287 2725 5342 sacerdos
2755 5303 3026 5360 magnus.
3057 5290 3128 5345 Et
3166 5292 3306 5362 quid
3337 5291 3561 5349 dicitur
3592 5296 3672 5352 ibi
3693 5297 3720 5352 ‘1’

2063 5373 2226 5428 Porta
2254 5374 2372 5431 haec
2393 5390 2602 5446 semper
2645 5376 2833 5433 clausa
2883 5380 2991 5434 erit
3039 5379 3252 5448 (Επειδὴ.
3297 5398 3446 5454 xmv,
3479 5385 3560 5452 2).
3599 5385 3722 5444 Non

2063 5466 2262 5517 autem
2295 5463 2554 5534 aperitur
2581 5463 2694 5520 nisi
2722 5462 3026 5523 sacerdoti.
3059 5468 3150 5524 Sic
3181 5468 3363 5542 igitur
3391 5474 3450 5526 et
3480 5471 3714 5531 Novum

2062 5554 2119 5606 et
2149 5551 2324 5606 Vetus
2355 5553 2796 5610 Testamentum
2835 5571 3070 5630 semper
3109 5557 3376 5614 clausum
3409 5561 3564 5618 fuit:
3603 5581 3715 5620 non

2061 5644 2149 5700 est
2178 5645 2446 5715 apertum
2479 5641 2594 5701 nisi
2617 5642 2924 5706 Salvatori.
2961 5645 3077 5704 Iste
3103 5651 3192 5714 est
3220 5647 3381 5708 enim
3412 5652 3516 5724 qui
3543 5650 3722 5716 habet
