3976 6188
193 342 335 403 1161

184 566 242 619 et
288 578 460 618 nemo
511 562 716 634 aperit.
752 563 877 620 Una
924 580 1060 638 ergo
1091 568 1259 636 porta
1288 564 1464 621 habet
1503 568 1723 637 septem
1776 569 1834 621 et

184 655 310 708 octo
341 652 580 724 gradus.
616 653 685 707 Et
713 653 772 707 in
817 653 1007 709 Veteri
1042 654 1278 726 quidem
1309 655 1681 710 Testamento
1735 673 1831 710 sa-

186 745 486 797 cramenta
535 745 674 796 sunt
702 742 1053 814 evangelica,
1087 748 1144 799 et
1183 743 1243 798 in
1275 743 1428 800 Novo
1480 747 1830 799 testamento

186 835 550 887 sacramenta
603 835 741 887 sunt
786 830 952 904 legis.
997 833 1206 889 Audite
1256 833 1480 904 majora
1530 833 1828 906 mysteria.

182 920 260 976 Eo
308 924 573 992 tempore
620 921 854 992 quando
907 921 1204 988 Salomon,
1237 922 1347 978 hoc
1395 926 1502 988 est,
1553 923 1831 994 paciﬁcus

183 1015 398 1080 noster,
432 1008 531 1081 qui
579 1008 719 1064 dicit
759 1010 936 1081 (Joan.
988 1027 1105 1080 xxv,
1133 1013 1224 1077 27)
1259 1027 1271 1066 :
1305 1013 1503 1068 Pacem
1544 1028 1718 1067 meam
1763 1012 1829 1068 do

178 1097 344 1168 vobis,
376 1100 586 1169 {pacem
631 1114 806 1154 meam
856 1099 1104 1172 relinquo
1154 1103 1306 1156 nobis
1337 1117 1350 1154 :
1384 1102 1509 1173 ipse
1552 1104 1642 1157 est
1670 1101 1828 1156 enim

178 1203 292 1258 pare
337 1194 535 1242 nostra
578 1187 790 1258 (Ephes.
844 1205 906 1253 ιτ,
949 1188 1060 1258 14),
1094 1194 1150 1245 et
1197 1207 1306 1261 pax
1351 1207 1478 1262 qua:
1521 1195 1830 1263 exsuperat

178 1291 412 1331 omnem
471 1291 712 1331 sensum
761 1276 1026 1348 (Philipp.
1081 1295 1156 1346 IV,
1213 1280 1292 1350 7),
1341 1279 1466 1351 ipse
1524 1279 1830 1335 aediﬁcavit

176 1362 465 1435 templum
496 1363 632 1419 Deo.
665 1365 736 1419 Et
767 1365 898 1420 vide
926 1364 1008 1420 ibi
1041 1366 1340 1439 Scriptura
1371 1368 1513 1440 quid
1546 1369 1720 1424 dicat.
1758 1369 1827 1424 Et

176 1456 360 1519 erant,
394 1451 606 1524 inquit,
638 1451 990 1510 latomorum
1023 1457 1396 1529 septuaginta
1420 1456 1622 1524 millia,
1646 1461 1701 1512 et
1732 1473 1826 1514 eo-

177 1556 310 1596 rum
343 1541 440 1613 qui
472 1541 780 1613 portabant
808 1543 1100 1615 octoginta
1131 1544 1317 1601 millia
1351 1547 1450 1617 (III
1476 1548 1600 1617 Reg.
1623 1563 1678 1612 v,
1714 1546 1821 1616 15).

177 1629 380 1685 Videte
410 1645 744 1686 numerum.
780 1632 1003 1687 Latomi
1037 1633 1137 1704 qui
1185 1633 1410 1706 lapides
1441 1635 1691 1705 caedunt,
1725 1635 1826 1706 qui

179 1718 351 1786 quasi
389 1718 770 1775 fundamenta
799 1719 1177 1776 aediﬁciorum
1231 1726 1579 1794 praeparant,
1613 1721 1711 1793 qui
1742 1720 1826 1776 la-

176 1805 344 1911 pides
365 1808 447 1906 .ad
491 1807 898 1907 aediﬁcandum
930 1809 989 1864 in
1034 1810 1253 1882 templo
1285 1811 1385 1866 Dei
1416 1812 1487 1867 de
1531 1815 1687 1911 terra
1715 1810 1825 1909 tol-
1857 1845 1905 1911 Β

174 1893 328 1962 lunt,
362 1895 421 1951 in
467 1896 716 1969 septimo
747 1913 993 1954 numero
1042 1904 1360 1971 ponuntur,
1393 1900 1451 1954 in
1502 1899 1824 1972 prophetis,

173 1982 233 2038 in
265 1985 634 2055 patriarchis.
670 1985 757 2042 Illi
789 1986 946 2042 enim
980 1987 1308 2043 humanum
1339 2004 1526 2061 genus
1555 1989 1723 2060 quasi
1754 1989 1825 2044 de

173 2076 334 2129 terra
382 2074 704 2144 ejicientes,
751 2075 808 2129 in
849 2075 1136 2147 templum
1188 2076 1416 2132 Domini
1463 2092 1824 2148 praeparave-

176 2166 337 2218 runt.
373 2163 475 2218 Isti
502 2179 661 2230 vero,
693 2163 800 2219 hoc
829 2169 919 2220 est
943 2165 1241 2238 octoginta
1257 2164 1441 2220 millia
1467 2183 1479 2220 :
1506 2165 1827 2237 apostolica

174 2251 510 2321 praedicatio
541 2255 598 2306 et
645 2252 994 2324 evangelica,
1028 2254 1123 2309 isti
1161 2254 1260 2325 qui
1294 2271 1427 2310 cum
1478 2255 1594 2310 Deo
1626 2254 1823 2310 Salva-

171 2343 300 2395 tore
332 2344 390 2394 et
419 2339 547 2410 ipso
578 2339 888 2396 Salomone
919 2342 1120 2414 gravia
1148 2345 1412 2415 gentium
1435 2347 1669 2416 peccata
1699 2360 1826 2415 por-

171 2428 399 2482 tabant.
433 2427 748 2500 Hucusque
775 2429 1006 2484 videtur
1034 2431 1265 2486 ﬁnitum
1298 2447 1426 2488 esse
1456 2433 1820 2504 mysterium.

164 2515 384 2570 Audite
435 2516 661 2586 majora
711 2517 1011 2589 mysteria.
1043 2519 1110 2573 Et
1137 2521 1236 2590 qui
1281 2530 1576 2592 praeerant,
1611 2521 1822 2594 inquit,

166 2605 296 2658 istis
326 2604 590 2674 operibus
618 2613 672 2661 et
699 2605 924 2678 templo,
957 2609 1070 2662 tria
1117 2609 1299 2663 millia
1329 2613 1487 2664 erant
1518 2610 1673 2682 (Ibid.
1712 2611 1820 2682 16).

165 2691 300 2746 Non
331 2698 584 2763 possunt
630 2709 758 2750 esse
793 2695 1065 2766 majores.
1100 2697 1168 2751 Et
1215 2697 1316 2768 qui
1347 2702 1606 2768 praesunt
1635 2699 1821 2771 operi-

168 2779 302 2852 bus,
337 2781 447 2836 nisi
496 2780 579 2836 illi
630 2782 730 2853 qui
784 2783 1102 2854 praedicant
1149 2785 1552 2842 Trinitatem?
1607 2811 1635 2838 «
1689 2787 1820 2844 Dies

169 2885 462 2925 annorum
513 2876 846 2926 nostrorum
879 2872 937 2927 in
969 2873 1113 2944 ipsis
1163 2875 1533 2946 septuaginta
1565 2876 1754 2931 annis.
1788 2898 1817 2926 »

169 2957 354 3014 Multa
400 2963 540 3014 sunt
579 2977 705 3032 quo:
763 2961 1054 3031 dicantur,
1089 2964 1188 3018 sed
1238 2963 1382 3018 hora
1433 2963 1818 3020 excludimur.

245 3067 276 3096 ‹‹
306 3046 607 3103 Dexteram
657 3053 824 3104 tuam
855 3049 940 3105 sic
988 3054 1186 3106 notam
1218 3051 1325 3122 fac,
1359 3055 1417 3106 et
1463 3053 1823 3124 compeditos

1344 344 1837 407 BREVIARIUM
1883 345 1962 405 IN
2006 345 2098 406 PS
2113 347 2155 406 A
2170 347 2401 408 LMUS.

183 473 422 544 clavem,
455 472 557 544 qui
596 472 800 546 aperit,
833 477 891 530 et
919 488 1090 530 nemo
1137 473 1357 531 claudit
1392 493 1404 530 :
1451 476 1550 548 qui
1581 475 1823 543 claudit,
1854 477 1910 542 Α

3440 351 3595 410 1162

2013 499 2042 526 ‹‹
2072 481 2427 544 Convertere,
2461 477 2725 550 Domine,
2748 493 3075 550 usquequo.
3110 501 3138 529 ››
3171 479 3420 537 Multum
3448 497 3594 553 pec-

1940 565 2217 633 cavimus,
2240 567 2450 622 avertis
2481 567 2689 622 faciem
2720 570 2883 622 tuam
2910 584 2921 622 :
2948 585 3063 624 non
3097 573 3236 624 sunt
3256 569 3431 642 digna
3453 587 3592 643 pec-

1940 658 2067 708 cata
2101 659 2302 711 nostra
2338 656 2456 710 tuis
2485 656 2668 711 videri
2719 656 2927 712 oculis.
2964 658 3269 728 Propterea
3317 660 3590 731 depreca-

1941 759 2094 811 mur,
2136 765 2162 797 α
2193 749 2543 810 convertere,
2575 745 2846 813 Domine,
2873 763 3201 817 usquequo.
3237 769 3266 796 »
3294 748 3439 804 Ecce
3461 751 3588 820 jam

1939 834 2106 887 tanta
2131 835 2425 889 fluxerunt
2454 835 2668 890 saecula
2691 853 2703 891 :
2729 851 2960 908 semper
2982 840 3038 891 te
3059 835 3354 907 praphetae
3382 843 3592 894 ventu-

1940 937 2070 976 rum
2101 922 2562 992 praedicaverunt
2592 924 2889 995 gentibus,
2913 929 2969 980 et
2997 924 3188 980 adhuc
3211 941 3325 979 non
3356 926 3587 982 venisti.

1943 1029 1970 1056 ‹‹
2000 1010 2070 1063 Et
2098 1009 2282 1082 dirige
2314 1011 2467 1067 ﬁlios
2519 1012 2848 1068 hominum.
2885 1036 2912 1062 ››
2944 1013 3050 1076 Qui
3104 1013 3263 1084 pravi
3294 1030 3524 1085 sumus,
3557 1032 3591 1070 a

1939 1102 1996 1152 te
2045 1098 2388 1170 dirigamur.
2432 1124 2461 1150 «
2492 1101 2562 1155 Et
2611 1101 2797 1173 dirige
2828 1100 2978 1156 ﬁlios
3022 1101 3351 1158 hominum.
3387 1125 3414 1152 ››
3446 1107 3591 1159 Pro-

1937 1190 2131 1256 pterea
2151 1203 2248 1242 eos
2289 1187 2493 1260 dirige,
2523 1188 2660 1260 quia
2682 1188 2785 1243 ﬁlii
2811 1189 3119 1244 hominum
3143 1195 3300 1245 sunt.
3335 1191 3395 1246 Si
3425 1192 3583 1248 enim

1937 1279 2132 1330 essent
2177 1274 2279 1329 ﬁlii
2327 1275 2436 1341 tui,
2477 1276 2679 1331 directi
2728 1279 2942 1330 essent.
2997 1277 3084 1330 Tu
3132 1277 3287 1331 enim
3337 1278 3581 1334 dixisti:

1936 1365 2044 1434 Ego
2064 1363 2206 1432 dixi,
2238 1365 2324 1418 dii
2350 1367 2494 1430 estis,
2525 1373 2574 1420 et
2601 1366 2711 1435 ﬁlii
2737 1366 2953 1420 Excelsi
2980 1380 3163 1420 omnes
3191 1366 3360 1436 (Psal.
3394 1384 3581 1435 Lxxx1,

1934 1453 2013 1522 6).
2046 1453 2160 1508 Vos
2183 1456 2378 1508 autem
2403 1458 2469 1508 ut
2488 1453 2757 1509 homines
2779 1453 3131 1524 moriemini,
3155 1457 3211 1508 et
3228 1455 3398 1525 quasi
3430 1472 3584 1511 unus

1936 1541 2007 1595 de
2049 1540 2413 1613 principibus
2463 1542 2702 1598 cadetis.
2738 1543 2806 1596 Et
2834 1542 2895 1596 in
2945 1540 3058 1597 alio
3101 1542 3227 1598 loco
3263 1561 3275 1598 :
3307 1544 3425 1598 Non
3449 1559 3583 1615 per-

1934 1631 2177 1685 manebit
2207 1632 2441 1701 spiritus
2469 1647 2620 1686 meus
2666 1633 2726 1685 in
2758 1631 3070 1685 hominibus
3099 1632 3220 1686 istis
3250 1649 3268 1686 :
3298 1635 3432 1703 quia
3458 1649 3585 1688 caro

1933 1727 2058 1774 sunt
2089 1718 2240 1790 (Gen.
2272 1736 2348 1790 vr,
2373 1720 2448 1788 3).
2483 1720 2769 1784 Quoniam
2801 1719 3069 1774 homines
3100 1725 3258 1786 sunt,
3283 1726 3588 1793 propterea

1935 1824 2067 1863 caro
2097 1812 2256 1864 sunt.
2288 1809 2433 1880 Ergo
2465 1809 2603 1880 quia
2633 1808 2734 1862 ﬁlii
2771 1808 3096 1874 hominum,
3130 1814 3185 1864 et
3219 1809 3582 1882 perdidimus

1937 1914 2064 1954 esse
2093 1897 2193 1952 ﬁlii
2219 1897 2343 1963 Dei,
2367 1903 2422 1953 et
2453 1898 2613 1969 pravi
2645 1897 2777 1952 facti
2806 1914 3012 1952 sumus
3038 1916 3051 1952 :
3076 1903 3382 1970 propterea
3402 1900 3587 1972 dirige

1935 2002 2062 2056 nos,
2095 1989 2150 2040 et
2180 2001 2416 2040 rursum
2447 1986 2532 2040 tui
2562 1985 2888 2040 efﬁciamur
2917 1985 3043 2039 ﬁlii.

2010 2095 2037 2124 ‹‹
2069 2075 2138 2129 Et
2167 2074 2245 2129 sit
2270 2073 2546 2144 splendor
2577 2073 2803 2128 Domini
2859 2073 2950 2129 Dci
2984 2073 3170 2129 nostri
3193 2089 3371 2146 super
3396 2091 3522 2132 nos.
3549 2098 3578 2127 »

1934 2162 2084 2218 Dicit
2104 2167 2159 2217 et
2184 2162 2499 2232 Apostolus
2529 2163 2601 2217 ad
2637 2162 2908 2218 Hebraeos
2933 2179 2946 2217 :
2971 2163 3258 2228 Quoniam
3287 2163 3576 2220 Dominus

1934 2256 2111 2323 atque
2140 2250 2398 2306 Salvator
2442 2251 2718 2322 splendor
2748 2251 2824 2305 sit
2871 2250 3067 2322 gloriae
3099 2251 3284 2306 Patris
3313 2252 3500 2320 (Hebr.
3537 2269 3577 2320 1,

1933 2339 2008 2398 3).
2045 2361 2073 2387 ‹‹
2107 2340 2175 2394 Et
2205 2339 2280 2394 sit
2308 2337 2588 2411 splendor
2618 2338 2851 2394 Domini
2882 2339 2982 2393 Dei
3008 2339 3194 2394 nostri
3217 2355 3395 2411 super
3417 2357 3576 2396 nos.»

1934 2427 2051 2484 Hoc
2080 2431 2169 2484 est
2199 2429 2351 2499 quod
2406 2427 2622 2482 dicitur
2665 2431 2720 2483 et
2749 2427 2808 2481 in
2841 2427 2956 2482 alio
2987 2427 3111 2483 loco
3145 2444 3157 2482 :
3188 2427 3474 2496 Sig-natum
3503 2439 3583 2484 est

1931 2533 2092 2587 super
2141 2532 2236 2572 nos
2285 2516 2470 2571 lumen
2496 2517 2677 2571 vultus
2720 2518 2823 2585 tui,
2878 2517 3099 2572 Domine
3149 2517 3328 2588 (Psal.
3375 2535 3448 2588 1v,
3503 2519 3583 2587 7).

1941 2605 2184 2676 Signum
2218 2605 2429 2672 crucis,
2451 2603 2726 2660 vexillum
2749 2610 3016 2660 nostrum
3049 2609 3156 2661 est.
3194 2608 3319 2661 Ilaec
3349 2606 3583 2662 interim

1933 2693 2004 2748 de
2034 2693 2261 2764 psalmo
2294 2693 2569 2760 diximus,
2591 2698 2741 2760 et,ut
2762 2694 3008 2763 aestimo,
3029 2694 3250 2750 diutius
3279 2711 3456 2766 quam
3480 2697 3582 2751 de-

1931 2783 2268 2848 bueramus,
2347 2782 2643 2837 immorati
2719 2799 2946 2837 sumus.
3011 2782 3398 2855 lntelligimus
3473 2801 3581 2840 nos

1932 2870 2118 2926 multo
2155 2869 2323 2942 plura
2371 2870 2587 2925 dixisse
2636 2887 2811 2941 quam
2864 2870 3177 2926 debuimus
3207 2872 3438 2938 dicere;
3471 2873 3574 2928 sed

1931 2976 2046 3015 non
2079 2975 2398 3031 possumus
2440 2959 2672 3014 Domini
2723 2958 2907 3014 nostri
2937 2959 3116 3014 verba
3164 2959 3428 3027 reticere,
3462 2977 3579 3015 non

1929 3065 2248 3120 possumus
2277 3047 2617 3102 inchoatum
2650 3047 2946 3119 psalmum
2966 3046 3311 3119 relinquere.
3332 3047 3458 3103 Non
3489 3053 3581 3104 est

168 3136 345 3191 corde
382 3135 441 3191 in
473 3137 778 3209 sapientia.
823 3158 852 3190 υ
890 3139 952 3194 In
985 3139 1342 3210 quibusdam
1373 3141 1677 3197 codicibus
1725 3142 1821 3197 di-
1869 3209 1877 3210 ί
1932 3137 2208 3201 multum,
2243 3137 2633 3209 quodcunque
2680 3137 2920 3209 prodest
2968 3137 3176 3192 animae
3211 3153 3222 3190 :
3259 3136 3402 3191 nihil
3437 3137 3579 3193 satis

173 3224 351 3292 citur,
380 3225 618 3281 eruditos
640 3243 660 3286 ;
692 3226 752 3281 in
801 3226 933 3283 aliis
955 3209 1218 3299 ‘dicitur,
1247 3229 1598 3301 compeditos.
1643 3230 1819 3286 Aliud
1850 3209 1893 3277 C
1933 3230 2041 3292 est,
2074 3227 2227 3298 quod
2272 3226 2491 3281 bonum
2541 3230 2650 3294 est,
2684 3227 2734 3280 si
2763 3230 2960 3281 tamen
3011 3226 3249 3281 bonum.
3286 3227 3578 3298 Rogemus

169 3313 460 3384 eruditus,
502 3314 659 3369 aliud
709 3316 1092 3387 compedibus
1142 3316 1453 3388 signiﬁcat.
1488 3318 1635 3383 Quid
1684 3335 1819 3392 ergo

169 3399 352 3457 dicit:
387 3424 416 3452 ‹‹
451 3407 754 3459 Dexteram
784 3407 948 3458 tuam
997 3408 1197 3459 notam
1232 3405 1340 3461 fac.
1378 3428 1406 3455 ››
1435 3406 1583 3470 Quid
1613 3408 1820 3464 tandiu

167 3490 468 3546 dexteram
489 3497 650 3548 tuam
685 3492 984 3548 contrahis
1001 3492 1028 3547 ?
1051 3493 1226 3560 Deus,
1254 3510 1438 3566 quare
1457 3496 1669 3551 avertis
1696 3512 1818 3552 ma-

142 3594 314 3634 num
367 3585 530 3636 tuam
574 3582 634 3636 in
685 3581 881 3637 sinum
911 3581 1128 3637 tuum?
1155 3582 1214 3638 in
1247 3582 1360 3639 alio
1409 3584 1633 3655 psalmo
1671 3585 1820 3640 dici-

165 3672 283 3724 tur.
334 3670 482 3734 Quid
531 3670 790 3726 dicitur?
837 3671 953 3727 Hoc
1000 3675 1107 3743 est,
1142 3672 1202 3727 in
1254 3673 1597 3744 aegritudine
1644 3674 1819 3746 positi

167 3773 401 3827 sumus,
425 3758 482 3812 in
506 3759 760 3829 peccatis
781 3761 1052 3830 jacemus
1081 3778 1092 3814 :
1117 3761 1282 3816 mitte
1303 3762 1599 3817 dexteram
1633 3767 1819 3833 tuam,

165 3849 221 3901 et
251 3845 418 3901 eleva
446 3862 574 3903 nos.
613 3849 800 3912 Quare
837 3849 1041 3903 tandiu
1087 3849 1381 3904 dexteram
1431 3855 1594 3906 tuam
1641 3850 1822 3906 habes

164 3934 223 3989 in
276 3933 409 3988 sinu
460 3934 608 3990 tuo?
657 3935 889 3991 Eructet
935 3953 1034 3994 cor
1081 3940 1250 3992 tuum
1301 3939 1542 3993 verbum
1600 3944 1819 3996 tuum:

167 4022 341 4077 mitte
374 4022 671 4078 dexteram
702 4027 888 4092 tuam,
920 4029 976 4079 et
1007 4024 1192 4080 libera
1243 4042 1368 4081 nos.
1403 4026 1619 4082 Notum
1653 4028 1823 4084 nobis

167 4111 257 4166 fac
301 4112 645 4182 mysterium
695 4113 849 4184 quod
903 4114 1311 4170 absconditum
1360 4113 1470 4170 fuit
1499 4132 1533 4170 a
1577 4131 1822 4188 genera-

168 4199 451 4257 tionibus.
482 4224 502 4251 α
521 4202 823 4258 Dexteram
842 4207 1007 4258 tuam
1030 4208 1230 4259 notam
1253 4204 1361 4260 fac.
1388 4225 1417 4252 ››
1444 4205 1590 4268 Quid
1615 4206 1820 4262 subre-

168 4287 283 4359 pis,
303 4289 400 4343 Ari
420 4289 592 4344 ?Non
623 4290 789 4357 dixit,
814 4292 1108 4347 dexteram
1140 4296 1303 4348 tuam
1335 4293 1443 4348 fac.
1471 4293 1626 4349 Deus
1663 4295 1820 4350 enim

167 4377 300 4432 sine
329 4376 563 4431 dextera
602 4393 711 4432 sua
758 4395 1060 4451 nunquam
1111 4382 1243 4436 fuit.
1276 4381 1388 4438 Sed
1442 4382 1581 4453 quid
1631 4382 1822 4438 dixit?

169 4488 196 4514 ‹‹
230 4467 536 4521 Dexteram
583 4469 768 4532 tuam,
805 4488 834 4515 ››
867 4483 991 4538 quae
1043 4484 1275 4540 semper
1329 4470 1459 4535 fuit,
1491 4475 1549 4526 et
1579 4471 1637 4525 in
1686 4473 1820 4527 sinu

166 4557 266 4609 tuo
303 4553 434 4623 fuit,
468 4575 498 4604 «
529 4557 725 4610 notam
751 4554 860 4609 fac.
900 4577 921 4602 ι»
957 4555 1242 4619 Quoniam
1272 4556 1439 4612 illum
1470 4574 1820 4630 permanen-
1851 4578 1898 4643 D

167 4647 288 4697 tem
321 4642 378 4697 in
408 4643 621 4699 deitate
651 4660 760 4698 sua
791 4660 962 4700 nosse
996 4661 1109 4700 non
1161 4662 1478 4717 possumus
1511 4663 1524 4700 :
1559 4653 1823 4704 assumat

169 4731 493 4803 hominem,
539 4737 596 4788 et
653 4732 736 4788 sic
793 4732 1197 4806 intelligamus
1249 4751 1405 4791 eum.
1451 4759 1478 4786 «
1513 4737 1818 4794 Dexteram

171 4824 334 4877 tuam
365 4821 448 4877 sic
498 4826 696 4877 notam
743 4822 853 4891 fac,
901 4827 957 4878 et
1006 4824 1369 4894 compeditos
1419 4827 1589 4881 corde
1636 4827 1695 4880 in
1728 4843 1820 4881 sa-

172 4910 413 4981 pientia.
447 4932 476 4959 »
507 4910 618 4966 Eos
648 4912 746 4982 qui
781 4912 1078 4984 sapientiae
1108 4913 1324 4968 habent
1351 4915 1682 4986 compedes,
1716 4915 1824 4971 hoc

171 5004 281 5070 est,
315 4998 414 5070 qui
455 4999 769 5072 compediti
818 5005 958 5055 sunt
986 5000 1045 5056 in
1098 5002 1271 5056 corde
1324 5018 1427 5074 per
1473 5003 1823 5075 sapientiam

171 5090 356 5144 tuam.
391 5087 516 5144 Non
546 5089 711 5145 vobis
752 5090 831 5145 sit
877 5090 1215 5160 molestum,
1250 5092 1389 5163 quia
1422 5092 1707 5148 obscurus
1738 5098 1826 5150 est

171 5174 354 5242 locus,
385 5177 1008 5249 Prophetaahabebant
1031 5180 1376 5251 sapientiam
1410 5182 1546 5237 :sed
1580 5183 1709 5254 ipsa
1738 5199 1827 5238 sa-

171 5266 394 5337 pientia
422 5267 830 5340 compediebat
859 5285 978 5333 eos,
1011 5285 1126 5324 non
1179 5273 1446 5341 poterant
1475 5269 1668 5326 volare
1699 5272 1825 5327 sine

171 5353 420 5413 Christo.
471 5356 674 5412 Videte
722 5372 860 5429 ergo
917 5357 1018 5428 qui
1068 5357 1269 5413 dicat:
1319 5359 1482 5415 Mitte
1526 5361 1824 5416 dexteram

171 5447 354 5513 tuam,
401 5445 511 5501 hoc
555 5449 642 5502 est
691 5445 904 5500 Filium
952 5450 1142 5502 tuum.
1177 5446 1401 5504 Notum
1449 5448 1619 5503 nobis
1656 5447 1824 5504 illum

171 5532 294 5589 fac:
326 5539 390 5590 ut
411 5539 467 5590 et
496 5533 790 5608 prophetae
816 5533 915 5606 qui
957 5535 1123 5606 quasi
1165 5535 1660 5608 prophetaverunt
1690 5552 1827 5592 um-

176 5622 364 5698 bram,
402 5623 687 5697 incipiant
716 5623 1032 5680 Dominum
1085 5624 1456 5683 manifestius
1486 5626 1822 5700 praedicare.

462 5753 724 5815 PATBOL.
769 5749 981 5815 XXVI.

1931 3315 2111 3387 igitur
2139 3314 2454 3370 Dominum
2485 3320 2755 3370 nostrum
2789 3314 3169 3380 Salvatorcm,
3205 3320 3271 3369 ut
3302 3313 3581 3386 splendor

1931 3405 2057 3475 ejus
2086 3403 2275 3459 luceat
2305 3404 2362 3459 in
2415 3404 2688 3459 cordibus
2740 3403 2976 3470 nostris,
3012 3407 3074 3458 ut
3106 3403 3300 3473 ejiciat
3347 3419 3381 3457 a
3412 3402 3580 3458 nobis

1931 3492 2306 3548 tenebrarum
2349 3493 2845 3564 impugnationes,
2895 3497 2950 3547 et
2981 3491 3249 3547 sordidas
3280 3491 3580 3563 cogitatio-

1932 3597 2058 3648 nes,
2089 3586 2144 3636 et
2189 3581 2387 3636 omnia
2416 3586 2651 3652 peccata
2703 3579 2988 3652 propellat
3031 3581 3102 3635 de
3133 3579 3408 3636 cordibus
3440 3596 3581 3635 nos-

1930 3670 2056 3731 tris,
2092 3674 2156 3724 ut
2185 3669 2481 3725 illuminet
2528 3673 2760 3725 nostras
2807 3669 3098 3739 tenebras,
3128 3673 3193 3724 ut
3245 3669 3476 3741 fugiant
3505 3673 3584 3724 te-

1932 3758 2144 3829 nebrm,
2168 3763 2224 3813 et
2245 3758 2466 3814 habitet
2487 3759 2763 3830 splendor
2783 3757 2932 3813 lucis
2954 3758 3014 3813 in
3038 3758 3314 3813 cordibus
3339 3758 3578 3814 nostris.

1931 3847 2238 3918 Templum
2263 3847 2515 3915 Domini,
2544 3851 2600 3902 et
2629 3847 3096 3914 tabernaculum,
3120 3851 3177 3902 et
3205 3851 3416 3902 Sancta
3446 3863 3580 3901 san-

1933 3939 2179 4003 ctorum,
2205 3952 2438 4007 semper
2466 3935 2764 3991 lucernam
2788 3936 3043 3992 habeant
3061 3937 3394 4002 ardentem;
3421 3950 3581 3989 sem-
3661 3955 3672 3969 ε

1932 4041 2034 4097 per
2059 4024 2428 4096 superluceat
2458 4024 2698 4080 lucerna
2746 4025 2803 4078 in
2838 4025 3010 4080 domo
3042 4023 3296 4078 Domini.
3332 4021 3390 4077 Si
3419 4022 3576 4077 enim

1932 4114 2216 4170 exstincta
2240 4114 2417 4169 fuerit
2462 4113 2721 4179 lucerna,
2755 4113 3038 4167 Dominus
3069 4113 3127 4165 in
3175 4109 3432 4165 tenebris
3464 4127 3580 4166 non

1931 4202 2178 4258 habitat.
2231 4203 2502 4258 Dicamus
2548 4202 2731 4274 igitur
2775 4205 2832 4254 et
2879 4216 3030 4255 nos:
3067 4203 3313 4254 Lucerna
3355 4198 3584 4270 pedibus

1929 4294 2155 4347 verbum
2201 4295 2378 4361 tuum,
2428 4293 2656 4345 Domine
2704 4290 2876 4360 (Psal.
2925 4289 3282 4359 cxvm,105)
3315 4304 3327 4342 :
3362 4288 3455 4343 cui
3503 4287 3581 4344 sit

1933 4381 2116 4453 gloria
2145 4381 2205 4434 in
2239 4379 2451 4434 saecula
2481 4378 2849 4434 saeculorum.
2883 4383 3091 4434 Amen.

2514 4467 2844 4524 PSALMUS
2885 4468 2992 4524 XC.

1933 4559 2044 4613 Iste
2077 4556 2343 4613 Psalmus
2373 4573 2486 4612 non
2513 4557 2690 4611 habet
2717 4555 2982 4624 titulum,
3001 4572 3068 4612 eo
3093 4557 3247 4627 quod
3276 4557 3346 4611 de
3373 4555 3583 4626 capite,

2003 4631 2088 4684 vel
2121 4629 2400 4683 membris
2431 4632 2720 4683 cantatur.
2758 4628 2944 4699 Caput
2996 4629 3055 4683 in
3087 4628 3229 4683 coelo
3264 4645 3276 4682 :
3304 4627 3580 4699 membra

2002 4701 2062 4755 in
2095 4705 2267 4756 terra.
2305 4701 2370 4754 Et.
2403 4701 2629 4772 pr70prie
2658 4696 3007 4772 intelligitur
3033 4700 3103 4772 die
3124 4698 3372 4770 jejunio,
3393 4703 3458 4772 et
3484 4696 3585 4752 illa

2001 4773 2240 4826 tentatio
2300 4770 2888 4826 eremiCPraevidebat
2918 4771 3220 4842 prOpheta,
3255 4770 3408 4840 quod
3445 4785 3581 4823 ven-

2003 4849 2172 4898 turus
2221 4847 2343 4898 erat
2385 4843 2679 4897 Christum
2729 4843 2786 4896 in
2836 4859 3028 4909 carne,
3066 4847 3130 4896 ut
3175 4844 3502 4896 tentaretur
3550 4857 3584 4895 a

2006 4913 2237 4970 diabolo
2268 4915 2476 4983 (Ma/th.
2513 4916 2611 4985 1v).

2006 5026 2033 5052 ‹‹
2066 5004 2170 5067 Qui
2195 5003 2494 5058 habitatin
2514 5002 2805 5073 adjutorio
2837 5001 3144 5057 Altissimi.
3165 5000 3583 5071 nAdjutorium

1933 5092 2373 5164 interpretatur,
2421 5096 2612 5148 Ezras,
2667 5091 2930 5162 Denique
2982 5090 3181 5164 βοηθὸς
3231 5090 3402 5145 Ezras
3452 5106 3584 5161 pro-

1934 5181 2111 5252 pheta
2159 5181 2390 5236 dicitur.
2444 5182 2559 5236 Iste
2609 5185 2698 5235 est
2741 5181 2841 5252 qui
2897 5179 3130 5234 reduxit
3176 5177 3458 5250 populum
3509 5179 3581 5233 de

1935 5269 2271 5342 captivitate
2304 5269 2651 5342 Babyloniae,
2685 5274 2742 5324 et
2772 5268 3002 5323 induxit
3031 5268 3087 5322 in
3120 5273 3336 5322 terram
3387 5284 3585 5340 repro-

1936 5358 2253 5414 missionis.
2302 5358 2410 5425 Qui
2457 5374 2592 5430 ergo
2645 5357 2871 5413 habitat
2916 5358 2975 5412 in
3027 5357 3220 5423 Ezras,
3254 5355 3477 5412 habitat
3525 5357 3586 5411 in

1933 5447 2095 5503 Jesu.
2132 5447 2368 5502 Interim
2409 5447 2735 5502 secundum
2785 5445 3170 5518 tropologiam
3205 5464 3217 5502 :
3252 5445 3359 5509 Qui
3408 5443 3586 5499 aediﬁ-

1936 5537 2085 5592 cavit
2114 5537 2356 5592 domum
2405 5535 2528 5591 sine
2581 5535 2852 5591 manibus
2892 5535 3064 5606 juxta
3113 5533 3478 5608 Apostolum,
3512 5531 3586 5587 il-

1933 5625 2050 5684 lam
2083 5627 2324 5684 domum
2355 5642 2530 5702 quam
2556 5625 2941 5684 aediﬁcaverat
2963 5624 3249 5682 Dominus
3276 5624 3450 5680 etiam
3483 5623 3585 5679 ob.

3228 5749 3306 5833 37,
