3976 6188
386 358 540 420 1163

1877 346 2292 406 APPENDIX.

3629 356 3800 414 1164

383 490 720 549 stetricibus
749 487 810 542 in
838 487 1078 557 Egypto
1103 483 1297 554 (Exod.
1322 499 1359 552 1,
1392 482 1504 552 21).
1530 503 1559 530 ‹‹
1586 485 1648 535 In
1671 478 2026 551 protectione
2055 479 2112 544 Α
2141 479 2441 534 cumdabit
2471 486 2526 535 te
2553 481 2766 536 veritas
2817 482 2966 552 ejus.
3003 504 3027 534 ι
3063 482 3349 546 Quoniam
3406 483 3664 554 dixerat,
3699 507 3730 534 ι(
3769 503 3804 542 ι

383 583 482 639 Dei
516 580 642 636 coeli
672 572 1148 634 commorabitur.
1183 571 1344 626 Dicet
1392 570 1636 626 Domino
1667 588 1680 625 :
1711 571 2025 639 Susceptor

383 687 552 728 meus
581 686 643 725 es
672 673 736 722 tu
768 669 825 722 et
853 663 1144 735 refugium
1170 677 1386 728 meum,
1416 661 1565 715 Deus
1591 675 1775 714 meus.
1807 679 1834 708 »
1859 656 2023 712 Multi

383 761 541 818 enim
591 773 684 813 me
733 757 1166 827 persequuntur
1213 750 1457 816 hostes;
1496 753 1802 820 prOpterea
1849 753 1912 801 tu
1963 763 2025 802 es

383 848 674 921 refugium
706 859 924 906 meum,
971 843 1121 897 Deus
1153 856 1339 894 meus.
1376 838 1630 910 Sperabo
1661 837 1722 891 in
1753 835 2021 905 Domino,

383 936 661 1011 quoniam
695 934 819 1006 ipse
850 930 1123 986 liberabit
1148 945 1242 983 me
1273 928 1344 983 de
1369 927 1577 998 laqueo
1606 926 1966 982 venantium.
1995 947 2022 974 »

380 1028 505 1082 Non
567 1023 732 1090 dixit,
788 1036 979 1092 spero,
1033 1018 1156 1084 sed,
1216 1016 1463 1088 sperabo.
1524 1015 1814 1078 Quamdiu
1867 1013 2024 1068 enim

378 1129 708 1188 peccamus,
758 1127 873 1166 non
925 1123 1250 1180 speramus.
1284 1106 1340 1161 Si
1390 1121 1628 1177 peccare
1674 1103 2024 1158 desierimus

377 1219 704 1278 speramus.
756 1222 783 1250 «
848 1197 1133 1264 Quoniam
1184 1197 1311 1267 ipse
1359 1194 1630 1249 liberabit
1679 1209 1772 1248 me
1820 1193 1890 1247 de
1938 1191 2023 1246 la-

378 1310 528 1367 queo
576 1289 932 1348 venantium.
988 1311 1008 1336 υ
1063 1284 1228 1340 Multi
1278 1289 1417 1340 sunt
1464 1287 1769 1338 venatores
1801 1282 1859 1335 in
1910 1282 2020 1336 isto

378 1383 619 1450 mundo,
680 1379 781 1450 qui
840 1377 1096 1432 animam
1155 1380 1417 1428 nostram
1470 1375 1668 1426 venari
1717 1375 2018 1425 conantur.

377 1472 638 1543 Denique
689 1473 745 1524 et
794 1466 1046 1521 Nemrod
1091 1463 1187 1518 ille
1226 1463 1412 1534 gigas,
1464 1476 1713 1530 magnus
1762 1459 1821 1513 in
1853 1475 2020 1514 cons-

377 1565 547 1634 pectu
580 1558 679 1614 Dei
717 1559 956 1613 venator
995 1552 1103 1607 fuit
1133 1550 1284 1621 (Gen.
1315 1567 1374 1616 ιι,
1402 1549 1480 1616 9),
1514 1554 1570 1602 et
1601 1549 1751 1602 Esau
1784 1553 2023 1602 venator

377 1648 663 1719 erat(Ge-n.
688 1643 950 1713 xxvn,3),
980 1639 1258 1710 quoniam
1288 1643 1556 1709 peccator
1577 1642 1699 1691 erat
1725 1654 1738 1703 ;
1773 1641 1828 1690 et
1857 1636 2019 1706 peni-

377 1745 474 1793 tus
506 1753 622 1791 non
653 1732 982 1788 invenimus
1030 1730 1090 1783 in
1121 1727 1441 1798 Scripturis
1474 1725 1716 1795 sanctis,
1751 1729 2020 1779 sanctum

377 1826 633 1896 aliquem
650 1821 1041 1878 venatorem‘.
1065 1817 1388 1871 Piscatores
1416 1814 1746 1869 invenimus
1765 1819 2016 1868 sanctos.
2051 1850 2097 1915 Β

448 1912 794 1980 «Quoniam
836 1909 962 1980 ipse
991 1905 1262 1961 liberabit
1310 1921 1402 1958 me
1446 1905 1516 1958 de
1565 1902 1771 1974 laqueo
1803 1919 2015 1958 venan-

374 2005 546 2060 tium.
603 2025 624 2052 ι)
680 2002 883 2056 Anima
929 1999 1119 2051 nostra
1166 1996 1305 2049 sicut
1345 2009 1542 2064 passer
1589 1997 1777 2063 erepta
1826 2000 1904 2046 est
1956 1993 2020 2046 de

378 2098 568 2167 laqueo
621 2090 967 2146 venantium.
1030 2086 1272 2155 Laqueus
1335 2083 1602 2138 contritus
1654 2088 1755 2149 est,
1816 2089 1869 2136 et
1922 2097 2019 2135 nos

379 2183 602 2241 liberati
651 2195 841 2236 sumus
889 2176 1059 2247 (Psal.
1111 2191 1304 2239 CXXIII,
1355 2173 1430 2243 7).
1483 2172 1591 2236 Qui
1637 2176 1725 2225 est
1772 2171 1881 2225 iste
1932 2169 2018 2224 la-

377 2289 564 2346 queus
593 2269 694 2341 qui
726 2265 1008 2322 contritus
1038 2268 1126 2318 est
1145 2262 1172 2316 ?
1200 2263 1484 2327 Dominus,
1533 2260 1745 2331 inquit,
1775 2264 2022 2315 conterat

378 2363 644 2417 Satanam
690 2356 790 2412 sub
829 2354 1064 2426 pedibus
1109 2352 1311 2406 nostris
1357 2351 1622 2404 velociter
1669 2350 1842 2420 (Rom.
1899 2366 2018 2419 xvx,

378 2449 501 2519 20);
529 2452 586 2501 et
617 2442 929 2515 Apostolus
958 2440 1098 2494 dicit
1126 2456 1137 2493 :
1170 2441 1234 2494 Ut
1270 2439 1588 2492 Iiberamim'
1616 2455 1649 2492 a
1680 2439 1869 2508 laqueo
1897 2438 2018 2492 dia-

383 2539 492 2593 boli
521 2535 593 2605 (II
614 2535 749 2588 Tim.
779 2547 839 2597 ιι,
863 2531 975 2600 26).
1001 2528 1173 2584 Vides
1195 2543 1331 2598 ergo
1351 2526 1628 2597 quoniam
1656 2526 1764 2580 iste
1783 2530 2023 2582 venator

331 2629 344 2643 °
379 2623 595 2695 est,qui
619 2621 848 2676 animas
867 2620 1096 2673 nostras
1112 2614 1483 2686 venaricupit
1505 2615 1574 2668 ad
1594 2616 1978 2686 perditionem
1994 2616 2022 2669 ?

378 2713 594 2771 Multos
623 2711 800 2766 habet
847 2704 1114 2763 diabolus
1162 2703 1425 2775 laqueos,
1458 2708 1513 2758 et
1561 2703 1818 2759 diversos
1849 2704 2023 2760 habet

372 2805 635 2877 laqueos.
676 2797 932 2855 Avaritia
961 2793 1177 2850 diaboli
1227 2792 1476 2866 laqueus
1523 2797 1612 2848 est
1644 2812 1656 2849 :
1691 2793 1797 2861 ira,
1831 2793 2019 2848 detra-

375 2895 509 2960 ctio,
542 2897 652 2948 etc.
687 2912 715 2939 ‹‹
748 2889 819 2944 Et
862 2904 896 2942 a
924 2885 1098 2942 verbo
1147 2899 1372 2954 aspero.
1409 2904 1430 2931 ι»
1468 2883 1733 2946 Quandiu
1789 2883 1850 2936 in
1883 2899 2017 2937 san-

374 2984 573 3039 ctitate
604 2975 1041 3044 sumus,anima
1069 2976 1272 3027 nostra
1296 2970 1616 3042 tranquilla
1637 2975 1744 3026 est.
1777 2971 2019 3035 Quando

371 3089 506 3129 vero
536 3071 607 3126 de
656 3065 908 3140 peccatis
940 3063 1193 3134 cogitare
1253 3045 1492 3132 coeperit
1548 3060 1744 3115 anima
1797 3065 2017 3130 nostra,

373 3161 664 3223 turbatur,
696 3160 755 3212 et
785 3153 953 3226 quasi
983 3151 1336 3223 quibusdam
1371 3150 1647 3204 fluctibus
1688 3149 2019 3205 concutitur

451 3270 479 3299 ‹‹
505 3244 774 3318 Scapulis
804 3243 927 3299 suis
958 3239 1336 3296 obumbrabit
1364 3238 1491 3294 tibi.
1528 3261 1556 3287 ››

373 3338 635 3397 cundum
666 3333 809 3389 illud
841 3327 1309 3387 Deuteronomii:
1344 3326 1624 3382 Dominus
1681 3329 1848 3399 quasi
1882 3329 2015 3399 pul-

370 3430 460 3485 los
490 3442 651 3492 suos,
685 3422 815 3478 aliis
848 3420 971 3476 suis
1002 3416 1256 3491 protegit
1276 3433 1381 3472 nos
1407 3417 1575 3488 quasi
1610 3417 1804 3488 aquila
1833 3419 2012 3489 (Deut.

369 3533 548 3580 χχχιι,
583 3514 691 3584 11).
726 3510 950 3566 Dicitur
978 3508 1134 3562 enim
1166 3507 1267 3574 ibi,
1292 3504 1458 3576 quasi
1490 3505 1686 3576 aquila
1716 3512 2017 3578 protegere

371 3604 566 3676 pullos
599 3617 758 3657 suos.
791 3598 954 3654 Dicet
983 3613 1118 3668 ergo
1150 3594 1446 3666 possimus
1477 3595 1668 3650 dicere
1697 3594 1824 3662 hoc,
1858 3597 2015 3667 quod

373 3693 528 3748 Deus
559 3688 726 3761 quasi
759 3691 923 3758 pater
970 3701 1076 3739 nos
1134 3684 1403 3756 protegit,
1461 3687 1518 3738 et
1574 3682 1742 3755 quasi
1799 3684 2016 3756 gallina

372 3779 624 3853 protegit
650 3775 842 3847 pullos
871 3790 1011 3830 suos
1040 3773 1252 3842 (Matth.
1277 3789 1437 3839 XXIII,
1464 3771 1576 3840 37),
1611 3789 1683 3827 ne
1715 3774 2017 3856 rapiantur

373 3870 444 3926 ab
486 3867 762 3939 accipitre
795 3881 809 3926 ;
840 3867 1036 3918 tamen
1079 3866 1137 3916 et
1193 3860 1352 3916 aliud
1411 3874 1728 3931 possumus
1777 3864 1966 3919 dicere
2000 3882 2011 3919 :

375 3983 396 4009 α
431 3955 700 4029 Scapulis
731 3953 855 4010 suis
887 3949 1266 4006 obumbrabit
1295 3949 1422 4003 tibi.
1455 3971 1482 3999 »
1537 3951 1901 4006 Exaltabitur
1931 3953 2016 4008 in-

369 4063 562 4115 cruce,
589 4043 859 4102 extendet
889 4057 1120 4110 manus,
1161 4042 1217 4094 et
1270 4041 1532 4108 proteget
1561 4055 1686 4093 nos.
1724 4062 1750 4087 «
1808 4041 1874 4094 Et
1905 4043 2014 4096 sub

367 4137 575 4210 pennis
608 4136 736 4205 ejus
767 4129 1053 4204 sperabis.
1105 4151 1132 4177 »
1163 4125 1492 4199 Aspiciens,
1554 4126 1765 4198 inquit,
1801 4146 2013 4185 manus

366 4229 496 4296 ejus
525 4223 853 4287 cruciﬁxas,
886 4225 943 4275 et
973 4219 1022 4274 si
1066 4224 1122 4274 te
1153 4233 1395 4290 serpens
1456 4216 1853 4285 momorderit,
1915 4237 2012 4274 sa—

366 4303 602 4369 naberis
633 4311 816 4383 (Nam.
867 4327 979 4364 xxx.
1041 4309 1115 4378 9).
1171 4307 1327 4362 Licet
1371 4306 1639 4362 ambules
1691 4306 1749 4360 in
1784 4308 2012 4363 deserto

303 4424 310 4429 ·
368 4401 541 4459 istius
572 4399 767 4456 saeculi
802 4415 814 4453 :
850 4398 897 4452 si
929 4403 986 4453 te
1017 4395 1636 4468 percusseritscorpio,
1671 4395 1721 4450 si
1749 4395 2011 4467 regulus,

370 4492 420 4548 si
472 4488 650 4562 aspis,
702 4488 749 4542 si
811 4492 1016 4542 cmtera
1066 4488 1348 4540 venenata
1403 4483 1701 4554 animalia,
1768 4501 2011 4541 securus

1614 3239 1725 3294 Sed
1772 3239 1894 3294 haec
1924 3256 2016 3294 se-
2049 3217 2091 3283 (ἶ

2134 568 2305 623 verbo
2346 585 2572 640 aspero,
2631 593 2659 619 ››
2717 574 2776 625 et
2829 572 3072 627 verbum
3131 588 3408 644 asperum
3464 589 3800 646 possumus

2136 658 2460 730 intelligere
2517 660 2922 715 haereticorum
2951 664 3009 716 et
3059 659 3573 734 philosophorum,
3607 667 3676 720 et
3703 663 3800 720 Ju-

2134 748 2411 819 daaorum,
2445 754 2502 804 et
2532 749 2642 804 hoc
2671 748 2840 820 quasi
2883 749 3128 805 verbum
3185 767 3485 822 asperum,
3521 769 3644 806 non
3711 759 3798 809 est

2131 853 2356 904 verum,
2389 839 2490 893 sed
2536 838 2786 894 mendax
2840 842 2948 894 est.
3008 841 3323 910 Propterea
3376 841 3541 895 enim
3598 842 3798 896 turbi-

2133 927 2275 981 dum
2316 926 2456 997 quia
2502 928 2715 982 menda
2771 931 2878 982 est.
2939 926 3249 999 Propterea
3305 929 3623 985 turbidum
3685 936 3796 998 est,

2132 1014 2271 1086 quia
2300 1017 2608 1071 conturbat
2647 1017 2874 1071 animas
2933 1021 3186 1082 nostras,
3245 1033 3368 1088 per
3404 1018 3790 1075 mendacium

2133 1121 2329 1158 suum.
2366 1104 2648 1159 Dominus
2679 1120 2815 1176 ergo
2875 1105 2976 1175 qui
3038 1106 3252 1160 veritas
3308 1110 3417 1172 est,
3475 1113 3538 1161 et
3603 1107 3790 1162 dicit:

2133 1196 2249 1262 Ego
2305 1209 2429 1247 sum
2475 1194 2683 1248 veritas
2743 1193 2920 1264 (Joan.
2992 1210 3105 1263 xm,
3163 1194 3240 1263 6),
3301 1199 3468 1250 scuto
3534 1195 3795 1252 circam-

2134 1283 2234 1336 dat
2292 1297 2398 1337 nos
2463 1281 2682 1337 veritas
2779 1282 2937 1351 ejus,
2999 1299 3072 1337 ne
3137 1283 3482 1339 ardentibus
3553 1285 3795 1357 sagittis

2133 1369 2347 1424 diaboli
2379 1370 2794 1441 percutiamur.
2832 1370 3138 1442 Propterea
3183 1371 3473 1442 Christus,
3541 1374 3651 1444 qui
3697 1381 3794 1450 est

2131 1459 2365 1526 veritas,
2397 1459 2677 1531 supponit
2707 1464 2943 1514 scutum
2977 1476 3176 1524 suum,
3209 1465 3274 1514 ut
3320 1466 3490 1516 scuto
3522 1462 3792 1518 veritatis

2131 1553 2366 1620 superet
2395 1549 2789 1604 mendacium.
2830 1572 2850 1597 α
2884 1546 3010 1604 Νοιι
3070 1549 3306 1604 timebis
3359 1566 3394 1605 a
3433 1550 3662 1606 timore
3693 1568 3789 1608 no-

2131 1642 2357 1692 cturno.
2393 1660 2421 1686 ››
2453 1637 2734 1693 Diabolus
2763 1637 2922 1692 enim
2973 1654 3204 1708 semper
3259 1638 3319 1692 in
3350 1640 3624 1696 tenebris
3655 1647 3746 1696 est
3773 1660 3785 1705 ;

2130 1733 2194 1780 ut
2221 1727 2528 1796 percutiat,
2560 1725 2772 1798 inquit,
2806 1727 2865 1781 in
2892 1726 3138 1782 occultis
3197 1727 3574 1784 innocentem
3607 1732 3785 1796 (Pal.

2132 1831 2207 1884 ιχ,
2239 1815 2330 1881 29,
2365 1823 2416 1869 et
2446 1831 2603 1885 Lxm,
2637 1815 2711 1886 5).
2747 1815 2925 1871 Vides
2985 1832 3121 1888 ergo
3176 1816 3328 1888 quod
3391 1818 3494 1888 qui
3530 1817 3786 1890 simplex

2131 1908 2238 1970 cst,
2272 1905 2553 1960 innocens
2582 1910 2693 1965 est.
2725 1910 2782 1959 et
2810 1919 3044 1976 semper
3102 1905 3161 1959 in
3220 1905 3466 1961 occultis
3527 1909 3788 1979 percuti-

2128 1998 2240 2049 tur.
2281 2014 2309 2043 «
2338 1993 2464 2048 Non
2495 1991 2728 2048 timebis
2754 2010 2788 2048 a
2811 1994 3021 2049 timore
3069 1999 3376 2050 nocturno.
3437 2016 3466 2044 ››
3503 1997 3670 2060 Quod
3703 1998 3789 2051 di-

2130 2082 2226 2150 cit,
2261 2082 2368 2137 hoc
2399 2086 2488 2137 est
2520 2100 2531 2136 :
2568 2081 2703 2137 licet
2733 2081 2791 2136 in
2823 2097 3016 2138 errore
3051 2083 3253 2153 fueris,
3311 2099 3439 2154 que
3500 2099 3617 2139 nox
3677 2093 3784 2153 est,

2130 2175 2326 2226 tamen
2360 2188 2473 2225 non
2525 2170 2781 2237 timebis,
2813 2171 2954 2241 quia
3009 2170 3190 2226 habes
3231 2176 3464 2227 scutum
3496 2174 3788 2229 veritatis.

2200 2284 2227 2310 ‹‹
2257 2269 2305 2314 Α
2335 2260 2549 2331 sagitta
2571 2259 2802 2315 volante
2833 2260 2892 2314 in
2924 2259 3034 2316 die.
3073 2283 3101 2308 ››
3130 2259 3356 2332 Sagitta
3411 2260 3607 2318 volans
3643 2263 3787 2318 dia-

2130 2349 2271 2420 boli,
2321 2348 2550 2404 videtur
2603 2348 2750 2402 mihi
2807 2365 3001 2404 sermo
3070 2365 3201 2405 esse
3253 2350 3672 2408 haereticorum
3731 2360 3785 2408 et

2132 2438 2635 2511 philosophorum.
2671 2438 2740 2494 Et
2783 2437 2881 2495 isti
2913 2439 3071 2494 enim
3103 2440 3296 2495 lucem
3353 2440 3618 2497 scientiae
3654 2459 3779 2513 pro-

2131 2530 2377 2583 mittunt
2409 2533 2467 2582 et
2515 2527 2719 2582 dicunt
2747 2543 2810 2583 se
2863 2526 3076 2584 habere
3134 2529 3329 2596 diem;
3373 2533 3431 2584 et
3489 2547 3612 2585 non
3654 2547 3783 2602 pos-

2131 2622 2291 2687 sunt,
2338 2617 2622 2688 decipere,
2682 2615 2796 2671 nisi
2840 2615 3032 2672 lucem
3083 2618 3481 2689 promiserint.
3567 2619 3783 2676 Verum

2130 2707 2243 2762 ista
2272 2722 2445 2776 quam
2481 2705 2852 2777 promittunt,
2889 2707 2969 2760 ade
3019 2707 3366 2762 ardentibus
3425 2709 3643 2781 sagitis
3675 2718 3784 2766 est.

2128 2796 2199 2850 Et
2229 2801 2530 2867 pr0pterea
2556 2795 2773 2850 dicitur
2805 2811 2816 2850 :
2855 2817 2882 2845 «
2914 2799 2960 2850 A
2992 2797 3206 2866 sagitta
3232 2796 3469 2853 volante
3504 2799 3565 2853 in
3597 2800 3723 2868 die,
3754 2817 3788 2856 ο

2130 2883 2358 2954 negotio
2389 2883 2830 2955 perambulante
2860 2884 3253 2940 intenebris.»
3285 2886 3519 2958 Sagitta
3546 2889 3788 2960 quidem

2129 2972 2282 3028 volat
2313 2971 2481 3043 quasi
2512 2973 2573 3028 in
2603 2972 2717 3039 die,
2751 2973 2851 3028 sed
2883 2973 3181 3046 negotium
3212 2979 3302 3030 est
3356 2978 3789 3046 perambulatis

2129 3062 2186 3116 id
2219 3061 2495 3118 tenebris.
2535 3085 2555 3111 a
2589 3063 2674 3116 Ab
2707 3061 2945 3117 incursu
2976 3067 3034 3118 et
3061 3063 3351 3119 daemonio
3389 3067 3785 3124 meridianos

2129 3151 2338 3206 Melius
2363 3155 2452 3206 est
2483 3150 2675 3208 dicere
2715 3150 2908 3206 Graece
2967 3150 3072 3204 ἆπὸ
3129 3153 3570 3224 συμπτώματος.
3636 3155 3788 3227 Σῦμο

2127 3259 2327 3312 πτωμα
2358 3246 2551 3295 autem
2583 3240 2798 3296 dicitur
2826 3245 3088 3308 eventus,
3118 3242 3230 3297 hoc
3254 3248 3364 3308 est,
3401 3247 3654 3314 quando
3675 3263 3784 3302 nos

2125 3343 2459 3402 speramus;
2487 3334 2544 3384 et
2572 3329 2790 3401 aliquid
2824 3330 2955 3385 novi
2987 3332 3260 3387 evenerit.
3308 3334 3426 3387 Aut
3456 3332 3784 3405 σύμπτωμα

2126 3419 2358 3487 dicitur,
2391 3420 2625 3490 quando
2657 3418 2833 3475 simul
2865 3419 3036 3475 multi
3087 3421 3323 3476 cadunt.
3387 3421 3602 3479 Videte
3641 3441 3778 3498 ergo

2126 3509 2264 3580 quid
2297 3508 2452 3562 dicat
2485 3526 2496 3563 :
2532 3507 2692 3563 Licet
2721 3507 2918 3580 plures
2975 3509 3193 3564 indocti
3253 3510 3515 3578 fuerunt,
3576 3518 3775 3570 tamen

2126 3605 2187 3653 tu
2220 3598 2321 3668 qui
2352 3603 2592 3652 sanctus
2612 3613 2696 3667 es,
2729 3613 2845 3653 non
2879 3597 3198 3666 inducaris,
3260 3600 3344 3654 Do
3401 3603 3778 3675 exemplum,

2125 3692 2190 3742 ut
2219 3685 2606 3758 simpliciores
2637 3686 2864 3758 possint
2893 3687 3220 3760 intelligere
3245 3689 3385 3758 quid
3413 3689 3642 3746 dicitur
3676 3693 3779 3749 {Si

2125 3775 2260 3831 ieris
2318 3774 2377 3829 in
2435 3773 2725 3830 civitatem
2796 3775 3122 3832 monachus
3175 3775 3357 3847 solus,
3411 3782 3472 3833 et
3530 3781 3782 3852 ceperis

2125 3863 2524 3934 deambulare,
2557 3867 2612 3918 et
2669 3864 2926 3920 audieris
2983 3864 3300 3921 clamorem
3365 3867 3425 3921 in
3486 3868 3667 3935 circo,
3726 3874 3783 3924 et

2126 3953 2341 4026 aliquis
2372 3952 2479 4008 tibi
2513 3952 2742 4023 dixerit,
2774 3952 2905 4007 veni
2935 3959 2994 4009 et
3049 3958 3247 4026 specta
3277 3971 3290 4010 :
3328 3954 3527 4010 circus
3562 3963 3690 4025 est;
3719 3963 3775 4012 et

2123 4042 2368 4113 coeperis
2402 4040 2454 4097 ei
2484 4045 2547 4095 tu
2581 4041 2794 4107 dicere,
2856 4057 2973 4098 non
3033 4041 3168 4099 licet
3201 4061 3213 4098 :
3247 4059 3360 4099 non
3417 4061 3639 4115 posum
3672 4048 3775 4102 ire.

2123 4130 2182 4186 Si
2214 4130 2309 4185 ille
2340 4129 2448 4184 tibi
2476 4129 2796 4185 ostenderit
2826 4130 3059 4187 inﬁnita
3111 4131 3419 4188 hominum
3481 4135 3697 4203 millia,
3729 4141 3784 4192 et

2123 4218 2332 4274 dixerit
2361 4218 2466 4272 tibi
2501 4236 2513 4273 :
2547 4218 2806 4274 Ducenta
2837 4218 3145 4275 hominum
3205 4221 3393 4278 millia
3445 4221 3532 4279 ibi
3593 4231 3738 4281 sum
3767 4242 3783 4281 τ

2121 4323 2256 4378 ergo
2288 4306 2373 4361 illi
2406 4321 2611 4363 omnes
2637 4307 2879 4379 perituri
2923 4315 3063 4364 sunt
3093 4353 3105 4377 ,
3139 4315 3196 4364 et
3228 4316 3289 4366 tu
3347 4311 3517 4366 solus
3573 4315 3782 4371 salvus

2121 4397 2236 4452 eris
2263 4397 2289 4450 ?
2318 4397 2402 4450 Tu
2433 4397 2612 4452 debes
2642 4395 2990 4470 intelligere,
3013 4399 3153 4469 quia
3183 4405 3525 4472 symptoma
3557 4403 3780 4459 diaboli

2119 4491 2227 4552 est,
2263 4485 2368 4541 hoc
2400 4490 2506 4555 est,
2541 4501 2690 4541 scire
2723 4485 2900 4542 debes
2930 4486 3069 4558 quia
3100 4486 3298 4561 plures
3353 4491 3605 4548 cadunt.
3641 4517 3674 4542 ε(
3707 4494 3778 4548 Et

363 4584 488 4638 esto
519 4581 590 4635 de
616 4576 869 4634 sanitate
903 4593 914 4630 ε
949 4575 1200 4646 Serpens
1234 4572 1293 4627 in
1319 4589 1513 4627 eremo
1541 4589 1867 4643 suspensus
1897 4579 2004 4632 est.
2039 4584 2085 4647 Β
2117 4575 2404 4630 daemonio
2437 4574 2778 4631 meridiano.
2815 4597 2843 4623 ››
2875 4575 3091 4632 Dicunt
3116 4577 3350 4646 quidem
3386 4579 3564 4636 multi
3599 4599 3612 4634 :
3641 4583 3778 4654 quin

436 4692 465 4720 «
497 4673 704 4724 Secuto
736 4662 1126 4722 circumdabit
1155 4668 1208 4717 te
1238 4662 1453 4716 veritas
1500 4662 1649 4731 ejus.
1687 4685 1706 4710 η
1767 4667 2006 4718 Scotum

362 4764 632 4817 nostrum
667 4755 987 4812 rotundum
1021 4756 1130 4817 est,
1172 4751 1280 4806 hoc
1333 4755 1442 4816 est,
1503 4767 1570 4804 cx
1627 4751 1787 4806 omni
1844 4756 2008 4822 parte

365 4865 468 4905 nos
499 4846 670 4919 sepit.
704 4846 830 4900 Non
862 4842 1053 4899 solum
1085 4844 1318 4896 scutum
1350 4844 1460 4904 est,
1525 4839 1622 4894 sed
1657 4844 1716 4894 et
1774 4856 2005 4896 murus.

360 4935 624 5006 Domine,
658 4940 724 4990 ut
755 4937 920 4989 scuto
955 4931 1118 4986 bonae
1177 4928 1494 4985 voluntatis
1553 4937 1661 4984 tuae
1717 4929 2005 4985 coronasti

358 5043 484 5082 nos.
517 5025 761 5096 Aliquos
795 5024 866 5078 de
896 5025 1062 5079 scuto
1093 5024 1353 5075 coronat.
1388 5019 1593 5074 Videte
1625 5018 1765 5089 quid
1800 5019 1956 5074 dicat
1989 5037 2001 5075 :

355 5115 605 5184 Domine,
635 5121 697 5168 ut
724 5121 874 5168 scuto
905 5112 1054 5166 bona
1082 5109 1380 5164 voluntatis
1441 5117 1551 5162 tum
1605 5110 1882 5163 coronasti
1909 5124 2005 5164 nos

357 5203 536 5270 (Psal.
570 5219 621 5271 ν,
657 5202 766 5272 15).
802 5200 948 5266 Quid
980 5199 1122 5254 dicit
1163 5197 1191 5253 ‘I
1223 5197 1495 5268 Proteges
1527 5212 1632 5252 nos
1669 5215 1680 5264 ;
1714 5201 1770 5251 et
1827 5197 2002 5252 facies

355 5290 604 5357 vincere,
632 5295 688 5345 et
718 5294 850 5362 post
876 5289 1178 5344 victoriam
1210 5285 1538 5341 coronabis.
1574 5309 1602 5335 «
1665 5286 1840 5341 Scuto
1891 5287 1999 5341 cir-

428 5433 444 5466 ¹
477 5430 663 5486 Verus
696 5432 1024 5502 Hieronym.
1058 5432 1112 5486 in
1151 5429 1448 5502 Michazam
1481 5446 1606 5502 cap.
1643 5447 1678 5482 v
1710 5445 1722 5484 :
1762 5452 1789 5479 »
1813 5431 2002 5494 Quan-

356 5511 482 5560 tum
515 5517 618 5575 ego
650 5519 888 5575 possum
911 5500 1049 5559 mea
1081 5501 1333 5575 recolere
1366 5500 1666 5575 memoria,
1685 5517 1997 5575 nunquam

355 5572 686 5633 veneto—rem
716 5574 773 5628 in
802 5577 1013 5630 bonam
1048 5579 1271 5645 partem
1305 5572 1438 5644 legi.
1497 5572 1701 5628 lsmael
1761 5578 1817 5629 et
1848 5573 1996 5645 Esau

356 5649 659 5712 venatores
689 5646 943 5719 fuerunt,
976 5649 1033 5702 et
1050 5644 1485 5718 praecesserunt
1515 5645 1573 5702 in
1603 5651 1738 5718 typo
1796 5644 1996 5720 populi

2118 4667 2256 4720 sunt
2285 4664 2586 4719 daemonea
2617 4667 2674 4719 et
2699 4663 3027 4730 meridiani,
3074 4669 3131 4721 et
3157 4665 3266 4722 hoc
3294 4666 3468 4741 vulgo
3535 4671 3770 4726 dicitur.

2116 4753 2401 4809 Caeterum
2434 4769 2544 4824 ego.
2596 4753 2726 4808 dico
2784 4753 3175 4825 simpliciter:
3214 4757 3496 4828 quoniam
3561 4761 3774 4816 demo-

2121 4843 2282 4898 nium
2315 4858 2381 4897 eo
2415 4847 2674 4914 tempore
2705 4847 3054 4913 potestatem
3095 4843 3270 4900 habet
3297 4845 3357 4900 in
3416 4863 3554 4914 nos,
3591 4866 3772 4921 quan-

2117 4933 2190 4986 do
2222 4948 2551 5002 peccamus.
2598 4931 2728 4986 Sive
2786 4948 2958 4987 mane
3016 4935 3473 5006 peccaverimus,
3545 4939 3774 4994 daemon

2117 5021 2446 5092 ingreditur
2501 5021 2558 5075 in
2619 5021 2811 5088 nobis,
2871 5021 2998 5077 sine
3053 5039 3314 5095 vespere,
3371 5024 3495 5081 sive
3562 5033 3769 5084 nocte:

2117 5125 2488 5183 quacumque
2548 5110 2980 5182 peccaverimus
3038 5111 3200 5180 hora,
3259 5113 3496 5170 daemon
3581 5117 3773 5189 ingre—

2114 5199 2272 5253 ditur
2303 5198 2357 5253 in
2407 5199 2592 5254 nobis.
2652 5199 2873 5254 Videtis
2931 5217 3064 5272 ergo
3123 5203 3279 5273 quod
3338 5203 3625 5261 frivolum
3689 5210 3776 5260 est

2113 5289 2268 5360 quod
2301 5287 2471 5360 vulgo
2504 5287 2735 5344 dicitur.
2769 5288 2916 5352 Quid
2966 5306 3102 5361 ergo
3159 5290 3321 5362 dicit,
3355 5315 3383 5342 «
3447 5311 3480 5348 a
3543 5295 3764 5350 demo-

2108 5429 2356 5485 Judaici.
2394 5429 2712 5509 an‘uibus.
2747 5431 2996 5509 succinit
3047 5433 3414 5509 Ambrosius,
3475 5434 3541 5491 in
3609 5435 3758 5509 psal.

2110 5519 2281 5557 cxvm
2316 5519 2326 5555 :
2368 5524 2388 5549 α
2425 5500 2666 5555 Nullum
2699 5501 3032 5558 invenimus
3085 5502 3141 5558 in
3203 5503 3540 5563 divinarum
3598 5500 3756 5565 serie

2110 5574 2455 5628 Litterarum
2479 5573 2548 5628 de
2577 5573 2952 5629 venatoribus
2974 5575 3227 5646 justum.
3264 5599 3286 5625 ι

3769 5831 3890 6167 Α
