3976 6188
153 302 288 383 H65

1296 309 1492 369 BBEV
1508 311 1522 366 l
1538 308 1787 367 ARIUM
1833 305 1910 365 IN
1958 308 2341 367 PSALMOS.

3377 317 3531 374 1166

147 445 234 516 nio
254 441 578 510 meridiano
597 441 625 497 ?
645 463 673 493 ››
698 441 983 509 Quoniam
1001 442 1296 506 Abraham
1323 440 1776 514 angelossusce-
1807 441 1860 508 Α
1883 438 1978 510 jor
2006 455 2221 510 pugna,
2255 440 2444 510 major
2473 440 2732 504 victoria.
2768 440 2937 498 Pauci
2961 481 2964 484 ι
2994 443 3351 505 insidiantur
3395 447 3534 504 late-

148 537 299 607 perat
327 532 384 587 in
419 531 682 602 meridie,
715 536 773 587 et
801 529 1019 602 Joseph
1050 530 1259 586 fratres
1289 546 1428 585 suos
1487 529 1559 584 ad
1603 545 1782 600 pran-
1893 527 1978 582 ri:
2013 526 2212 599 plures
2243 527 2597 584 insidiantur
2625 529 2890 586 dextera.

151 623 304 680 dium
327 619 669 676 invitaverat
687 619 747 676 in
781 618 1022 676 meridie
1070 618 1222 690 (Gen.
1282 634 1442 685 xvnI,
1503 619 1529 672 1
1581 633 1784 686 ;ani,

151 710 254 784 25).
285 705 481 766 Sancti
537 707 694 762 enim
753 713 920 762 erant
973 710 1029 762 et
1084 706 1377 762 Abraham
1433 709 1490 760 et
1545 704 1783 777 Joseph,

155 802 206 862 et
232 802 538 870 propterea
566 795 894 852 convivium
924 812 1126 852 eorum
1155 795 1214 850 in
1273 794 1429 850 clara
1483 794 1612 852 luce
1642 797 1785 865 erat,

154 892 204 944 et
231 887 349 944 sole
378 885 651 959 perfecto.
701 889 1014 957 Propterea
1054 889 1304 957 pascunt
1336 884 1394 939 in
1427 883 1690 939 meridie.
1724 883 1793 938 Et

154 961 254 1050 ego
284 975 336 1032 si
365 975 597 1048 plenam
656 973 914 1030 habuero
970 973 1277 1030 scientiam
1334 973 1790 1044 Scripturarum,

153 1067 280 1124 licet
308 1064 453 1121 hora
480 1063 650 1119 tertia
681 1063 777 1118 sit.
813 1067 1009 1119 tamen
1042 1078 1216 1134 pasco
1264 1078 1365 1117 vos
1425 1061 1484 1119 in
1527 1061 1788 1117 meridie.

152 1154 408 1226 Denique
438 1155 496 1210 et
523 1168 742 1224 sponsa
800 1151 860 1206 in
919 1150 1154 1206 Cantico
1210 1150 1574 1208 canticorum
1613 1150 1790 1206 dicit:

157 1243 252 1300 Ubi
272 1243 476 1314 pascis,
509 1240 720 1311 inquit,
752 1240 853 1298 ubi
879 1242 1044 1296 cubas
1065 1240 1092 1296 ?
1137 1241 1202 1296 In
1249 1241 1488 1296 meridie
1532 1239 1720 1312 (Cant,
1753 1257 1794 1308 ι,

151 1330 494 1402 6)?Videtis
527 1330 802 1402 quoniam
833 1347 1089 1404 sponsus
1139 1347 1254 1386 non
1301 1330 1511 1402 pascit.
1560 1344 1676 1384 non
1709 1344 1796 1383 re-

155 1420 376 1486 cumbit
403 1420 463 1476 in
496 1419 640 1475 hora
670 1418 860 1486 tertia,
915 1419 1014 1474 sed
1048 1418 1106 1474 in
1139 1418 1402 1476 meridie.
1436 1417 1544 1474 Ubi
1580 1417 1796 1490 pascis,

158 1509 253 1566 ubi
319 1509 523 1574 cubas,
554 1507 655 1562 ubi
719 1512 776 1564 te
809 1507 1056 1570 invenio,
1125 1507 1225 1563 ubi
1269 1507 1492 1563 deliciis
1562 1506 1796 1576 frueris,

163 1599 257 1655 ubi
285 1603 344 1655 te
384 1613 626 1670 possum
659 1597 938 1663 invenire,
971 1613 1004 1652 o
1064 1612 1276 1668 sponse
1333 1595 1547 1652 meus?
1575 1595 1677 1650 Vis
1708 1611 1813 1678 me.

158 1673 547 1744 in-venire?ln
600 1684 861 1757 meridie,
894 1684 953 1739 in
984 1684 1228 1740 scientia
1269 1685 1560 1757 perfecta:
1592 1683 1651 1738 in
1701 1683 1800 1738 bo-

162 1777 252 1834 nis
275 1775 589 1849 operibus:
621 1774 682 1829 in
715 1772 871 1831 claro
901 1772 1143 1829 lumine.
1181 1773 1468 1839 Quoniam
1523 1788 1660 1845 ergo
1699 1771 1803 1827 ha-

163 1865 370 1920 bemus
403 1879 510 1919 nos
543 1861 884 1917 meridiem:
939 1864 1245 1933 propterea
1301 1861 1478 1917 etiam
1538 1859 1810 1916 diabolus

160 1953 582 2008 tranformatur
608 1951 668 2007 in
728 1949 998 2023 angelum
1055 1949 1205 2006 lucis
1263 1950 1335 2021 (ΙΙ
1389 1953 1511 2007 Cor.
1569 1965 1648 2018 x1,
1698 1948 1808 2019 14),

160 2045 216 2096 et
245 2041 376 2113 ipse
404 2038 645 2096 simulat
687 2039 901 2094 habere
959 2055 1021 2093 se
1075 2038 1288 2105 lucem,
1349 2038 1566 2094 habere
1597 2053 1657 2092 se
1691 2053 1813 2092 me-

158 2129 391 2186 ridiem.
450 2128 692 2193 Quando
750 2126 1003 2183 hisretici
1064 2127 1234 2199 quasi
1291 2125 1572 2199 mysteria
1615 2124 1819 2195 aliqua

159 2219 539 2291 promittunt,
571 2217 805 2288 quando
837 2231 1018 2288 regna
1053 2215 1358 2282 ccelorum,
1411 2214 1645 2287 quando
1678 2229 1815 2269 con-

161 2306 498 2379 tinentiam,
555 2305 788 2377 quando
836 2305 1086 2376 jejunia,
1122 2304 1358 2376 quando
1418 2303 1814 2366 sanctitatem,

161 2396 407 2470 quando
438 2393 931 2452 renuntiationem
963 2393 1180 2466 saeculi,
1241 2393 1594 2464 promittunt
1645 2391 1820 2447 meri-

163 2488 354 2544 diem.
388 2484 499 2542 Sed
527 2483 804 2556 quoniam
865 2499 979 2539 non
1038 2486 1126 2538 est
1179 2481 1392 2540 Christi
1452 2481 1671 2546 lumen,
1704 2496 1816 2537 non

164 2581 258 2642 est
290 2573 592 2632 meridies.
625 2573 728 2628 sed
761 2571 1117 2628 daemonium
1148 2570 1560 2628 meridianum.

241 2708 270 2734 ‹‹
307 2683 533 2740 Cadent
559 2697 594 2736 a
646 2679 824 2736 latere
874 2685 975 2739 tuo
1033 2677 1211 2747 mille,
1243 2683 1300 2734 et
1343 2679 1544 2734 decem
1574 2675 1760 2732 millia
1788 2691 1822 2731 a

169 2771 398 2832 dextris
424 2770 564 2828 tuis.
599 2792 620 2818 ι»
684 2767 925 2839 Singula
977 2767 1153 2826 verba
1209 2766 1667 2838 Scripturarum,
1697 2765 1819 2822 sin-

170 2862 310 2936 gula
355 2861 723 2917 sacramenta
777 2861 938 2916 sunt.
998 2856 1115 2912 Ista
1169 2857 1360 2925 verba,
1415 2871 1545 2927 quae
1604 2854 1824 2910 rustica

170 2953 463 3024 putantur
493 2965 527 3008 a
554 2944 751 3002 saeculi
808 2944 1172 3012 hominibus,
1228 2943 1401 3016 plena
1457 2947 1596 3010 sunt
1635 2959 1824 2998 sacra-

170 3037 413 3097 mentis.
474 3033 742 3091 Habemus
797 3032 945 3086 enim
997 3031 1318 3088 thesaurum
1367 3029 1652 3085 istum'in
1679 3029 1824 3084 vasis

167 3126 436 3200 ﬁctilibus
461 3122 545 3194 (II
578 3121 698 3177 Cor.
760 3137 834 3189 IV,
891 3121 970 3192 7).
1031 3119 1420 3175 Thesaurum.
1454 3133 1696 3176 sensum
1730 3117 1824 3172 di-

167 3189 394 3284 vinum,
431 3189 721 3269 habemus
772 3209 832 3264 in
879 3189 1071 3272 verbis
1115 3207 1440 3264 vilissimis.
1474 3231 1502 3257 ‹‹
1553 3207 1828 3264 Cadenta
1855 3189 1904 3255 Ο

165 3305 516 3362 lateretuo.
543 3298 720 3369 mille,
753 3300 811 3353 et
839 3297 1038 3354 decem
1069 3295 1250 3352 millia
1281 3313 1314 3352 a
1355 3295 1574 3352 dextris
1623 3294 1763 3352 tuis.
1799 3315 1828 3344 η

167 3393 464 3452 Exlatere
485 3390 653 3460 cujus
672 3387 700 3444 ‘I
729 3387 814 3442 Ab
844 3386 975 3457 ejus
1003 3384 1097 3441 cui
1126 3386 1348 3444 dictum
1380 3386 1601 3441 fuerat:
1641 3408 1662 3434 α
1693 3385 1832 3442 Scu-

167 3488 226 3538 to
249 3478 656 3542 circumdabit
682 3481 738 3532 te
775 3475 987 3536 veritas
1034 3476 1200 3546 ejus:
1235 3491 1350 3531 non
1407 3473 1644 3531 timebis
1701 3491 1735 3530 a
1763 3472 1832 3528 ti-

169 3587 336 3628 more
396 3571 711 3626 nocturno.
745 3587 774 3614 »
833 3563 940 3628 Qui
999 3568 1088 3619 est
1143 3563 1298 3619 iste?
1354 3565 1430 3620 De
1477 3579 1593 3634 quo
1652 3579 1833 3634 supra

169 3659 403 3718 dictum
439 3659 570 3712 est:
602 3675 631 3705 «
663 3652 771 3718 Qui
800 3652 1025 3709 habitat
1072 3653 1131 3708 in
1189 3653 1478 3723 adjutorio
1520 3650 1829 3723 Altissimi,

173 3750 234 3805 in
297 3743 668 3820 protectione
723 3742 826 3798 Dei
885 3741 1033 3796 ccsli.
1070 3742 1548 3798 commorabitur.
1588 3765 1610 3793 ι
1649 3741 1736 3797 Ab
1765 3755 1832 3796 eo
1881 3770 1884 3773 λ

171 3855 316 3911 ergo
350 3833 462 3904 qui
493 3831 719 3888 habitat
747 3831 807 3885 in
835 3830 1126 3900 adjutorio
1156 3829 1409 3896 Domini,
1449 3831 1659 3885 cadent
1687 3846 1722 3884 a
1751 3827 1834 3884 la-

171 3933 299 3984 tere
334 3925 474 3994 ejus
501 3918 680 3986 mille,
738 3922 796 3974 et
850 3918 1052 3974 decem
1091 3917 1292 3984 millia
1345 3935 1379 3973 a
1435 3917 1650 3973 dextris
1687 3917 1834 3988 ejus.

173 4017 438 4073 Dextera
466 4007 654 4076 sancti
709 4005 958 4070 dicitur:
1018 4005 1261 4062 sinistra
1317 4023 1432 4062 non
1464 4005 1696 4072 dicitur,
1737 4005 1838 4062 sed

173 4103 358 4162 tatus.
385 4097 598 4154 Videte
627 4095 782 4152 enim
807 4093 948 4166 quid
972 4094 1187 4150 dicitur
1211 4112 1222 4150 :
1264 4115 1290 4147 α
1318 4093 1385 4149 Et
1419 4095 1618 4152 decem
1653 4092 1839 4150 millia

173 4209 209 4249 a
239 4187 480 4248 dextris
509 4185 650 4242 tuis.
683 4208 712 4233 »
770 4183 839 4238 Et
894 4183 1188 4256 quomodo
1247 4183 1514 4240 dixeras:
1553 4205 1582 4233 ‹‹
1622 4183 1841 4240 Cadent

176 4298 212 4338 a
238 4280 436 4338 latere
487 4280 587 4329 tuo
637 4272 903 4328 mille»?
939 4272 1182 4336 Quando
1213 4273 1369 4328 enim
1427 4274 1662 4328 dextera
1699 4271 1842 4327 dici-

176 4375 300 4436 tur,
325 4369 388 4422 et
419 4360 668 4423 sinistra
693 4376 808 4422 non
841 4360 1212 4417 nominatur:
1256 4378 1357 4432 pro
1397 4361 1654 4430 sinistra,
1689 4359 1844 4416 latus

178 4454 560 4514 nominatur.
584 4449 709 4506 Non
758 4447 914 4502 enim
964 4453 1190 4518 poterat
1227 4451 1455 4519 justum
1487 4465 1636 4514 esse,
1666 4452 1733 4502 ut
1755 4448 1847 4519 ju—

1971 639 1990 665 α
2051 617 2334 680 Quoniam
2394 617 2618 690 angelis
2675 619 2800 676 suis
2856 622 3154 678 mandavit
3208 625 3279 681 de
3336 631 3412 696 te,
3471 631 3538 683 ut

1896 705 2226 760 custodiant
2254 711 2309 762 te
2362 705 2420 760 in
2481 707 2756 764 omnibus
2812 709 2921 766 viis
2978 710 3115 778 tuis,
3150 733 3177 761 n
3207 715 3315 769 etc.
3350 714 3536 772 Istum

1897 792 2091 848 locum
2123 793 2389 850 diabolus
2447 813 2622 868 super
2675 797 2921 854 Domino
2977 798 3392 872 interpretatus
3430 807 3539 872 est,

1900 897 1966 936 eo
1999 881 2155 937 enim
2187 886 2450 955 tempore
2479 901 2593 956 quo
2650 887 2891 942 tentavit
2948 889 3297 946 Dominum:
3331 891 3414 959 Si,
3456 892 3545 948 in-

1901 969 2046 1041 quit,
2078 972 2254 1026 Fitius
2285 973 2382 1028 Dei
2409 990 2480 1044 es,
2530 977 2687 1030 mitte
2723 982 2778 1032 te
2834 976 3102 1033 deorsum.
3144 979 3420 1052 Scriptum
3466 984 3548 1036 est

1901 1061 2051 1115 enim
2086 1062 2153 1116 de
2183 1069 2249 1116 te.
2303 1062 2575 1130 Quoniam
2620 1066 2832 1133 angelis
2879 1068 2993 1122 suis
3050 1069 3334 1125 mandavit
3382 1069 3446 1125 de
3476 1078 3547 1137 te,

1903 1151 1965 1203 ut
2020 1149 2328 1205 custodiant
2366 1155 2417 1207 te
2471 1153 2529 1207 in
2585 1156 2839 1208 omnibus
2879 1157 2985 1210 viis
3041 1159 3172 1212 tuis.
3207 1160 3272 1213 In
3296 1159 3555 1214 manibus

1899 1237 2198 1309 portabunt
2223 1242 2296 1308 te,
2341 1257 2411 1297 ne
2456 1243 2602 1312 forte
2646 1243 2896 1314 oﬂendas
2952 1244 3023 1299 ad
3078 1243 3319 1316 lapidem
3359 1247 3552 1319 pedem

1906 1334 2062 1382 tuum
2100 1328 2304 1395 (Matth.
2350 1347 2423 1394 ιν,
2481 1332 2559 1398 6).
2596 1331 2871 1388 Diabolus
2903 1333 3048 1388 nihil
3097 1335 3356 1407 amplius
3384 1335 3555 1407 dixit,

1908 1415 2021 1471 nisi
2053 1415 2162 1472 hoc
2184 1436 2202 1470 :
2233 1417 2519 1480 Quoniam
2555 1419 2778 1491 angelis
2837 1422 2962 1478 suis
3018 1423 3334 1480 mandavit
3365 1425 3439 1483 de
3476 1428 3554 1496 te,

1909 1503 2064 1560 utin
2120 1506 2391 1562 manibus
2445 1511 2677 1578 portent
2731 1513 2808 1577 te,
2843 1527 2914 1565 ne
2969 1513 3114 1567 forte
3171 1514 3244 1568 ad
3301 1513 3558 1585 lapidem

1911 1593 2170 1650 offendas
2201 1595 2407 1666 pedem
2465 1601 2655 1652 tuum.
2717 1597 2971 1655 Mediam
3030 1605 3255 1672 partem
3313 1602 3560 1661 dimisit.

1913 1680 2016 1737 Hic
2048 1682 2204 1737 enim
2237 1682 2488 1739 dicitur:
2516 1685 2801 1749 Quoniam
2833 1687 3058 1760 angelis
3108 1689 3233 1745 suis
3265 1690 3567 1746 mandavit

1917 1770 1988 1826 de
2016 1775 2091 1839 te,
2124 1775 2189 1826 ut
2234 1773 2571 1829 custodiant
2599 1779 2655 1830 te
2693 1774 2753 1829 in
2784 1777 3062 1833 omnibus
3112 1777 3224 1834 viis
3273 1778 3411 1834 tuis.
3445 1782 3566 1834 Hoc

1921 1875 2036 1914 non
2068 1859 2235 1925 dixit,
2270 1864 2336 1914 ut
2366 1863 2698 1918 custodiant
2732 1868 2821 1919 te:
2885 1865 3108 1922 sciebat
3163 1866 3318 1922 enim
3369 1871 3572 1924 contra

1921 1964 1982 2002 se
2012 1963 2159 2003 esse.
2221 1952 2453 2004 Poterat
2510 1951 2669 2005 enim
2725 1953 3007 2009 Dominus
3059 1954 3111 2008 ei
3167 1957 3563 2026 respondere:

1923 2034 1982 2090 Si
2015 2035 2270 2090 custodit
2302 2053 2392 2091 mc
2438 2038 2719 2094 Dominus
2750 2041 2809 2094 in
2857 2041 3132 2097 omnibus
3167 2043 3315 2098 viis:
3349 2060 3484 2116 ergo
3515 2048 3571 2098 et

1925 2127 2042 2178 ate
2073 2124 2390 2180 custodior.
2452 2126 2659 2182 Tacuit
2713 2145 2849 2200 ergo
2901 2130 3057 2200 quod
3117 2131 3340 2187 sciebat
3369 2137 3572 2188 contra

1929 2227 1990 2267 se
2020 2228 2167 2277 esse,
2202 2217 2260 2268 et
2290 2214 2486 2284 posuit
2515 2216 2668 2286 quod
2702 2233 2805 2288 pro
2837 2234 2899 2273 se
2929 2224 3070 2275 erat.
3105 2219 3252 2274 Vere
3303 2219 3574 2292 diabolus

1931 2300 2099 2370 quasi
2132 2300 2420 2371 diabolus,
2452 2301 2865 2375 interpretatur
2920 2309 2991 2362 de
3047 2307 3362 2376 Salvatore,
3417 2310 3572 2382 quod

1931 2405 2044 2444 non
2077 2393 2164 2444 est
2192 2390 2260 2445 de
2302 2389 2615 2447 Salvatore.
2677 2393 2736 2448 Si
2795 2394 2951 2450 enim
3011 2397 3080 2452 de
3136 2397 3430 2454 Salvatore
3487 2403 3579 2455 est

1930 2479 2087 2530 totus
2118 2475 2402 2548 psalmus,
2465 2478 2618 2534 sicut
2673 2479 3098 2554 interpretaris,
3149 2501 3181 2540 o
3233 2486 3486 2553 diabolo,
3520 2489 3577 2542 et

1930 2564 2000 2618 de
2031 2563 2157 2636 ipso
2188 2569 2276 2620 est
2305 2567 2460 2637 quod
2491 2567 2742 2624 dicitur:

2004 2675 2032 2704 ‹‹
2096 2656 2403 2726 Protegam
2471 2671 2623 2727 eum,
2684 2659 2962 2728 quoniam
3028 2663 3297 2734 cognovit
3360 2679 3573 2720 nomen

1931 2758 2149 2816 meum.
2186 2767 2208 2795 ι
2246 2743 2363 2798 Hoc
2425 2748 2531 2808 est,
2600 2762 2704 2817 ego
2771 2747 2940 2803 Pater
2999 2754 3298 2822 protegam
3364 2752 3574 2808 Filium

1931 2847 2149 2887 meum.
2183 2831 2242 2885 Si
2277 2831 2362 2886 sic
2412 2833 2849 2906 interpretatur,
2907 2836 3156 2909 diabolo,
3186 2842 3478 2911 quomodo
3508 2827 3582 2898 tu.

1930 2919 2242 2992 intelligis:
2275 2919 2576 2977 videamus
2637 2922 2685 2977 si
2741 2928 2854 2979 stet
2908 2940 3158 2982 sensus:
3197 2949 3224 2976 «
3268 2929 3582 3004 Protegam,

1932 3026 2089 3079 eum,
2119 3009 2257 3080 quia
2286 3011 2555 3083 cognovit
2586 3028 2799 3067 nomen
2857 3029 3077 3085 meum,
3111 3040 3133 3068 ι»
3172 3016 3280 3072 hoc
3338 3023 3446 3084 est,
3469 3034 3580 3091 ego.

1933 3102 2104 3155 Pater
2131 3098 2341 3156 Filium
2373 3117 2570 3156 meum
2602 3106 2923 3174 protegam.

2010 3210 2037 3237 «
2070 3186 2351 3242 Clamavit
2415 3189 2486 3243 ad
2553 3205 2666 3257 me,
2735 3196 2792 3246 et
2845 3193 3153 3250 exaudiam
3207 3211 3425 3252 eum.»
3461 3187 3579 3252 Hoc

1937 3279 2025 3332 est
2051 3275 2112 3330 in
2143 3275 2235 3331 die
2265 3277 2473 3332 crucis.
2510 3299 2537 3326 «
2570 3277 2713 3334 Cum
2747 3279 2874 3350 ipso
2900 3298 3033 3337 sum
3066 3281 3126 3337 in
3181 3284 3584 3356 tribulatione,

1937 3365 2180 3437 eripiam
2211 3383 2345 3420 eum
2403 3369 2459 3421 et
2486 3365 2823 3438 glorificabo
2881 3387 3035 3439 eum,
3071 3393 3100 3421 ››
3135 3372 3265 3439 hoc,
3295 3378 3404 3444 est,
3447 3389 3582 3430 eum

1939 3453 2148 3510 faciam
2181 3471 2502 3528 resurgere.

2012 3566 2040 3594 «
2074 3544 2463 3616 Longitudine
2510 3546 2735 3601 dierum
2795 3547 3010 3620 repleto
3066 3566 3222 3606 eum.
3256 3574 3284 3602 υ
3317 3551 3436 3608 Hoc
3473 3556 3584 3622 est,

1941 3633 2002 3688 in
2034 3638 2313 3688 aeternum
2343 3632 2512 3690 vivet.
2572 3636 2639 3690 Et
2696 3635 2805 3692 hoc
2863 3638 3264 3712 intelligamus
3321 3643 3392 3697 de
3442 3642 3585 3698 Filio

1943 3721 2062 3777 Dei.
2119 3723 2505 3794 Longitudine
2550 3724 2778 3781 dierum
2831 3725 3062 3798 replebo
3093 3745 3249 3799 eum.
3280 3730 3399 3786 Hoc
3429 3729 3586 3803 quod

1945 3811 2231 3882 sequitur,
2266 3812 2556 3883 quomodo
2586 3817 2702 3868 stat
2729 3813 2788 3868 in
2821 3815 3118 3872 Salvatore
3139 3817 3166 3872 ?
3194 3839 3221 3867 »
3257 3841 3284 3868 ί(
3314 3819 3380 3873 Et
3401 3824 3592 3874 osten-

1946 3901 2082 3956 dam
2140 3898 2225 3954 illi
2283 3899 2541 3956 salutare
2597 3918 2814 3958 meum.
2845 3926 2874 3953 »
2903 3905 3167 3961 Salutare
3221 3906 3346 3974 Dei,
3405 3906 3590 3962 Filius

1949 3988 2045 4045 Dei
2074 4001 2180 4044 est.
2210 3988 2267 4045 Si
2299 4005 2435 4062 ergo
2468 3990 2537 4045 de
2564 3990 2708 4046 Filio
2769 3993 3004 4063 dicitur,
3064 3995 3355 4064 quomodo
3400 3997 3594 4066 potest

1949 4069 2138 4134 atare:
2173 4079 2312 4151 quia
2363 4079 2619 4135 salutare
2678 4080 2803 4148 Dei,
2863 4080 3044 4136 Filius
3102 4081 3198 4136 Dei
3247 4083 3385 4138 est?
3417 4082 3595 4140 Vides

1949 4184 2085 4240 ergo
2117 4169 2395 4239 quoniam
2458 4168 2608 4223 male
2664 4173 3082 4240 tnterpretatus
3140 4186 3222 4237 es,
3283 4170 3595 4228 odiabole.

1951 4257 2062 4312 Sed
2097 4257 2184 4311 fac
2216 4261 2282 4310 ut
2312 4256 2395 4311 sic
2426 4256 2858 4327 interpretetur,
2888 4260 2952 4310 ut
3000 4262 3062 4312 tu
3124 4258 3291 4314 dicis.
3353 4260 3554 4316 Dixisti
3582 4275 3598 4316 :

1952 4344 2238 4409 Quoniam
2269 4343 2492 4416 angelis
2515 4345 2639 4400 suis
2663 4345 2961 4400 mandavit
2992 4347 3064 4401 de
3093 4350 3172 4414 te,
3206 4353 3270 4403 ut
3321 4349 3380 4405 in
3411 4349 3600 4406 mani-

1954 4434 2066 4489 bus
2097 4437 2329 4505 portent
2359 4438 2434 4501 te,
2473 4449 2543 4488 ne
2574 4433 2717 4488 forte
2745 4435 3005 4490 offendas
3065 4437 3135 4491 ad
3196 4436 3450 4510 lapidem
3512 4454 3606 4510 pe-

177 4552 311 4604 stus
345 4542 602 4601 haberet
623 4536 943 4593 sinistram.
978 4536 1087 4602 Qui
1132 4541 1202 4606 te,
1262 4536 1473 4608 inquit,
1521 4538 1846 4608 percusserit
1880 4556 1925 4622 Β
1957 4524 2088 4620 de“?
2110 4527 2308 4622 illum:
2345 4521 2441 4622 [ξίο
2472 4523 2624 4622 ῼιῑξοά
2660 4523 3130 4622 εθίίυίίιξτοβξιῆξά
3190 4526 3394 4622 W383?

179 4637 240 4690 in
271 4634 581 4690 dexteram
607 4625 930 4696 max-illam,
956 4627 1145 4696 praebe
1172 4627 1225 4679 ei
1253 4633 1303 4680 et
1331 4623 1570 4682 alteram
1617 4625 1846 4695 (Matth.

179 4741 237 4792 v,
266 4724 388 4792 39).
426 4718 562 4776 Non
612 4714 781 4784 dixit,
812 4718 866 4770 et
922 4714 1262 4770 sinistram:
1296 4731 1412 4769 non
1469 4715 1625 4770 enim
1656 4719 1745 4770 est
1774 4714 1853 4769 si-

179 4812 374 4869 nistra
443 4822 582 4878 quae
646 4803 958 4876 praebetur,
1004 4805 1104 4858 sed
1163 4803 1399 4858 dextera
1464 4802 1664 4858 altera.
1707 4803 1854 4874 Ergo

181 4897 550 4972 simpliciter
578 4893 750 4948 dico:
816 4891 1096 4962 quoniam
1146 4892 1350 4962 justus
1409 4892 1558 4947 duas
1589 4892 1856 4948 dexteras

182 4990 387 5047 habet.
424 4981 696 5052 Denique
727 4986 783 5036 et
813 4979 909 5036 ille
937 4979 1136 5051 Ajoth,
1167 4981 1267 5052 qui
1329 4980 1612 5036 scribitur
1661 4981 1720 5036 in
1749 4980 1856 5036 Ju-

182 5080 390 5140 dicum
426 5075 605 5143 libro,
640 5075 945 5143 propterea
975 5071 1122 5125 duas
1177 5070 1449 5128 dexteras
1502 5069 1717 5125 habere
1764 5069 1857 5124 di-

183 5170 362 5236 citur,
407 5162 560 5236 quia
608 5161 816 5232 justus
873 5163 1016 5226 erat,
1058 5163 1114 5214 et
1173 5159 1468 5214 interfecit
1513 5158 1680 5214 illum
1730 5158 1858 5230 pin-

183 5253 566 5331 guissimum
599 5263 813 5320 regem.
849 5270 875 5296 ‹‹
910 5247 1129 5302 Cadent
1154 5264 1188 5302 a
1215 5245 1394 5304 latere
1435 5253 1536 5304 tuo
1595 5245 1774 5317 mille,
1805 5251 1863 5302 et

189 5349 397 5404 decem
433 5338 631 5399 millia
661 5353 694 5392 a
718 5335 937 5392 dextris
968 5337 1106 5392 tuis.
1140 5358 1169 5386 »
1204 5336 1405 5392 Plures
1433 5341 1592 5403 sunt,
1640 5337 1741 5408 qui
1769 5336 1863 5391 in-

187 5437 501 5492 sidiantur
534 5428 781 5482 dexteras
809 5429 1054 5481 nostrae:
1091 5430 1147 5480 et
1181 5442 1293 5480 non
1339 5430 1479 5481 sunt
1510 5425 1732 5498 plures,
1765 5425 1865 5498 qui

188 5524 570 5584 insidiantur
644 5513 917 5570 sinistrae.
998 5515 1302 5585 Propterea
1366 5532 1400 5570 a
1463 5513 1640 5571 latere
1707 5511 1868 5569 mille

189 5615 436 5686 cadent,
469 5615 533 5666 et
564 5621 598 5662 ει
628 5603 846 5664 dextris
877 5603 1074 5660 decem
1109 5601 1312 5662 millia.
1374 5603 1479 5664 Ubi
1542 5603 1701 5662 enim
1741 5619 1864 5660 ma-

1962 4611 2224 4682 aspidem
2255 4614 2311 4665 et
2368 4610 2711 4666 basiliscum
2773 4612 3101 4668 ambulabit
3153 4619 3210 4668 et
3249 4613 3614 4670 conculcabit

1961 4700 2189 4756 leonem
2246 4704 2304 4754 et
2357 4700 2670 4756 draconem
2726 4701 2996 4757 Christus
3055 4703 3338 4759 Dominus
3394 4708 3611 4770 noster,

1965 4788 2062 4861 qui
2095 4787 2232 4844 vivit
2261 4794 2317 4844 et
2343 4795 2546 4861 regnat
2602 4790 2660 4844 in
2721 4790 2935 4845 saecula
2990 4791 3360 4847 saeculorum.
3403 4797 3613 4847 Amen.

2542 4878 2870 4934 PSALMUS
2910 4880 3042 4934 XCI.

1966 4959 2218 5032 Psaglmus
2246 4958 2450 5012 cantici
2481 4960 2537 5013 in
2595 4958 2697 5032 die
2738 4958 2988 5014 Sabbati.
3041 4958 3156 5032 iste
3189 4960 3457 5032 psalmus
3514 4959 3623 5016 hoc

2040 5029 2211 5112 titulo
2242 5034 2620 5112 praenotatur.
2651 5029 2774 5084 Non
2807 5029 3458 5115 potestdiem—Sahbati
3491 5049 3624 5158 age-

2043 5117 2126 5158 re.
2157 5118 2270 5155 mei
2303 5119 2404 5158 qui
2436 5117 2536 5156 sex
2567 5102 2692 5156 dies
2749 5106 3071 5156 transierit.
3135 5103 3246 5158 Sex
3303 5104 3512 5158 diebus
3563 5121 3624 5158 a-

2043 5117 2126 5166 re,
2157 5102 2270 5155 nisi
2303 5102 2404 5172 qui
2436 5117 2536 5156 sex
2567 5102 2692 5156 dies
2749 5101 3071 5156 transierit.
3135 5103 3246 5158 Sex
3303 5103 3512 5159 diebus
3529 5101 3626 5159 la-

2045 5173 2343 5259 boramus,
2401 5172 2474 5259 in.
2520 5173 2772 5244 septima
2826 5172 2918 5228 die
2981 5174 3427 5258 requiescimus:
3475 5175 3626 5259 Ergo

2044 5244 2288 5316 Domino
2345 5247 2585 5316 cantare
2652 5261 2768 5300 non
2839 5244 3181 5316 possumus,
3240 5247 3352 5303 nisi
3415 5246 3472 5302 in
3531 5244 3624 5304 die

2042 5315 2298 5369 Sabbati.
2333 5314 2600 5376 Quandiu
2632 5333 2806 5386 opera
2840 5314 3036 5371 istius
3090 5318 3293 5372 mundi
3357 5317 3626 5383 facimus,

2046 5387 2153 5441 hoc
2185 5391 2293 5446 est.
2345 5403 2444 5462 sex
2483 5387 2713 5462 diebus,
2742 5387 2984 5462 Domino
3016 5393 3248 5462 cantare
3283 5407 3394 5445 non
3424 5405 3630 5462 possu-

2049 5474 2218 5539 mus."
2239 5458 2497 5539 Denique
2527 5457 2740 5512 dicitur
2769 5459 2827 5513 in
2859 5459 3106 5539 Levil_i_co
3128 5466 3293 5539 :_Non
3321 5457 3538 5533 facietis
3553 5463 3631 5539 in

2045 5529 2148 5614 die.
2187 5529 2410 5584 Sabbati
2465 5544 2624 5612 omne
2646 5545 2802 5614 "opus
2843 5532 3066 5614 servile
3096 5533 3297 5614 ⁸(Ιιευίι
3322 5529 3491 5614 'xxni
3550 5531 3628 5614 3).

2045 5599 2388 5676 Quicunque
2407 5616 2543 5679 ergo
2561 5599 2624 5658 in
2646 5602 2897 5662 Sabbato
2923 5607 3033 5678 est,
3057 5608 3113 5661 et
3129 5599 3188 5663 in
3210 5604 3412 5684 requie
3434 5599 3627 5667 Doml~
