  <div class='ocr_page' id='page_1' title='image "/cluster/home/n/w/nwhite01/storage/ocr_20150623/26/hvd.32044052772472/613.png"; bbox 0 0 3976 6188; ppageno 0'>
   <div class='ocr_carea' id='block_1_1' title="bbox 377 356 527 413">
    <p class='ocr_par' dir='ltr' id='par_1_1' title="bbox 377 356 527 413">
     <span class='ocr_line' id='line_1_1' title="bbox 377 356 527 413; baseline -0.013 -1"><span class='ocrx_word' id='word_1_1' title='bbox 377 356 527 413; x_wconf 79' lang='grc'>1167</span> 
     </span>
    </p>
   </div>
   <div class='ocr_carea' id='block_1_2' title="bbox 1860 354 2282 414">
    <p class='ocr_par' dir='ltr' id='par_1_2' title="bbox 1860 354 2282 414">
     <span class='ocr_line' id='line_1_2' title="bbox 1860 354 2282 414; baseline 0 -2"><span class='ocrx_word' id='word_1_2' title='bbox 1860 354 2282 414; x_wconf 83' lang='lat' dir='ltr'>APPENDIX.</span> 
     </span>
    </p>
   </div>
   <div class='ocr_carea' id='block_1_3' title="bbox 3627 357 3799 416">
    <p class='ocr_par' dir='ltr' id='par_1_3' title="bbox 3627 357 3799 416">
     <span class='ocr_line' id='line_1_3' title="bbox 3627 357 3799 416; baseline 0.012 -2"><span class='ocrx_word' id='word_1_3' title='bbox 3627 357 3799 416; x_wconf 81' lang='lat'>“68</span> 
     </span>
    </p>
   </div>
   <div class='ocr_carea' id='block_1_4' title="bbox 375 484 3808 558">
    <p class='ocr_par' dir='ltr' id='par_1_4' title="bbox 375 484 3808 558">
     <span class='ocr_line' id='line_1_4' title="bbox 375 484 3808 558; baseline 0.001 -18"><span class='ocrx_word' id='word_1_4' title='bbox 375 509 382 514; x_wconf 88' lang='grc'><strong>·</strong></span> <span class='ocrx_word' id='word_1_5' title='bbox 447 485 526 553; x_wconf 90' lang='lat' dir='ltr'>ni,</span> <span class='ocrx_word' id='word_1_6' title='bbox 559 500 708 558; x_wconf 89' lang='lat' dir='ltr'>opus</span> <span class='ocrx_word' id='word_1_7' title='bbox 739 484 943 542; x_wconf 82' lang='lat' dir='ltr'>servile</span> <span class='ocrx_word' id='word_1_8' title='bbox 972 485 1186 542; x_wconf 85' lang='lat' dir='ltr'>faceret</span> <span class='ocrx_word' id='word_1_9' title='bbox 1213 502 1330 542; x_wconf 91' lang='lat' dir='ltr'>non</span> <span class='ocrx_word' id='word_1_10' title='bbox 1360 487 1549 552; x_wconf 83' lang='lat' dir='ltr'>debet,</span> <span class='ocrx_word' id='word_1_11' title='bbox 1582 485 1690 542; x_wconf 90' lang='lat' dir='ltr'>hoc</span> <span class='ocrx_word' id='word_1_12' title='bbox 1719 489 1827 552; x_wconf 90' lang='lat' dir='ltr'>est,</span> <span class='ocrx_word' id='word_1_13' title='bbox 1861 487 2016 555; x_wconf 90' lang='lat' dir='ltr'>quod</span> <span class='ocrx_word' id='word_1_14' title='bbox 2046 489 2101 554; x_wconf 84' lang='grc' dir='ltr'><strong>Α</strong></span> <span class='ocrx_word' id='word_1_15' title='bbox 2133 488 2191 541; x_wconf 92' lang='lat' dir='ltr'>in</span> <span class='ocrx_word' id='word_1_16' title='bbox 2227 486 2552 558; x_wconf 82' lang='lat' dir='ltr'>parabolis:</span> <span class='ocrx_word' id='word_1_17' title='bbox 2591 487 2653 544; x_wconf 78' lang='lat' dir='ltr'>Ut</span> <span class='ocrx_word' id='word_1_18' title='bbox 2683 485 2918 542; x_wconf 73' lang='lat' dir='ltr'>videntes</span> <span class='ocrx_word' id='word_1_19' title='bbox 2948 502 3058 542; x_wconf 83' lang='lat' dir='ltr'>non</span> <span class='ocrx_word' id='word_1_20' title='bbox 3113 487 3354 554; x_wconf 77' lang='lat' dir='ltr'>videant,</span> <span class='ocrx_word' id='word_1_21' title='bbox 3414 491 3467 542; x_wconf 86' lang='lat' dir='ltr'>et</span> <span class='ocrx_word' id='word_1_22' title='bbox 3507 488 3808 546; x_wconf 71' lang='lat' dir='ltr'>audiente:</span> 
     </span>
    </p>
   </div>
   <div class='ocr_carea' id='block_1_5' title="bbox 445 558 2017 630">
    <p class='ocr_par' dir='ltr' id='par_1_5' title="bbox 445 558 2017 630">
     <span class='ocr_line' id='line_1_5' title="bbox 445 558 2017 630; baseline 0.001 -19"><span class='ocrx_word' id='word_1_23' title='bbox 445 558 515 630; x_wconf 80' lang='lat' dir='ltr'>ad</span> <span class='ocrx_word' id='word_1_24' title='bbox 541 558 827 613; x_wconf 90' lang='lat' dir='ltr'>mundum</span> <span class='ocrx_word' id='word_1_25' title='bbox 855 558 1034 630; x_wconf 89' lang='lat' dir='ltr'>istum</span> <span class='ocrx_word' id='word_1_26' title='bbox 1058 558 1346 630; x_wconf 80' lang='lat' dir='ltr'>pertinet:</span> <span class='ocrx_word' id='word_1_27' title='bbox 1377 560 1477 613; x_wconf 90' lang='lat' dir='ltr'>sed</span> <span class='ocrx_word' id='word_1_28' title='bbox 1509 558 1652 612; x_wconf 90' lang='lat' dir='ltr'>illud</span> <span class='ocrx_word' id='word_1_29' title='bbox 1677 559 1849 630; x_wconf 84' lang='lat' dir='ltr'>debet</span> <span class='ocrx_word' id='word_1_30' title='bbox 1869 575 2017 630; x_wconf 90' lang='lat' dir='ltr'>opus</span> 
     </span>
    </p>
   </div>
   <div class='ocr_carea' id='block_1_6' title="bbox 445 575 2021 701">
    <p class='ocr_par' dir='ltr' id='par_1_6' title="bbox 445 575 2021 701">
     <span class='ocr_line' id='line_1_6' title="bbox 445 575 2017 630; baseline 0.001 -18"><span class='ocrx_word' id='word_1_31' title='bbox 445 575 515 612; x_wconf 84' lang='lat' dir='ltr'>an</span> <span class='ocrx_word' id='word_1_32' title='bbox 541 575 827 613; x_wconf 82' lang='lat' dir='ltr'>mundum</span> <span class='ocrx_word' id='word_1_33' title='bbox 855 575 1034 613; x_wconf 79' lang='lat' dir='ltr'>istum</span> <span class='ocrx_word' id='word_1_34' title='bbox 1097 575 1346 614; x_wconf 81' lang='lat' dir='ltr'>orunet:</span> <span class='ocrx_word' id='word_1_35' title='bbox 1377 575 1477 613; x_wconf 83' lang='lat' dir='ltr'>seu</span> <span class='ocrx_word' id='word_1_36' title='bbox 1509 575 1652 612; x_wconf 82' lang='lat' dir='ltr'>mue</span> <span class='ocrx_word' id='word_1_37' title='bbox 1677 575 1849 613; x_wconf 80' lang='lat' dir='ltr'>debet</span> <span class='ocrx_word' id='word_1_38' title='bbox 1869 575 2017 630; x_wconf 89' lang='lat' dir='ltr'>opus</span> 
     </span>
     <span class='ocr_line' id='line_1_7' title="bbox 445 575 2021 701; baseline -0.001 -16"><span class='ocrx_word' id='word_1_39' title='bbox 445 629 654 701; x_wconf 86' lang='lat' dir='ltr'>facere,</span> <span class='ocrx_word' id='word_1_40' title='bbox 689 629 845 700; x_wconf 92' lang='lat' dir='ltr'>quod</span> <span class='ocrx_word' id='word_1_41' title='bbox 877 629 950 684; x_wconf 90' lang='lat' dir='ltr'>ad</span> <span class='ocrx_word' id='word_1_42' title='bbox 977 575 1296 685; x_wconf 64' lang='lat' dir='ltr'>SaEbatum</span> <span class='ocrx_word' id='word_1_43' title='bbox 1329 631 1596 701; x_wconf 78' lang='lat' dir='ltr'>pertinet.</span> <span class='ocrx_word' id='word_1_44' title='bbox 1650 629 1842 684; x_wconf 78' lang='lat' dir='ltr'>Vultis</span> <span class='ocrx_word' id='word_1_45' title='bbox 1873 631 2021 684; x_wconf 90' lang='lat' dir='ltr'>scire</span> 
     </span>
    </p>
   </div>
   <div class='ocr_carea' id='block_1_7' title="bbox 446 700 2020 772">
    <p class='ocr_par' dir='ltr' id='par_1_7' title="bbox 446 700 2020 772">
     <span class='ocr_line' id='line_1_8' title="bbox 446 700 2020 772; baseline 0.001 -18"><span class='ocrx_word' id='word_1_46' title='bbox 446 700 725 772; x_wconf 83' lang='lat' dir='ltr'>quoniam</span> <span class='ocrx_word' id='word_1_47' title='bbox 780 701 858 772; x_wconf 15' lang='lat' dir='ltr'>in,</span> <span class='ocrx_word' id='word_1_48' title='bbox 897 701 1150 772; x_wconf 90' lang='lat' dir='ltr'>Sabbato</span> <span class='ocrx_word' id='word_1_49' title='bbox 1188 700 1524 772; x_wconf 6' lang='lat' dir='ltr'>poperantur</span> <span class='ocrx_word' id='word_1_50' title='bbox 1579 702 1910 756; x_wconf 83' lang='lat' dir='ltr'>sacerdotes</span> <span class='ocrx_word' id='word_1_51' title='bbox 1961 701 2020 755; x_wconf 90' lang='lat' dir='ltr'>in</span> 
     </span>
    </p>
   </div>
   <div class='ocr_carea' id='block_1_8' title="bbox 445 771 2022 844">
    <p class='ocr_par' dir='ltr' id='par_1_8' title="bbox 445 771 2022 844">
     <span class='ocr_line' id='line_1_9' title="bbox 445 771 2022 844; baseline -0.001 -18"><span class='ocrx_word' id='word_1_52' title='bbox 445 771 664 844; x_wconf 87' lang='lat' dir='ltr'>templo</span> <span class='ocrx_word' id='word_1_53' title='bbox 695 771 974 826; x_wconf 86' lang='lat' dir='ltr'>Domini?</span> <span class='ocrx_word' id='word_1_54' title='bbox 1005 773 1129 827; x_wconf 88' lang='lat' dir='ltr'>Non</span> <span class='ocrx_word' id='word_1_55' title='bbox 1187 771 1319 828; x_wconf 84' lang='lat' dir='ltr'>licet</span> <span class='ocrx_word' id='word_1_56' title='bbox 1375 772 1433 827; x_wconf 91' lang='lat' dir='ltr'>in</span> <span class='ocrx_word' id='word_1_57' title='bbox 1494 773 1742 828; x_wconf 83' lang='lat' dir='ltr'>Sabbato</span> <span class='ocrx_word' id='word_1_58' title='bbox 1782 771 2022 826; x_wconf 90' lang='lat' dir='ltr'>cuicun-</span> 
     </span>
    </p>
   </div>
   <div class='ocr_carea' id='block_1_9' title="bbox 448 842 2023 914">
    <p class='ocr_par' dir='ltr' id='par_1_9' title="bbox 448 842 2023 914">
     <span class='ocr_line' id='line_1_10' title="bbox 448 842 2023 914; baseline 0 -16"><span class='ocrx_word' id='word_1_59' title='bbox 448 842 587 914; x_wconf 38' lang='lat' dir='ltr'>que“</span> <span class='ocrx_word' id='word_1_60' title='bbox 617 842 778 914; x_wconf 84' lang='lat' dir='ltr'>ligna</span> <span class='ocrx_word' id='word_1_61' title='bbox 829 844 1044 898; x_wconf 79' lang='lat' dir='ltr'>caedere</span> <span class='ocrx_word' id='word_1_62' title='bbox 1101 844 1281 913; x_wconf 85' lang='lat' dir='ltr'>(Num.</span> <span class='ocrx_word' id='word_1_63' title='bbox 1333 861 1423 906; x_wconf 80' lang='lat' dir='ltr'>xv,</span> <span class='ocrx_word' id='word_1_64' title='bbox 1487 845 1692 913; x_wconf 79' lang='lat'>32-36).</span> <span class='ocrx_word' id='word_1_65' title='bbox 1763 844 2023 914; x_wconf 89' lang='lat' dir='ltr'>Denique</span> 
     </span>
    </p>
   </div>
   <div class='ocr_carea' id='block_1_10' title="bbox 447 912 2019 986">
    <p class='ocr_par' dir='ltr' id='par_1_10' title="bbox 447 912 2019 986">
     <span class='ocr_line' id='line_1_11' title="bbox 447 912 2019 986; baseline 0 -18"><span class='ocrx_word' id='word_1_66' title='bbox 447 912 602 969; x_wconf 82' lang='lat' dir='ltr'>unus</span> <span class='ocrx_word' id='word_1_67' title='bbox 633 912 734 986; x_wconf 73' lang='lat' dir='ltr'>qui</span> <span class='ocrx_word' id='word_1_68' title='bbox 764 915 1039 970; x_wconf 90' lang='lat' dir='ltr'>inventus</span> <span class='ocrx_word' id='word_1_69' title='bbox 1070 912 1160 969; x_wconf 75' lang='lat' dir='ltr'>eet</span> <span class='ocrx_word' id='word_1_70' title='bbox 1188 914 1244 969; x_wconf 91' lang='lat' dir='ltr'>in</span> <span class='ocrx_word' id='word_1_71' title='bbox 1304 931 1520 983; x_wconf 91' lang='lat' dir='ltr'>eremo,</span> <span class='ocrx_word' id='word_1_72' title='bbox 1577 912 1871 986; x_wconf 84' lang='lat' dir='ltr'>lapidatus</span> <span class='ocrx_word' id='word_1_73' title='bbox 1911 912 2019 980; x_wconf 81' lang='lat' dir='ltr'>est,</span> 
     </span>
    </p>
   </div>
   <div class='ocr_carea' id='block_1_11' title="bbox 447 983 2020 1058">
    <p class='ocr_par' dir='ltr' id='par_1_11' title="bbox 447 983 2020 1058">
     <span class='ocr_line' id='line_1_12' title="bbox 447 983 2020 1058; baseline 0.001 -18"><span class='ocrx_word' id='word_1_74' title='bbox 447 988 506 1040; x_wconf 90' lang='lat' dir='ltr'>et</span> <span class='ocrx_word' id='word_1_75' title='bbox 525 983 771 1058; x_wconf 78' lang='lat' dir='ltr'>occisus.</span> <span class='ocrx_word' id='word_1_76' title='bbox 809 986 1071 1058; x_wconf 86' lang='lat' dir='ltr'>Denique</span> <span class='ocrx_word' id='word_1_77' title='bbox 1090 1003 1206 1058; x_wconf 87' lang='lat' dir='ltr'>non</span> <span class='ocrx_word' id='word_1_78' title='bbox 1228 986 1362 1041; x_wconf 92' lang='lat' dir='ltr'>licet</span> <span class='ocrx_word' id='word_1_79' title='bbox 1406 987 1599 1058; x_wconf 85' lang='lat' dir='ltr'>ignem</span> <span class='ocrx_word' id='word_1_80' title='bbox 1633 983 2020 1058; x_wconf 77' lang='lat' dir='ltr'>succendere:</span> 
     </span>
    </p>
   </div>
   <div class='ocr_carea' id='block_1_12' title="bbox 448 1055 2022 1138">
    <p class='ocr_par' dir='ltr' id='par_1_12' title="bbox 448 1055 2022 1138">
     <span class='ocr_line' id='line_1_13' title="bbox 448 1055 2022 1138; baseline -0.001 -27"><span class='ocrx_word' id='word_1_81' title='bbox 448 1071 564 1138; x_wconf 81' lang='lat' dir='ltr'>non</span> <span class='ocrx_word' id='word_1_82' title='bbox 596 1055 733 1112; x_wconf 90' lang='lat' dir='ltr'>licet</span> <span class='ocrx_word' id='word_1_83' title='bbox 789 1055 991 1138; x_wconf 47' lang='lat' dir='ltr'>etiam_</span> <span class='ocrx_word' id='word_1_84' title='bbox 1025 1057 1243 1138; x_wconf 83' lang='lat' dir='ltr'>aliquid</span> <span class='ocrx_word' id='word_1_85' title='bbox 1307 1055 2022 1138; x_wconf 42' lang='lat' dir='ltr'>epeﬁs.facere._Vid_etis</span> 
     </span>
    </p>
   </div>
   <div class='ocr_carea' id='block_1_13' title="bbox 447 1128 2021 1200">
    <p class='ocr_par' dir='ltr' id='par_1_13' title="bbox 447 1128 2021 1200">
     <span class='ocr_line' id='line_1_14' title="bbox 447 1128 2021 1200; baseline 0 -18"><span class='ocrx_word' id='word_1_86' title='bbox 447 1131 640 1200; x_wconf 84' lang='lat' dir='ltr'>autem</span> <span class='ocrx_word' id='word_1_87' title='bbox 674 1129 950 1200; x_wconf 84' lang='lat' dir='ltr'>quoniam</span> <span class='ocrx_word' id='word_1_88' title='bbox 982 1128 1182 1184; x_wconf 82' lang='lat' dir='ltr'>omnia</span> <span class='ocrx_word' id='word_1_89' title='bbox 1210 1128 1488 1200; x_wconf 61' lang='lat' dir='ltr'>haecque}</span> <span class='ocrx_word' id='word_1_90' title='bbox 1519 1128 1577 1183; x_wconf 93' lang='lat' dir='ltr'>in</span> <span class='ocrx_word' id='word_1_91' title='bbox 1605 1129 1822 1184; x_wconf 86' lang='lat' dir='ltr'>mundo</span> <span class='ocrx_word' id='word_1_92' title='bbox 1847 1128 2021 1200; x_wconf 85' lang='lat' dir='ltr'>alicui</span> 
     </span>
    </p>
   </div>
   <div class='ocr_carea' id='block_1_14' title="bbox 448 1198 2022 1266">
    <p class='ocr_par' dir='ltr' id='par_1_14' title="bbox 448 1198 2022 1266">
     <span class='ocr_line' id='line_1_15' title="bbox 448 1198 2022 1266; baseline 0 -13"><span class='ocrx_word' id='word_1_93' title='bbox 448 1198 637 1254; x_wconf 87' lang='lat' dir='ltr'>facere</span> <span class='ocrx_word' id='word_1_94' title='bbox 667 1198 780 1254; x_wconf 89' lang='lat' dir='ltr'>non</span> <span class='ocrx_word' id='word_1_95' title='bbox 810 1198 946 1254; x_wconf 91' lang='lat' dir='ltr'>licet</span> <span class='ocrx_word' id='word_1_96' title='bbox 976 1200 1034 1254; x_wconf 90' lang='lat' dir='ltr'>in</span> <span class='ocrx_word' id='word_1_97' title='bbox 1094 1198 1397 1266; x_wconf 42' lang='lat' dir='ltr'>Sabbatof</span> <span class='ocrx_word' id='word_1_98' title='bbox 1429 1201 1828 1256; x_wconf 81' lang='lat' dir='ltr'>sacerdotibus</span> <span class='ocrx_word' id='word_1_99' title='bbox 1881 1199 2022 1255; x_wconf 89' lang='lat' dir='ltr'>solis</span> 
     </span>
    </p>
   </div>
   <div class='ocr_carea' id='block_1_15' title="bbox 450 1270 2022 1354">
    <p class='ocr_par' dir='ltr' id='par_1_15' title="bbox 450 1270 2022 1354">
     <span class='ocr_line' id='line_1_16' title="bbox 450 1270 2022 1354; baseline 0.001 -30"><span class='ocrx_word' id='word_1_100' title='bbox 450 1270 604 1354; x_wconf 76' lang='lat' dir='ltr'>licet.</span> <span class='ocrx_word' id='word_1_101' title='bbox 640 1271 1093 1354; x_wconf 49' lang='lat' dir='ltr'>Nam‘etnligna</span> <span class='ocrx_word' id='word_1_102' title='bbox 1148 1272 1515 1354; x_wconf 26' lang='lat' dir='ltr'>caedunthet</span> <span class='ocrx_word' id='word_1_103' title='bbox 1565 1272 2022 1354; x_wconf 37' lang='lat' dir='ltr'>ignem‘suppo-</span> 
     </span>
    </p>
   </div>
   <div class='ocr_carea' id='block_1_16' title="bbox 451 1342 2024 1410">
    <p class='ocr_par' dir='ltr' id='par_1_16' title="bbox 451 1342 2024 1410">
     <span class='ocr_line' id='line_1_17' title="bbox 451 1342 2024 1410; baseline 0 -15"><span class='ocrx_word' id='word_1_104' title='bbox 451 1346 619 1410; x_wconf 90' lang='lat' dir='ltr'>nunt,</span> <span class='ocrx_word' id='word_1_105' title='bbox 651 1347 709 1397; x_wconf 90' lang='lat' dir='ltr'>et</span> <span class='ocrx_word' id='word_1_106' title='bbox 740 1342 854 1398; x_wconf 88' lang='lat' dir='ltr'>alia</span> <span class='ocrx_word' id='word_1_107' title='bbox 883 1342 1103 1398; x_wconf 76' lang='lat' dir='ltr'>faciunt</span> <span class='ocrx_word' id='word_1_108' title='bbox 1150 1343 1494 1409; x_wconf 89' lang='lat' dir='ltr'>ministeria,</span> <span class='ocrx_word' id='word_1_109' title='bbox 1550 1350 1606 1397; x_wconf 90' lang='lat' dir='ltr'>et</span> <span class='ocrx_word' id='word_1_110' title='bbox 1663 1343 1886 1397; x_wconf 88' lang='lat' dir='ltr'>hostias</span> <span class='ocrx_word' id='word_1_111' title='bbox 1913 1342 2024 1395; x_wconf 89' lang='lat' dir='ltr'>im-</span> 
     </span>
    </p>
   </div>
   <div class='ocr_carea' id='block_1_17' title="bbox 451 1411 2022 1484">
    <p class='ocr_par' dir='ltr' id='par_1_17' title="bbox 451 1411 2022 1484">
     <span class='ocr_line' id='line_1_18' title="bbox 451 1411 2022 1484; baseline 0 -16"><span class='ocrx_word' id='word_1_112' title='bbox 451 1411 692 1468; x_wconf 87' lang='lat' dir='ltr'>molant.</span> <span class='ocrx_word' id='word_1_113' title='bbox 727 1417 845 1468; x_wconf 87' lang='lat' dir='ltr'>Hoc</span> <span class='ocrx_word' id='word_1_114' title='bbox 875 1418 1066 1469; x_wconf 91' lang='lat' dir='ltr'>totum</span> <span class='ocrx_word' id='word_1_115' title='bbox 1098 1430 1277 1484; x_wconf 89' lang='lat' dir='ltr'>quare</span> <span class='ocrx_word' id='word_1_116' title='bbox 1308 1413 1470 1468; x_wconf 80' lang='lat' dir='ltr'>dixi?</span> <span class='ocrx_word' id='word_1_117' title='bbox 1528 1413 1600 1468; x_wconf 93' lang='lat' dir='ltr'>Ut</span> <span class='ocrx_word' id='word_1_118' title='bbox 1656 1416 2022 1468; x_wconf 87' lang='lat' dir='ltr'>ostenderem</span> 
     </span>
    </p>
   </div>
   <div class='ocr_carea' id='block_1_18' title="bbox 449 1485 2023 1610">
    <p class='ocr_par' dir='ltr' id='par_1_18' title="bbox 449 1485 2023 1610">
     <span class='ocr_line' id='line_1_19' title="bbox 449 1485 2023 1610; baseline -0.001 -71"><span class='ocrx_word' id='word_1_119' title='bbox 449 1485 735 1610; x_wconf 40' lang='lat' dir='ltr'>scriptum</span> <span class='ocrx_word' id='word_1_120' title='bbox 763 1501 889 1540; x_wconf 89' lang='lat' dir='ltr'>esse</span> <span class='ocrx_word' id='word_1_121' title='bbox 920 1485 979 1539; x_wconf 92' lang='lat' dir='ltr'>in</span> <span class='ocrx_word' id='word_1_122' title='bbox 1001 1485 1146 1557; x_wconf 87' lang='lat' dir='ltr'>lege,</span> <span class='ocrx_word' id='word_1_123' title='bbox 1172 1485 1381 1539; x_wconf 87' lang='lat' dir='ltr'>debere</span> <span class='ocrx_word' id='word_1_124' title='bbox 1433 1501 1539 1539; x_wconf 90' lang='lat' dir='ltr'>nos</span> <span class='ocrx_word' id='word_1_125' title='bbox 1589 1499 1816 1540; x_wconf 89' lang='lat' dir='ltr'>cessare</span> <span class='ocrx_word' id='word_1_126' title='bbox 1845 1486 2023 1539; x_wconf 88' lang='lat' dir='ltr'>etiam</span> 
     </span>
     <span class='ocr_line' id='line_1_20' title="bbox 449 1556 2023 1610; baseline 0 0"><span class='ocrx_word' id='word_1_127' title='bbox 449 1556 509 1610; x_wconf 90' lang='lat' dir='ltr'>in</span> <span class='ocrx_word' id='word_1_128' title='bbox 585 1557 635 1610; x_wconf 90' lang='lat' dir='ltr'>ie</span> <span class='ocrx_word' id='word_1_129' title='bbox 663 1556 904 1610; x_wconf 89' lang='lat' dir='ltr'>Sahbati</span> <span class='ocrx_word' id='word_1_130' title='bbox 935 1557 1007 1610; x_wconf 88' lang='lat' dir='ltr'>ab</span> <span class='ocrx_word' id='word_1_131' title='bbox 1037 1557 1310 1610; x_wconf 88' lang='lat' dir='ltr'>oneribus</span> <span class='ocrx_word' id='word_1_132' title='bbox 1341 1556 1568 1610; x_wconf 89' lang='lat' dir='ltr'>mundi.</span> <span class='ocrx_word' id='word_1_133' title='bbox 1627 1561 1683 1609; x_wconf 92' lang='lat' dir='ltr'>et</span> <span class='ocrx_word' id='word_1_134' title='bbox 1740 1572 1806 1610; x_wconf 90' lang='lat' dir='ltr'>ea</span> <span class='ocrx_word' id='word_1_135' title='bbox 1839 1557 2023 1610; x_wconf 85' lang='lat' dir='ltr'>facere</span> 
     </span>
    </p>
   </div>
   <div class='ocr_carea' id='block_1_19' title="bbox 448 1556 2024 1626">
    <p class='ocr_par' dir='ltr' id='par_1_19' title="bbox 448 1556 2024 1626">
     <span class='ocr_line' id='line_1_21' title="bbox 448 1556 2024 1626; baseline -0.001 -14"><span class='ocrx_word' id='word_1_136' title='bbox 448 1556 509 1612; x_wconf 88' lang='lat' dir='ltr'>in</span> <span class='ocrx_word' id='word_1_137' title='bbox 542 1556 635 1610; x_wconf 92' lang='lat' dir='ltr'>die</span> <span class='ocrx_word' id='word_1_138' title='bbox 663 1556 904 1611; x_wconf 89' lang='lat' dir='ltr'>Sahbati</span> <span class='ocrx_word' id='word_1_139' title='bbox 935 1557 1007 1611; x_wconf 89' lang='lat' dir='ltr'>ab</span> <span class='ocrx_word' id='word_1_140' title='bbox 1037 1556 1310 1626; x_wconf 87' lang='lat' dir='ltr'>operibus</span> <span class='ocrx_word' id='word_1_141' title='bbox 1341 1556 1568 1624; x_wconf 89' lang='lat' dir='ltr'>mundi,</span> <span class='ocrx_word' id='word_1_142' title='bbox 1627 1561 1683 1609; x_wconf 92' lang='lat' dir='ltr'>et</span> <span class='ocrx_word' id='word_1_143' title='bbox 1740 1572 1806 1610; x_wconf 90' lang='lat' dir='ltr'>ea</span> <span class='ocrx_word' id='word_1_144' title='bbox 1839 1557 2024 1610; x_wconf 85' lang='lat' dir='ltr'>facere</span> 
     </span>
    </p>
   </div>
   <div class='ocr_carea' id='block_1_20' title="bbox 447 1626 2021 1698">
    <p class='ocr_par' dir='ltr' id='par_1_20' title="bbox 447 1626 2021 1698">
     <span class='ocr_line' id='line_1_22' title="bbox 447 1626 2021 1698; baseline 0 -18"><span class='ocrx_word' id='word_1_145' title='bbox 447 1642 574 1696; x_wconf 77' lang='lat' dir='ltr'>quae</span> <span class='ocrx_word' id='word_1_146' title='bbox 606 1627 681 1698; x_wconf 88' lang='lat' dir='ltr'>ad</span> <span class='ocrx_word' id='word_1_147' title='bbox 702 1627 893 1698; x_wconf 92' lang='lat' dir='ltr'>Deum</span> <span class='ocrx_word' id='word_1_148' title='bbox 929 1627 1241 1698; x_wconf 87' lang='lat' dir='ltr'>pertinent.</span> <span class='ocrx_word' id='word_1_149' title='bbox 1272 1626 1544 1698; x_wconf 88' lang='lat' dir='ltr'>Psalmus</span> <span class='ocrx_word' id='word_1_150' title='bbox 1594 1626 1772 1698; x_wconf 86' lang='lat' dir='ltr'>igitur</span> <span class='ocrx_word' id='word_1_151' title='bbox 1811 1627 2021 1681; x_wconf 89' lang='lat' dir='ltr'>cantici</span> 
     </span>
    </p>
   </div>
   <div class='ocr_carea' id='block_1_21' title="bbox 447 1697 2022 1769">
    <p class='ocr_par' dir='ltr' id='par_1_21' title="bbox 447 1697 2022 1769">
     <span class='ocr_line' id='line_1_23' title="bbox 447 1697 2022 1769; baseline 0.001 -18"><span class='ocrx_word' id='word_1_152' title='bbox 447 1697 614 1769; x_wconf 83' lang='lat' dir='ltr'>estin</span> <span class='ocrx_word' id='word_1_153' title='bbox 655 1697 748 1752; x_wconf 91' lang='lat' dir='ltr'>die</span> <span class='ocrx_word' id='word_1_154' title='bbox 791 1697 1060 1752; x_wconf 86' lang='lat' dir='ltr'>Sabbati:</span> <span class='ocrx_word' id='word_1_155' title='bbox 1088 1697 1322 1769; x_wconf 88' lang='lat' dir='ltr'>quando</span> <span class='ocrx_word' id='word_1_156' title='bbox 1371 1714 1486 1752; x_wconf 89' lang='lat' dir='ltr'>non</span> <span class='ocrx_word' id='word_1_157' title='bbox 1511 1697 1822 1768; x_wconf 74' lang='lat' dir='ltr'>operemur</span> <span class='ocrx_word' id='word_1_158' title='bbox 1851 1715 2022 1752; x_wconf 90' lang='lat' dir='ltr'>mun-</span> 
     </span>
    </p>
   </div>
   <div class='ocr_carea' id='block_1_22' title="bbox 446 1767 2025 1839">
    <p class='ocr_par' dir='ltr' id='par_1_22' title="bbox 446 1767 2025 1839">
     <span class='ocr_line' id='line_1_24' title="bbox 446 1767 2025 1839; baseline 0.001 -18"><span class='ocrx_word' id='word_1_159' title='bbox 446 1767 539 1835; x_wconf 92' lang='lat' dir='ltr'>do,</span> <span class='ocrx_word' id='word_1_160' title='bbox 572 1773 628 1822; x_wconf 91' lang='lat' dir='ltr'>et</span> <span class='ocrx_word' id='word_1_161' title='bbox 657 1782 970 1839; x_wconf 90' lang='lat' dir='ltr'>operamur</span> <span class='ocrx_word' id='word_1_162' title='bbox 999 1767 1132 1824; x_wconf 51' lang='lat' dir='ltr'>Deo‘.</span> <span class='ocrx_word' id='word_1_163' title='bbox 1166 1769 1484 1824; x_wconf 81' lang='lat' dir='ltr'>Videamus</span> <span class='ocrx_word' id='word_1_164' title='bbox 1540 1767 1681 1839; x_wconf 85' lang='lat' dir='ltr'>quid</span> <span class='ocrx_word' id='word_1_165' title='bbox 1743 1770 1911 1824; x_wconf 84' lang='lat' dir='ltr'>nobis</span> <span class='ocrx_word' id='word_1_166' title='bbox 1949 1769 2025 1824; x_wconf 89' lang='lat' dir='ltr'>sit</span> 
     </span>
    </p>
   </div>
   <div class='ocr_carea' id='block_1_23' title="bbox 2134 577 3810 649">
    <p class='ocr_par' dir='ltr' id='par_1_23' title="bbox 2134 577 3810 649">
     <span class='ocr_line' id='line_1_25' title="bbox 2134 577 3810 649; baseline 0.004 -19"><span class='ocrx_word' id='word_1_167' title='bbox 2134 594 2244 632; x_wconf 84' lang='lat' dir='ltr'>non</span> <span class='ocrx_word' id='word_1_168' title='bbox 2273 577 2596 648; x_wconf 76' lang='lat' dir='ltr'>intelligant</span> <span class='ocrx_word' id='word_1_169' title='bbox 2628 577 2812 646; x_wconf 81' lang='lat' dir='ltr'>(Marc.</span> <span class='ocrx_word' id='word_1_170' title='bbox 2849 594 2922 644; x_wconf 80' lang='lat' dir='ltr'>1v,</span> <span class='ocrx_word' id='word_1_171' title='bbox 2960 578 3068 647; x_wconf 77' lang='lat'>12).</span> <span class='ocrx_word' id='word_1_172' title='bbox 3121 577 3392 649; x_wconf 82' lang='lat' dir='ltr'>Legimus</span> <span class='ocrx_word' id='word_1_173' title='bbox 3436 579 3494 632; x_wconf 90' lang='lat' dir='ltr'>in</span> <span class='ocrx_word' id='word_1_174' title='bbox 3541 579 3721 643; x_wconf 87' lang='lat' dir='ltr'>Osee,</span> <span class='ocrx_word' id='word_1_175' title='bbox 3753 587 3810 636; x_wconf 86' lang='lat' dir='ltr'>et</span> 
     </span>
    </p>
   </div>
   <div class='ocr_carea' id='block_1_24' title="bbox 2131 665 3810 737">
    <p class='ocr_par' dir='ltr' id='par_1_24' title="bbox 2131 665 3810 737">
     <span class='ocr_line' id='line_1_26' title="bbox 2131 665 3810 737; baseline 0.001 -17"><span class='ocrx_word' id='word_1_176' title='bbox 2131 671 2187 720; x_wconf 88' lang='lat' dir='ltr'>et</span> <span class='ocrx_word' id='word_1_177' title='bbox 2217 665 2434 719; x_wconf 88' lang='lat' dir='ltr'>dicitur</span> <span class='ocrx_word' id='word_1_178' title='bbox 2479 667 2554 719; x_wconf 89' lang='lat' dir='ltr'>ad</span> <span class='ocrx_word' id='word_1_179' title='bbox 2589 665 2967 737; x_wconf 88' lang='lat' dir='ltr'>prophetam:</span> <span class='ocrx_word' id='word_1_180' title='bbox 3030 667 3100 719; x_wconf 85' lang='lat' dir='ltr'><strong><em>Tu</em></strong></span> <span class='ocrx_word' id='word_1_181' title='bbox 3159 666 3309 733; x_wconf 78' lang='lat' dir='ltr'>vade,</span> <span class='ocrx_word' id='word_1_182' title='bbox 3367 677 3420 720; x_wconf 76' lang='lat' dir='ltr'>et</span> <span class='ocrx_word' id='word_1_183' title='bbox 3471 683 3674 737; x_wconf 72' lang='lat' dir='ltr'>arczpe</span> <span class='ocrx_word' id='word_1_184' title='bbox 3706 670 3810 723; x_wconf 75' lang='lat' dir='ltr'>tibi</span> 
     </span>
    </p>
   </div>
   <div class='ocr_carea' id='block_1_25' title="bbox 2131 753 3809 826">
    <p class='ocr_par' dir='ltr' id='par_1_25' title="bbox 2131 753 3809 826">
     <span class='ocr_line' id='line_1_27' title="bbox 2131 753 3809 826; baseline 0.001 -18"><span class='ocrx_word' id='word_1_185' title='bbox 2131 769 2378 824; x_wconf 73' lang='lat' dir='ltr'>uxorem,</span> <span class='ocrx_word' id='word_1_186' title='bbox 2410 770 2640 808; x_wconf 71' lang='lat' dir='ltr'>uxorem</span> <span class='ocrx_word' id='word_1_187' title='bbox 2669 753 3040 826; x_wconf 79' lang='lat' dir='ltr'>fornz&#39;cariam</span> <span class='ocrx_word' id='word_1_188' title='bbox 3099 756 3260 823; x_wconf 80' lang='lat' dir='ltr'>(Osee</span> <span class='ocrx_word' id='word_1_189' title='bbox 3320 773 3362 819; x_wconf 83' lang='grc' dir='ltr'>ι,</span> <span class='ocrx_word' id='word_1_190' title='bbox 3391 756 3444 824; x_wconf 76' lang='lat'>2)</span> <span class='ocrx_word' id='word_1_191' title='bbox 3474 771 3487 811; x_wconf 94' lang='lat'>:</span> <span class='ocrx_word' id='word_1_192' title='bbox 3520 756 3724 812; x_wconf 71' lang='lat' dir='ltr'>Judaei</span> <span class='ocrx_word' id='word_1_193' title='bbox 3756 762 3809 811; x_wconf 85' lang='lat' dir='ltr'>et</span> 
     </span>
    </p>
   </div>
   <div class='ocr_carea' id='block_1_26' title="bbox 2133 842 3806 913">
    <p class='ocr_par' dir='ltr' id='par_1_26' title="bbox 2133 842 3806 913">
     <span class='ocr_line' id='line_1_28' title="bbox 2133 842 3806 913; baseline 0.002 -17"><span class='ocrx_word' id='word_1_194' title='bbox 2133 843 2376 913; x_wconf 89' lang='lat' dir='ltr'>gentiles</span> <span class='ocrx_word' id='word_1_195' title='bbox 2424 843 2633 898; x_wconf 86' lang='lat' dir='ltr'>rident.</span> <span class='ocrx_word' id='word_1_196' title='bbox 2671 845 2857 908; x_wconf 87' lang='lat' dir='ltr'>Quare</span> <span class='ocrx_word' id='word_1_197' title='bbox 2889 842 3127 897; x_wconf 84' lang='lat' dir='ltr'>rident?</span> <span class='ocrx_word' id='word_1_198' title='bbox 3157 843 3443 906; x_wconf 85' lang='lat' dir='ltr'>Quoniam</span> <span class='ocrx_word' id='word_1_199' title='bbox 3479 844 3706 899; x_wconf 84' lang='lat' dir='ltr'>veritas</span> <span class='ocrx_word' id='word_1_200' title='bbox 3751 846 3806 899; x_wconf 90' lang='lat' dir='ltr'>in</span> 
     </span>
    </p>
   </div>
   <div class='ocr_carea' id='block_1_27' title="bbox 2133 931 3803 1004">
    <p class='ocr_par' dir='ltr' id='par_1_27' title="bbox 2133 931 3803 1004">
     <span class='ocr_line' id='line_1_29' title="bbox 2133 931 3803 1004; baseline 0.002 -20"><span class='ocrx_word' id='word_1_201' title='bbox 2133 936 2298 985; x_wconf 88' lang='lat' dir='ltr'>nocte</span> <span class='ocrx_word' id='word_1_202' title='bbox 2323 931 2512 1002; x_wconf 89' lang='lat' dir='ltr'>posita</span> <span class='ocrx_word' id='word_1_203' title='bbox 2542 936 2648 1000; x_wconf 89' lang='lat' dir='ltr'>est,</span> <span class='ocrx_word' id='word_1_204' title='bbox 2686 948 2801 986; x_wconf 90' lang='lat' dir='ltr'>non</span> <span class='ocrx_word' id='word_1_205' title='bbox 2830 931 2889 985; x_wconf 93' lang='lat' dir='ltr'>in</span> <span class='ocrx_word' id='word_1_206' title='bbox 2922 933 3033 988; x_wconf 89' lang='lat' dir='ltr'>die.</span> <span class='ocrx_word' id='word_1_207' title='bbox 3069 931 3258 986; x_wconf 88' lang='lat' dir='ltr'>Vultis</span> <span class='ocrx_word' id='word_1_208' title='bbox 3318 932 3469 988; x_wconf 86' lang='lat' dir='ltr'>scire</span> <span class='ocrx_word' id='word_1_209' title='bbox 3514 934 3803 1004; x_wconf 85' lang='lat' dir='ltr'>quoniam</span> 
     </span>
    </p>
   </div>
   <div class='ocr_carea' id='block_1_28' title="bbox 2132 1020 3800 1091">
    <p class='ocr_par' dir='ltr' id='par_1_28' title="bbox 2132 1020 3800 1091">
     <span class='ocr_line' id='line_1_30' title="bbox 2132 1020 3800 1091; baseline 0.002 -17"><span class='ocrx_word' id='word_1_210' title='bbox 2132 1020 2344 1074; x_wconf 86' lang='lat' dir='ltr'>veritas</span> <span class='ocrx_word' id='word_1_211' title='bbox 2367 1021 2466 1074; x_wconf 91' lang='lat' dir='ltr'>Dei</span> <span class='ocrx_word' id='word_1_212' title='bbox 2491 1020 2549 1074; x_wconf 89' lang='lat' dir='ltr'>in</span> <span class='ocrx_word' id='word_1_213' title='bbox 2584 1026 2750 1075; x_wconf 87' lang='lat' dir='ltr'>nocte</span> <span class='ocrx_word' id='word_1_214' title='bbox 2795 1029 2885 1075; x_wconf 87' lang='lat' dir='ltr'>est</span> <span class='ocrx_word' id='word_1_215' title='bbox 2916 1025 2971 1076; x_wconf 91' lang='lat' dir='ltr'>et</span> <span class='ocrx_word' id='word_1_216' title='bbox 3001 1020 3168 1091; x_wconf 86' lang='lat' dir='ltr'>quasi</span> <span class='ocrx_word' id='word_1_217' title='bbox 3229 1021 3286 1075; x_wconf 92' lang='lat' dir='ltr'>in</span> <span class='ocrx_word' id='word_1_218' title='bbox 3320 1022 3620 1087; x_wconf 84' lang='lat' dir='ltr'>tenebris,</span> <span class='ocrx_word' id='word_1_219' title='bbox 3659 1028 3720 1076; x_wconf 83' lang='lat' dir='ltr'>et</span> <span class='ocrx_word' id='word_1_220' title='bbox 3749 1025 3800 1077; x_wconf 88' lang='lat' dir='ltr'>in</span> 
     </span>
    </p>
   </div>
   <div class='ocr_carea' id='block_1_29' title="bbox 2134 1107 3800 1180">
    <p class='ocr_par' dir='ltr' id='par_1_29' title="bbox 2134 1107 3800 1180">
     <span class='ocr_line' id='line_1_31' title="bbox 2134 1107 3800 1180; baseline 0.002 -18"><span class='ocrx_word' id='word_1_221' title='bbox 2134 1107 2427 1180; x_wconf 88' lang='lat' dir='ltr'>parabolis</span> <span class='ocrx_word' id='word_1_222' title='bbox 2459 1109 2647 1180; x_wconf 87' lang='lat' dir='ltr'>posita</span> <span class='ocrx_word' id='word_1_223' title='bbox 2677 1109 2811 1164; x_wconf 84' lang='lat' dir='ltr'>est?</span> <span class='ocrx_word' id='word_1_224' title='bbox 2846 1110 3073 1180; x_wconf 69' lang='lat' dir='ltr'>Moyses</span> <span class='ocrx_word' id='word_1_225' title='bbox 3114 1110 3377 1165; x_wconf 89' lang='lat' dir='ltr'>ascendit</span> <span class='ocrx_word' id='word_1_226' title='bbox 3434 1111 3498 1164; x_wconf 91' lang='lat' dir='ltr'>in</span> <span class='ocrx_word' id='word_1_227' title='bbox 3535 1117 3800 1166; x_wconf 79' lang='lat' dir='ltr'>montem</span> 
     </span>
    </p>
   </div>
   <div class='ocr_carea' id='block_1_30' title="bbox 2132 1185 3803 1268">
    <p class='ocr_par' dir='ltr' id='par_1_30' title="bbox 2132 1185 3803 1268">
     <span class='ocr_line' id='line_1_32' title="bbox 2132 1185 3803 1268; baseline 0.001 -18"><span class='ocrx_word' id='word_1_228' title='bbox 2132 1198 2290 1266; x_wconf 86' lang='lat' dir='ltr'>Sina,</span> <span class='ocrx_word' id='word_1_229' title='bbox 2325 1197 2702 1268; x_wconf 87' lang='lat' dir='ltr'>ctingressus</span> <span class='ocrx_word' id='word_1_230' title='bbox 2729 1185 3077 1268; x_wconf 73' lang='lat' dir='ltr'>est,ihquit,</span> <span class='ocrx_word' id='word_1_231' title='bbox 3128 1198 3185 1251; x_wconf 91' lang='lat' dir='ltr'>in</span> <span class='ocrx_word' id='word_1_232' title='bbox 3215 1199 3544 1264; x_wconf 86' lang='lat' dir='ltr'>turbinem,</span> <span class='ocrx_word' id='word_1_233' title='bbox 3580 1204 3646 1253; x_wconf 89' lang='lat' dir='ltr'>et</span> <span class='ocrx_word' id='word_1_234' title='bbox 3680 1199 3803 1254; x_wconf 87' lang='lat' dir='ltr'>cali-</span> 
     </span>
    </p>
   </div>
   <div class='ocr_carea' id='block_1_31' title="bbox 2133 1286 3804 1357">
    <p class='ocr_par' dir='ltr' id='par_1_31' title="bbox 2133 1286 3804 1357">
     <span class='ocr_line' id='line_1_33' title="bbox 2133 1286 3804 1357; baseline 0.001 -17"><span class='ocrx_word' id='word_1_235' title='bbox 2133 1287 2351 1357; x_wconf 85' lang='lat' dir='ltr'>ginem,</span> <span class='ocrx_word' id='word_1_236' title='bbox 2385 1290 2439 1340; x_wconf 90' lang='lat' dir='ltr'>et</span> <span class='ocrx_word' id='word_1_237' title='bbox 2470 1287 2528 1340; x_wconf 92' lang='lat' dir='ltr'>in</span> <span class='ocrx_word' id='word_1_238' title='bbox 2559 1287 2852 1355; x_wconf 87' lang='lat' dir='ltr'>tenebras,</span> <span class='ocrx_word' id='word_1_239' title='bbox 2877 1292 2933 1342; x_wconf 89' lang='lat' dir='ltr'>et</span> <span class='ocrx_word' id='word_1_240' title='bbox 2965 1287 3044 1340; x_wconf 91' lang='lat' dir='ltr'>ibi</span> <span class='ocrx_word' id='word_1_241' title='bbox 3076 1286 3307 1342; x_wconf 91' lang='lat' dir='ltr'>locutus</span> <span class='ocrx_word' id='word_1_242' title='bbox 3367 1293 3458 1342; x_wconf 88' lang='lat' dir='ltr'>est</span> <span class='ocrx_word' id='word_1_243' title='bbox 3523 1304 3670 1342; x_wconf 87' lang='lat' dir='ltr'>cum</span> <span class='ocrx_word' id='word_1_244' title='bbox 3709 1293 3804 1342; x_wconf 83' lang='lat' dir='ltr'>Do-</span> 
     </span>
    </p>
   </div>
   <div class='ocr_carea' id='block_1_32' title="bbox 2136 1374 3801 1447">
    <p class='ocr_par' dir='ltr' id='par_1_32' title="bbox 2136 1374 3801 1447">
     <span class='ocr_line' id='line_1_34' title="bbox 2136 1374 3801 1447; baseline 0.002 -19"><span class='ocrx_word' id='word_1_245' title='bbox 2136 1375 2294 1428; x_wconf 90' lang='lat' dir='ltr'>mino</span> <span class='ocrx_word' id='word_1_246' title='bbox 2328 1375 2524 1443; x_wconf 69' lang='lat' dir='ltr'>(Exod.</span> <span class='ocrx_word' id='word_1_247' title='bbox 2558 1392 2713 1439; x_wconf 80' lang='lat' dir='ltr'>xx1v,</span> <span class='ocrx_word' id='word_1_248' title='bbox 2748 1375 2833 1442; x_wconf 81' lang='grc'>15,</span> <span class='ocrx_word' id='word_1_249' title='bbox 2867 1375 2977 1445; x_wconf 78' lang='grc'>46).</span> <span class='ocrx_word' id='word_1_250' title='bbox 3021 1374 3217 1446; x_wconf 87' lang='lat' dir='ltr'>Neque</span> <span class='ocrx_word' id='word_1_251' title='bbox 3249 1376 3407 1430; x_wconf 89' lang='lat' dir='ltr'>enim</span> <span class='ocrx_word' id='word_1_252' title='bbox 3439 1381 3688 1447; x_wconf 76' lang='lat' dir='ltr'>poterat</span> <span class='ocrx_word' id='word_1_253' title='bbox 3723 1377 3801 1432; x_wconf 75' lang='lat' dir='ltr'>ls-</span> 
     </span>
    </p>
   </div>
   <div class='ocr_carea' id='block_1_33' title="bbox 2135 1462 3801 1538">
    <p class='ocr_par' dir='ltr' id='par_1_33' title="bbox 2135 1462 3801 1538">
     <span class='ocr_line' id='line_1_35' title="bbox 2135 1462 3801 1538; baseline 0.001 -20"><span class='ocrx_word' id='word_1_254' title='bbox 2135 1463 2251 1518; x_wconf 88' lang='lat' dir='ltr'>rael</span> <span class='ocrx_word' id='word_1_255' title='bbox 2299 1463 2549 1535; x_wconf 88' lang='lat' dir='ltr'>populus</span> <span class='ocrx_word' id='word_1_256' title='bbox 2578 1464 2772 1519; x_wconf 84' lang='lat' dir='ltr'>videre</span> <span class='ocrx_word' id='word_1_257' title='bbox 2803 1462 3081 1535; x_wconf 77' lang='lat' dir='ltr'>mysteria</span> <span class='ocrx_word' id='word_1_258' title='bbox 3110 1465 3204 1519; x_wconf 91' lang='lat' dir='ltr'>Dei</span> <span class='ocrx_word' id='word_1_259' title='bbox 3233 1481 3245 1518; x_wconf 89' lang='lat'>:</span> <span class='ocrx_word' id='word_1_260' title='bbox 3308 1463 3447 1532; x_wconf 84' lang='lat' dir='ltr'>quia</span> <span class='ocrx_word' id='word_1_261' title='bbox 3509 1464 3571 1519; x_wconf 92' lang='lat' dir='ltr'>in</span> <span class='ocrx_word' id='word_1_262' title='bbox 3608 1464 3801 1538; x_wconf 82' lang='lat' dir='ltr'>caligi-</span> 
     </span>
    </p>
   </div>
   <div class='ocr_carea' id='block_1_34' title="bbox 2137 1553 2922 1608">
    <p class='ocr_par' dir='ltr' id='par_1_34' title="bbox 2137 1553 2922 1608">
     <span class='ocr_line' id='line_1_36' title="bbox 2137 1553 2922 1608; baseline 0 -2"><span class='ocrx_word' id='word_1_263' title='bbox 2137 1569 2270 1606; x_wconf 92' lang='lat' dir='ltr'>nem</span> <span class='ocrx_word' id='word_1_264' title='bbox 2305 1553 2400 1608; x_wconf 90' lang='lat' dir='ltr'>Dei</span> <span class='ocrx_word' id='word_1_265' title='bbox 2436 1569 2551 1606; x_wconf 91' lang='lat' dir='ltr'>non</span> <span class='ocrx_word' id='word_1_266' title='bbox 2585 1553 2922 1607; x_wconf 86' lang='lat' dir='ltr'>intraverat.</span> 
     </span>
    </p>
   </div>
   <div class='ocr_carea' id='block_1_35' title="bbox 2205 1685 3792 1758">
    <p class='ocr_par' dir='ltr' id='par_1_35' title="bbox 2205 1685 3792 1758">
     <span class='ocr_line' id='line_1_37' title="bbox 2205 1685 3792 1758; baseline -0.001 -18"><span class='ocrx_word' id='word_1_267' title='bbox 2205 1709 2230 1733; x_wconf 90' lang='grc'>‹‹</span> <span class='ocrx_word' id='word_1_268' title='bbox 2254 1686 2314 1740; x_wconf 89' lang='lat' dir='ltr'>In</span> <span class='ocrx_word' id='word_1_269' title='bbox 2335 1686 2698 1741; x_wconf 91' lang='lat' dir='ltr'>decachordo</span> <span class='ocrx_word' id='word_1_270' title='bbox 2718 1685 2990 1758; x_wconf 87' lang='lat' dir='ltr'>psalterio</span> <span class='ocrx_word' id='word_1_271' title='bbox 3018 1703 3151 1741; x_wconf 90' lang='lat' dir='ltr'>cum</span> <span class='ocrx_word' id='word_1_272' title='bbox 3175 1686 3403 1742; x_wconf 87' lang='lat' dir='ltr'>cantico</span> <span class='ocrx_word' id='word_1_273' title='bbox 3421 1690 3482 1742; x_wconf 87' lang='lat' dir='ltr'>et</span> <span class='ocrx_word' id='word_1_274' title='bbox 3500 1687 3792 1744; x_wconf 67' lang='lat' dir='ltr'>cithar-3..</span> 
     </span>
    </p>
   </div>
   <div class='ocr_carea' id='block_1_36' title="bbox 2133 1775 3796 1847">
    <p class='ocr_par' dir='ltr' id='par_1_36' title="bbox 2133 1775 3796 1847">
     <span class='ocr_line' id='line_1_38' title="bbox 2133 1775 3796 1847; baseline 0.002 -17"><span class='ocrx_word' id='word_1_275' title='bbox 2133 1775 2491 1846; x_wconf 89' lang='lat' dir='ltr'>Simpliciter</span> <span class='ocrx_word' id='word_1_276' title='bbox 2520 1775 2668 1840; x_wconf 89' lang='lat' dir='ltr'>dico,</span> <span class='ocrx_word' id='word_1_277' title='bbox 2728 1775 3190 1847; x_wconf 89' lang='lat' dir='ltr'>quotiescunque</span> <span class='ocrx_word' id='word_1_278' title='bbox 3246 1775 3520 1832; x_wconf 88' lang='lat' dir='ltr'>levamus</span> <span class='ocrx_word' id='word_1_279' title='bbox 3577 1794 3796 1833; x_wconf 84' lang='lat' dir='ltr'>manus</span> 
     </span>
    </p>
   </div>
   <div class='ocr_carea' id='block_1_37' title="bbox 448 1839 3800 1936">
    <p class='ocr_par' dir='ltr' id='par_1_37' title="bbox 448 1839 3800 1936">
     <span class='ocr_line' id='line_1_39' title="bbox 448 1839 3800 1936; baseline 0.001 -18"><span class='ocrx_word' id='word_1_280' title='bbox 448 1839 896 1936; x_wconf 35' lang='lat'>933993121539</span> <span class='ocrx_word' id='word_1_281' title='bbox 926 1840 1199 1910; x_wconf 57' lang='lat' dir='ltr'>sabbato:</span> <span class='ocrx_word' id='word_1_282' title='bbox 1233 1841 1467 1911; x_wconf 68' lang='lat' dir='ltr'>quando</span> <span class='ocrx_word' id='word_1_283' title='bbox 1500 1856 1532 1894; x_wconf 75' lang='lat' dir='ltr'>a</span> <span class='ocrx_word' id='word_1_284' title='bbox 1582 1842 1781 1894; x_wconf 67' lang='lat' dir='ltr'>mundi</span> <span class='ocrx_word' id='word_1_285' title='bbox 1831 1857 2020 1896; x_wconf 55' lang='lat' dir='ltr'>cesso”</span> <span class='ocrx_word' id='word_1_286' title='bbox 2052 1856 2098 1920; x_wconf 88' lang='lat' dir='ltr'><strong>B</strong></span> <span class='ocrx_word' id='word_1_287' title='bbox 2131 1839 2803 1935; x_wconf 46' lang='lat' dir='ltr'>sine-cogitationibuset</span> <span class='ocrx_word' id='word_1_288' title='bbox 2823 1839 3368 1936; x_wconf 75' lang='lat' dir='ltr'>disceptationibus,</span> <span class='ocrx_word' id='word_1_289' title='bbox 3394 1863 3455 1919; x_wconf 88' lang='lat' dir='ltr'>in</span> <span class='ocrx_word' id='word_1_290' title='bbox 3482 1866 3800 1922; x_wconf 84' lang='lat' dir='ltr'>decachor-</span> 
     </span>
    </p>
   </div>
   <div class='ocr_carea' id='block_1_38' title="bbox 385 1911 910 1982">
    <p class='ocr_par' dir='ltr' id='par_1_38' title="bbox 385 1911 910 1982">
     <span class='ocr_line' id='line_1_40' title="bbox 385 1911 910 1982; baseline 0.004 -18"><span class='ocrx_word' id='word_1_291' title='bbox 385 1921 393 1925; x_wconf 89' lang='lat'><strong><em>‘</em></strong></span> <span class='ocrx_word' id='word_1_292' title='bbox 447 1925 582 1965; x_wconf 91' lang='lat' dir='ltr'>mus</span> <span class='ocrx_word' id='word_1_293' title='bbox 614 1911 910 1982; x_wconf 88' lang='lat' dir='ltr'>operibus.</span> 
     </span>
    </p>
   </div>
   <div class='ocr_carea' id='block_1_39' title="bbox 453 1998 2021 2072">
    <p class='ocr_par' dir='ltr' id='par_1_39' title="bbox 453 1998 2021 2072">
     <span class='ocr_line' id='line_1_41' title="bbox 453 1998 2021 2072; baseline 0.001 -19"><span class='ocrx_word' id='word_1_294' title='bbox 453 2019 482 2050; x_wconf 77' lang='grc' dir='ltr'>α</span> <span class='ocrx_word' id='word_1_295' title='bbox 512 1998 739 2055; x_wconf 90' lang='lat' dir='ltr'>Bonum</span> <span class='ocrx_word' id='word_1_296' title='bbox 770 2003 859 2056; x_wconf 88' lang='lat' dir='ltr'>est</span> <span class='ocrx_word' id='word_1_297' title='bbox 875 2000 1134 2055; x_wconf 82' lang='lat' dir='ltr'>confiteri</span> <span class='ocrx_word' id='word_1_298' title='bbox 1160 2001 1427 2068; x_wconf 89' lang='lat' dir='ltr'>Domino,</span> <span class='ocrx_word' id='word_1_299' title='bbox 1454 2004 1509 2054; x_wconf 91' lang='lat' dir='ltr'>et</span> <span class='ocrx_word' id='word_1_300' title='bbox 1531 1999 1776 2072; x_wconf 86' lang='lat' dir='ltr'>psallere</span> <span class='ocrx_word' id='word_1_301' title='bbox 1799 2000 2021 2062; x_wconf 86' lang='lat' dir='ltr'>nomini</span> 
     </span>
    </p>
   </div>
   <div class='ocr_carea' id='block_1_40' title="bbox 377 2087 2023 2161">
    <p class='ocr_par' dir='ltr' id='par_1_40' title="bbox 377 2087 2023 2161">
     <span class='ocr_line' id='line_1_42' title="bbox 377 2087 2023 2161; baseline 0.001 -18"><span class='ocrx_word' id='word_1_302' title='bbox 377 2092 498 2157; x_wconf 88' lang='lat' dir='ltr'>tuo,</span> <span class='ocrx_word' id='word_1_303' title='bbox 531 2087 846 2145; x_wconf 83' lang='lat' dir='ltr'>Altissime.</span> <span class='ocrx_word' id='word_1_304' title='bbox 885 2111 912 2138; x_wconf 87' lang='lat'><strong>»</strong></span> <span class='ocrx_word' id='word_1_305' title='bbox 947 2089 1072 2143; x_wconf 92' lang='lat' dir='ltr'>Non</span> <span class='ocrx_word' id='word_1_306' title='bbox 1105 2088 1282 2144; x_wconf 89' lang='lat' dir='ltr'>dixit:</span> <span class='ocrx_word' id='word_1_307' title='bbox 1317 2089 1538 2144; x_wconf 91' lang='lat' dir='ltr'>bonum</span> <span class='ocrx_word' id='word_1_308' title='bbox 1566 2093 1653 2144; x_wconf 86' lang='lat' dir='ltr'>est</span> <span class='ocrx_word' id='word_1_309' title='bbox 1677 2088 1943 2161; x_wconf 89' lang='lat' dir='ltr'>psallere,</span> <span class='ocrx_word' id='word_1_310' title='bbox 1967 2093 2023 2144; x_wconf 93' lang='lat' dir='ltr'>et</span> 
     </span>
    </p>
   </div>
   <div class='ocr_carea' id='block_1_41' title="bbox 375 2177 2023 2250">
    <p class='ocr_par' dir='ltr' id='par_1_41' title="bbox 375 2177 2023 2250">
     <span class='ocr_line' id='line_1_43' title="bbox 375 2177 2023 2250; baseline -0.001 -16"><span class='ocrx_word' id='word_1_311' title='bbox 375 2181 580 2250; x_wconf 88' lang='lat' dir='ltr'>postea</span> <span class='ocrx_word' id='word_1_312' title='bbox 610 2177 903 2233; x_wconf 79' lang='lat' dir='ltr'>confiteri:</span> <span class='ocrx_word' id='word_1_313' title='bbox 965 2178 1066 2233; x_wconf 89' lang='lat' dir='ltr'>sed</span> <span class='ocrx_word' id='word_1_314' title='bbox 1120 2177 1249 2232; x_wconf 91' lang='lat' dir='ltr'>vide</span> <span class='ocrx_word' id='word_1_315' title='bbox 1297 2177 1598 2232; x_wconf 88' lang='lat' dir='ltr'>ordinem:</span> <span class='ocrx_word' id='word_1_316' title='bbox 1661 2182 1884 2232; x_wconf 87' lang='lat' dir='ltr'>Bonum</span> <span class='ocrx_word' id='word_1_317' title='bbox 1934 2183 2023 2233; x_wconf 91' lang='lat' dir='ltr'>est</span> 
     </span>
    </p>
   </div>
   <div class='ocr_carea' id='block_1_42' title="bbox 375 2266 2018 2339">
    <p class='ocr_par' dir='ltr' id='par_1_42' title="bbox 375 2266 2018 2339">
     <span class='ocr_line' id='line_1_44' title="bbox 375 2266 2018 2339; baseline 0 -17"><span class='ocrx_word' id='word_1_318' title='bbox 375 2267 662 2334; x_wconf 88' lang='lat' dir='ltr'>confiteri,</span> <span class='ocrx_word' id='word_1_319' title='bbox 693 2271 749 2321; x_wconf 93' lang='lat' dir='ltr'>et</span> <span class='ocrx_word' id='word_1_320' title='bbox 781 2267 1002 2322; x_wconf 92' lang='lat' dir='ltr'>bonum</span> <span class='ocrx_word' id='word_1_321' title='bbox 1032 2270 1119 2322; x_wconf 91' lang='lat' dir='ltr'>est</span> <span class='ocrx_word' id='word_1_322' title='bbox 1149 2266 1416 2337; x_wconf 86' lang='lat' dir='ltr'>psallere.</span> <span class='ocrx_word' id='word_1_323' title='bbox 1453 2267 1710 2322; x_wconf 89' lang='lat' dir='ltr'>Primum</span> <span class='ocrx_word' id='word_1_324' title='bbox 1761 2283 1864 2338; x_wconf 88' lang='lat' dir='ltr'>age</span> <span class='ocrx_word' id='word_1_325' title='bbox 1895 2285 2018 2339; x_wconf 81' lang='lat' dir='ltr'>pm-</span> 
     </span>
    </p>
   </div>
   <div class='ocr_carea' id='block_1_43' title="bbox 372 2354 2018 2427">
    <p class='ocr_par' dir='ltr' id='par_1_43' title="bbox 372 2354 2018 2427">
     <span class='ocr_line' id='line_1_45' title="bbox 372 2354 2018 2427; baseline 0.002 -18"><span class='ocrx_word' id='word_1_326' title='bbox 372 2355 704 2424; x_wconf 89' lang='lat' dir='ltr'>nitentiam,</span> <span class='ocrx_word' id='word_1_327' title='bbox 729 2360 786 2410; x_wconf 91' lang='lat' dir='ltr'>et</span> <span class='ocrx_word' id='word_1_328' title='bbox 806 2355 1080 2426; x_wconf 84' lang='lat' dir='ltr'>lacrymis</span> <span class='ocrx_word' id='word_1_329' title='bbox 1103 2354 1229 2410; x_wconf 90' lang='lat' dir='ltr'>dele</span> <span class='ocrx_word' id='word_1_330' title='bbox 1258 2359 1512 2426; x_wconf 87' lang='lat' dir='ltr'>peccata,</span> <span class='ocrx_word' id='word_1_331' title='bbox 1536 2361 1593 2411; x_wconf 93' lang='lat' dir='ltr'>et</span> <span class='ocrx_word' id='word_1_332' title='bbox 1615 2361 1814 2427; x_wconf 84' lang='lat' dir='ltr'>postea</span> <span class='ocrx_word' id='word_1_333' title='bbox 1847 2361 2018 2413; x_wconf 90' lang='lat' dir='ltr'>canta</span> 
     </span>
    </p>
   </div>
   <div class='ocr_carea' id='block_1_44' title="bbox 366 2442 2014 2511">
    <p class='ocr_par' dir='ltr' id='par_1_44' title="bbox 366 2442 2014 2511">
     <span class='ocr_line' id='line_1_46' title="bbox 366 2442 2014 2511; baseline 0.003 -15"><span class='ocrx_word' id='word_1_334' title='bbox 366 2442 657 2498; x_wconf 90' lang='lat' dir='ltr'>Domino:</span> <span class='ocrx_word' id='word_1_335' title='bbox 691 2467 717 2491; x_wconf 87' lang='lat'><strong>«</strong></span> <span class='ocrx_word' id='word_1_336' title='bbox 779 2443 1003 2498; x_wconf 90' lang='lat' dir='ltr'>Bonum</span> <span class='ocrx_word' id='word_1_337' title='bbox 1063 2447 1152 2498; x_wconf 88' lang='lat' dir='ltr'>est</span> <span class='ocrx_word' id='word_1_338' title='bbox 1207 2444 1465 2499; x_wconf 83' lang='lat' dir='ltr'>conﬁteri</span> <span class='ocrx_word' id='word_1_339' title='bbox 1530 2445 1804 2511; x_wconf 90' lang='lat' dir='ltr'>Domino;</span> <span class='ocrx_word' id='word_1_340' title='bbox 1842 2468 1862 2494; x_wconf 75' lang='grc' dir='ltr'><strong>η</strong></span> <span class='ocrx_word' id='word_1_341' title='bbox 1900 2463 2014 2501; x_wconf 88' lang='lat' dir='ltr'>non</span> 
     </span>
    </p>
   </div>
   <div class='ocr_carea' id='block_1_45' title="bbox 367 2529 2015 2602">
    <p class='ocr_par' dir='ltr' id='par_1_45' title="bbox 367 2529 2015 2602">
     <span class='ocr_line' id='line_1_47' title="bbox 367 2529 2015 2602; baseline 0.003 -18"><span class='ocrx_word' id='word_1_342' title='bbox 367 2529 728 2601; x_wconf 89' lang='lat' dir='ltr'>hominibus,</span> <span class='ocrx_word' id='word_1_343' title='bbox 752 2531 854 2586; x_wconf 89' lang='lat' dir='ltr'>sed</span> <span class='ocrx_word' id='word_1_344' title='bbox 878 2535 1029 2597; x_wconf 90' lang='lat' dir='ltr'>Deo;</span> <span class='ocrx_word' id='word_1_345' title='bbox 1062 2529 1146 2584; x_wconf 92' lang='lat' dir='ltr'>illi</span> <span class='ocrx_word' id='word_1_346' title='bbox 1177 2531 1452 2586; x_wconf 84' lang='lat' dir='ltr'>confitere</span> <span class='ocrx_word' id='word_1_347' title='bbox 1485 2536 1742 2602; x_wconf 80' lang='lat' dir='ltr'>peccata,</span> <span class='ocrx_word' id='word_1_348' title='bbox 1791 2533 1889 2602; x_wconf 93' lang='lat' dir='ltr'>qui</span> <span class='ocrx_word' id='word_1_349' title='bbox 1922 2551 2015 2589; x_wconf 91' lang='lat' dir='ltr'>sa-</span> 
     </span>
    </p>
   </div>
   <div class='ocr_carea' id='block_1_46' title="bbox 363 2619 2012 2691">
    <p class='ocr_par' dir='ltr' id='par_1_46' title="bbox 363 2619 2012 2691">
     <span class='ocr_line' id='line_1_48' title="bbox 363 2619 2012 2691; baseline -0.001 -17"><span class='ocrx_word' id='word_1_350' title='bbox 363 2634 506 2675; x_wconf 88' lang='lat' dir='ltr'>nare</span> <span class='ocrx_word' id='word_1_351' title='bbox 530 2623 737 2691; x_wconf 89' lang='lat' dir='ltr'>potest.</span> <span class='ocrx_word' id='word_1_352' title='bbox 763 2642 791 2669; x_wconf 92' lang='grc'><strong>‹‹</strong></span> <span class='ocrx_word' id='word_1_353' title='bbox 826 2620 893 2674; x_wconf 91' lang='lat' dir='ltr'>Et</span> <span class='ocrx_word' id='word_1_354' title='bbox 918 2619 1164 2689; x_wconf 87' lang='lat' dir='ltr'>psallere</span> <span class='ocrx_word' id='word_1_355' title='bbox 1191 2619 1416 2674; x_wconf 89' lang='lat' dir='ltr'>nomini</span> <span class='ocrx_word' id='word_1_356' title='bbox 1453 2623 1576 2688; x_wconf 88' lang='lat' dir='ltr'>tuo,</span> <span class='ocrx_word' id='word_1_357' title='bbox 1633 2621 1947 2677; x_wconf 88' lang='lat' dir='ltr'>Altissime.</span> <span class='ocrx_word' id='word_1_358' title='bbox 1985 2646 2012 2672; x_wconf 83' lang='grc'>››</span> 
     </span>
    </p>
   </div>
   <div class='ocr_carea' id='block_1_47' title="bbox 443 2708 2008 2782">
    <p class='ocr_par' dir='ltr' id='par_1_47' title="bbox 443 2708 2008 2782">
     <span class='ocr_line' id='line_1_49' title="bbox 443 2708 2008 2782; baseline 0.004 -22"><span class='ocrx_word' id='word_1_359' title='bbox 443 2728 470 2760; x_wconf 74' lang='grc' dir='ltr'><strong>α</strong></span> <span class='ocrx_word' id='word_1_360' title='bbox 497 2708 581 2763; x_wconf 89' lang='lat' dir='ltr'>Ad</span> <span class='ocrx_word' id='word_1_361' title='bbox 614 2708 1088 2764; x_wconf 89' lang='lat' dir='ltr'>annuntiandum</span> <span class='ocrx_word' id='word_1_362' title='bbox 1117 2724 1287 2763; x_wconf 88' lang='lat' dir='ltr'>mane</span> <span class='ocrx_word' id='word_1_363' title='bbox 1318 2708 1780 2764; x_wconf 89' lang='lat' dir='ltr'>misericordiam</span> <span class='ocrx_word' id='word_1_364' title='bbox 1827 2716 2008 2782; x_wconf 83' lang='lat' dir='ltr'>tuam,</span> 
     </span>
    </p>
   </div>
   <div class='ocr_carea' id='block_1_48' title="bbox 362 2797 2012 2870">
    <p class='ocr_par' dir='ltr' id='par_1_48' title="bbox 362 2797 2012 2870">
     <span class='ocr_line' id='line_1_50' title="bbox 362 2797 2012 2870; baseline 0.001 -17"><span class='ocrx_word' id='word_1_365' title='bbox 362 2801 421 2853; x_wconf 91' lang='lat' dir='ltr'>et</span> <span class='ocrx_word' id='word_1_366' title='bbox 447 2797 750 2854; x_wconf 89' lang='lat' dir='ltr'>veritatem</span> <span class='ocrx_word' id='word_1_367' title='bbox 780 2801 943 2853; x_wconf 88' lang='lat' dir='ltr'>tuam</span> <span class='ocrx_word' id='word_1_368' title='bbox 977 2812 1080 2869; x_wconf 91' lang='lat' dir='ltr'>per</span> <span class='ocrx_word' id='word_1_369' title='bbox 1108 2802 1358 2853; x_wconf 84' lang='lat' dir='ltr'>noctem.</span> <span class='ocrx_word' id='word_1_370' title='bbox 1394 2820 1422 2847; x_wconf 81' lang='lat'><strong>»</strong></span> <span class='ocrx_word' id='word_1_371' title='bbox 1477 2797 1795 2870; x_wconf 89' lang='lat' dir='ltr'>Diligenter</span> <span class='ocrx_word' id='word_1_372' title='bbox 1837 2798 2012 2855; x_wconf 90' lang='lat' dir='ltr'>intel-</span> 
     </span>
    </p>
   </div>
   <div class='ocr_carea' id='block_1_49' title="bbox 363 2885 2012 2959">
    <p class='ocr_par' dir='ltr' id='par_1_49' title="bbox 363 2885 2012 2959">
     <span class='ocr_line' id='line_1_51' title="bbox 363 2885 2012 2959; baseline 0.002 -18"><span class='ocrx_word' id='word_1_373' title='bbox 363 2885 527 2959; x_wconf 84' lang='lat' dir='ltr'>ligite</span> <span class='ocrx_word' id='word_1_374' title='bbox 559 2886 714 2957; x_wconf 92' lang='lat' dir='ltr'>quod</span> <span class='ocrx_word' id='word_1_375' title='bbox 745 2885 979 2941; x_wconf 91' lang='lat' dir='ltr'>dicitur.</span> <span class='ocrx_word' id='word_1_376' title='bbox 1014 2909 1042 2935; x_wconf 88' lang='grc'>‹‹</span> <span class='ocrx_word' id='word_1_377' title='bbox 1077 2887 1163 2940; x_wconf 86' lang='lat' dir='ltr'>Ad</span> <span class='ocrx_word' id='word_1_378' title='bbox 1195 2886 1668 2942; x_wconf 89' lang='lat' dir='ltr'>annuntiandum</span> <span class='ocrx_word' id='word_1_379' title='bbox 1700 2904 1874 2944; x_wconf 89' lang='lat' dir='ltr'>mane</span> <span class='ocrx_word' id='word_1_380' title='bbox 1907 2890 2012 2944; x_wconf 90' lang='lat' dir='ltr'>mi-</span> 
     </span>
    </p>
   </div>
   <div class='ocr_carea' id='block_1_50' title="bbox 362 2973 2008 3047">
    <p class='ocr_par' dir='ltr' id='par_1_50' title="bbox 362 2973 2008 3047">
     <span class='ocr_line' id='line_1_52' title="bbox 362 2973 2008 3047; baseline -0.003 -15"><span class='ocrx_word' id='word_1_381' title='bbox 362 2975 743 3032; x_wconf 86' lang='lat' dir='ltr'>sericordiam</span> <span class='ocrx_word' id='word_1_382' title='bbox 774 2979 960 3040; x_wconf 90' lang='lat' dir='ltr'>tuam,</span> <span class='ocrx_word' id='word_1_383' title='bbox 983 2979 1040 3030; x_wconf 91' lang='lat' dir='ltr'>et</span> <span class='ocrx_word' id='word_1_384' title='bbox 1067 2973 1368 3030; x_wconf 88' lang='lat' dir='ltr'>veritatem</span> <span class='ocrx_word' id='word_1_385' title='bbox 1393 2979 1551 3030; x_wconf 91' lang='lat' dir='ltr'>tuam</span> <span class='ocrx_word' id='word_1_386' title='bbox 1576 2993 1677 3047; x_wconf 92' lang='lat' dir='ltr'>per</span> <span class='ocrx_word' id='word_1_387' title='bbox 1701 2982 1952 3033; x_wconf 89' lang='lat' dir='ltr'>noctem.</span> <span class='ocrx_word' id='word_1_388' title='bbox 1981 3002 2008 3028; x_wconf 84' lang='grc'><strong>››</strong></span> 
     </span>
    </p>
   </div>
   <div class='ocr_carea' id='block_1_51' title="bbox 363 3063 2007 3137">
    <p class='ocr_par' dir='ltr' id='par_1_51' title="bbox 363 3063 2007 3137">
     <span class='ocr_line' id='line_1_53' title="bbox 363 3063 2007 3137; baseline 0.001 -16"><span class='ocrx_word' id='word_1_389' title='bbox 363 3064 592 3137; x_wconf 91' lang='lat' dir='ltr'>Singuli</span> <span class='ocrx_word' id='word_1_390' title='bbox 619 3063 888 3120; x_wconf 87' lang='lat' dir='ltr'>versiculi</span> <span class='ocrx_word' id='word_1_391' title='bbox 911 3064 990 3119; x_wconf 83' lang='lat' dir='ltr'>ad</span> <span class='ocrx_word' id='word_1_392' title='bbox 1021 3063 1285 3136; x_wconf 90' lang='lat' dir='ltr'>singulos</span> <span class='ocrx_word' id='word_1_393' title='bbox 1325 3065 1675 3119; x_wconf 80' lang='lat' dir='ltr'>referuntur.</span> <span class='ocrx_word' id='word_1_394' title='bbox 1711 3089 1738 3115; x_wconf 88' lang='lat'><strong>«</strong></span> <span class='ocrx_word' id='word_1_395' title='bbox 1781 3065 2007 3122; x_wconf 88' lang='lat' dir='ltr'>Bonum</span> 
     </span>
    </p>
   </div>
   <div class='ocr_carea' id='block_1_52' title="bbox 367 3153 2005 3212">
    <p class='ocr_par' dir='ltr' id='par_1_52' title="bbox 367 3153 2005 3212">
     <span class='ocr_line' id='line_1_54' title="bbox 367 3153 2005 3212; baseline 0.002 -4"><span class='ocrx_word' id='word_1_396' title='bbox 367 3157 458 3209; x_wconf 90' lang='lat' dir='ltr'>est</span> <span class='ocrx_word' id='word_1_397' title='bbox 513 3153 775 3208; x_wconf 84' lang='lat' dir='ltr'>confiteri</span> <span class='ocrx_word' id='word_1_398' title='bbox 836 3153 1113 3209; x_wconf 90' lang='lat' dir='ltr'>Domino:</span> <span class='ocrx_word' id='word_1_399' title='bbox 1176 3154 1247 3208; x_wconf 90' lang='lat' dir='ltr'>ad</span> <span class='ocrx_word' id='word_1_400' title='bbox 1301 3154 1775 3209; x_wconf 89' lang='lat' dir='ltr'>annuntiandum</span> <span class='ocrx_word' id='word_1_401' title='bbox 1835 3173 2005 3212; x_wconf 90' lang='lat' dir='ltr'>mane</span> 
     </span>
    </p>
   </div>
   <div class='ocr_carea' id='block_1_53' title="bbox 2133 1951 3791 2024">
    <p class='ocr_par' dir='ltr' id='par_1_53' title="bbox 2133 1951 3791 2024">
     <span class='ocr_line' id='line_1_55' title="bbox 2133 1951 3791 2024; baseline 0.003 -19"><span class='ocrx_word' id='word_1_402' title='bbox 2133 1954 2204 2005; x_wconf 90' lang='lat' dir='ltr'>do</span> <span class='ocrx_word' id='word_1_403' title='bbox 2221 1951 2529 2023; x_wconf 90' lang='lat' dir='ltr'>psallimus</span> <span class='ocrx_word' id='word_1_404' title='bbox 2545 1952 2806 2008; x_wconf 86' lang='lat' dir='ltr'>Domino.</span> <span class='ocrx_word' id='word_1_405' title='bbox 2831 1953 2933 2006; x_wconf 82' lang='lat' dir='ltr'>«In</span> <span class='ocrx_word' id='word_1_406' title='bbox 2954 1953 3315 2008; x_wconf 91' lang='lat' dir='ltr'>decachordo</span> <span class='ocrx_word' id='word_1_407' title='bbox 3331 1953 3791 2024; x_wconf 85' lang='lat' dir='ltr'>psalterio,cum</span> 
     </span>
    </p>
   </div>
   <div class='ocr_carea' id='block_1_54' title="bbox 2131 2041 3794 2115">
    <p class='ocr_par' dir='ltr' id='par_1_54' title="bbox 2131 2041 3794 2115">
     <span class='ocr_line' id='line_1_56' title="bbox 2131 2041 3794 2115; baseline 0.002 -19"><span class='ocrx_word' id='word_1_408' title='bbox 2131 2041 2356 2096; x_wconf 90' lang='lat' dir='ltr'>cantico</span> <span class='ocrx_word' id='word_1_409' title='bbox 2388 2041 2444 2095; x_wconf 93' lang='lat' dir='ltr'>in</span> <span class='ocrx_word' id='word_1_410' title='bbox 2478 2041 2702 2096; x_wconf 86' lang='lat' dir='ltr'>cithara</span> <span class='ocrx_word' id='word_1_411' title='bbox 2733 2065 2759 2089; x_wconf 86' lang='lat'><strong><em>«</em></strong></span> <span class='ocrx_word' id='word_1_412' title='bbox 2797 2043 2856 2096; x_wconf 92' lang='lat' dir='ltr'>In</span> <span class='ocrx_word' id='word_1_413' title='bbox 2890 2041 3112 2096; x_wconf 88' lang='lat' dir='ltr'>cithara</span> <span class='ocrx_word' id='word_1_414' title='bbox 3145 2046 3368 2109; x_wconf 87' lang='lat' dir='ltr'>nostra,</span> <span class='ocrx_word' id='word_1_415' title='bbox 3402 2047 3459 2098; x_wconf 90' lang='lat' dir='ltr'>et</span> <span class='ocrx_word' id='word_1_416' title='bbox 3489 2060 3713 2115; x_wconf 87' lang='lat' dir='ltr'>corpus</span> <span class='ocrx_word' id='word_1_417' title='bbox 3742 2051 3794 2100; x_wconf 84' lang='lat' dir='ltr'>et</span> 
     </span>
    </p>
   </div>
   <div class='ocr_carea' id='block_1_55' title="bbox 2130 2129 3782 2206">
    <p class='ocr_par' dir='ltr' id='par_1_55' title="bbox 2130 2129 3782 2206">
     <span class='ocr_line' id='line_1_57' title="bbox 2130 2129 3782 2206; baseline 0.002 -22"><span class='ocrx_word' id='word_1_418' title='bbox 2130 2129 2345 2197; x_wconf 90' lang='lat' dir='ltr'>anima,</span> <span class='ocrx_word' id='word_1_419' title='bbox 2371 2134 2427 2185; x_wconf 91' lang='lat' dir='ltr'>et</span> <span class='ocrx_word' id='word_1_420' title='bbox 2447 2129 2712 2201; x_wconf 88' lang='lat' dir='ltr'>spiritus,</span> <span class='ocrx_word' id='word_1_421' title='bbox 2736 2130 3011 2206; x_wconf 86' lang='lat' dir='ltr'>omnibus</span> <span class='ocrx_word' id='word_1_422' title='bbox 3028 2130 3262 2186; x_wconf 89' lang='lat' dir='ltr'>chordis</span> <span class='ocrx_word' id='word_1_423' title='bbox 3275 2133 3602 2202; x_wconf 79' lang='lat' dir='ltr'>composita</span> <span class='ocrx_word' id='word_1_424' title='bbox 3617 2138 3782 2188; x_wconf 87' lang='lat' dir='ltr'>sunt.</span> 
     </span>
    </p>
   </div>
   <div class='ocr_carea' id='block_1_56' title="bbox 2206 2263 3786 2333">
    <p class='ocr_par' dir='ltr' id='par_1_56' title="bbox 2206 2263 3786 2333">
     <span class='ocr_line' id='line_1_58' title="bbox 2206 2263 3786 2333; baseline 0.001 -15"><span class='ocrx_word' id='word_1_425' title='bbox 2206 2284 2226 2310; x_wconf 71' lang='grc' dir='ltr'>ιι</span> <span class='ocrx_word' id='word_1_426' title='bbox 2262 2264 2406 2328; x_wconf 89' lang='lat' dir='ltr'>Quia</span> <span class='ocrx_word' id='word_1_427' title='bbox 2436 2263 2737 2318; x_wconf 89' lang='lat' dir='ltr'>delectasti</span> <span class='ocrx_word' id='word_1_428' title='bbox 2770 2279 2882 2329; x_wconf 89' lang='lat' dir='ltr'>me,</span> <span class='ocrx_word' id='word_1_429' title='bbox 2921 2263 3185 2333; x_wconf 89' lang='lat' dir='ltr'>Domine,</span> <span class='ocrx_word' id='word_1_430' title='bbox 3219 2264 3278 2318; x_wconf 91' lang='lat' dir='ltr'>in</span> <span class='ocrx_word' id='word_1_431' title='bbox 3314 2265 3529 2319; x_wconf 80' lang='lat' dir='ltr'>factura</span> <span class='ocrx_word' id='word_1_432' title='bbox 3557 2271 3690 2331; x_wconf 83' lang='lat' dir='ltr'>tua,</span> <span class='ocrx_word' id='word_1_433' title='bbox 3725 2273 3786 2320; x_wconf 84' lang='lat' dir='ltr'>et</span> 
     </span>
    </p>
   </div>
   <div class='ocr_carea' id='block_1_57' title="bbox 2127 2351 3780 2424">
    <p class='ocr_par' dir='ltr' id='par_1_57' title="bbox 2127 2351 3780 2424">
     <span class='ocr_line' id='line_1_59' title="bbox 2127 2351 3780 2424; baseline 0.004 -19"><span class='ocrx_word' id='word_1_434' title='bbox 2127 2352 2184 2406; x_wconf 91' lang='lat' dir='ltr'>in</span> <span class='ocrx_word' id='word_1_435' title='bbox 2203 2353 2480 2424; x_wconf 92' lang='lat' dir='ltr'>operibus</span> <span class='ocrx_word' id='word_1_436' title='bbox 2513 2367 2793 2406; x_wconf 83' lang='lat' dir='ltr'>manuum</span> <span class='ocrx_word' id='word_1_437' title='bbox 2819 2356 3053 2406; x_wconf 90' lang='lat' dir='ltr'>tuarum</span> <span class='ocrx_word' id='word_1_438' title='bbox 3073 2351 3401 2407; x_wconf 84' lang='lat' dir='ltr'>exsultabo.</span> <span class='ocrx_word' id='word_1_439' title='bbox 3436 2375 3466 2401; x_wconf 72' lang='grc' dir='ltr'>ι)</span> <span class='ocrx_word' id='word_1_440' title='bbox 3489 2353 3780 2411; x_wconf 84' lang='lat' dir='ltr'>Christia-</span> 
     </span>
    </p>
   </div>
   <div class='ocr_carea' id='block_1_58' title="bbox 2126 2439 3782 2512">
    <p class='ocr_par' dir='ltr' id='par_1_58' title="bbox 2126 2439 3782 2512">
     <span class='ocr_line' id='line_1_60' title="bbox 2126 2439 3782 2512; baseline 0.002 -17"><span class='ocrx_word' id='word_1_441' title='bbox 2126 2459 2237 2497; x_wconf 91' lang='lat' dir='ltr'>nus</span> <span class='ocrx_word' id='word_1_442' title='bbox 2269 2442 2658 2512; x_wconf 90' lang='lat' dir='ltr'>quodcunque</span> <span class='ocrx_word' id='word_1_443' title='bbox 2717 2439 2934 2508; x_wconf 87' lang='lat' dir='ltr'>vicerit,</span> <span class='ocrx_word' id='word_1_444' title='bbox 2997 2457 3228 2512; x_wconf 88' lang='lat' dir='ltr'>semper</span> <span class='ocrx_word' id='word_1_445' title='bbox 3284 2441 3637 2496; x_wconf 73' lang='lat' dir='ltr'>aedificatur.</span> <span class='ocrx_word' id='word_1_446' title='bbox 3673 2444 3782 2498; x_wconf 84' lang='lat' dir='ltr'>Mo-</span> 
     </span>
    </p>
   </div>
   <div class='ocr_carea' id='block_1_59' title="bbox 2124 2528 3778 2603">
    <p class='ocr_par' dir='ltr' id='par_1_59' title="bbox 2124 2528 3778 2603">
     <span class='ocr_line' id='line_1_61' title="bbox 2124 2528 3778 2603; baseline 0.002 -19"><span class='ocrx_word' id='word_1_447' title='bbox 2124 2529 2378 2584; x_wconf 91' lang='lat' dir='ltr'>nachum</span> <span class='ocrx_word' id='word_1_448' title='bbox 2398 2529 2544 2584; x_wconf 89' lang='lat' dir='ltr'>nihil</span> <span class='ocrx_word' id='word_1_449' title='bbox 2570 2529 2849 2599; x_wconf 88' lang='lat' dir='ltr'>destruet,</span> <span class='ocrx_word' id='word_1_450' title='bbox 2876 2528 2989 2583; x_wconf 89' lang='lat' dir='ltr'>nisi</span> <span class='ocrx_word' id='word_1_451' title='bbox 3010 2535 3335 2600; x_wconf 86' lang='lat' dir='ltr'>peccatum.</span> <span class='ocrx_word' id='word_1_452' title='bbox 3371 2531 3778 2603; x_wconf 81' lang='lat' dir='ltr'>Quodcunque</span> 
     </span>
    </p>
   </div>
   <div class='ocr_carea' id='block_1_60' title="bbox 2123 2617 3779 2691">
    <p class='ocr_par' dir='ltr' id='par_1_60' title="bbox 2123 2617 3779 2691">
     <span class='ocr_line' id='line_1_62' title="bbox 2123 2617 3779 2691; baseline 0.001 -17"><span class='ocrx_word' id='word_1_453' title='bbox 2123 2618 2438 2691; x_wconf 87' lang='lat' dir='ltr'>aspexeris,</span> <span class='ocrx_word' id='word_1_454' title='bbox 2470 2617 2783 2673; x_wconf 61' lang='lat' dir='ltr'>aedificium</span> <span class='ocrx_word' id='word_1_455' title='bbox 2815 2622 2983 2672; x_wconf 91' lang='lat' dir='ltr'>tuum</span> <span class='ocrx_word' id='word_1_456' title='bbox 3018 2626 3122 2673; x_wconf 81' lang='lat' dir='ltr'>est.</span> <span class='ocrx_word' id='word_1_457' title='bbox 3156 2617 3329 2673; x_wconf 89' lang='lat' dir='ltr'>Vides</span> <span class='ocrx_word' id='word_1_458' title='bbox 3352 2617 3598 2687; x_wconf 71' lang='lat' dir='ltr'>coelum,</span> <span class='ocrx_word' id='word_1_459' title='bbox 3621 2622 3779 2676; x_wconf 76' lang='lat' dir='ltr'>vides</span> 
     </span>
    </p>
   </div>
   <div class='ocr_carea' id='block_1_61' title="bbox 2121 2705 3779 2777">
    <p class='ocr_par' dir='ltr' id='par_1_61' title="bbox 2121 2705 3779 2777">
     <span class='ocr_line' id='line_1_63' title="bbox 2121 2705 3779 2777; baseline 0.001 -15"><span class='ocrx_word' id='word_1_460' title='bbox 2121 2707 2327 2775; x_wconf 91' lang='lat' dir='ltr'>solem,</span> <span class='ocrx_word' id='word_1_461' title='bbox 2359 2707 2520 2762; x_wconf 91' lang='lat' dir='ltr'>vides</span> <span class='ocrx_word' id='word_1_462' title='bbox 2551 2705 2772 2771; x_wconf 88' lang='lat' dir='ltr'>stellas,</span> <span class='ocrx_word' id='word_1_463' title='bbox 2802 2706 2959 2760; x_wconf 87' lang='lat' dir='ltr'>vides</span> <span class='ocrx_word' id='word_1_464' title='bbox 2993 2705 3216 2777; x_wconf 88' lang='lat' dir='ltr'>lunam,</span> <span class='ocrx_word' id='word_1_465' title='bbox 3252 2706 3361 2762; x_wconf 90' lang='lat' dir='ltr'>hoc</span> <span class='ocrx_word' id='word_1_466' title='bbox 3414 2708 3678 2764; x_wconf 69' lang='lat' dir='ltr'>aediﬁcat</span> <span class='ocrx_word' id='word_1_467' title='bbox 3709 2717 3779 2765; x_wconf 82' lang='lat' dir='ltr'>te.</span> 
     </span>
    </p>
   </div>
   <div class='ocr_carea' id='block_1_62' title="bbox 2121 2795 3781 2866">
    <p class='ocr_par' dir='ltr' id='par_1_62' title="bbox 2121 2795 3781 2866">
     <span class='ocr_line' id='line_1_64' title="bbox 2121 2795 3781 2866; baseline 0.002 -16"><span class='ocrx_word' id='word_1_468' title='bbox 2121 2795 2306 2851; x_wconf 91' lang='lat' dir='ltr'>Debes</span> <span class='ocrx_word' id='word_1_469' title='bbox 2334 2796 2490 2851; x_wconf 92' lang='lat' dir='ltr'>enim</span> <span class='ocrx_word' id='word_1_470' title='bbox 2524 2796 2776 2866; x_wconf 87' lang='lat' dir='ltr'>cogitare</span> <span class='ocrx_word' id='word_1_471' title='bbox 2806 2799 2863 2848; x_wconf 89' lang='lat' dir='ltr'>et</span> <span class='ocrx_word' id='word_1_472' title='bbox 2892 2795 3082 2850; x_wconf 89' lang='lat' dir='ltr'>dicere</span> <span class='ocrx_word' id='word_1_473' title='bbox 3108 2813 3119 2849; x_wconf 93' lang='lat'>:</span> <span class='ocrx_word' id='word_1_474' title='bbox 3155 2796 3213 2850; x_wconf 92' lang='lat' dir='ltr'>Si</span> <span class='ocrx_word' id='word_1_475' title='bbox 3245 2796 3351 2863; x_wconf 85' lang='lat' dir='ltr'>sol,</span> <span class='ocrx_word' id='word_1_476' title='bbox 3409 2801 3468 2850; x_wconf 91' lang='lat' dir='ltr'>et</span> <span class='ocrx_word' id='word_1_477' title='bbox 3527 2798 3698 2862; x_wconf 79' lang='lat' dir='ltr'>luna,</span> <span class='ocrx_word' id='word_1_478' title='bbox 3727 2805 3781 2853; x_wconf 84' lang='lat' dir='ltr'>et</span> 
     </span>
    </p>
   </div>
   <div class='ocr_carea' id='block_1_63' title="bbox 2119 2883 3779 2959">
    <p class='ocr_par' dir='ltr' id='par_1_63' title="bbox 2119 2883 3779 2959">
     <span class='ocr_line' id='line_1_65' title="bbox 2119 2883 3779 2959; baseline 0.002 -19"><span class='ocrx_word' id='word_1_479' title='bbox 2119 2885 2350 2951; x_wconf 88' lang='lat' dir='ltr'>coelum,</span> <span class='ocrx_word' id='word_1_480' title='bbox 2382 2889 2438 2939; x_wconf 90' lang='lat' dir='ltr'>et</span> <span class='ocrx_word' id='word_1_481' title='bbox 2467 2883 2648 2939; x_wconf 66' lang='lat' dir='ltr'>stellae</span> <span class='ocrx_word' id='word_1_482' title='bbox 2697 2884 2810 2939; x_wconf 91' lang='lat' dir='ltr'>Deo</span> <span class='ocrx_word' id='word_1_483' title='bbox 2869 2885 3162 2939; x_wconf 86' lang='lat' dir='ltr'>serviunt:</span> <span class='ocrx_word' id='word_1_484' title='bbox 3225 2902 3404 2956; x_wconf 90' lang='lat' dir='ltr'>quare</span> <span class='ocrx_word' id='word_1_485' title='bbox 3463 2903 3608 2959; x_wconf 87' lang='lat' dir='ltr'>ergo</span> <span class='ocrx_word' id='word_1_486' title='bbox 3668 2905 3779 2943; x_wconf 88' lang='lat' dir='ltr'>non</span> 
     </span>
    </p>
   </div>
   <div class='ocr_carea' id='block_1_64' title="bbox 2119 2973 3779 3042">
    <p class='ocr_par' dir='ltr' id='par_1_64' title="bbox 2119 2973 3779 3042">
     <span class='ocr_line' id='line_1_66' title="bbox 2119 2973 3779 3042; baseline 0.002 -13"><span class='ocrx_word' id='word_1_487' title='bbox 2119 2975 2364 3030; x_wconf 89' lang='lat' dir='ltr'>serviam</span> <span class='ocrx_word' id='word_1_488' title='bbox 2387 2975 2414 3028; x_wconf 75' lang='lat' dir='ltr'>‘l</span> <span class='ocrx_word' id='word_1_489' title='bbox 2446 2974 2612 3029; x_wconf 88' lang='lat' dir='ltr'>Vides</span> <span class='ocrx_word' id='word_1_490' title='bbox 2641 2978 2876 3042; x_wconf 90' lang='lat' dir='ltr'>terram,</span> <span class='ocrx_word' id='word_1_491' title='bbox 2910 2974 3070 3028; x_wconf 90' lang='lat' dir='ltr'>vides</span> <span class='ocrx_word' id='word_1_492' title='bbox 3129 2973 3426 3041; x_wconf 86' lang='lat' dir='ltr'>animalia,</span> <span class='ocrx_word' id='word_1_493' title='bbox 3484 2980 3545 3030; x_wconf 90' lang='lat' dir='ltr'>et</span> <span class='ocrx_word' id='word_1_494' title='bbox 3577 2978 3779 3033; x_wconf 85' lang='lat' dir='ltr'>omnia</span> 
     </span>
    </p>
   </div>
   <div class='ocr_carea' id='block_1_65' title="bbox 2119 3062 3772 3135">
    <p class='ocr_par' dir='ltr' id='par_1_65' title="bbox 2119 3062 3772 3135">
     <span class='ocr_line' id='line_1_67' title="bbox 2119 3062 3772 3135; baseline 0.002 -17"><span class='ocrx_word' id='word_1_495' title='bbox 2119 3081 2245 3135; x_wconf 80' lang='lat' dir='ltr'>qum</span> <span class='ocrx_word' id='word_1_496' title='bbox 2275 3064 2333 3118; x_wconf 90' lang='lat' dir='ltr'>in</span> <span class='ocrx_word' id='word_1_497' title='bbox 2365 3063 2535 3118; x_wconf 91' lang='lat' dir='ltr'>terris</span> <span class='ocrx_word' id='word_1_498' title='bbox 2568 3067 2724 3129; x_wconf 87' lang='lat' dir='ltr'>sunt,</span> <span class='ocrx_word' id='word_1_499' title='bbox 2760 3067 2817 3117; x_wconf 90' lang='lat' dir='ltr'>et</span> <span class='ocrx_word' id='word_1_500' title='bbox 2847 3062 2954 3118; x_wconf 93' lang='lat' dir='ltr'>hoc</span> <span class='ocrx_word' id='word_1_501' title='bbox 2985 3063 3181 3118; x_wconf 83' lang='lat' dir='ltr'>confer</span> <span class='ocrx_word' id='word_1_502' title='bbox 3211 3080 3344 3118; x_wconf 90' lang='lat' dir='ltr'>cum</span> <span class='ocrx_word' id='word_1_503' title='bbox 3375 3064 3584 3122; x_wconf 87' lang='lat' dir='ltr'>animo</span> <span class='ocrx_word' id='word_1_504' title='bbox 3638 3072 3772 3122; x_wconf 85' lang='lat' dir='ltr'>tuo:</span> 
     </span>
    </p>
   </div>
   <div class='ocr_carea' id='block_1_66' title="bbox 2116 3150 3772 3217">
    <p class='ocr_par' dir='ltr' id='par_1_66' title="bbox 2116 3150 3772 3217">
     <span class='ocr_line' id='line_1_68' title="bbox 2116 3150 3772 3217; baseline 0.002 -11"><span class='ocrx_word' id='word_1_505' title='bbox 2116 3157 2172 3206; x_wconf 91' lang='lat' dir='ltr'>et</span> <span class='ocrx_word' id='word_1_506' title='bbox 2201 3152 2446 3206; x_wconf 64' lang='lat' dir='ltr'>aedificat</span> <span class='ocrx_word' id='word_1_507' title='bbox 2476 3156 2552 3217; x_wconf 90' lang='lat' dir='ltr'>te,</span> <span class='ocrx_word' id='word_1_508' title='bbox 2611 3155 2666 3205; x_wconf 91' lang='lat' dir='ltr'>et</span> <span class='ocrx_word' id='word_1_509' title='bbox 2723 3150 2814 3205; x_wconf 92' lang='lat' dir='ltr'>dic</span> <span class='ocrx_word' id='word_1_510' title='bbox 2869 3151 3065 3206; x_wconf 90' lang='lat' dir='ltr'>animo</span> <span class='ocrx_word' id='word_1_511' title='bbox 3123 3156 3260 3208; x_wconf 91' lang='lat' dir='ltr'>tuo:</span> <span class='ocrx_word' id='word_1_512' title='bbox 3320 3152 3541 3208; x_wconf 86' lang='lat' dir='ltr'>Omnia</span> <span class='ocrx_word' id='word_1_513' title='bbox 3575 3156 3637 3210; x_wconf 90' lang='lat' dir='ltr'>in</span> <span class='ocrx_word' id='word_1_514' title='bbox 3671 3172 3772 3210; x_wconf 84' lang='lat' dir='ltr'>suo</span> 
     </span>
    </p>
   </div>
   <div class='ocr_carea' id='block_1_67' title="bbox 363 3220 3772 3312">
    <p class='ocr_par' dir='ltr' id='par_1_67' title="bbox 363 3220 3772 3312">
     <span class='ocr_line' id='line_1_69' title="bbox 363 3220 3772 3312; baseline 0 -13"><span class='ocrx_word' id='word_1_515' title='bbox 363 3241 826 3299; x_wconf 87' lang='lat' dir='ltr'>misericordiam</span> <span class='ocrx_word' id='word_1_516' title='bbox 857 3246 1042 3297; x_wconf 89' lang='lat' dir='ltr'>tuam.</span> <span class='ocrx_word' id='word_1_517' title='bbox 1075 3263 1104 3292; x_wconf 84' lang='lat'><strong>»</strong></span> <span class='ocrx_word' id='word_1_518' title='bbox 1137 3241 1193 3294; x_wconf 91' lang='lat' dir='ltr'>Si</span> <span class='ocrx_word' id='word_1_519' title='bbox 1251 3242 1544 3297; x_wconf 79' lang='lat' dir='ltr'>confiteris</span> <span class='ocrx_word' id='word_1_520' title='bbox 1600 3243 1866 3310; x_wconf 88' lang='lat' dir='ltr'>Domino,</span> <span class='ocrx_word' id='word_1_521' title='bbox 1899 3263 2000 3300; x_wconf 79' lang='lat' dir='ltr'>an-</span> <span class='ocrx_word' id='word_1_522' title='bbox 2034 3220 2076 3288; x_wconf 82' lang='lat' dir='ltr'>C</span> <span class='ocrx_word' id='word_1_523' title='bbox 2113 3243 2374 3312; x_wconf 91' lang='lat' dir='ltr'>tempore</span> <span class='ocrx_word' id='word_1_524' title='bbox 2412 3243 2674 3294; x_wconf 90' lang='lat' dir='ltr'>currunt.</span> <span class='ocrx_word' id='word_1_525' title='bbox 2707 3239 3004 3310; x_wconf 90' lang='lat' dir='ltr'>Siquidem</span> <span class='ocrx_word' id='word_1_526' title='bbox 3053 3257 3152 3295; x_wconf 85' lang='lat' dir='ltr'>ver</span> <span class='ocrx_word' id='word_1_527' title='bbox 3201 3246 3256 3296; x_wconf 90' lang='lat' dir='ltr'>et</span> <span class='ocrx_word' id='word_1_528' title='bbox 3298 3247 3497 3309; x_wconf 72' lang='lat' dir='ltr'>aestas,</span> <span class='ocrx_word' id='word_1_529' title='bbox 3534 3250 3772 3299; x_wconf 83' lang='lat' dir='ltr'>autum-</span> 
     </span>
    </p>
   </div>
   <div class='ocr_carea' id='block_1_68' title="bbox 358 3330 2002 3404">
    <p class='ocr_par' dir='ltr' id='par_1_68' title="bbox 358 3330 2002 3404">
     <span class='ocr_line' id='line_1_70' title="bbox 358 3330 2002 3404; baseline 0.002 -18"><span class='ocrx_word' id='word_1_530' title='bbox 358 3331 641 3387; x_wconf 88' lang='lat' dir='ltr'>nuntians</span> <span class='ocrx_word' id='word_1_531' title='bbox 665 3347 836 3387; x_wconf 90' lang='lat' dir='ltr'>mane</span> <span class='ocrx_word' id='word_1_532' title='bbox 853 3330 1285 3386; x_wconf 86' lang='lat' dir='ltr'>misericordias</span> <span class='ocrx_word' id='word_1_533' title='bbox 1312 3331 1557 3387; x_wconf 91' lang='lat' dir='ltr'>Domini.</span> <span class='ocrx_word' id='word_1_534' title='bbox 1592 3354 1619 3380; x_wconf 93' lang='grc'>‹‹</span> <span class='ocrx_word' id='word_1_535' title='bbox 1653 3333 1721 3386; x_wconf 86' lang='lat' dir='ltr'>Et</span> <span class='ocrx_word' id='word_1_536' title='bbox 1755 3333 2002 3404; x_wconf 89' lang='lat' dir='ltr'>psallere</span> 
     </span>
    </p>
   </div>
   <div class='ocr_carea' id='block_1_69' title="bbox 355 3419 2001 3489">
    <p class='ocr_par' dir='ltr' id='par_1_69' title="bbox 355 3419 2001 3489">
     <span class='ocr_line' id='line_1_71' title="bbox 355 3419 2001 3489; baseline 0.001 -12"><span class='ocrx_word' id='word_1_537' title='bbox 355 3421 580 3477; x_wconf 90' lang='lat' dir='ltr'>nomini</span> <span class='ocrx_word' id='word_1_538' title='bbox 611 3425 737 3489; x_wconf 86' lang='lat' dir='ltr'>tuo,</span> <span class='ocrx_word' id='word_1_539' title='bbox 764 3419 1082 3476; x_wconf 87' lang='lat' dir='ltr'>Altissime.</span> <span class='ocrx_word' id='word_1_540' title='bbox 1120 3442 1147 3469; x_wconf 86' lang='grc'><strong>››</strong></span> <span class='ocrx_word' id='word_1_541' title='bbox 1181 3421 1365 3475; x_wconf 90' lang='lat' dir='ltr'>Istum</span> <span class='ocrx_word' id='word_1_542' title='bbox 1420 3420 1773 3475; x_wconf 91' lang='lat' dir='ltr'>versiculum</span> <span class='ocrx_word' id='word_1_543' title='bbox 1825 3423 2001 3478; x_wconf 82' lang='lat' dir='ltr'>refert</span> 
     </span>
    </p>
   </div>
   <div class='ocr_carea' id='block_1_70' title="bbox 356 3509 2001 3584">
    <p class='ocr_par' dir='ltr' id='par_1_70' title="bbox 356 3509 2001 3584">
     <span class='ocr_line' id='line_1_72' title="bbox 356 3509 2001 3584; baseline 0.002 -20"><span class='ocrx_word' id='word_1_544' title='bbox 356 3509 428 3564; x_wconf 88' lang='lat' dir='ltr'>ad</span> <span class='ocrx_word' id='word_1_545' title='bbox 460 3509 617 3564; x_wconf 90' lang='lat' dir='ltr'>hunc</span> <span class='ocrx_word' id='word_1_546' title='bbox 650 3509 750 3580; x_wconf 90' lang='lat' dir='ltr'>qui</span> <span class='ocrx_word' id='word_1_547' title='bbox 809 3509 1096 3580; x_wconf 90' lang='lat' dir='ltr'>sequitur,</span> <span class='ocrx_word' id='word_1_548' title='bbox 1137 3529 1158 3556; x_wconf 71' lang='grc' dir='ltr'><strong><em>α</em></strong></span> <span class='ocrx_word' id='word_1_549' title='bbox 1220 3510 1288 3564; x_wconf 92' lang='lat' dir='ltr'>Et</span> <span class='ocrx_word' id='word_1_550' title='bbox 1332 3509 1635 3564; x_wconf 87' lang='lat' dir='ltr'>veritatem</span> <span class='ocrx_word' id='word_1_551' title='bbox 1695 3514 1857 3566; x_wconf 91' lang='lat' dir='ltr'>tuam</span> <span class='ocrx_word' id='word_1_552' title='bbox 1899 3529 2001 3584; x_wconf 94' lang='lat' dir='ltr'>per</span> 
     </span>
    </p>
   </div>
   <div class='ocr_carea' id='block_1_71' title="bbox 353 3597 1999 3672">
    <p class='ocr_par' dir='ltr' id='par_1_71' title="bbox 353 3597 1999 3672">
     <span class='ocr_line' id='line_1_73' title="bbox 353 3597 1999 3672; baseline 0.003 -20"><span class='ocrx_word' id='word_1_553' title='bbox 353 3602 606 3667; x_wconf 87' lang='lat' dir='ltr'>noctem,</span> <span class='ocrx_word' id='word_1_554' title='bbox 642 3619 670 3646; x_wconf 87' lang='lat'>»</span> <span class='ocrx_word' id='word_1_555' title='bbox 693 3597 933 3662; x_wconf 87' lang='lat' dir='ltr'>Quando</span> <span class='ocrx_word' id='word_1_556' title='bbox 955 3598 1109 3652; x_wconf 90' lang='lat' dir='ltr'>enim</span> <span class='ocrx_word' id='word_1_557' title='bbox 1143 3598 1489 3654; x_wconf 87' lang='lat' dir='ltr'>confitemur</span> <span class='ocrx_word' id='word_1_558' title='bbox 1510 3598 1772 3667; x_wconf 91' lang='lat' dir='ltr'>Domino,</span> <span class='ocrx_word' id='word_1_559' title='bbox 1807 3617 1999 3672; x_wconf 89' lang='lat' dir='ltr'>spera-</span> 
     </span>
    </p>
   </div>
   <div class='ocr_carea' id='block_1_72' title="bbox 353 3684 1996 3762">
    <p class='ocr_par' dir='ltr' id='par_1_72' title="bbox 353 3684 1996 3762">
     <span class='ocr_line' id='line_1_74' title="bbox 353 3684 1996 3762; baseline 0.004 -22"><span class='ocrx_word' id='word_1_560' title='bbox 353 3701 490 3740; x_wconf 84' lang='lat' dir='ltr'>mus</span> <span class='ocrx_word' id='word_1_561' title='bbox 521 3684 1002 3740; x_wconf 88' lang='lat' dir='ltr'>misericordiam.</span> <span class='ocrx_word' id='word_1_562' title='bbox 1039 3687 1282 3750; x_wconf 90' lang='lat' dir='ltr'>Quando</span> <span class='ocrx_word' id='word_1_563' title='bbox 1311 3703 1444 3742; x_wconf 90' lang='lat' dir='ltr'>vero</span> <span class='ocrx_word' id='word_1_564' title='bbox 1495 3687 1823 3760; x_wconf 89' lang='lat' dir='ltr'>psallimus,</span> <span class='ocrx_word' id='word_1_565' title='bbox 1858 3707 1996 3762; x_wconf 81' lang='lat' dir='ltr'>ope-</span> 
     </span>
    </p>
   </div>
   <div class='ocr_carea' id='block_1_73' title="bbox 353 3773 1995 3834">
    <p class='ocr_par' dir='ltr' id='par_1_73' title="bbox 353 3773 1995 3834">
     <span class='ocr_line' id='line_1_75' title="bbox 353 3773 1995 3834; baseline 0.004 -6"><span class='ocrx_word' id='word_1_566' title='bbox 353 3790 558 3828; x_wconf 88' lang='lat' dir='ltr'>ramur</span> <span class='ocrx_word' id='word_1_567' title='bbox 583 3773 850 3828; x_wconf 83' lang='lat' dir='ltr'>virtutes.</span> <span class='ocrx_word' id='word_1_568' title='bbox 880 3796 899 3821; x_wconf 77' lang='grc' dir='ltr'><strong>η</strong></span> <span class='ocrx_word' id='word_1_569' title='bbox 938 3775 1017 3828; x_wconf 87' lang='lat' dir='ltr'>Ad</span> <span class='ocrx_word' id='word_1_570' title='bbox 1044 3775 1516 3830; x_wconf 88' lang='lat' dir='ltr'>annuntiandum</span> <span class='ocrx_word' id='word_1_571' title='bbox 1557 3793 1728 3832; x_wconf 90' lang='lat' dir='ltr'>mane</span> <span class='ocrx_word' id='word_1_572' title='bbox 1767 3779 1995 3834; x_wconf 90' lang='lat' dir='ltr'>miseri-</span> 
     </span>
    </p>
   </div>
   <div class='ocr_carea' id='block_1_74' title="bbox 352 3861 1992 3932">
    <p class='ocr_par' dir='ltr' id='par_1_74' title="bbox 352 3861 1992 3932">
     <span class='ocr_line' id='line_1_76' title="bbox 352 3861 1992 3932; baseline 0.002 -13"><span class='ocrx_word' id='word_1_573' title='bbox 352 3862 611 3919; x_wconf 88' lang='lat' dir='ltr'>cordiam</span> <span class='ocrx_word' id='word_1_574' title='bbox 642 3867 828 3918; x_wconf 88' lang='lat' dir='ltr'>tuam.</span> <span class='ocrx_word' id='word_1_575' title='bbox 861 3883 888 3911; x_wconf 86' lang='lat'><strong>»</strong></span> <span class='ocrx_word' id='word_1_576' title='bbox 924 3861 1030 3916; x_wconf 92' lang='lat' dir='ltr'>Ubi</span> <span class='ocrx_word' id='word_1_577' title='bbox 1065 3866 1201 3917; x_wconf 88' lang='lat' dir='ltr'>sunt</span> <span class='ocrx_word' id='word_1_578' title='bbox 1233 3864 1331 3932; x_wconf 92' lang='lat' dir='ltr'>qui</span> <span class='ocrx_word' id='word_1_579' title='bbox 1364 3866 1685 3920; x_wconf 90' lang='lat' dir='ltr'>secundum</span> <span class='ocrx_word' id='word_1_580' title='bbox 1738 3867 1992 3924; x_wconf 87' lang='lat' dir='ltr'>litteram</span> 
     </span>
    </p>
   </div>
   <div class='ocr_carea' id='block_1_75' title="bbox 347 3949 1990 4026">
    <p class='ocr_par' dir='ltr' id='par_1_75' title="bbox 347 3949 1990 4026">
     <span class='ocr_line' id='line_1_77' title="bbox 347 3949 1990 4026; baseline 0.002 -17"><span class='ocrx_word' id='word_1_581' title='bbox 347 3952 682 4026; x_wconf 88' lang='lat' dir='ltr'>Scripturas</span> <span class='ocrx_word' id='word_1_582' title='bbox 713 3949 1097 4024; x_wconf 82' lang='lat' dir='ltr'>intelligunt?</span> <span class='ocrx_word' id='word_1_583' title='bbox 1156 3950 1344 4005; x_wconf 88' lang='lat' dir='ltr'>Media</span> <span class='ocrx_word' id='word_1_584' title='bbox 1399 3953 1494 4008; x_wconf 90' lang='lat' dir='ltr'>die</span> <span class='ocrx_word' id='word_1_585' title='bbox 1533 3955 1990 4013; x_wconf 85' lang='lat' dir='ltr'>misericordiam</span> 
     </span>
    </p>
   </div>
   <div class='ocr_carea' id='block_1_76' title="bbox 345 4041 1990 4112">
    <p class='ocr_par' dir='ltr' id='par_1_76' title="bbox 345 4041 1990 4112">
     <span class='ocr_line' id='line_1_78' title="bbox 345 4041 1990 4112; baseline 0.002 -15"><span class='ocrx_word' id='word_1_586' title='bbox 345 4043 448 4098; x_wconf 90' lang='lat' dir='ltr'>Dei</span> <span class='ocrx_word' id='word_1_587' title='bbox 481 4041 827 4097; x_wconf 90' lang='lat' dir='ltr'>annuntiare</span> <span class='ocrx_word' id='word_1_588' title='bbox 859 4057 973 4097; x_wconf 91' lang='lat' dir='ltr'>non</span> <span class='ocrx_word' id='word_1_589' title='bbox 1006 4041 1370 4112; x_wconf 84' lang='lat' dir='ltr'>possumus?</span> <span class='ocrx_word' id='word_1_590' title='bbox 1397 4042 1465 4096; x_wconf 89' lang='lat' dir='ltr'>Et</span> <span class='ocrx_word' id='word_1_591' title='bbox 1521 4048 1677 4097; x_wconf 90' lang='lat' dir='ltr'>certe</span> <span class='ocrx_word' id='word_1_592' title='bbox 1715 4044 1990 4102; x_wconf 87' lang='lat' dir='ltr'>Christia-</span> 
     </span>
    </p>
   </div>
   <div class='ocr_carea' id='block_1_77' title="bbox 343 4129 1989 4190">
    <p class='ocr_par' dir='ltr' id='par_1_77' title="bbox 343 4129 1989 4190">
     <span class='ocr_line' id='line_1_79' title="bbox 343 4129 1989 4190; baseline 0.002 -4"><span class='ocrx_word' id='word_1_593' title='bbox 343 4145 557 4186; x_wconf 88' lang='lat' dir='ltr'>norum</span> <span class='ocrx_word' id='word_1_594' title='bbox 588 4135 644 4186; x_wconf 89' lang='lat' dir='ltr'>et</span> <span class='ocrx_word' id='word_1_595' title='bbox 698 4129 1122 4185; x_wconf 88' lang='lat' dir='ltr'>monachorum</span> <span class='ocrx_word' id='word_1_596' title='bbox 1179 4133 1268 4183; x_wconf 91' lang='lat' dir='ltr'>est</span> <span class='ocrx_word' id='word_1_597' title='bbox 1324 4129 1574 4184; x_wconf 86' lang='lat' dir='ltr'>maxime</span> <span class='ocrx_word' id='word_1_598' title='bbox 1628 4129 1686 4185; x_wconf 91' lang='lat' dir='ltr'>in</span> <span class='ocrx_word' id='word_1_599' title='bbox 1721 4134 1989 4190; x_wconf 89' lang='lat' dir='ltr'>noctibus</span> 
     </span>
    </p>
   </div>
   <div class='ocr_carea' id='block_1_78' title="bbox 341 4218 1984 4291">
    <p class='ocr_par' dir='ltr' id='par_1_78' title="bbox 341 4218 1984 4291">
     <span class='ocr_line' id='line_1_80' title="bbox 341 4218 1984 4291; baseline 0.004 -19"><span class='ocrx_word' id='word_1_600' title='bbox 341 4223 581 4291; x_wconf 89' lang='lat' dir='ltr'>peccata</span> <span class='ocrx_word' id='word_1_601' title='bbox 601 4235 710 4274; x_wconf 90' lang='lat' dir='ltr'>sua</span> <span class='ocrx_word' id='word_1_602' title='bbox 734 4218 1015 4274; x_wconf 89' lang='lat' dir='ltr'>confiteri.</span> <span class='ocrx_word' id='word_1_603' title='bbox 1039 4219 1108 4273; x_wconf 88' lang='lat' dir='ltr'>Et</span> <span class='ocrx_word' id='word_1_604' title='bbox 1129 4218 1420 4289; x_wconf 90' lang='lat' dir='ltr'>quomodo</span> <span class='ocrx_word' id='word_1_605' title='bbox 1448 4236 1603 4274; x_wconf 90' lang='lat' dir='ltr'>nunc</span> <span class='ocrx_word' id='word_1_606' title='bbox 1632 4219 1774 4274; x_wconf 91' lang='lat' dir='ltr'>dicit</span> <span class='ocrx_word' id='word_1_607' title='bbox 1800 4238 1812 4275; x_wconf 94' lang='lat'>:</span> <span class='ocrx_word' id='word_1_608' title='bbox 1839 4245 1866 4271; x_wconf 89' lang='grc'>‹‹</span> <span class='ocrx_word' id='word_1_609' title='bbox 1900 4225 1984 4278; x_wconf 88' lang='lat' dir='ltr'>Ad</span> 
     </span>
    </p>
   </div>
   <div class='ocr_carea' id='block_1_79' title="bbox 340 4306 1984 4374">
    <p class='ocr_par' dir='ltr' id='par_1_79' title="bbox 340 4306 1984 4374">
     <span class='ocr_line' id='line_1_81' title="bbox 340 4306 1984 4374; baseline 0.005 -14"><span class='ocrx_word' id='word_1_610' title='bbox 340 4306 813 4370; x_wconf 85' lang='lat' dir='ltr'>annuntiandum</span> <span class='ocrx_word' id='word_1_611' title='bbox 833 4323 1004 4363; x_wconf 90' lang='lat' dir='ltr'>mane</span> <span class='ocrx_word' id='word_1_612' title='bbox 1028 4306 1488 4363; x_wconf 90' lang='lat' dir='ltr'>misericordiam</span> <span class='ocrx_word' id='word_1_613' title='bbox 1519 4313 1678 4363; x_wconf 91' lang='lat' dir='ltr'>tuam</span> <span class='ocrx_word' id='word_1_614' title='bbox 1705 4308 1732 4362; x_wconf 64' lang='grc' dir='ltr'>ἱ)</span> <span class='ocrx_word' id='word_1_615' title='bbox 1765 4332 1784 4358; x_wconf 71' lang='grc' dir='ltr'><strong><em>ι</em></strong></span> <span class='ocrx_word' id='word_1_616' title='bbox 1823 4310 1984 4374; x_wconf 91' lang='lat' dir='ltr'>Quod</span> 
     </span>
    </p>
   </div>
   <div class='ocr_carea' id='block_1_80' title="bbox 336 4393 1985 4470">
    <p class='ocr_par' dir='ltr' id='par_1_80' title="bbox 336 4393 1985 4470">
     <span class='ocr_line' id='line_1_82' title="bbox 336 4393 1985 4470; baseline 0.005 -22"><span class='ocrx_word' id='word_1_617' title='bbox 336 4393 501 4460; x_wconf 90' lang='lat' dir='ltr'>dicit,</span> <span class='ocrx_word' id='word_1_618' title='bbox 534 4394 644 4450; x_wconf 92' lang='lat' dir='ltr'>hoc</span> <span class='ocrx_word' id='word_1_619' title='bbox 665 4398 789 4449; x_wconf 90' lang='lat' dir='ltr'>est:</span> <span class='ocrx_word' id='word_1_620' title='bbox 815 4395 938 4450; x_wconf 90' lang='lat' dir='ltr'>Non</span> <span class='ocrx_word' id='word_1_621' title='bbox 966 4411 1283 4466; x_wconf 90' lang='lat' dir='ltr'>possumus</span> <span class='ocrx_word' id='word_1_622' title='bbox 1314 4397 1573 4452; x_wconf 88' lang='lat' dir='ltr'>confiteri</span> <span class='ocrx_word' id='word_1_623' title='bbox 1633 4397 1896 4470; x_wconf 87' lang='lat' dir='ltr'>Domino,</span> <span class='ocrx_word' id='word_1_624' title='bbox 1929 4405 1985 4456; x_wconf 90' lang='lat' dir='ltr'>et</span> 
     </span>
    </p>
   </div>
   <div class='ocr_carea' id='block_1_81' title="bbox 333 4482 1981 4556">
    <p class='ocr_par' dir='ltr' id='par_1_81' title="bbox 333 4482 1981 4556">
     <span class='ocr_line' id='line_1_83' title="bbox 333 4482 1981 4556; baseline 0.004 -18"><span class='ocrx_word' id='word_1_625' title='bbox 333 4482 796 4539; x_wconf 87' lang='lat' dir='ltr'>misericordiam</span> <span class='ocrx_word' id='word_1_626' title='bbox 819 4485 947 4553; x_wconf 82' lang='lat' dir='ltr'>ejus</span> <span class='ocrx_word' id='word_1_627' title='bbox 975 4483 1277 4555; x_wconf 87' lang='lat' dir='ltr'>consequi,</span> <span class='ocrx_word' id='word_1_628' title='bbox 1311 4484 1421 4540; x_wconf 91' lang='lat' dir='ltr'>nisi</span> <span class='ocrx_word' id='word_1_629' title='bbox 1455 4486 1689 4556; x_wconf 76' lang='lat' dir='ltr'>cmperit</span> <span class='ocrx_word' id='word_1_630' title='bbox 1722 4487 1776 4541; x_wconf 93' lang='lat' dir='ltr'>in</span> <span class='ocrx_word' id='word_1_631' title='bbox 1810 4489 1981 4545; x_wconf 90' lang='lat' dir='ltr'>corde</span> 
     </span>
    </p>
   </div>
   <div class='ocr_carea' id='block_1_82' title="bbox 2112 3329 3770 3404">
    <p class='ocr_par' dir='ltr' id='par_1_82' title="bbox 2112 3329 3770 3404">
     <span class='ocr_line' id='line_1_84' title="bbox 2112 3329 3770 3404; baseline 0.003 -20"><span class='ocrx_word' id='word_1_632' title='bbox 2112 3347 2224 3384; x_wconf 91' lang='lat' dir='ltr'>nus</span> <span class='ocrx_word' id='word_1_633' title='bbox 2254 3334 2310 3385; x_wconf 87' lang='lat' dir='ltr'>et</span> <span class='ocrx_word' id='word_1_634' title='bbox 2367 3329 2575 3397; x_wconf 91' lang='lat' dir='ltr'>hiems,</span> <span class='ocrx_word' id='word_1_635' title='bbox 2639 3344 2944 3399; x_wconf 89' lang='lat' dir='ltr'>nunquam</span> <span class='ocrx_word' id='word_1_636' title='bbox 3006 3333 3312 3384; x_wconf 90' lang='lat' dir='ltr'>mutantur</span> <span class='ocrx_word' id='word_1_637' title='bbox 3369 3330 3498 3386; x_wconf 73' lang='lat' dir='ltr'>haec</span> <span class='ocrx_word' id='word_1_638' title='bbox 3545 3339 3770 3404; x_wconf 84' lang='lat' dir='ltr'>tempo-</span> 
     </span>
    </p>
   </div>
   <div class='ocr_carea' id='block_1_83' title="bbox 2111 3417 3767 3489">
    <p class='ocr_par' dir='ltr' id='par_1_83' title="bbox 2111 3417 3767 3489">
     <span class='ocr_line' id='line_1_85' title="bbox 2111 3417 3767 3489; baseline 0.002 -16"><span class='ocrx_word' id='word_1_639' title='bbox 2111 3435 2192 3486; x_wconf 88' lang='lat' dir='ltr'>ra,</span> <span class='ocrx_word' id='word_1_640' title='bbox 2263 3419 2363 3474; x_wconf 90' lang='lat' dir='ltr'>sed</span> <span class='ocrx_word' id='word_1_641' title='bbox 2431 3417 2754 3473; x_wconf 90' lang='lat' dir='ltr'>secundum</span> <span class='ocrx_word' id='word_1_642' title='bbox 2821 3417 3268 3489; x_wconf 89' lang='lat' dir='ltr'>dispositionem</span> <span class='ocrx_word' id='word_1_643' title='bbox 3335 3419 3577 3475; x_wconf 88' lang='lat' dir='ltr'>Domini</span> <span class='ocrx_word' id='word_1_644' title='bbox 3647 3438 3767 3478; x_wconf 56' lang='lat' dir='ltr'>om-</span> 
     </span>
    </p>
   </div>
   <div class='ocr_carea' id='block_1_84' title="bbox 2109 3504 3762 3577">
    <p class='ocr_par' dir='ltr' id='par_1_84' title="bbox 2109 3504 3762 3577">
     <span class='ocr_line' id='line_1_86' title="bbox 2109 3504 3762 3577; baseline 0.002 -15"><span class='ocrx_word' id='word_1_645' title='bbox 2109 3508 2205 3562; x_wconf 90' lang='lat' dir='ltr'>nia</span> <span class='ocrx_word' id='word_1_646' title='bbox 2271 3507 2548 3562; x_wconf 90' lang='lat' dir='ltr'>serviunt.</span> <span class='ocrx_word' id='word_1_647' title='bbox 2627 3504 2844 3560; x_wconf 62' lang='lat' dir='ltr'>Caelum</span> <span class='ocrx_word' id='word_1_648' title='bbox 2921 3507 3118 3574; x_wconf 85' lang='lat' dir='ltr'>servit,</span> <span class='ocrx_word' id='word_1_649' title='bbox 3195 3512 3253 3562; x_wconf 92' lang='lat' dir='ltr'>et</span> <span class='ocrx_word' id='word_1_650' title='bbox 3325 3512 3490 3564; x_wconf 86' lang='lat' dir='ltr'>terra</span> <span class='ocrx_word' id='word_1_651' title='bbox 3564 3512 3762 3577; x_wconf 68' lang='lat' dir='ltr'>servit,</span> 
     </span>
    </p>
   </div>
   <div class='ocr_carea' id='block_1_85' title="bbox 2108 3595 3763 3667">
    <p class='ocr_par' dir='ltr' id='par_1_85' title="bbox 2108 3595 3763 3667">
     <span class='ocr_line' id='line_1_87' title="bbox 2108 3595 3763 3667; baseline 0.003 -17"><span class='ocrx_word' id='word_1_652' title='bbox 2108 3602 2162 3650; x_wconf 88' lang='lat' dir='ltr'>et</span> <span class='ocrx_word' id='word_1_653' title='bbox 2226 3596 2425 3650; x_wconf 84' lang='lat' dir='ltr'>infelix</span> <span class='ocrx_word' id='word_1_654' title='bbox 2491 3611 2595 3667; x_wconf 92' lang='lat' dir='ltr'>ego</span> <span class='ocrx_word' id='word_1_655' title='bbox 2663 3595 2839 3650; x_wconf 92' lang='lat' dir='ltr'>homo</span> <span class='ocrx_word' id='word_1_656' title='bbox 2908 3612 3021 3650; x_wconf 90' lang='lat' dir='ltr'>non</span> <span class='ocrx_word' id='word_1_657' title='bbox 3092 3596 3296 3651; x_wconf 80' lang='lat' dir='ltr'>servio.</span> <span class='ocrx_word' id='word_1_658' title='bbox 3332 3597 3666 3654; x_wconf 78' lang='lat' dir='ltr'>Veniamus</span> <span class='ocrx_word' id='word_1_659' title='bbox 3695 3601 3763 3655; x_wconf 82' lang='lat' dir='ltr'>ad</span> 
     </span>
    </p>
   </div>
   <div class='ocr_carea' id='block_1_86' title="bbox 2107 3684 3758 3759">
    <p class='ocr_par' dir='ltr' id='par_1_86' title="bbox 2107 3684 3758 3759">
     <span class='ocr_line' id='line_1_88' title="bbox 2107 3684 3758 3759; baseline 0.002 -19"><span class='ocrx_word' id='word_1_660' title='bbox 2107 3686 2333 3740; x_wconf 85' lang='lat' dir='ltr'>minuta</span> <span class='ocrx_word' id='word_1_661' title='bbox 2389 3684 2708 3740; x_wconf 87' lang='lat' dir='ltr'>animalia:</span> <span class='ocrx_word' id='word_1_662' title='bbox 2766 3684 3000 3740; x_wconf 90' lang='lat' dir='ltr'>dimitto</span> <span class='ocrx_word' id='word_1_663' title='bbox 3058 3701 3212 3739; x_wconf 91' lang='lat' dir='ltr'>nunc</span> <span class='ocrx_word' id='word_1_664' title='bbox 3273 3686 3343 3740; x_wconf 92' lang='lat' dir='ltr'>de</span> <span class='ocrx_word' id='word_1_665' title='bbox 3401 3687 3758 3759; x_wconf 74' lang='lat' dir='ltr'>elephantis,</span> 
     </span>
    </p>
   </div>
   <div class='ocr_carea' id='block_1_87' title="bbox 2107 3773 3762 3838">
    <p class='ocr_par' dir='ltr' id='par_1_87' title="bbox 2107 3773 3762 3838">
     <span class='ocr_line' id='line_1_89' title="bbox 2107 3773 3762 3838; baseline 0.002 -9"><span class='ocrx_word' id='word_1_666' title='bbox 2107 3773 2336 3830; x_wconf 91' lang='lat' dir='ltr'>dimitto</span> <span class='ocrx_word' id='word_1_667' title='bbox 2402 3775 2474 3828; x_wconf 91' lang='lat' dir='ltr'>de</span> <span class='ocrx_word' id='word_1_668' title='bbox 2541 3773 2827 3838; x_wconf 90' lang='lat' dir='ltr'>leonibus,</span> <span class='ocrx_word' id='word_1_669' title='bbox 2905 3773 3134 3829; x_wconf 84' lang='lat' dir='ltr'>dimitto</span> <span class='ocrx_word' id='word_1_670' title='bbox 3213 3775 3282 3829; x_wconf 90' lang='lat' dir='ltr'>de</span> <span class='ocrx_word' id='word_1_671' title='bbox 3349 3775 3600 3831; x_wconf 84' lang='lat' dir='ltr'>diversis</span> <span class='ocrx_word' id='word_1_672' title='bbox 3643 3780 3762 3832; x_wconf 82' lang='lat' dir='ltr'>ani-</span> 
     </span>
    </p>
   </div>
   <div class='ocr_carea' id='block_1_88' title="bbox 2107 3862 3753 3938">
    <p class='ocr_par' dir='ltr' id='par_1_88' title="bbox 2107 3862 3753 3938">
     <span class='ocr_line' id='line_1_90' title="bbox 2107 3862 3753 3938; baseline 0.002 -21"><span class='ocrx_word' id='word_1_673' title='bbox 2107 3863 2379 3928; x_wconf 90' lang='lat' dir='ltr'>malibus,</span> <span class='ocrx_word' id='word_1_674' title='bbox 2409 3864 2574 3918; x_wconf 85' lang='lat' dir='ltr'>venio</span> <span class='ocrx_word' id='word_1_675' title='bbox 2605 3863 2674 3916; x_wconf 88' lang='lat' dir='ltr'>ad</span> <span class='ocrx_word' id='word_1_676' title='bbox 2709 3862 2936 3918; x_wconf 89' lang='lat' dir='ltr'>minuta</span> <span class='ocrx_word' id='word_1_677' title='bbox 2958 3863 3255 3919; x_wconf 89' lang='lat' dir='ltr'>animalia.</span> <span class='ocrx_word' id='word_1_678' title='bbox 3290 3864 3546 3936; x_wconf 86' lang='lat' dir='ltr'>Respice</span> <span class='ocrx_word' id='word_1_679' title='bbox 3566 3883 3753 3938; x_wconf 83' lang='lat' dir='ltr'>apem,</span> 
     </span>
    </p>
   </div>
   <div class='ocr_carea' id='block_1_89' title="bbox 2103 3951 3752 4027">
    <p class='ocr_par' dir='ltr' id='par_1_89' title="bbox 2103 3951 3752 4027">
     <span class='ocr_line' id='line_1_91' title="bbox 2103 3951 3752 4027; baseline 0.002 -20"><span class='ocrx_word' id='word_1_680' title='bbox 2103 3953 2324 4026; x_wconf 89' lang='lat' dir='ltr'>respice</span> <span class='ocrx_word' id='word_1_681' title='bbox 2357 3953 2656 4007; x_wconf 84' lang='lat' dir='ltr'>formicam</span> <span class='ocrx_word' id='word_1_682' title='bbox 2684 3967 2696 4005; x_wconf 95' lang='lat'>:</span> <span class='ocrx_word' id='word_1_683' title='bbox 2727 3951 2856 4006; x_wconf 89' lang='lat' dir='ltr'>vide</span> <span class='ocrx_word' id='word_1_684' title='bbox 2887 3967 3121 4024; x_wconf 92' lang='lat' dir='ltr'>corpus,</span> <span class='ocrx_word' id='word_1_685' title='bbox 3147 3958 3202 4008; x_wconf 91' lang='lat' dir='ltr'>et</span> <span class='ocrx_word' id='word_1_686' title='bbox 3256 3953 3491 4024; x_wconf 89' lang='lat' dir='ltr'>inquire</span> <span class='ocrx_word' id='word_1_687' title='bbox 3525 3957 3752 4027; x_wconf 82' lang='lat' dir='ltr'>sapien-</span> 
     </span>
    </p>
   </div>
   <div class='ocr_carea' id='block_1_90' title="bbox 2100 4040 3752 4114">
    <p class='ocr_par' dir='ltr' id='par_1_90' title="bbox 2100 4040 3752 4114">
     <span class='ocr_line' id='line_1_92' title="bbox 2100 4040 3752 4114; baseline 0.001 -16"><span class='ocrx_word' id='word_1_688' title='bbox 2100 4043 2242 4098; x_wconf 91' lang='lat' dir='ltr'>tiam</span> <span class='ocrx_word' id='word_1_689' title='bbox 2275 4043 2456 4112; x_wconf 88' lang='lat' dir='ltr'>(Prov.</span> <span class='ocrx_word' id='word_1_690' title='bbox 2489 4057 2563 4107; x_wconf 74' lang='lat' dir='ltr'>vx,</span> <span class='ocrx_word' id='word_1_691' title='bbox 2594 4042 2646 4107; x_wconf 81' lang='lat'>6,</span> <span class='ocrx_word' id='word_1_692' title='bbox 2675 4049 2724 4094; x_wconf 84' lang='lat' dir='ltr'>et</span> <span class='ocrx_word' id='word_1_693' title='bbox 2753 4057 2883 4104; x_wconf 76' lang='lat' dir='ltr'><strong>xxx,</strong></span> <span class='ocrx_word' id='word_1_694' title='bbox 2915 4040 3025 4110; x_wconf 81' lang='lat'>25).</span> <span class='ocrx_word' id='word_1_695' title='bbox 3061 4041 3244 4112; x_wconf 83' lang='lat' dir='ltr'>Major</span> <span class='ocrx_word' id='word_1_696' title='bbox 3263 4043 3561 4113; x_wconf 84' lang='lat' dir='ltr'>sapientia</span> <span class='ocrx_word' id='word_1_697' title='bbox 3577 4060 3752 4114; x_wconf 83' lang='lat' dir='ltr'>quam</span> 
     </span>
    </p>
   </div>
   <div class='ocr_carea' id='block_1_91' title="bbox 2099 4129 3748 4204">
    <p class='ocr_par' dir='ltr' id='par_1_91' title="bbox 2099 4129 3748 4204">
     <span class='ocr_line' id='line_1_93' title="bbox 2099 4129 3748 4204; baseline 0.002 -20"><span class='ocrx_word' id='word_1_698' title='bbox 2099 4131 2357 4202; x_wconf 90' lang='lat' dir='ltr'>corporis</span> <span class='ocrx_word' id='word_1_699' title='bbox 2387 4129 2750 4200; x_wconf 88' lang='lat' dir='ltr'>magnitudo.</span> <span class='ocrx_word' id='word_1_700' title='bbox 2783 4131 2932 4200; x_wconf 91' lang='lat' dir='ltr'>Apes</span> <span class='ocrx_word' id='word_1_701' title='bbox 2961 4133 3017 4184; x_wconf 92' lang='lat' dir='ltr'>et</span> <span class='ocrx_word' id='word_1_702' title='bbox 3049 4130 3301 4187; x_wconf 74' lang='lat' dir='ltr'>formica:</span> <span class='ocrx_word' id='word_1_703' title='bbox 3333 4131 3600 4204; x_wconf 83' lang='lat' dir='ltr'>cogitant</span> <span class='ocrx_word' id='word_1_704' title='bbox 3633 4133 3748 4188; x_wconf 85' lang='lat' dir='ltr'>hie-</span> 
     </span>
    </p>
   </div>
   <div class='ocr_carea' id='block_1_92' title="bbox 2099 4218 3750 4283">
    <p class='ocr_par' dir='ltr' id='par_1_92' title="bbox 2099 4218 3750 4283">
     <span class='ocr_line' id='line_1_94' title="bbox 2099 4218 3750 4283; baseline 0.004 -11"><span class='ocrx_word' id='word_1_705' title='bbox 2099 4236 2229 4273; x_wconf 92' lang='lat' dir='ltr'>men</span> <span class='ocrx_word' id='word_1_706' title='bbox 2259 4235 2387 4274; x_wconf 90' lang='lat' dir='ltr'>esse</span> <span class='ocrx_word' id='word_1_707' title='bbox 2408 4223 2709 4272; x_wconf 87' lang='lat' dir='ltr'>venturam</span> <span class='ocrx_word' id='word_1_708' title='bbox 2737 4238 2750 4283; x_wconf 72' lang='grc' dir='ltr'>ς</span> <span class='ocrx_word' id='word_1_709' title='bbox 2803 4221 2859 4272; x_wconf 91' lang='lat' dir='ltr'>et</span> <span class='ocrx_word' id='word_1_710' title='bbox 2910 4218 3234 4274; x_wconf 88' lang='lat' dir='ltr'>monachus</span> <span class='ocrx_word' id='word_1_711' title='bbox 3283 4224 3341 4274; x_wconf 90' lang='lat' dir='ltr'>et</span> <span class='ocrx_word' id='word_1_712' title='bbox 3371 4220 3750 4278; x_wconf 78' lang='lat' dir='ltr'>Christianus</span> 
     </span>
    </p>
   </div>
   <div class='ocr_carea' id='block_1_93' title="bbox 2095 4307 3751 4382">
    <p class='ocr_par' dir='ltr' id='par_1_93' title="bbox 2095 4307 3751 4382">
     <span class='ocr_line' id='line_1_95' title="bbox 2095 4307 3751 4382; baseline 0.002 -19"><span class='ocrx_word' id='word_1_713' title='bbox 2095 4324 2208 4363; x_wconf 91' lang='lat' dir='ltr'>non</span> <span class='ocrx_word' id='word_1_714' title='bbox 2240 4307 2802 4378; x_wconf 87' lang='lat' dir='ltr'>cogitantjudicium</span> <span class='ocrx_word' id='word_1_715' title='bbox 2835 4322 2964 4363; x_wconf 87' lang='lat' dir='ltr'>esse</span> <span class='ocrx_word' id='word_1_716' title='bbox 2994 4312 3325 4363; x_wconf 83' lang='lat' dir='ltr'>venturum.</span> <span class='ocrx_word' id='word_1_717' title='bbox 3353 4308 3468 4363; x_wconf 76' lang='lat' dir='ltr'>Illa:</span> <span class='ocrx_word' id='word_1_718' title='bbox 3490 4310 3751 4382; x_wconf 77' lang='lat' dir='ltr'>cogitant</span> 
     </span>
    </p>
   </div>
   <div class='ocr_carea' id='block_1_94' title="bbox 2094 4395 3748 4468">
    <p class='ocr_par' dir='ltr' id='par_1_94' title="bbox 2094 4395 3748 4468">
     <span class='ocr_line' id='line_1_96' title="bbox 2094 4395 3748 4468; baseline 0.002 -17"><span class='ocrx_word' id='word_1_719' title='bbox 2094 4397 2370 4468; x_wconf 87' lang='lat' dir='ltr'>quoniam</span> <span class='ocrx_word' id='word_1_720' title='bbox 2403 4397 2554 4451; x_wconf 86' lang='lat' dir='ltr'>fame</span> <span class='ocrx_word' id='word_1_721' title='bbox 2585 4395 2900 4467; x_wconf 89' lang='lat' dir='ltr'>periclitari</span> <span class='ocrx_word' id='word_1_722' title='bbox 2932 4401 3197 4467; x_wconf 90' lang='lat' dir='ltr'>possunt,</span> <span class='ocrx_word' id='word_1_723' title='bbox 3231 4397 3420 4453; x_wconf 89' lang='lat' dir='ltr'>sinon</span> <span class='ocrx_word' id='word_1_724' title='bbox 3451 4397 3748 4455; x_wconf 74' lang='lat' dir='ltr'>laborave-</span> 
     </span>
    </p>
   </div>
   <div class='ocr_carea' id='block_1_95' title="bbox 2091 4484 3744 4544">
    <p class='ocr_par' dir='ltr' id='par_1_95' title="bbox 2091 4484 3744 4544">
     <span class='ocr_line' id='line_1_97' title="bbox 2091 4484 3744 4544; baseline 0.002 -4"><span class='ocrx_word' id='word_1_725' title='bbox 2091 4485 2206 4540; x_wconf 90' lang='lat' dir='ltr'>rint</span> <span class='ocrx_word' id='word_1_726' title='bbox 2230 4487 2285 4539; x_wconf 91' lang='lat' dir='ltr'>in</span> <span class='ocrx_word' id='word_1_727' title='bbox 2313 4489 2513 4540; x_wconf 75' lang='lat' dir='ltr'>aestate</span> <span class='ocrx_word' id='word_1_728' title='bbox 2546 4485 2698 4540; x_wconf 91' lang='lat' dir='ltr'>unde</span> <span class='ocrx_word' id='word_1_729' title='bbox 2725 4485 2921 4539; x_wconf 91' lang='lat' dir='ltr'>vivant</span> <span class='ocrx_word' id='word_1_730' title='bbox 2949 4484 3007 4539; x_wconf 93' lang='lat' dir='ltr'>in</span> <span class='ocrx_word' id='word_1_731' title='bbox 3056 4485 3284 4541; x_wconf 89' lang='lat' dir='ltr'>hieme:</span> <span class='ocrx_word' id='word_1_732' title='bbox 3333 4503 3441 4541; x_wconf 89' lang='lat' dir='ltr'>nos</span> <span class='ocrx_word' id='word_1_733' title='bbox 3492 4505 3611 4544; x_wconf 90' lang='lat' dir='ltr'>non</span> <span class='ocrx_word' id='word_1_734' title='bbox 3652 4505 3744 4544; x_wconf 81' lang='lat' dir='ltr'>co-</span> 
     </span>
    </p>
   </div>
   <div class='ocr_carea' id='block_1_96' title="bbox 331 4571 3739 4658">
    <p class='ocr_par' dir='ltr' id='par_1_96' title="bbox 331 4571 3739 4658">
     <span class='ocr_line' id='line_1_98' title="bbox 331 4571 3739 4658; baseline 0.001 -30"><span class='ocrx_word' id='word_1_735' title='bbox 331 4575 533 4629; x_wconf 87' lang='lat' dir='ltr'>nostro</span> <span class='ocrx_word' id='word_1_736' title='bbox 564 4571 790 4627; x_wconf 89' lang='lat' dir='ltr'>clarum</span> <span class='ocrx_word' id='word_1_737' title='bbox 838 4571 1037 4636; x_wconf 89' lang='lat' dir='ltr'>lumen</span> <span class='ocrx_word' id='word_1_738' title='bbox 1069 4571 1282 4628; x_wconf 91' lang='lat' dir='ltr'>lucere.</span> <span class='ocrx_word' id='word_1_739' title='bbox 1312 4573 1432 4630; x_wconf 89' lang='lat' dir='ltr'>Nisi</span> <span class='ocrx_word' id='word_1_740' title='bbox 1467 4575 1869 4644; x_wconf 65' lang='lat' dir='ltr'>praecesserint</span> <span class='ocrx_word' id='word_1_741' title='bbox 1903 4581 1980 4632; x_wconf 85' lang='lat' dir='ltr'>te-</span> <span class='ocrx_word' id='word_1_742' title='bbox 2013 4595 2060 4658; x_wconf 70' lang='grc' dir='ltr'>ι)</span> <span class='ocrx_word' id='word_1_743' title='bbox 2090 4576 2367 4648; x_wconf 87' lang='lat' dir='ltr'>gitamus,</span> <span class='ocrx_word' id='word_1_744' title='bbox 2401 4575 2538 4646; x_wconf 91' lang='lat' dir='ltr'>quia</span> <span class='ocrx_word' id='word_1_745' title='bbox 2572 4574 2699 4629; x_wconf 90' lang='lat' dir='ltr'>sine</span> <span class='ocrx_word' id='word_1_746' title='bbox 2729 4589 2900 4646; x_wconf 92' lang='lat' dir='ltr'>opere</span> <span class='ocrx_word' id='word_1_747' title='bbox 2933 4575 3338 4646; x_wconf 89' lang='lat' dir='ltr'>torquebimur</span> <span class='ocrx_word' id='word_1_748' title='bbox 3369 4576 3428 4630; x_wconf 90' lang='lat' dir='ltr'>in</span> <span class='ocrx_word' id='word_1_749' title='bbox 3449 4577 3739 4649; x_wconf 77' lang='lat' dir='ltr'>gehenna.</span> 
     </span>
    </p>
   </div>
   <div class='ocr_carea' id='block_1_97' title="bbox 329 4660 3737 4740">
    <p class='ocr_par' dir='ltr' id='par_1_97' title="bbox 329 4660 3737 4740">
     <span class='ocr_line' id='line_1_99' title="bbox 329 4660 3737 4740; baseline 0.001 -22"><span class='ocrx_word' id='word_1_750' title='bbox 329 4663 544 4728; x_wconf 77' lang='lat' dir='ltr'>nebrae,</span> <span class='ocrx_word' id='word_1_751' title='bbox 576 4666 633 4716; x_wconf 93' lang='lat' dir='ltr'>et</span> <span class='ocrx_word' id='word_1_752' title='bbox 662 4676 835 4715; x_wconf 89' lang='lat' dir='ltr'>mane</span> <span class='ocrx_word' id='word_1_753' title='bbox 865 4661 1080 4714; x_wconf 88' lang='lat' dir='ltr'>factum</span> <span class='ocrx_word' id='word_1_754' title='bbox 1126 4660 1320 4729; x_wconf 82' lang='lat' dir='ltr'>fuerit,</span> <span class='ocrx_word' id='word_1_755' title='bbox 1375 4661 1836 4718; x_wconf 89' lang='lat' dir='ltr'>misericordiam</span> <span class='ocrx_word' id='word_1_756' title='bbox 1869 4665 1980 4721; x_wconf 85' lang='lat' dir='ltr'>Do-</span> <span class='ocrx_word' id='word_1_757' title='bbox 2089 4669 2208 4718; x_wconf 83' lang='lat' dir='ltr'>Hoc</span> <span class='ocrx_word' id='word_1_758' title='bbox 2239 4668 2426 4719; x_wconf 89' lang='lat' dir='ltr'>totum</span> <span class='ocrx_word' id='word_1_759' title='bbox 2458 4679 2638 4734; x_wconf 88' lang='lat' dir='ltr'>quare</span> <span class='ocrx_word' id='word_1_760' title='bbox 2685 4661 2849 4718; x_wconf 70' lang='lat' dir='ltr'>dixi?</span> <span class='ocrx_word' id='word_1_761' title='bbox 2906 4663 3190 4726; x_wconf 83' lang='lat' dir='ltr'>Quoniam</span> <span class='ocrx_word' id='word_1_762' title='bbox 3251 4681 3406 4719; x_wconf 90' lang='lat' dir='ltr'>nunc</span> <span class='ocrx_word' id='word_1_763' title='bbox 3449 4667 3737 4740; x_wconf 79' lang='lat' dir='ltr'>scriptum</span> 
     </span>
    </p>
   </div>
   <div class='ocr_carea' id='block_1_98' title="bbox 327 4747 3733 4821">
    <p class='ocr_par' dir='ltr' id='par_1_98' title="bbox 327 4747 3733 4821">
     <span class='ocr_line' id='line_1_100' title="bbox 327 4747 3733 4821; baseline 0.002 -15"><span class='ocrx_word' id='word_1_764' title='bbox 327 4751 476 4807; x_wconf 89' lang='lat' dir='ltr'>mini</span> <span class='ocrx_word' id='word_1_765' title='bbox 507 4750 785 4821; x_wconf 88' lang='lat' dir='ltr'>consequi</span> <span class='ocrx_word' id='word_1_766' title='bbox 818 4765 932 4804; x_wconf 91' lang='lat' dir='ltr'>non</span> <span class='ocrx_word' id='word_1_767' title='bbox 965 4765 1303 4821; x_wconf 90' lang='lat' dir='ltr'>possumus.</span> <span class='ocrx_word' id='word_1_768' title='bbox 1333 4751 1496 4805; x_wconf 92' lang='lat' dir='ltr'>Tunc</span> <span class='ocrx_word' id='word_1_769' title='bbox 1528 4755 1725 4807; x_wconf 91' lang='lat' dir='ltr'>autem</span> <span class='ocrx_word' id='word_1_770' title='bbox 1749 4770 1975 4809; x_wconf 89' lang='lat' dir='ltr'>annun-</span> <span class='ocrx_word' id='word_1_771' title='bbox 2083 4759 2171 4809; x_wconf 91' lang='lat' dir='ltr'>est</span> <span class='ocrx_word' id='word_1_772' title='bbox 2199 4771 2210 4808; x_wconf 88' lang='lat'>:</span> <span class='ocrx_word' id='word_1_773' title='bbox 2237 4753 2434 4817; x_wconf 87' lang='lat' dir='ltr'>«Quia</span> <span class='ocrx_word' id='word_1_774' title='bbox 2457 4747 2755 4808; x_wconf 87' lang='lat' dir='ltr'>delectasti</span> <span class='ocrx_word' id='word_1_775' title='bbox 2776 4769 2889 4819; x_wconf 90' lang='lat' dir='ltr'>me,</span> <span class='ocrx_word' id='word_1_776' title='bbox 2911 4753 3170 4818; x_wconf 84' lang='lat' dir='ltr'>Domine,</span> <span class='ocrx_word' id='word_1_777' title='bbox 3199 4752 3255 4806; x_wconf 93' lang='lat' dir='ltr'>in</span> <span class='ocrx_word' id='word_1_778' title='bbox 3290 4753 3526 4810; x_wconf 83' lang='lat' dir='ltr'>factura</span> <span class='ocrx_word' id='word_1_779' title='bbox 3557 4762 3678 4812; x_wconf 86' lang='lat' dir='ltr'>tua.</span> <span class='ocrx_word' id='word_1_780' title='bbox 3709 4779 3733 4805; x_wconf 69' lang='grc' dir='ltr'>η</span> 
     </span>
    </p>
   </div>
   <div class='ocr_carea' id='block_1_99' title="bbox 326 4838 3734 4916">
    <p class='ocr_par' dir='ltr' id='par_1_99' title="bbox 326 4838 3734 4916">
     <span class='ocr_line' id='line_1_101' title="bbox 326 4838 3734 4916; baseline 0.001 -20"><span class='ocrx_word' id='word_1_781' title='bbox 326 4840 440 4897; x_wconf 86' lang='lat' dir='ltr'>tias</span> <span class='ocrx_word' id='word_1_782' title='bbox 473 4855 646 4896; x_wconf 86' lang='lat' dir='ltr'>mane</span> <span class='ocrx_word' id='word_1_783' title='bbox 668 4838 1130 4894; x_wconf 90' lang='lat' dir='ltr'>misericordiam</span> <span class='ocrx_word' id='word_1_784' title='bbox 1161 4839 1416 4908; x_wconf 90' lang='lat' dir='ltr'>Domini,</span> <span class='ocrx_word' id='word_1_785' title='bbox 1445 4857 1578 4896; x_wconf 92' lang='lat' dir='ltr'>cum</span> <span class='ocrx_word' id='word_1_786' title='bbox 1611 4840 1702 4896; x_wconf 94' lang='lat' dir='ltr'>Sol</span> <span class='ocrx_word' id='word_1_787' title='bbox 1725 4842 1971 4912; x_wconf 79' lang='lat' dir='ltr'>justitiae</span> <span class='ocrx_word' id='word_1_788' title='bbox 2083 4839 2480 4914; x_wconf 86' lang='lat' dir='ltr'>Quodcunque</span> <span class='ocrx_word' id='word_1_789' title='bbox 2511 4857 2807 4912; x_wconf 87' lang='lat' dir='ltr'>aspexero,</span> <span class='ocrx_word' id='word_1_790' title='bbox 2850 4841 3097 4896; x_wconf 87' lang='lat' dir='ltr'>delectat</span> <span class='ocrx_word' id='word_1_791' title='bbox 3130 4857 3240 4896; x_wconf 91' lang='lat' dir='ltr'>me.</span> <span class='ocrx_word' id='word_1_792' title='bbox 3279 4842 3558 4916; x_wconf 85' lang='lat' dir='ltr'>Intelligo</span> <span class='ocrx_word' id='word_1_793' title='bbox 3584 4846 3734 4900; x_wconf 88' lang='lat' dir='ltr'>enim</span> 
     </span>
    </p>
   </div>
   <div class='ocr_carea' id='block_1_100' title="bbox 325 4927 3732 5003">
    <p class='ocr_par' dir='ltr' id='par_1_100' title="bbox 325 4927 3732 5003">
     <span class='ocr_line' id='line_1_102' title="bbox 325 4927 3732 5003; baseline 0.001 -18"><span class='ocrx_word' id='word_1_794' title='bbox 325 4935 490 4985; x_wconf 90' lang='lat' dir='ltr'>ortus</span> <span class='ocrx_word' id='word_1_795' title='bbox 519 4930 579 4984; x_wconf 92' lang='lat' dir='ltr'>in</span> <span class='ocrx_word' id='word_1_796' title='bbox 612 4929 784 4984; x_wconf 88' lang='lat' dir='ltr'>corde</span> <span class='ocrx_word' id='word_1_797' title='bbox 812 4933 913 4982; x_wconf 94' lang='lat' dir='ltr'>tuo</span> <span class='ocrx_word' id='word_1_798' title='bbox 944 4927 1138 4982; x_wconf 82' lang='lat' dir='ltr'>fuerit.</span> <span class='ocrx_word' id='word_1_799' title='bbox 1174 4947 1200 4979; x_wconf 75' lang='grc' dir='ltr'>α</span> <span class='ocrx_word' id='word_1_800' title='bbox 1231 4928 1297 4982; x_wconf 87' lang='lat' dir='ltr'>Et</span> <span class='ocrx_word' id='word_1_801' title='bbox 1323 4929 1623 4986; x_wconf 91' lang='lat' dir='ltr'>veritatem</span> <span class='ocrx_word' id='word_1_802' title='bbox 1674 4936 1835 4986; x_wconf 91' lang='lat' dir='ltr'>tuam</span> <span class='ocrx_word' id='word_1_803' title='bbox 1869 4948 1972 5003; x_wconf 91' lang='lat' dir='ltr'>per</span> <span class='ocrx_word' id='word_1_804' title='bbox 2079 4933 2376 4998; x_wconf 84' lang='lat' dir='ltr'>factorem,</span> <span class='ocrx_word' id='word_1_805' title='bbox 2410 4937 2467 4986; x_wconf 92' lang='lat' dir='ltr'>et</span> <span class='ocrx_word' id='word_1_806' title='bbox 2497 4930 2772 4986; x_wconf 87' lang='lat' dir='ltr'>benedice</span> <span class='ocrx_word' id='word_1_807' title='bbox 2809 4932 3010 4985; x_wconf 89' lang='lat' dir='ltr'>Deum.</span> <span class='ocrx_word' id='word_1_808' title='bbox 3045 4953 3072 4978; x_wconf 86' lang='lat'><strong><em>«</em></strong></span> <span class='ocrx_word' id='word_1_809' title='bbox 3105 4931 3174 4985; x_wconf 87' lang='lat' dir='ltr'>Et</span> <span class='ocrx_word' id='word_1_810' title='bbox 3205 4931 3264 4984; x_wconf 90' lang='lat' dir='ltr'>in</span> <span class='ocrx_word' id='word_1_811' title='bbox 3296 4933 3584 5003; x_wconf 87' lang='lat' dir='ltr'>operibus</span> <span class='ocrx_word' id='word_1_812' title='bbox 3617 4950 3732 4988; x_wconf 80' lang='lat' dir='ltr'>ma-</span> 
     </span>
    </p>
   </div>
   <div class='ocr_carea' id='block_1_101' title="bbox 323 5017 3734 5088">
    <p class='ocr_par' dir='ltr' id='par_1_101' title="bbox 323 5017 3734 5088">
     <span class='ocr_line' id='line_1_103' title="bbox 323 5017 3734 5088; baseline 0.002 -16"><span class='ocrx_word' id='word_1_813' title='bbox 323 5023 626 5075; x_wconf 83' lang='lat' dir='ltr'>noctem.»</span> <span class='ocrx_word' id='word_1_814' title='bbox 660 5018 887 5073; x_wconf 84' lang='lat' dir='ltr'>Veritas</span> <span class='ocrx_word' id='word_1_815' title='bbox 908 5017 1137 5079; x_wconf 88' lang='lat' dir='ltr'>Domini</span> <span class='ocrx_word' id='word_1_816' title='bbox 1174 5034 1288 5073; x_wconf 91' lang='lat' dir='ltr'>non</span> <span class='ocrx_word' id='word_1_817' title='bbox 1321 5019 1724 5086; x_wconf 88' lang='lat' dir='ltr'>annuntiatur,</span> <span class='ocrx_word' id='word_1_818' title='bbox 1759 5022 1870 5076; x_wconf 90' lang='lat' dir='ltr'>nisi</span> <span class='ocrx_word' id='word_1_819' title='bbox 1893 5023 1966 5077; x_wconf 89' lang='lat' dir='ltr'>ad</span> <span class='ocrx_word' id='word_1_820' title='bbox 2078 5038 2261 5076; x_wconf 92' lang='lat' dir='ltr'>nuum</span> <span class='ocrx_word' id='word_1_821' title='bbox 2294 5027 2526 5076; x_wconf 91' lang='lat' dir='ltr'>tuarum</span> <span class='ocrx_word' id='word_1_822' title='bbox 2560 5019 2882 5076; x_wconf 85' lang='lat' dir='ltr'>exsultabo.</span> <span class='ocrx_word' id='word_1_823' title='bbox 2916 5039 2940 5069; x_wconf 73' lang='grc' dir='ltr'><strong>υ</strong></span> <span class='ocrx_word' id='word_1_824' title='bbox 2980 5019 3158 5075; x_wconf 86' lang='lat' dir='ltr'>Video</span> <span class='ocrx_word' id='word_1_825' title='bbox 3191 5020 3492 5088; x_wconf 85' lang='lat' dir='ltr'>arborem,</span> <span class='ocrx_word' id='word_1_826' title='bbox 3518 5028 3578 5078; x_wconf 88' lang='lat' dir='ltr'>et</span> <span class='ocrx_word' id='word_1_827' title='bbox 3607 5040 3734 5078; x_wconf 79' lang='lat' dir='ltr'>con-</span> 
     </span>
    </p>
   </div>
   <div class='ocr_carea' id='block_1_102' title="bbox 321 5107 3733 5182">
    <p class='ocr_par' dir='ltr' id='par_1_102' title="bbox 321 5107 3733 5182">
     <span class='ocr_line' id='line_1_104' title="bbox 321 5107 3733 5182; baseline 0.002 -22"><span class='ocrx_word' id='word_1_828' title='bbox 321 5112 589 5163; x_wconf 87' lang='lat' dir='ltr'>noctem:</span> <span class='ocrx_word' id='word_1_829' title='bbox 623 5108 681 5161; x_wconf 93' lang='lat' dir='ltr'>in</span> <span class='ocrx_word' id='word_1_830' title='bbox 715 5107 806 5163; x_wconf 92' lang='lat' dir='ltr'>die</span> <span class='ocrx_word' id='word_1_831' title='bbox 839 5123 954 5161; x_wconf 92' lang='lat' dir='ltr'>non</span> <span class='ocrx_word' id='word_1_832' title='bbox 986 5111 1177 5178; x_wconf 90' lang='lat' dir='ltr'>potest</span> <span class='ocrx_word' id='word_1_833' title='bbox 1233 5109 1590 5163; x_wconf 88' lang='lat' dir='ltr'>annuntiari.</span> <span class='ocrx_word' id='word_1_834' title='bbox 1651 5109 1774 5164; x_wconf 90' lang='lat' dir='ltr'>Non</span> <span class='ocrx_word' id='word_1_835' title='bbox 1808 5111 1965 5166; x_wconf 90' lang='lat' dir='ltr'>enim</span> <span class='ocrx_word' id='word_1_836' title='bbox 2077 5111 2266 5166; x_wconf 90' lang='lat' dir='ltr'>sidero</span> <span class='ocrx_word' id='word_1_837' title='bbox 2316 5110 2605 5182; x_wconf 88' lang='lat' dir='ltr'>quomodo</span> <span class='ocrx_word' id='word_1_838' title='bbox 2655 5115 2848 5165; x_wconf 83' lang='lat' dir='ltr'>cortex</span> <span class='ocrx_word' id='word_1_839' title='bbox 2898 5109 3124 5163; x_wconf 87' lang='lat' dir='ltr'>arboris</span> <span class='ocrx_word' id='word_1_840' title='bbox 3173 5113 3263 5164; x_wconf 85' lang='lat' dir='ltr'>est</span> <span class='ocrx_word' id='word_1_841' title='bbox 3312 5111 3485 5181; x_wconf 89' lang='lat' dir='ltr'>quasi</span> <span class='ocrx_word' id='word_1_842' title='bbox 3536 5114 3733 5167; x_wconf 66' lang='lat' dir='ltr'>tunica</span> 
     </span>
    </p>
   </div>
   <div class='ocr_carea' id='block_1_103' title="bbox 317 5195 3730 5272">
    <p class='ocr_par' dir='ltr' id='par_1_103' title="bbox 317 5195 3730 5272">
     <span class='ocr_line' id='line_1_105' title="bbox 317 5195 3730 5272; baseline 0.001 -22"><span class='ocrx_word' id='word_1_843' title='bbox 317 5201 566 5266; x_wconf 89' lang='lat' dir='ltr'>possunt</span> <span class='ocrx_word' id='word_1_844' title='bbox 595 5195 893 5251; x_wconf 90' lang='lat' dir='ltr'>imbeciles</span> <span class='ocrx_word' id='word_1_845' title='bbox 940 5196 1089 5252; x_wconf 84' lang='lat' dir='ltr'>ferre</span> <span class='ocrx_word' id='word_1_846' title='bbox 1120 5213 1248 5268; x_wconf 74' lang='lat' dir='ltr'>quas</span> <span class='ocrx_word' id='word_1_847' title='bbox 1295 5213 1507 5269; x_wconf 89' lang='lat' dir='ltr'>magna</span> <span class='ocrx_word' id='word_1_848' title='bbox 1557 5203 1732 5253; x_wconf 90' lang='lat' dir='ltr'>sunt:</span> <span class='ocrx_word' id='word_1_849' title='bbox 1775 5215 1964 5271; x_wconf 91' lang='lat' dir='ltr'>neque</span> <span class='ocrx_word' id='word_1_850' title='bbox 2075 5217 2190 5272; x_wconf 88' lang='lat' dir='ltr'>qua</span> <span class='ocrx_word' id='word_1_851' title='bbox 2220 5200 2483 5269; x_wconf 86' lang='lat' dir='ltr'>vestitur,</span> <span class='ocrx_word' id='word_1_852' title='bbox 2517 5203 2572 5252; x_wconf 90' lang='lat' dir='ltr'>et</span> <span class='ocrx_word' id='word_1_853' title='bbox 2601 5198 2767 5269; x_wconf 89' lang='lat' dir='ltr'>quasi</span> <span class='ocrx_word' id='word_1_854' title='bbox 2799 5213 3037 5269; x_wconf 86' lang='lat' dir='ltr'>germen</span> <span class='ocrx_word' id='word_1_855' title='bbox 3070 5196 3235 5252; x_wconf 88' lang='lat' dir='ltr'>viret.</span> <span class='ocrx_word' id='word_1_856' title='bbox 3271 5196 3338 5252; x_wconf 89' lang='lat' dir='ltr'>Et</span> <span class='ocrx_word' id='word_1_857' title='bbox 3398 5199 3617 5254; x_wconf 84' lang='lat' dir='ltr'>deinde</span> <span class='ocrx_word' id='word_1_858' title='bbox 3647 5203 3730 5254; x_wconf 74' lang='lat' dir='ltr'>vi-</span> 
     </span>
    </p>
   </div>
   <div class='ocr_carea' id='block_1_104' title="bbox 311 5285 3728 5361">
    <p class='ocr_par' dir='ltr' id='par_1_104' title="bbox 311 5285 3728 5361">
     <span class='ocr_line' id='line_1_106' title="bbox 311 5285 3728 5361; baseline 0.001 -21"><span class='ocrx_word' id='word_1_859' title='bbox 311 5289 564 5356; x_wconf 82' lang='lat' dir='ltr'>possunt</span> <span class='ocrx_word' id='word_1_860' title='bbox 593 5302 661 5340; x_wconf 91' lang='lat' dir='ltr'>ea</span> <span class='ocrx_word' id='word_1_861' title='bbox 686 5285 976 5341; x_wconf 90' lang='lat' dir='ltr'>sustinere</span> <span class='ocrx_word' id='word_1_862' title='bbox 1035 5302 1161 5356; x_wconf 66' lang='lat' dir='ltr'>quis</span> <span class='ocrx_word' id='word_1_863' title='bbox 1194 5286 1450 5358; x_wconf 90' lang='lat' dir='ltr'>pretiosa</span> <span class='ocrx_word' id='word_1_864' title='bbox 1480 5292 1637 5342; x_wconf 92' lang='lat' dir='ltr'>sunt.</span> <span class='ocrx_word' id='word_1_865' title='bbox 1673 5288 1834 5342; x_wconf 91' lang='lat' dir='ltr'>Unde</span> <span class='ocrx_word' id='word_1_866' title='bbox 1873 5289 1961 5342; x_wconf 88' lang='lat' dir='ltr'>di-</span> <span class='ocrx_word' id='word_1_867' title='bbox 2072 5289 2178 5343; x_wconf 92' lang='lat' dir='ltr'>deo</span> <span class='ocrx_word' id='word_1_868' title='bbox 2210 5288 2500 5358; x_wconf 92' lang='lat' dir='ltr'>quomodo</span> <span class='ocrx_word' id='word_1_869' title='bbox 2532 5287 2637 5342; x_wconf 87' lang='lat' dir='ltr'>flos</span> <span class='ocrx_word' id='word_1_870' title='bbox 2671 5287 2769 5340; x_wconf 86' lang='lat' dir='ltr'>fit:</span> <span class='ocrx_word' id='word_1_871' title='bbox 2805 5286 3096 5358; x_wconf 91' lang='lat' dir='ltr'>quomodo</span> <span class='ocrx_word' id='word_1_872' title='bbox 3131 5285 3238 5340; x_wconf 84' lang='lat' dir='ltr'>flos</span> <span class='ocrx_word' id='word_1_873' title='bbox 3267 5287 3459 5350; x_wconf 87' lang='lat' dir='ltr'>cadat,</span> <span class='ocrx_word' id='word_1_874' title='bbox 3514 5288 3645 5361; x_wconf 88' lang='lat' dir='ltr'>ipse</span> <span class='ocrx_word' id='word_1_875' title='bbox 3675 5297 3728 5344; x_wconf 81' lang='lat' dir='ltr'>et</span> 
     </span>
    </p>
   </div>
   <div class='ocr_carea' id='block_1_105' title="bbox 310 5372 3731 5449">
    <p class='ocr_par' dir='ltr' id='par_1_105' title="bbox 310 5372 3731 5449">
     <span class='ocr_line' id='line_1_107' title="bbox 310 5372 3731 5449; baseline 0 -19"><span class='ocrx_word' id='word_1_876' title='bbox 310 5372 466 5430; x_wconf 90' lang='lat' dir='ltr'>citur</span> <span class='ocrx_word' id='word_1_877' title='bbox 493 5378 550 5428; x_wconf 92' lang='lat' dir='ltr'>et</span> <span class='ocrx_word' id='word_1_878' title='bbox 580 5373 638 5428; x_wconf 90' lang='lat' dir='ltr'>in</span> <span class='ocrx_word' id='word_1_879' title='bbox 671 5374 782 5428; x_wconf 90' lang='lat' dir='ltr'>alio</span> <span class='ocrx_word' id='word_1_880' title='bbox 814 5374 938 5430; x_wconf 89' lang='lat' dir='ltr'>loco</span> <span class='ocrx_word' id='word_1_881' title='bbox 968 5375 1039 5430; x_wconf 89' lang='lat' dir='ltr'>de</span> <span class='ocrx_word' id='word_1_882' title='bbox 1069 5374 1184 5430; x_wconf 88' lang='lat' dir='ltr'>Deo</span> <span class='ocrx_word' id='word_1_883' title='bbox 1211 5391 1222 5430; x_wconf 91' lang='lat'>:</span> <span class='ocrx_word' id='word_1_884' title='bbox 1273 5378 1470 5431; x_wconf 80' lang='lat' dir='ltr'>Posuit</span> <span class='ocrx_word' id='word_1_885' title='bbox 1525 5378 1774 5432; x_wconf 82' lang='lat' dir='ltr'>tenebras</span> <span class='ocrx_word' id='word_1_886' title='bbox 1828 5377 1958 5433; x_wconf 81' lang='grc' dir='ltr'><em>ιαιί-</em></span> <span class='ocrx_word' id='word_1_887' title='bbox 2071 5376 2177 5431; x_wconf 86' lang='lat' dir='ltr'>ﬂos</span> <span class='ocrx_word' id='word_1_888' title='bbox 2207 5380 2464 5430; x_wconf 82' lang='lat' dir='ltr'>vertatur</span> <span class='ocrx_word' id='word_1_889' title='bbox 2494 5376 2549 5429; x_wconf 92' lang='lat' dir='ltr'>in</span> <span class='ocrx_word' id='word_1_890' title='bbox 2584 5391 2844 5446; x_wconf 91' lang='lat' dir='ltr'>pomum.</span> <span class='ocrx_word' id='word_1_891' title='bbox 2880 5375 3059 5428; x_wconf 80' lang='lat' dir='ltr'>Video</span> <span class='ocrx_word' id='word_1_892' title='bbox 3092 5373 3373 5446; x_wconf 86' lang='lat' dir='ltr'>paulatim</span> <span class='ocrx_word' id='word_1_893' title='bbox 3396 5389 3504 5446; x_wconf 86' lang='lat' dir='ltr'>per</span> <span class='ocrx_word' id='word_1_894' title='bbox 3529 5377 3731 5449; x_wconf 79' lang='lat' dir='ltr'>singu.</span> 
     </span>
    </p>
   </div>
   <div class='ocr_carea' id='block_1_106' title="bbox 311 5461 3725 5538">
    <p class='ocr_par' dir='ltr' id='par_1_106' title="bbox 311 5461 3725 5538">
     <span class='ocr_line' id='line_1_108' title="bbox 311 5461 3725 5538; baseline 0 -17"><span class='ocrx_word' id='word_1_895' title='bbox 311 5464 499 5522; x_wconf 75' lang='lat' dir='ltr'>bulam</span> <span class='ocrx_word' id='word_1_896' title='bbox 526 5478 688 5517; x_wconf 79' lang='lat' dir='ltr'>suum</span> <span class='ocrx_word' id='word_1_897' title='bbox 718 5464 886 5532; x_wconf 82' lang='lat' dir='ltr'>(Psal.</span> <span class='ocrx_word' id='word_1_898' title='bbox 920 5480 1029 5518; x_wconf 85' lang='lat' dir='ltr'>xvn</span> <span class='ocrx_word' id='word_1_899' title='bbox 1067 5465 1174 5534; x_wconf 85' lang='grc'>12),</span> <span class='ocrx_word' id='word_1_900' title='bbox 1217 5463 1324 5519; x_wconf 91' lang='lat' dir='ltr'>hoc</span> <span class='ocrx_word' id='word_1_901' title='bbox 1381 5470 1488 5536; x_wconf 84' lang='lat' dir='ltr'>est,</span> <span class='ocrx_word' id='word_1_902' title='bbox 1540 5465 1825 5522; x_wconf 91' lang='lat' dir='ltr'>Dominus</span> <span class='ocrx_word' id='word_1_903' title='bbox 1857 5484 1957 5538; x_wconf 90' lang='lat' dir='ltr'>po-</span> <span class='ocrx_word' id='word_1_904' title='bbox 2069 5464 2156 5520; x_wconf 91' lang='lat' dir='ltr'>los</span> <span class='ocrx_word' id='word_1_905' title='bbox 2189 5465 2333 5535; x_wconf 90' lang='lat' dir='ltr'>dies,</span> <span class='ocrx_word' id='word_1_906' title='bbox 2366 5465 2423 5520; x_wconf 91' lang='lat' dir='ltr'>in</span> <span class='ocrx_word' id='word_1_907' title='bbox 2457 5463 2689 5536; x_wconf 87' lang='lat' dir='ltr'>singula</span> <span class='ocrx_word' id='word_1_908' title='bbox 2719 5461 2980 5534; x_wconf 88' lang='lat' dir='ltr'>tempora</span> <span class='ocrx_word' id='word_1_909' title='bbox 3003 5462 3442 5518; x_wconf 83' lang='lat' dir='ltr'>mihinaturam</span> <span class='ocrx_word' id='word_1_910' title='bbox 3471 5467 3725 5537; x_wconf 79' lang='lat' dir='ltr'>Operari.</span> 
     </span>
    </p>
   </div>
   <div class='ocr_carea' id='block_1_107' title="bbox 306 5550 3727 5628">
    <p class='ocr_par' dir='ltr' id='par_1_107' title="bbox 306 5550 3727 5628">
     <span class='ocr_line' id='line_1_109' title="bbox 306 5550 3727 5628; baseline -0 -17"><span class='ocrx_word' id='word_1_911' title='bbox 306 5553 429 5612; x_wconf 90' lang='lat' dir='ltr'>suit</span> <span class='ocrx_word' id='word_1_912' title='bbox 457 5551 729 5608; x_wconf 89' lang='lat' dir='ltr'>tenebras</span> <span class='ocrx_word' id='word_1_913' title='bbox 760 5550 1072 5606; x_wconf 86' lang='lat' dir='ltr'>latibulum</span> <span class='ocrx_word' id='word_1_914' title='bbox 1106 5569 1302 5609; x_wconf 90' lang='lat' dir='ltr'>suum.</span> <span class='ocrx_word' id='word_1_915' title='bbox 1337 5553 1403 5608; x_wconf 86' lang='lat' dir='ltr'>Et</span> <span class='ocrx_word' id='word_1_916' title='bbox 1433 5555 1646 5610; x_wconf 90' lang='lat' dir='ltr'>veritas</span> <span class='ocrx_word' id='word_1_917' title='bbox 1679 5571 1815 5628; x_wconf 86' lang='lat' dir='ltr'>ergo</span> <span class='ocrx_word' id='word_1_918' title='bbox 1851 5561 1956 5610; x_wconf 87' lang='lat' dir='ltr'>Do-</span> <span class='ocrx_word' id='word_1_919' title='bbox 2067 5561 2121 5610; x_wconf 89' lang='lat' dir='ltr'>et</span> <span class='ocrx_word' id='word_1_920' title='bbox 2149 5555 2204 5609; x_wconf 91' lang='lat' dir='ltr'>in</span> <span class='ocrx_word' id='word_1_921' title='bbox 2241 5571 2399 5610; x_wconf 89' lang='lat' dir='ltr'>meos</span> <span class='ocrx_word' id='word_1_922' title='bbox 2429 5555 2588 5607; x_wconf 90' lang='lat' dir='ltr'>cibos</span> <span class='ocrx_word' id='word_1_923' title='bbox 2649 5569 2926 5608; x_wconf 90' lang='lat' dir='ltr'>crescere.</span> <span class='ocrx_word' id='word_1_924' title='bbox 2986 5552 3168 5607; x_wconf 86' lang='lat' dir='ltr'>Video</span> <span class='ocrx_word' id='word_1_925' title='bbox 3227 5553 3528 5623; x_wconf 88' lang='lat' dir='ltr'>quomodo</span> <span class='ocrx_word' id='word_1_926' title='bbox 3573 5556 3727 5611; x_wconf 82' lang='lat' dir='ltr'>Deus</span> 
     </span>
    </p>
   </div>
   <div class='ocr_carea' id='block_1_108' title="bbox 308 5639 3725 5715">
    <p class='ocr_par' dir='ltr' id='par_1_108' title="bbox 308 5639 3725 5715">
     <span class='ocr_line' id='line_1_110' title="bbox 308 5639 3725 5715; baseline 0.001 -16"><span class='ocrx_word' id='word_1_927' title='bbox 308 5642 449 5699; x_wconf 90' lang='lat' dir='ltr'>mini</span> <span class='ocrx_word' id='word_1_928' title='bbox 483 5639 950 5698; x_wconf 85' lang='lat' dir='ltr'>annuntiaturin</span> <span class='ocrx_word' id='word_1_929' title='bbox 975 5646 1140 5696; x_wconf 89' lang='lat' dir='ltr'>nocte</span> <span class='ocrx_word' id='word_1_930' title='bbox 1169 5659 1181 5696; x_wconf 88' lang='lat'>:</span> <span class='ocrx_word' id='word_1_931' title='bbox 1211 5643 1376 5713; x_wconf 89' lang='lat' dir='ltr'>quasi</span> <span class='ocrx_word' id='word_1_932' title='bbox 1439 5644 1795 5715; x_wconf 86' lang='lat' dir='ltr'>quibusdam</span> <span class='ocrx_word' id='word_1_933' title='bbox 1827 5660 1952 5700; x_wconf 90' lang='lat' dir='ltr'>ver-</span> <span class='ocrx_word' id='word_1_934' title='bbox 2064 5644 2123 5698; x_wconf 91' lang='lat' dir='ltr'>in</span> <span class='ocrx_word' id='word_1_935' title='bbox 2157 5644 2430 5700; x_wconf 89' lang='lat' dir='ltr'>omnibus</span> <span class='ocrx_word' id='word_1_936' title='bbox 2461 5642 2604 5696; x_wconf 88' lang='lat' dir='ltr'>mihi</span> <span class='ocrx_word' id='word_1_937' title='bbox 2634 5642 2876 5711; x_wconf 88' lang='lat' dir='ltr'>laborat,</span> <span class='ocrx_word' id='word_1_938' title='bbox 2913 5647 2976 5696; x_wconf 90' lang='lat' dir='ltr'>ut</span> <span class='ocrx_word' id='word_1_939' title='bbox 3006 5641 3147 5696; x_wconf 90' lang='lat' dir='ltr'>mihi</span> <span class='ocrx_word' id='word_1_940' title='bbox 3181 5641 3326 5697; x_wconf 88' lang='lat' dir='ltr'>nihil</span> <span class='ocrx_word' id='word_1_941' title='bbox 3363 5642 3538 5702; x_wconf 80' lang='lat' dir='ltr'>desit.</span> <span class='ocrx_word' id='word_1_942' title='bbox 3577 5645 3725 5702; x_wconf 81' lang='lat' dir='ltr'>Pro-</span> 
     </span>
    </p>
   </div>
   <div class='ocr_carea' id='block_1_109' title="bbox 305 5727 3001 5808">
    <p class='ocr_par' dir='ltr' id='par_1_109' title="bbox 305 5727 3001 5808">
     <span class='ocr_line' id='line_1_111' title="bbox 305 5727 3001 5808; baseline 0.001 -22"><span class='ocrx_word' id='word_1_943' title='bbox 305 5732 517 5800; x_wconf 77' lang='lat' dir='ltr'>borum</span> <span class='ocrx_word' id='word_1_944' title='bbox 549 5730 805 5797; x_wconf 79' lang='lat' dir='ltr'>tenebris</span> <span class='ocrx_word' id='word_1_945' title='bbox 828 5727 1167 5787; x_wconf 82' lang='lat' dir='ltr'>obvolvitur.</span> <span class='ocrx_word' id='word_1_946' title='bbox 1203 5730 1265 5785; x_wconf 90' lang='lat' dir='ltr'>In</span> <span class='ocrx_word' id='word_1_947' title='bbox 1297 5731 1604 5803; x_wconf 79' lang='lat' dir='ltr'>aenigmate</span> <span class='ocrx_word' id='word_1_948' title='bbox 1633 5733 1866 5805; x_wconf 88' lang='lat' dir='ltr'>dicitur,</span> <span class='ocrx_word' id='word_1_949' title='bbox 1898 5739 1956 5791; x_wconf 85' lang='lat' dir='ltr'>et</span> <span class='ocrx_word' id='word_1_950' title='bbox 2063 5738 2259 5808; x_wconf 88' lang='lat' dir='ltr'>pterea</span> <span class='ocrx_word' id='word_1_951' title='bbox 2288 5732 2510 5791; x_wconf 87' lang='lat' dir='ltr'>exsulto</span> <span class='ocrx_word' id='word_1_952' title='bbox 2542 5731 2602 5790; x_wconf 85' lang='lat' dir='ltr'>in</span> <span class='ocrx_word' id='word_1_953' title='bbox 2631 5737 2706 5805; x_wconf 90' lang='lat' dir='ltr'>te,</span> <span class='ocrx_word' id='word_1_954' title='bbox 2740 5731 3001 5789; x_wconf 88' lang='lat' dir='ltr'>Domine.</span> 
     </span>
    </p>
   </div>
  </div>
