3976 6188
213 397 373 460 1169

1396 393 1895 459 BHEVIARIUM
1940 392 2020 455 IN
2066 390 2203 453 PSA
2216 392 2449 456 LMOS.

3476 392 3631 455 1170

289 555 310 582 ι
346 532 520 602 Quam
547 531 905 602 magniﬁcata
931 538 1058 588 sunt
1085 545 1258 604 opera
1289 535 1404 599 tua,
1440 531 1701 588 Domine!
1731 551 1760 580 »
1798 530 1860 584 In
1892 529 1947 596 Α
1977 527 2244 600 Cogitata
2274 526 2464 602 magis
2493 524 2752 585 dolorem
2785 524 3214 600 faciunt,quam
3245 525 3627 602 voluptatem.

205 621 324 679 hoc
377 621 503 678 loco
550 623 762 678 Marcio
819 627 875 676 et
933 620 1288 676 Manichaeus
1336 625 1674 692 erumpunt.
1717 619 1894 690 Quid.

206 712 370 769 enim
400 710 638 767 dicunt?
669 711 729 766 Si
760 710 956 766 omnia
987 711 1140 766 Deus
1170 711 1325 777 fecit,
1357 715 1414 765 et
1454 710 1512 764 in
1549 709 1864 764 utilitatem

205 801 521 858 hominum
555 799 688 855 fecit
723 817 734 854 :
770 801 909 871 quid
943 815 1178 854 necesse
1207 797 1317 854 fuit
1349 798 1616 854 cimicem
1677 798 1865 853 facere

205 894 268 946 et
306 889 608 961 pulicem?
648 891 765 960 Ego
814 888 922 944 tibi
975 888 1223 943 breviter
1270 888 1592 964 respondeo
1627 905 1638 942 :
1675 891 1739 941 ut
1769 903 1862 941 os-

204 980 568 1045 tenderetur,
602 994 633 1032 o
665 979 862 1042 homo,
893 976 1182 1048 fragilitas
1230 980 1350 1030 tua.
1404 976 1511 1041 Qui
1561 975 1718 1031 enim
1769 992 1862 1031 co-

199 1069 555 1143 gitationem
587 1073 750 1122 tuam
784 1067 843 1120 in
871 1065 1082 1121 cmlum
1117 1064 1864 1137 ponis,respice,morderis

204 1175 244 1214 θ.
275 1157 501 1224 cimice,
533 1161 589 1211 et
620 1155 1040 1211 contremiscis.
1077 1154 1223 1219 Quid
1258 1153 1497 1226 erigeris
1527 1153 1586 1208 in
1628 1153 1862 1224 coelum,

199 1252 263 1302 et
288 1245 564 1318 cogitatio
599 1249 698 1299 tua
729 1244 1092 1300 transcendit
1122 1244 1181 1298 in
1215 1242 1464 1298 cmlum?
1494 1247 1635 1298 Ecce
1681 1261 1713 1297 a
1749 1259 1862 1313 pu-

195 1335 312 1392 lice
355 1333 700 1390 vulneraris.
759 1358 778 1382 α
835 1335 1021 1399 Quam
1073 1333 1450 1404 magnificata
1498 1336 1638 1386 sunt
1687 1348 1861 1404 Opera

205 1427 334 1491 tua,
368 1423 637 1479 Domine!
677 1443 703 1471 «
736 1423 916 1477 Parva
948 1421 1186 1492 quidem
1219 1437 1480 1492 corpora,
1515 1421 1615 1474 sed
1651 1436 1865 1491 magna

205 1513 379 1569 ratio.
405 1511 649 1584 Singula
704 1511 926 1566 habent
956 1510 1239 1565 utilitates
1261 1510 1544 1581 suas.Ego
1572 1508 1654 1564 sic
1684 1508 1864 1563 miror

200 1600 525 1659 Dominum
557 1601 617 1655 in
649 1599 997 1672 elephantis,
1043 1600 1337 1670 quomodo
1370 1604 1425 1653 et
1456 1598 1514 1653 in
1547 1598 1790 1653 formica
1845 1613 1856 1650 :

200 1692 290 1748 sic
319 1689 485 1746 illum
517 1689 769 1762 praedico
799 1689 858 1743 in
889 1687 1133 1754 camelo,
1167 1689 1459 1758 quomodo
1483 1691 1539 1742 et
1562 1687 1620 1743 in
1653 1686 1856 1741 culice.

200 1781 352 1836 Vide
386 1779 633 1836 culicem
668 1777 961 1850 quomodo
1012 1776 1180 1848 quasi
1232 1781 1516 1848 punctum
1549 1776 1858 1846 cujusdam

201 1868 540 1941 corpusculi
571 1872 679 1934 est,
713 1872 769 1922 et
799 1870 994 1922 tamen
1026 1866 1156 1920 vide
1204 1865 1264 1921 in
1314 1865 1441 1938 ipso
1492 1869 1707 1937 puncto
1739 1882 1860 1921 cor-
1891 1900 1936 1964 Β

200 1957 461 2030 pusculi,
494 1958 694 2013 omnia
724 1972 851 2012 esse
883 1955 1148 2011 membra
1169 1954 1376 2009 divisa.
1409 1955 1597 2010 Habet
1623 1971 1724 2010 sex
1758 1970 1860 2025 pe-

202 2049 332 2115 des,
368 2047 546 2102 habet
585 2047 732 2102 duos
787 2044 1006 2112 oculos,
1059 2044 1235 2100 habet
1265 2060 1352 2105 os,
1396 2043 1572 2098 habet
1619 2047 1674 2098 et
1720 2059 1858 2098 ven-

195 2141 372 2207 trem,
405 2136 584 2192 habet
613 2140 670 2190 et
698 2135 902 2189 tubam
933 2133 1111 2198 vocis,
1147 2132 1323 2187 habet
1355 2136 1410 2187 et
1440 2131 1585 2186 alas.
1623 2132 1682 2186 Si
1723 2147 1859 2186 con-

197 2223 549 2282 sideraveris
584 2223 869 2287 membra,
903 2237 1114 2292 corpus
1146 2237 1262 2275 non
1296 2219 1541 2286 invenis,
1576 2223 1632 2274 et
1662 2223 1859 2274 tamen

195 2313 618 2387 magnificatur
647 2310 977 2381 Deus,quia
1007 2310 1133 2364 sine
1164 2325 1402 2380 corpore
1435 2309 1700 2364 membra
1722 2313 1861 2364 sunt

196 2402 422 2460 omnia.
457 2423 485 2450 «
520 2399 709 2457 Nimis
743 2399 1045 2469 profunda
1079 2398 1240 2452 factae
1292 2403 1431 2452 sunt
1476 2397 1858 2469 cogitationes

197 2495 339 2546 tuae.
393 2489 792 2559 Quodcunque
838 2486 1186 2559 cogitavere,
1232 2485 1491 2541 invenire
1541 2473 1667 2540 non
1725 2503 1857 2557 pos-

196 2595 357 2635 sum.
391 2579 651 2650 Abyssus
674 2575 900 2647 judicia
919 2580 1040 2630 tua.
1074 2575 1116 2630 Ο
1140 2575 1500 2646 profundum
1524 2574 1858 2630 divitiarum

196 2666 502 2739 sapientia:
534 2671 590 2721 et
621 2665 877 2721 scientiae
903 2665 1026 2720 Dei!
1055 2665 1254 2718 Dicam
1273 2669 1330 2719 et
1361 2680 1466 2735 ego
1487 2680 1621 2720 cum
1662 2663 1857 2720 Eccle-

199 2757 384 2812 siaste
417 2773 430 2810 :
464 2754 610 2825 Dixi,
647 2754 882 2826 sapiens
927 2752 1168 2822 efﬁciar,
1199 2757 1254 2808 et
1286 2753 1414 2824 ipsa
1443 2753 1676 2824 longius
1708 2753 1859 2808 facta

203 2849 298 2902 est
327 2861 360 2899 a
389 2861 480 2899 me
515 2862 527 2899 :
564 2843 800 2916 longius
831 2843 1016 2897 multo
1056 2859 1235 2912 quam
1288 2845 1430 2896 erat.
1465 2842 1532 2896 Et
1567 2842 1857 2912 profunda

200 2934 340 3006 quis
367 2932 625 2990 invenire
656 2936 847 3005 potest
880 2932 1102 3003 (Eccles.
1137 2948 1236 2997 VII,
1271 2932 1360 3002 24,
1392 2930 1527 3000 25)?
1570 2931 1856 2986 Ecclesia-

195 3029 320 3079 stes
351 3024 503 3096 quod
541 3021 703 3088 dicit,
735 3021 844 3076 hoc
875 3025 964 3076 est
1014 3039 1026 3074 :
1073 3021 1404 3090 Antequam
1445 3021 1856 3091 cogitationem

198 3128 393 3168 meam
426 3113 484 3167 in
512 3127 683 3182 opere
723 3125 1144 3182 ponerem,non
1175 3107 1444 3163 videbam
1477 3110 1857 3179 magnificen-

192 3202 344 3258 tiam
376 3200 494 3256 Dei.
531 3199 674 3264 Dixi,
709 3199 945 3271 sapiens
976 3197 1214 3263 efﬁciar,
1247 3197 1356 3252 hoc
1389 3201 1496 3265 est,
1514 3197 1651 3267 dixi,
1677 3198 1856 3255 debeo

1975 617 2131 673 Nihil
2164 622 2252 673 est
2281 618 2480 689 itaque
2510 618 2754 684 bonum,
2789 617 2902 672 nisi
2937 618 3090 689 quod
3122 623 3470 691 perpetuum
3517 622 3627 676 est.

2051 729 2077 756 ‹‹
2111 708 2197 762 Tu
2250 710 2444 762 autem
2495 707 2838 763 Altissimus
2887 706 2947 761 in
2995 710 3302 778 aeternum,
3357 709 3625 778 Domine,

1975 795 2254 867 quoniam
2299 811 2430 852 ecce
2476 795 2702 850 inimici
2732 795 2840 864 tui,
2865 796 3138 862 Domine;
3172 797 3450 867 quoniam
3495 814 3628 856 ecce

1973 884 2196 939 inimici
2247 884 2333 939 tui
2384 885 2680 956 peribunt,
2723 889 2780 939 et
2828 885 3240 957 dispergentur
3286 901 3491 943 omnes
3521 887 3625 960 qui

1973 977 2291 1045 operantur
2342 974 2736 1045 iniquitatem.
2791 996 2820 1023 »
2869 974 2929 1030 Si
2983 975 3277 1046 peribunt,
3331 977 3624 1046 quomodo

1959 1063 2423 1135 ’dispergentur?
2470 1065 2577 1128 Qui
2627 1063 2786 1119 enim
2835 1063 3014 1120 semel
3063 1063 3320 1135 perierit,
3365 1064 3625 1138 dispergi

1974 1168 2090 1206 non
2145 1156 2355 1223 potest.
2390 1152 2602 1206 Debuit
2630 1153 2822 1208 dicere
2878 1167 2892 1208 :
2943 1153 3086 1208 Ecce
3125 1151 3539 1225 dispergentur
3567 1155 3626 1210 et

1974 1240 2268 1310 peribunt.
2303 1240 2468 1306 Quod
2522 1257 2658 1312 ergo
2711 1240 2868 1311 dicit,
2901 1240 3011 1297 hoc
3041 1245 3150 1308 est,
3181 1264 3209 1291 ‹‹
3243 1240 3471 1298 Inimici
3513 1242 3623 1309 tui,

1972 1329 2577 1401 Domine,‘peribunt;
2612 1351 2640 1378 ››
2673 1346 2807 1385 cum
2841 1330 3038 1385 omnia
3066 1329 3172 1384 tibi
3206 1331 3474 1401 subjecta
3505 1331 3626 1388 fue-

1973 1417 2109 1485 rint,
2138 1418 2331 1473 omnis
2365 1418 2463 1489 qui
2495 1418 2773 1474 inimicus
2821 1423 2959 1474 tuus
3008 1419 3198 1490 fuerit,
3251 1424 3455 1491 postea
3501 1421 3627 1476 efﬁ-

1971 1506 2157 1583 cietur
2183 1506 2429 1573 amicus,
2463 1506 2573 1562 hoc
2611 1511 2720 1576 est,
2754 1524 2870 1562 non
2897 1507 3110 1579 peribit
3137 1507 3334 1573 homo,
3367 1509 3466 1564 sed
3495 1525 3626 1581 per-

1971 1595 2078 1649 ibit
2135 1594 2432 1649 inimicus.
2495 1594 2602 1660 Qui
2660 1594 2938 1651 inimicus
2998 1595 3127 1663 fuit,
3186 1595 3412 1652 amicus
3477 1601 3623 1666 erat,

1968 1687 2024 1737 et
2080 1681 2162 1737 sic
2220 1683 2432 1753 peribit
2493 1683 2794 1740 inimicus.
2831 1709 2858 1733 ‹‹
2893 1685 3179 1750 Quoniam
3224 1701 3355 1741 ecce
3397 1685 3624 1742 inimici

1966 1771 2051 1826 tui
2076 1771 2369 1842 peribunt,
2399 1777 2455 1827 et
2486 1773 2896 1846 dispergentur
2924 1790 3128 1829 omnes
3160 1773 3259 1847 qui
3306 1778 3624 1846 operantur
3710 1803 3719 1816 -

1967 1860 2400 1931 iniquitantem.
2448 1885 2474 1910 »
2528 1863 2830 1926 Quomodo
2888 1863 2937 1918 si
2997 1863 3185 1919 sancti
3244 1863 3421 1920 simul
3454 1868 3618 1933 sunt,

1969 1950 2296 2022 gratiosum
2327 1953 2434 2019 est,
2460 1950 2544 2005 sic
2577 1950 2625 2005 si
2657 1955 2992 2022 peccatores
3022 1951 3201 2007 simul
3234 1952 3619 2026 fuerint,qua-

1968 2039 2018 2093 si
2051 2038 2309 2110 pessima
2354 2039 2723 2111 congregatio
2767 2045 2856 2094 est
2907 2039 3062 2111 (Gen.
3113 2058 3274 2108 XVIII,
3323 2043 3391 2096 24
3429 2042 3620 2113 seqq.).

1967 2128 2190 2192 Quanto
2223 2127 2379 2182 enim
2412 2127 2609 2199 plures
2656 2127 2832 2182 simul
2882 2128 3119 2195 fuerint,
3170 2132 3332 2185 tanto
3391 2130 3619 2202 pejores

1970 2221 2128 2272 sunt.
2163 2217 2425 2287 Denique
2456 2233 2522 2272 eo
2555 2221 2819 2289 tempore
2852 2234 2966 2289 quo
2995 2217 3177 2273 turris
3220 2219 3623 2276 aedificabatur

1969 2311 2171 2362 contra
2200 2306 2408 2375 Deum,
2445 2306 2934 2378 dispergebantur
2971 2306 3028 2362 in
3063 2306 3379 2363 utilitatem
3427 2325 3619 2365 suam.

1968 2397 2302 2451 Consensus
2333 2412 2537 2452 eorum
2569 2395 2761 2450 malus
2793 2395 2903 2450 fuit
2936 2413 2948 2451 :
2984 2396 3273 2468 dispersio
3303 2413 3434 2453 vero
3480 2414 3618 2470 pro-

1969 2484 2080 2540 fuit
2110 2485 2288 2539 etiam
2323 2483 2440 2539 illis
2474 2483 2619 2555 ipsis
2652 2484 2752 2555 qui
2783 2483 3031 2556 dispersi
3063 2488 3221 2540 sunt.

2043 2595 2070 2622 ‹‹
2101 2573 2465 2628 Exaltabitur
2489 2573 2640 2629 sicut
2661 2573 2960 2629 unicornis
2981 2590 3162 2630 cornu
3186 2589 3404 2631 meum.
3431 2578 3622 2632 »Sern-

1968 2679 2070 2734 per
2101 2679 2280 2718 cornu
2315 2663 2372 2718 in
2405 2679 2584 2735 regno
2611 2662 2868 2735 ponitur.
2904 2663 2967 2718 In
2999 2667 3053 2718 te
3084 2662 3356 2720 inimicos
3385 2668 3618 2722 nostros

1966 2751 2381 2808 ventilabimus
2412 2769 2592 2807 cornu
2625 2753 2802 2823 (Psal.
2855 2768 3008 2822 xLIII,
3056 2753 3138 2819 6).
3180 2751 3442 2823 Denique
3490 2753 3621 2808 nul-

1967 2839 2091 2894 lum
2124 2839 2340 2894 animal
2363 2839 2424 2894 in
2447 2839 2666 2911 templo
2691 2839 3032 2896 immolatur
3051 2839 3298 2896 Domino
3321 2841 3434 2897 nisi
3461 2842 3619 2913 quod

1941 2945 2148 2995 .cornu
2183 2927 2375 2982 habet.
2409 2928 2542 2983 Tria
2572 2927 3034 2984 immolabantur
3083 2928 3327 2984 Domino
3375 2927 3436 2985 in
3468 2932 3617 2985 tem-

1966 3015 2083 3088 plo,
2116 3016 2534 3072 immolabatur
2579 3020 2804 3084 taurus,
2836 3015 3255 3072 immolabatur
3300 3016 3471 3085 aries,
3505 3018 3618 3073 im-

1969 3104 2300 3161 molabatur
2329 3106 2547 3160 hircus.
2581 3105 2718 3161 Tria
2747 3105 3229 3175 immolabantur,
3263 3109 3321 3162 et
3347 3107 3621 3164 universa

1966 3198 2213 3250 cornuta
2263 3197 2422 3249 sunt.
2473 3193 2596 3250 Nisi
2644 3194 2801 3250 enim
2849 3195 3064 3268 aliquis
3111 3195 3384 3251 habuerit
3437 3212 3620 3253 cornu

195 3306 462 3364 quaerere
510 3288 763 3344 rationes
821 3286 1189 3359 singularum
1247 3302 1581 3354 causarum,
1625 3290 1682 3341 et
1728 3287 1858 3358 ipsa
1889 3265 1930 3331 (ἶ
1967 3283 2027 3338 in
2057 3300 2172 3354 quo
2204 3283 2472 3339 inimicos
2501 3283 2761 3350 ventilet,
2791 3301 2908 3340 non
2941 3287 3030 3340 est
3058 3284 3276 3356 dignus
3324 3284 3619 3342 immolari

195 3379 373 3453 longe
391 3379 542 3434 facta
553 3382 640 3434 est
655 3394 688 3432 a
701 3375 1054 3449 me,longius
1077 3374 1261 3430 multo
1278 3392 1454 3446 quam
1469 3375 1726 3441 erat,hoc
1745 3379 1854 3447 est,

197 3468 553 3540 sapientiam
586 3483 762 3538 quam
794 3470 927 3520 ante
960 3481 1074 3520 non
1104 3464 1428 3534 inquirens,
1463 3464 1806 3535 ignorabam
1838 3483 1850 3533 ;

197 3562 402 3629 postea
431 3572 686 3628 quaerere
717 3555 884 3626 empi,
916 3571 1092 3626 quam
1123 3553 1380 3609 invenire
1421 3571 1534 3609 non
1567 3558 1851 3625 poteram.

276 3668 305 3696 «
334 3645 440 3700 Vir
467 3645 753 3716 insipiens
785 3662 900 3700 non
932 3643 1251 3715 cognoscit,
1285 3648 1341 3697 et
1373 3642 1592 3698 stultus
1615 3660 1730 3698 non
1764 3644 1852 3698 in-

196 3733 414 3807 telligit
442 3734 580 3788 haec.
619 3756 639 3782 ιο
675 3733 1018 3804 Quicunque
1050 3749 1164 3787 non
1197 3737 1285 3787 est
1317 3731 1772 3797 Christianus,et
1793 3732 1853 3787 in

196 3823 478 3896 operibus
509 3838 624 3876 non
654 3821 925 3891 intelligit
958 3823 1285 3876 Creatorem
1308 3820 1720 3893 isteinsipiens
1743 3814 1850 3877 est.

276 3935 303 3961 «
338 3911 485 3966 Cum
511 3909 690 3964 exorti
722 3910 939 3964 fuerint
972 3914 1304 3981 peccatores
1355 3909 1507 3965 sicut
1555 3910 1775 3965 fenum.
1825 3933 1852 3959 »

194 3998 416 4056 Vidisti
446 3999 850 4070 imperatores:
876 3997 1073 4053 vidisti
1103 3998 1400 4069 przefectos
1426 4015 1438 4065 ;
1472 3997 1668 4054 vidisti
1691 4015 1856 4054 exer-

197 4090 383 4156 citus;
419 4086 616 4143 vidisti
641 4086 912 4143 victorias
960 4092 1017 4142 et
1067 4086 1419 4158 triumphos.
1456 4086 1587 4142 Heri
1632 4088 1764 4153 fuit,
1797 4091 1856 4143 et

199 4177 378 4234 hodie
409 4193 524 4233 non
556 4181 664 4232 est.
704 4197 726 4227 ι
778 4176 847 4231 Et
890 4176 1268 4249 apparuerint
1316 4193 1518 4231 omnes
1569 4176 1668 4246 qui
1718 4192 1852 4248 ope-

202 4270 410 4322 rantur
430 4266 892 4337 iniquitatem,ut
912 4264 1200 4322 intereant
1222 4265 1279 4320 in
1295 4265 1572 4321 saeculum
1597 4265 1853 4320 saeculi.»

200 4354 340 4412 Heri
373 4352 645 4426 apparuit
674 4353 840 4422 quasi
875 4355 1002 4424 ﬂos;
1034 4355 1208 4411 hodie
1239 4356 1344 4410 ﬂos
1373 4355 1498 4427 ipse
1536 4372 1651 4410 non
1703 4371 1858 4410 com-

201 4445 388 4516 paret.
425 4441 556 4496 Heri
607 4440 828 4494 virebat
877 4441 1076 4507 herba,
1128 4442 1300 4498 hodie
1351 4445 1565 4500 siccata
1603 4448 1709 4499 est.
1743 4443 1853 4500 Ubi

201 4537 293 4590 est
339 4530 441 4586 illa
490 4528 905 4602 pulchritudo?
951 4529 1105 4584 Nihil
1151 4531 1368 4586 bonum
1413 4536 1518 4603 est,
1552 4531 1665 4587 nisi
1699 4533 1852 4604 quod

1965 3373 2101 3428 Deo.
2136 3373 2451 3444 Propterea
2481 3377 2536 3428 et
2565 3372 2852 3429 Dominus
2883 3390 3064 3429 cornu
3096 3373 3332 3443 dicitur,
3379 3373 3472 3430 his
3518 3375 3620 3448 qui

1965 3463 2212 3517 credunt
2259 3461 2319 3516 in
2374 3478 2508 3516 eum
2544 3477 2555 3516 :
2590 3463 2661 3516 Et
2690 3461 2747 3516 in
2782 3461 3058 3518 cornibus
3105 3462 3297 3518 crucis
3327 3479 3446 3538 suae.
3476 3479 3620 3519 ven-

1963 3549 2152 3605 tilavit
2182 3550 2474 3606 inimicos.
2511 3551 2595 3605 lbi
2629 3550 2875 3606 confulit
2924 3550 3246 3620 diabolum,
3278 3555 3336 3607 et
3380 3563 3617 3608 omnem

1964 3640 2092 3710 ejus
2141 3640 2456 3695 exercitum
2490 3656 2505 3692 :
2539 3639 2806 3695 Christus
2855 3639 3093 3712 quidem
3140 3639 3453 3696 cruciﬁxus
3493 3645 3618 3697 erat

1965 3729 2021 3782 in
2051 3745 2292 3800 corpore
2321 3744 2332 3780 :
2369 3728 2469 3783 sed
2497 3744 2625 3783 vere
2655 3728 3032 3802 cruciﬁgebat
3052 3728 3133 3784 ibi
3157 3729 3615 3788 daamones.Non

1965 3817 2074 3872 fuit
2105 3833 2245 3871 crux
2280 3834 2292 3871 :
2329 3816 2428 3872 sed
2461 3816 2802 3888 triumphus
2850 3817 2980 3888 fuit,
3029 3818 3129 3874 sed
3171 3817 3447 3875 vexillum
3479 3819 3609 3876 fuit.

1964 3909 2276 3977 Propterea
2330 3905 2669 3961 conscendit
2698 3922 2953 3974 crucem,
2985 3909 3049 3961 ut
3096 3923 3202 3962 nos
3249 3908 3320 3963 de
3367 3910 3521 3963 terra
3549 3907 3611 3963 in

1965 3994 2151 4050 altum
2203 3993 2444 4050 tolleret.
2486 3998 2553 4049 Et
2596 3998 2737 4067 puto
2781 4011 3013 4051 crucem
3073 3994 3389 4051 Salvatoris
3434 3993 3610 4050 istam

1963 4100 2090 4139 esse
2122 4083 2340 4139 scalam
2373 4100 2550 4154 quam
2583 4083 2728 4138 vidit
2756 4084 2953 4139 Jacob.
3000 4084 3061 4138 In
3113 4083 3225 4140 ista
3274 4083 3433 4139 scala
3477 4084 3611 4139 des-

1964 4173 2289 4229 cendebant
2327 4171 2536 4244 angeli,
2587 4177 2644 4227 ct
2689 4172 3160 4228 conscendebant
3205 4171 3358 4243 (Gen.
3411 4189 3610 4231 XXVIII.

1965 4262 2074 4332 12).
2114 4264 2174 4317 In
2208 4262 2320 4316 ista
2351 4260 2528 4325 scala,
2578 4259 2686 4314 hoc
2733 4263 2823 4314 est
2871 4275 3062 4325 cruce,
3111 4259 3475 4316 descendunt
3507 4261 3610 4317 Ju-

1963 4351 2092 4416 daei,
2138 4355 2194 4405 et
2236 4333 2639 4405 conscendunt
2687 4347 2952 4421 gentiles.
2989 4371 3015 4397 ‹‹
3051 4348 3119 4404 Et
3148 4349 3499 4406 exaltabitur
3529 4350 3610 4406 si-

1965 4443 2062 4496 cut
2094 4437 2392 4495 unicornis
2440 4454 2619 4493 cornu
2665 4453 2883 4492 meum.
2917 4457 2943 4490 ο
2979 4437 3091 4492 Alii
3138 4438 3397 4496 habeant
3439 4439 3637 4512 plura

1964 4545 2225 4584 cornua:
2261 4543 2366 4600 ego
2398 4543 2580 4582 unum
2613 4526 2804 4582 solum
2844 4544 3020 4582 cornu
3071 4527 3277 4584 habeo.
3329 4527 3465 4583 Mihi
3507 4545 3613 4583 au-

202 4624 489 4677 aaternum
521 4617 790 4675 est.Nihil
813 4619 1029 4674 bonum
1058 4623 1165 4689 est,
1200 4619 1309 4674 nisi
1333 4621 1485 4692 quod
1511 4625 1853 4693 perpetuum
1886 4638 1932 4703 D
1963 4622 2071 4675 tem
2113 4617 2249 4672 absit
2297 4617 2530 4687 gloriari
2558 4617 2673 4671 nisi
2723 4618 2780 4671 in
2828 4633 2984 4674 cruce
3011 4616 3233 4674 Domini
3261 4633 3280 4672 :
3307 4633 3409 4688 per
3449 4633 3613 4689 quem

201 4713 313 4765 est.
347 4708 746 4779 Quodcunque
775 4707 953 4762 finem
986 4707 1181 4777 habet,
1215 4725 1318 4763 nec
1367 4709 1517 4764 inter
1563 4710 1717 4764 bona
1747 4727 1854 4765 nu-

207 4799 558 4855 merandum
610 4799 717 4854 est.
773 4796 920 4861 Quid
963 4796 1119 4852 enim
1161 4797 1304 4852 mihi
1345 4799 1601 4870 prodest,
1650 4797 1697 4853 si
1732 4797 1855 4854 heri

207 4887 513 4960 prefectus
563 4886 667 4953 fui,
699 4889 755 4941 et
803 4884 976 4941 hodie
1008 4885 1160 4941 fame
1192 4885 1454 4943 morior?
1503 4887 1650 4953 Quid
1699 4886 1854 4942 enim

210 4975 357 5033 mihi
390 4977 646 5048 prodest,
683 4975 731 5031 si
762 4975 1037 5030 anteriori
1068 4975 1161 5030 die
1192 4992 1291 5031 rex
1337 4977 1440 5043 fui,
1474 4981 1530 5031 et
1577 4975 1751 5031 hodie
1798 4976 1856 5031 in

211 5079 439 5122 carcere
469 5065 726 5120 morior?
757 5068 936 5120 Omne
961 5065 1114 5135 quod
1146 5065 1504 5136 praeteritum
1535 5069 1643 5136 est,
1685 5069 1741 5120 et
1790 5066 1855 5120 ﬁ-

213 5169 349 5211 nem
399 5153 596 5220 habet,
638 5152 785 5208 nihil
841 5157 947 5210 est.
999 5153 1414 5226 Unusquisque
1460 5159 1728 5212 nostrum
1786 5155 1858 5210 de

213 5243 424 5302 saeculo
454 5243 612 5300 venit
642 5243 714 5298 ad
747 5242 897 5298 hanc
917 5242 1290 5300 vitam.Alius
1323 5249 1567 5300 matrem
1600 5244 1858 5316 reliquit,

215 5334 362 5390 alius
392 5333 565 5402 filios,
600 5329 751 5387 alius
792 5348 1052 5400 uxorem,
1104 5332 1256 5388 alius
1303 5337 1593 5405 parentes.
1647 5333 1856 5389 Recor-

213 5424 421 5479 demur
449 5419 708 5479 infantiaa
740 5423 972 5486 nostrae,
1010 5423 1380 5480 recordemur
1411 5422 1854 5487 adolescentiae;

215 5512 588 5568 recordemur
603 5509 755 5580 quod
779 5507 1094 5579 aliquando
1116 5509 1496 5569 habuerimus
1519 5511 1774 5575 divitias,
1799 5515 1856 5565 et

217 5600 626 5673 unusquisque
675 5614 776 5671 pro
826 5596 1044 5652 viribus
1073 5599 1196 5655 suis
1222 5601 1429 5656 habuit
1459 5600 1613 5673 quod
1646 5599 1854 5672 potuit.

218 5691 359 5750 Ecce
371 5689 750 5750 transivimus
767 5687 838 5747 ad
856 5687 1006 5747 hanc
1023 5687 1336 5749 vitam.Ubi
1358 5695 1497 5749 sunt
1514 5691 1615 5748 illa
1633 5689 1860 5748 omnia?

1964 4707 2106 4762 mihi
2151 4706 2390 4761 mundus
2434 4706 2732 4776 cruciﬁxus
2776 4711 2878 4778 est,
2928 4709 2978 4762 ct
3024 4722 3122 4776 ego
3169 4704 3372 4761 mundo
3411 4704 3609 4778 (Galat.

1964 4813 2038 4867 VI,
2079 4797 2183 4865 14).

2039 4910 2065 4935 ‹‹
2123 4890 2190 4940 Et
2245 4888 2515 4941 senectus
2573 4899 2702 4939 mea
2759 4884 2818 4939 in
2875 4882 3277 4940 misericordia
3332 4882 3519 4939 uberi.
3582 4906 3611 4933 ››

1964 4978 2244 5032 Senectus
2327 4978 2529 5030 nostra
2602 4972 2726 5028 oleo
2801 4963 2903 5027 Dei
2987 4972 3232 5045 indiget.
3309 4972 3610 5038 Quomodo

1968 5065 2125 5120 enim
2175 5080 2416 5137 corpora
2460 5065 2663 5118 nostra
2719 5061 2952 5133 quando
3000 5059 3339 5119 laboramus
3383 5061 3614 5135 (loquor

1968 5153 2298 5226 simplicius
2347 5157 2583 5226 propter
2628 5149 3013 5223 simpliciores
3066 5151 3296 5218 fratres,
3349 5150 3447 5223 qui
3493 5166 3610 5207 non

1968 5247 2214 5316 possunt
2239 5240 2559 5312 intelligere
2589 5239 3224 5312 sublimius)quomodo
3254 5256 3496 5313 corpora
3515 5257 3614 5297 no-

1969 5332 2352 5404 stra,quando
2385 5331 2792 5400 laborant,non
2827 5328 3306 5400 reficiuntur,nisi
3338 5328 3613 5387 unctione

1968 5421 2076 5477 olei
2114 5439 2125 5475 :
2161 5420 2452 5493 quomodo
2497 5418 2693 5474 lumen
2749 5419 2901 5489 quod
2953 5418 3012 5474 in
3062 5418 3299 5476 lucerna
3347 5422 3456 5489 est,
3498 5417 3612 5473 nisi

1970 5511 2165 5565 oleum
2220 5508 2476 5573 miseris,
2527 5505 2966 5579 exstinguitur:
3000 5509 3084 5564 sic
3113 5511 3170 5564 et
3196 5507 3396 5565 lumen
3444 5521 3609 5562 sene-

1969 5600 2144 5654 ctutis
2171 5597 2462 5668 mece,oleo
2495 5601 2551 5652 et
2583 5595 2983 5652 misericordia
3011 5597 3111 5654 Dei
3141 5597 3365 5669 indiget
3394 5599 3457 5650 ut
3485 5610 3609 5650 cre-

1972 5692 2114 5747 scat.
2148 5687 2411 5759 Denique
2458 5690 2516 5743 et
2562 5685 2808 5758 apostoli
2855 5687 3180 5747 ascendunt
3234 5687 3293 5746 in
3352 5686 3611 5742 montem
