3976 6188
342 412 489 473 1171

1848 419 2265 480 APPENDIX.

3591 415 3754 476 “'72

339 550 568 618 Oliveti,
601 554 666 608 ut
722 549 996 623 quoniam
1036 548 1176 608 lassi
1208 554 1392 622 erant,
1426 555 1483 608 et
1510 550 1847 637 indigebant
1893 551 1981 608 lu-
2014 555 2068 621 Α
2097 567 2225 609 esse
2260 571 2272 608 :
2307 568 2438 609 cum
2493 553 2939 628 migraverimus
2985 553 3055 610 ad
3101 565 3283 627 regna
3317 550 3628 617 castorum,
3682 550 3755 605 ad

338 657 523 698 cernas
555 641 814 714 ipsorum
847 639 970 696 oleo
1000 639 1252 708 Domini,
1286 642 1357 697 de
1405 641 1530 698 oleo
1569 642 1794 698 Domini
1844 642 1984 698 illu-

337 731 657 787 minentur:
702 730 863 785 Unde
920 730 1060 784 dicit
1101 735 1157 785 et
1197 732 1396 801 justus
1431 750 1442 787 :
1479 733 1589 803 Ego
1621 737 1805 788 autem
1843 734 1988 787 sicut

339 822 487 877 oliva
542 821 836 890 fructi/era
892 822 952 874 in
1020 819 1177 875 domo
1234 821 1460 876 Domini
1506 822 1672 893 (Psal.
1735 839 1808 889 LI,
1873 822 1980 893 10),

337 909 410 965 Et
458 907 518 963 in
565 908 676 963 alio
735 907 859 963 loco
914 907 1126 964 dicitur
1178 926 1189 964 :
1243 908 1381 966 Filii
1428 911 1514 966 tui
1567 913 1704 966 sicut
1755 911 1984 969 novellae

337 995 612 1067 olivarum
643 999 702 1051 in
731 999 970 1053 circuitu
1011 1012 1216 1054 mensae
1271 1007 1379 1055 tuae
1428 1000 1601 1070 (Psal.
1653 1015 1861 1067 cxxvu,
1904 1001 1978 1072 3).

335 1084 545 1141 Nullus
576 1085 726 1141 alius
757 1101 927 1141 mons
960 1090 1102 1156 erat,
1135 1087 1206 1141 de
1235 1104 1350 1158 quo
1395 1088 1658 1144 ascendit
1702 1089 1983 1144 Dominus

339 1187 518 1246 regna
549 1174 848 1244 ccnlorum,
877 1175 989 1231 nisi
1022 1192 1191 1231 mons
1222 1175 1468 1232 Oliveti?
1516 1177 1813 1249 Numquid
1867 1195 1980 1234 non

337 1268 462 1319 erat
484 1279 652 1319 mons
683 1263 992 1319 sublimior
1021 1263 1080 1319 in
1113 1264 1366 1332 Galilaea,
1399 1266 1670 1321 Thabor?
1703 1267 1848 1332 Quid
1883 1285 1979 1323 ne-

337 1366 498 1408 cesse
527 1352 638 1408 fuit
668 1357 732 1408 ut
765 1353 1077 1408 Dbminum
1111 1355 1180 1408 de
1211 1359 1405 1409 monte
1453 1355 1656 1410 Oliveti
1701 1373 1979 1411 conscen-

331 1441 496 1497 deret
525 1442 582 1496 in
617 1457 861 1514 regnum
921 1442 1238 1497 caelorum?
1266 1443 1374 1498 Sed
1406 1443 1534 1498 vide
1565 1445 1703 1514 quid
1743 1450 1800 1500 te
1831 1445 1982 1501 Scri-

331 1533 506 1601 ptura
537 1531 738 1585 doceat
772 1547 784 1586 :
819 1530 941 1584 Nisi
978 1531 1083 1584 tibi
1134 1536 1190 1584 et
1237 1529 1609 1602 lampadibus
1639 1533 1756 1588 tuis
1787 1532 1977 1589 oleum

333 1619 587 1689 miseris,
621 1636 735 1673 non
770 1619 983 1690 poteris
1016 1620 1328 1674 ascendere
1359 1620 1418 1674 in
1470 1634 1649 1691 regna
1678 1621 1976 1680 caelorum.

332 1705 520 1763 Debes
549 1722 675 1762 esse
706 1707 764 1760 in
799 1711 994 1762 monte
1024 1706 1248 1774 Oliveti,
1285 1712 1340 1763 et
1369 1725 1486 1763 non
1519 1709 1576 1763 in
1607 1708 1754 1765 valle
1788 1711 1976 1766 Oliva-

336 1811 492 1861 rum,
527 1795 626 1848 sed
661 1795 718 1848 in
753 1799 948 1850 monte
980 1795 1204 1851 Oliveti.
1242 1796 1399 1851 Dicat
1428 1797 1644 1870 aliquis
1678 1816 1690 1852 :
1726 1801 1860 1864 Quae
1892 1806 1979 1856 est

334 1882 447 1939 ieta
474 1882 641 1938 vallis
672 1882 1005 1939 Olivarum?
1033 1885 1218 1941 Habet
1248 1885 1517 1942 diabolus
1565 1887 1745 1943 olivas
1798 1906 1938 1944 suas
1963 1908 1974 1944 :

335 1970 509 2026 habet
537 1970 946 2044 philosophos;
982 1973 1158 2029 habet
1188 1974 1519 2041 haereticos;
1553 1975 1772 2032 habent
1792 1977 1974 2050 etipsi

332 2059 545 2116 oleum.
584 2062 653 2116 Et
682 2061 793 2133 ipsi
824 2061 1022 2118 lumen
1054 2063 1307 2118 scientiae
1341 2063 1710 2136 promittunt,
1743 2066 1843 2122 sed
1877 2066 1978 2122 illa

338 2148 551 2205 olivera
607 2151 665 2204 in
717 2151 1104 2223 perditionem
1155 2153 1498 2208 deducunt:
1552 2155 1751 2210 Oleum
1792 2164 1974 2212 autem

323 2232 624 2311 peccatoris
653 2256 762 2295 non
792 2243 1095 2312 i-mpinguet
1123 2251 1288 2314 caput
1315 2259 1497 2298 meum
1521 2243 1690 2315 (Paul.
1737 2261 1862 2314 ch,
1893 2246 1973 2317 5.)

326 2327 444 2384 Nos
473 2344 608 2400 ergo
641 2346 912 2401 rogemus
943 2329 1281 2400 Dominum,
1331 2337 1394 2386 ut
1443 2337 1709 2388 senectus
1749 2339 1967 2403 nostra,

326 2420 384 2470 et
409 2417 601 2471 omnis
631 2423 827 2472 nosler
855 2416 1038 2482 labor,
1092 2422 1148 2472 et
1205 2437 1408 2475 omnes
1455 2422 1707 2476 tenebrae
1738 2427 1965 2488 nostrae,

325 2502 449 2558 oleo
500 2504 729 2558 Domini
778 2504 1206 2560 illuminentur.
1268 2507 1585 2580 Diligenter
1631 2511 1862 2565 attendo
1907 2511 1965 2565 in

324 2591 662 2662 Scripturis,
696 2592 793 2647 ubi
829 2593 1086 2664 primum
1121 2594 1357 2667 legerim
1391 2600 1964 2655 senectutem.Adam

321 2680 656 2753 nongenitis
685 2680 930 2754 triginta
959 2683 1129 2738 annis
1161 2683 1316 2751 vixit,
1341 2689 1397 2740 et
1427 2689 1624 2742 tamen
1654 2703 1828 2744 senex
1848 2705 1967 2744 non

321 2768 537 2824 dicitur
571 2787 583 2824 :
617 2769 1009 2826 Mathusalem
1058 2774 1369 2845 nongentis
1419 2775 1722 2847 sexaginta
1760 2793 1964 2834 novem

322 2858 494 2914 annis
522 2857 682 2927 vixit,
729 2863 786 2914 et
816 2875 990 2916 senex
1035 2877 1150 2916 non
1205 2862 1436 2918 dicitur.
1467 2863 1648 2919 Venio
1677 2883 1864 2938 usque
1893 2868 1964 2922 ad

321 2945 630 3015 diluvium,
665 2951 720 3003 et
750 2953 882 3020 post
911 2948 1195 3006 diluvium
1247 2968 1350 3023 per
1400 2969 1584 3008 annos
1638 2955 1816 3010 ferme
1855 2958 1967 3012 tria

322 3035 506 3104 milia,
541 3041 598 3092 et
628 3037 856 3093 nullum
883 3038 1114 3094 invenio
1146 3039 1244 3111 qui
1277 3041 1468 3097 dictus
1498 3047 1588 3098 est
1617 3059 1807 3099 senex.
1845 3045 1964 3100 Pri-

321 3141 456 3181 mus
510 3126 804 3181 Abraham
857 3144 1032 3183 senex
1083 3128 1298 3184 dicitur
1329 3147 1341 3184 :
1375 3135 1433 3186 et
1463 3136 1615 3188 certe
1645 3133 1830 3190 multo
1862 3134 1966 3190 mi-

320 3214 481 3268 noris
512 3215 697 3268 aetatis
727 3215 835 3269 fuit
863 3232 1040 3286 quam
1073 3217 1477 3274 Mathusalem.
1519 3221 1627 3275 Sed
1663 3227 1966 3294 prepterea

319 3299 534 3356 dicitur
565 3305 1043 3374 seuex,quoniam
1075 3310 1346 3362 scnectus
1373 3307 1561 3379 ipsius
1593 3310 1835 3366 inuncta
1857 3312 1968 3367 fuit
1997 3294 2039 3361 (ἶ

317 3390 442 3446 oleo
482 3391 940 3466 'uberi.Denique
991 3395 1275 3467 scriptum
1326 3401 1415 3452 est
1462 3398 1541 3452 ibi
1579 3415 1592 3451 :
1626 3401 1688 3453 Et
1715 3404 1964 3456 mortuus

315 3485 394 3536 est
447 3482 740 3550 Abraham,
791 3485 1031 3538 nutritus
1079 3486 1139 3539 in
1185 3490 1457 3542 senectute
1515 3487 1692 3550 bona;
1745 3489 1962 3560 plenus,

317 3569 532 3640 inquit,
561 3571 776 3626 dierum
803 3571 956 3640 (Gen.
989 3591 1117 3644 xxv,
1149 3575 1224 3645 8).
1259 3578 1570 3648 Propterea
1600 3577 1658 3631 in
1700 3583 1965 3634 senectu-

315 3661 372 3711 te
401 3658 574 3724 bona,
609 3660 886 3729 quoniam
919 3660 1126 3731 plenus
1159 3662 1600 3721 dierum.0mne
1629 3666 1783 3721 enim
1816 3671 1963 3724 tem-

317 3761 428 3816 pus
457 3745 581 3799 vitze
611 3745 820 3818 ipsius,
855 3749 980 3803 dies
1009 3750 1267 3817 fuerunt,
1300 3757 1358 3808 et
1391 3771 1505 3809 non
1539 3771 1668 3810 nox.
1722 3757 1836 3812 Hoc
1879 3757 1967 3830 ip-

317 3849 450 3889 sum
482 3835 637 3905 quod
671 3834 894 3891 dictum
927 3842 1016 3891 est
1046 3839 1118 3892 de
1149 3841 1465 3910 Abraham,
1499 3843 1723 3899 dictum
1771 3849 1860 3901 est
1898 3846 1969 3901 de

316 3923 477 3979 Isaac
506 3927 564 3978 et
595 3924 665 3978 de
695 3923 894 3979 Jacob.
929 3925 1035 3990 Qui
1069 3927 1226 3980 enim
1258 3929 1436 3984 simul
1487 3933 1810 3989 servierunt
1859 3935 1968 3990 Do-

323 4010 505 4077 mino,
536 4017 692 4067 recte
725 4011 902 4067 simul
933 4030 1102 4070 senes
1132 4015 1363 4070 Domini
1393 4025 1866 4091 nuncupantur.«
1900 4024 1972 4079 Ut

322 4102 530 4157 cedrus
563 4101 767 4157 Libani
801 4101 1585 4178 multiplicabitur,»lignum
1617 4108 1762 4164 bene
1785 4108 1968 4180 olens,

317 4189 543 4261 lignum
578 4192 733 4245 unde
763 4191 968 4263 templi
1016 4195 1166 4248 tecta
1215 4196 1480 4249 contecta
1529 4201 1686 4251 sunt.
1721 4219 1748 4247 ‹‹
1782 4198 1854 4254 Ut
1878 4216 1968 4254 ce-

322 4279 464 4332 drus
496 4277 698 4332 Libani
736 4278 1248 4352 multiplicabitur,
1276 4305 1304 4332 »
1332 4281 1557 4356 lignum
1591 4285 1970 4358 imputribile.

400 4388 426 4414 ‹‹
458 4365 708 4420 Plantati
737 4368 796 4421 in
827 4371 999 4425 domo
1030 4370 1262 4426 Domini
1297 4390 1309 4427 :
1344 4371 1400 4427 in
1434 4373 1597 4430 atriis
1643 4377 1738 4430 Dei
1790 4380 1972 4433 nostri

327 4454 634 4511 ﬂorebunt.
674 4478 701 4503 ››
749 4456 898 4512 Alibi
953 4458 1305 4530 plantamur,
1358 4463 1417 4518 in
1473 4481 1649 4537 regno
1696 4466 1972 4523 caelorum

327 4545 687 4600 ﬂorebimus.
742 4549 850 4617 Ego
899 4562 1024 4602 vero
1073 4548 1362 4619 plantavi;
1392 4554 1584 4624 Apollo
1633 4557 1853 4626 rigavit,
1885 4558 1976 4613 sed

326 4634 596 4690 Dominus
627 4636 1024 4690 incrementum
1055 4636 1202 4692 dedit
1250 4641 1297 4709 (I
1343 4639 1464 4695 Cor.
1520 4659 1603 4709 ill,
1635 4645 1712 4715 6).
1746 4644 1976 4701 Planta-
2011 4656 2056 4722 1)

327 4727 425 4778 tus
483 4723 542 4776 in
593 4723 766 4779 domo
816 4724 1070 4793 Domini,
1103 4726 1212 4781 hoc
1255 4732 1344 4783 est
1391 4729 1450 4784 in
1501 4729 1755 4787 Ecclesia
1801 4752 1813 4789 :
1862 4751 1976 4790 non

333 4812 540 4878 muris,
575 4813 674 4867 sed
706 4811 764 4867 in
798 4813 1190 4884 dogmatibus.
1242 4818 1483 4889 Regnum
1529 4823 1677 4875 enim
1723 4823 1841 4890 Dei,
1882 4823 1975 4879 in-

330 4901 481 4974 quit,
513 4903 664 4957 intra
697 4918 786 4958 vos
817 4913 896 4958 est
927 4904 1078 4974 (Luc.
1111 4921 1247 4972 xvu,
1281 4908 1392 4974 21).
1427 4908 1770 4981 Quicunque
1813 4912 1977 4984 plan-

332 4993 492 5045 tatus
524 4990 699 5045 fuerit
727 4990 787 5046 in
820 4993 993 5047 domo
1025 4992 1337 5062 Domini,si
1371 4997 1465 5052 hic
1488 4999 1713 5055 radices
1736 5001 1979 5069 miserit,

332 5077 416 5133 ibi
474 5079 644 5134 ﬂores
693 5081 879 5136 aﬂ‘ert.
916 5081 1220 5138 «Plantati
1269 5085 1326 5138 in
1380 5085 1554 5141 domo
1603 5087 1871 5158 Domini;
1922 5091 1980 5145 in

337 5165 503 5221 atriis
539 5168 631 5222 Dei
666 5169 848 5224 nostri
882 5170 1197 5228 ﬂorebunt.
1242 5195 1268 5221 ››
1303 5173 1419 5230 Ista
1472 5179 1609 5230 sunt
1656 5182 1872 5234 aeterna
1901 5183 1983 5234 ta-

338 5255 669 5311 bernacula.
713 5258 846 5322 Qum
899 5264 1038 5315 sunt
1082 5261 1197 5316 ista
1244 5264 1432 5318 atria?
1483 5264 1724 5321 Diversae
1755 5267 1812 5323 in
1845 5267 1984 5324 cmlo

339 5344 696 5400 mansiones.
733 5347 919 5402 Simul
951 5351 1136 5405 videte
1167 5351 1303 5422 quid
1335 5352 1490 5407 dicat
1521 5370 1533 5407 :
1576 5377 1594 5401 σ
1635 5355 1880 5412 Plantati
1925 5357 1983 5412 in

340 5433 515 5487 domo
550 5436 776 5490 Domini
810 5453 821 5491 ε
857 5438 916 5491 in
949 5440 1116 5496 atriis
1149 5440 1246 5496 Dei
1284 5441 1467 5496 nostri
1494 5443 1847 5499 ﬂorebunt.»
1881 5446 1985 5501 Hic

339 5523 552 5578 domus
584 5528 672 5577 est
701 5542 712 5578 :
747 5524 825 5578 ibi
860 5528 1070 5582 atrium
1106 5533 1214 5585 est.
1251 5529 1455 5585 Debuit
1487 5531 1684 5604 utique
1726 5531 1980 5606 primum

338 5611 531 5666 dicere
561 5613 883 5668 secundum
913 5616 1200 5682 ordinem,
1233 5619 1443 5674 atrium
1483 5636 1494 5672 :
1530 5625 1587 5674 et
1614 5621 1695 5676 sic
1718 5623 1984 5678 domum.

337 5699 448 5756 Sed
483 5701 666 5757 videte
699 5703 838 5774 quid
873 5702 1043 5758 dicat.
1079 5704 1180 5758 Hic
1213 5705 1345 5760 licet
1393 5706 1694 5763 videamur
1728 5710 1786 5764 in
1813 5711 1985 5766 domo

2093 643 2590 716 comparationem
2623 642 3048 717 angelorum,et
3067 643 3351 698 virtutum
3374 646 3752 708 ceterarum,

2093 748 2209 788 non
2239 748 2446 787 sumus
2477 731 2533 786 in
2568 733 2761 801 domo,
2795 735 2894 787 sed
2925 732 2984 786 in
3015 731 3160 786 atrio
3191 745 3401 786 sumus
3431 745 3444 782 :
3478 728 3541 782 in
3572 726 3753 781 initio

2093 837 2320 887 sumus,
2356 837 2471 876 non
2497 821 2554 875 in
2587 820 2958 893 perfectione.
2991 819 3117 875 Non
3166 819 3322 874 enim
3370 817 3601 874 erimus
3654 834 3758 871 an-

2092 908 2226 981 geli,
2279 909 2378 965 sed
2431 908 2596 981 qnasi
2646 908 2837 981 angeli
2887 905 3094 980 (Matth.
3126 921 3264 976 xxu,
3313 907 3427 977 30).
3476 905 3611 961 Non
3647 906 3754 961 tibi

2091 998 2260 1069 quasi
2293 1014 2500 1070 parum
2529 997 3062 1065 videaturhomo,si
3091 996 3242 1052 sicut
3257 993 3521 1068 "angelus
3545 994 3748 1050 fueris.

2169 1106 2191 1134 α
2229 1087 2434 1142 Adhuc
2483 1086 3035 1160 multiplicabuntur
3081 1086 3140 1142 in
3189 1090 3424 1142 senecta
3471 1083 3672 1138 uberi.
3725 1105 3750 1131 ι

2094 1175 2247 1232 Felix
2276 1175 2374 1233 ille
2405 1177 2504 1249 qui
2537 1177 2744 1232 crescit
2771 1175 3056 1248 quotidie,
3106 1175 3207 1246 qui
3253 1173 3514 1230 senescit
3559 1175 3752 1237 etate,

2092 1265 2346 1322 senescit
2375 1269 2431 1321 et
2460 1265 2796 1320 virtutibus.
2852 1267 2978 1320 Hec
3037 1263 3271 1320 interim
3325 1263 3397 1318 de
3456 1261 3752 1318 Psalterio

2091 1355 2346 1410 diximus
2379 1373 2391 1411 :
2426 1354 2601 1410 locuti
2632 1371 2841 1410 sumus
2869 1359 2924 1409 et
2954 1354 3024 1409 de
3056 1350 3363 1425 Evangelio
3411 1364 3632 1423 pauca,
3665 1351 3750 1404 di-
3795 1392 3797 1396 .

2087 1445 2284 1500 ximus
2312 1461 2544 1517 quoque
2574 1449 2631 1499 et
2659 1443 2728 1499 de
2769 1443 3057 1515 Apostolo.
3108 1442 3353 1498 Oremus
3397 1437 3746 1502 Dominum,

2091 1538 2155 1587 ut
2183 1550 2354 1589 omne
2385 1534 2539 1606 quod
2571 1533 2826 1588 diximus
2857 1548 2984 1597 nos,
3015 1536 3072 1587 et
3099 1547 3228 1602 quae
3259 1527 3539 1594 audistis,
3576 1545 3751 1600 opere

2088 1621 2509 1692 compleamus,
2551 1626 2608 1677 et
2649 1622 2825 1676 verba
2869 1624 3164 1677 vertamus
3195 1618 3250 1674 in
3284 1631 3465 1691 Opera
3499 1633 3515 1672 :
3548 1623 3616 1672 ut
3649 1618 3746 1688 qui

2089 1709 2180 1765 hic
2214 1710 2456 1782 plantati
2488 1727 2696 1766 sumus
2721 1711 2781 1766 in
2812 1710 2984 1765 domo
3018 1709 3272 1777 Domini,
3303 1707 3362 1762 in
3395 1705 3555 1762 atria
3583 1705 3746 1762 Chri-

2089 1799 2163 1854 sti
2194 1799 2505 1856 ﬂoreamus
2539 1816 2552 1854 :
2585 1799 2676 1855 cui
2710 1800 2786 1855 sit
2818 1798 3004 1871 gloria
3031 1797 3092 1853 in
3120 1795 3331 1853 saecula
3362 1794 3742 1851 seculorum.

2090 1891 2294 1944 Amen.

2643 1977 2974 2034 PSALMUS
3013 1975 3176 2032 XCII.

2083 2067 2226 2144 Laus
2255 2068 2460 2144 cantici
2489 2069 2598 2140 ipsi
2626 2068 2798 2144 David
2827 2070 2887 2144 in
2916 2067 3004 2124 die
3033 2073 3160 2144 ante
3193 2062 3745 2144 εαὸὺαιανη,ςυρηάᾳ

2155 2138 2396 2217 [ιιηάᾳίαῄ
2434 2137 2724 2217 est'_terra.
2777 2141 2890 2217 Iste
2937 2137 3444 2217 psalmus‘vocem
3477 2137 3744 2217 coptinet

2154 2210 2474 2282 Prophetas,
2493 2210 2765 2266 virtutem
2797 2208 2972 2282 atque
3004 2208 3501 2282 magniﬁcentiam
3533 2208 3736 2260 Domi-

2154 2280 2215 2335 ni
2246 2283 2630 2341 decantantis.

2157 2391 2178 2417 ι
2213 2369 2497 2426 Dominus
2527 2371 2809 2443 regnavit,
2839 2371 3107 2428 decorem
3139 2367 3350 2424 induit.
3388 2390 3419 2416 ››
3445 2372 3594 2421 Cum
3643 2380 3730 2420 re-

2079 2473 2327 2529 surgens
2357 2476 2393 2514 a
2421 2459 2691 2525 mortuis,
2725 2463 3061 2515 sanctorum
3093 2457 3205 2514 sibi
3234 2457 3483 2513 chorum
3518 2455 3726 2526 adjun-

2075 2545 2160 2600 xit
2193 2561 2206 2602 :
2244 2569 2264 2596 ι
2301 2548 2499 2604 Induit
2525 2548 2810 2605 Dominus
2841 2547 3263 2605 fortitudinem.
3291 2568 3318 2595 η
3348 2545 3503 2610 Quia
3533 2544 3729 2599 diem

2076 2632 2201 2690 lum
2231 2638 2542 2707 oppressit.
2581 2659 2602 2686 ιι
2636 2642 2703 2692 Et
2731 2637 3030 2710 praecinxit
3057 2651 3119 2692 se
3147 2635 3382 2692 virtute.
3420 2657 3442 2684 ι
3479 2632 3727 2699 Quando

2077 2723 2452 2782 multitudine
2472 2725 2735 2800 angelica
2762 2725 3182 2795 circumdatus,
3206 2721 3489 2780 remeavit
3519 2723 3596 2778 ad
3631 2721 3732 2778 Pa-

2074 2817 2244 2868 trem.

2153 2923 2174 2952 ¢
2207 2903 2434 2959 Etenim
2466 2903 2720 2960 ﬁrmavit
2748 2904 2949 2960 orbem
2980 2908 3167 2974 terrae,
3190 2904 3290 2976 qui
3321 2920 3439 2959 non
3469 2919 3734 2960 commo-

2075 2992 2322 3047 vebitur.
2361 3016 2388 3042 ››
2423 2993 2718 3060 Instabilis
2758 2994 2934 3064 enim,
2969 2998 3027 3049 et
3055 2994 3290 3050 mobilis
3329 2997 3489 3049 esset
3541 2993 3730 3048 adhuc

2075 3079 2190 3136 nisi
2212 3098 2320 3136 sua
2350 3081 2557 3138 fuisset
2585 3083 3007 3139 resurrectione
3039 3084 3328 3138 ﬁrmatus.

2151 3193 2172 3220 α
2207 3170 2414 3227 Parata
2445 3172 2614 3227 sedes
2645 3177 2763 3228 tua.
2793 3195 2813 3222 ι
2851 3174 2915 3227 In
2941 3172 3253 3227 animabus
3304 3171 3603 3226 sanctis...
3652 3176 3734 3225 Tn

2079 3258 2236 3315 enim
2267 3259 2613 3332 praeelegisti
2653 3277 2751 3316 eas
2802 3265 2937 3317 ante
2985 3260 3463 3316 constitutionem
3497 3261 3733 3330 mundi,

2078 3351 2143 3402 ut
2171 3353 2368 3404 essent
2395 3364 2581 3421 genus
2610 3348 2915 3404 electum.«
2938 3353 3006 3404 Et
3033 3353 3172 3404 tunc
3203 3365 3238 3404 a
3265 3348 3476 3405 saeculo
3510 3353 3581 3404 tu
3603 3366 3686 3405 es.
3707 3370 3731 3396 η

2075 3439 2143 3490 Et
2174 3443 2309 3492 ante
2338 3437 2821 3494 resurrectionem
2857 3437 3080 3493 mundi.

2149 3548 2176 3574 «
2227 3523 2613 3582 Elevaverunt
2662 3525 2927 3595 ﬂumina,
2978 3527 3221 3583 Domine
3281 3543 3294 3581 :
3353 3525 3736 3582 elevaverunt

2077 3615 2325 3670 ﬂumina
2349 3631 2545 3670 vocem
2578 3633 2768 3672 suam.
2805 3638 2834 3667 »
2863 3617 3127 3689 Apostoli
3158 3633 3171 3670 :
3208 3633 3462 3688 quorum
3508 3616 3733 3672 ﬂuenta

2077 3703 2583 3776 praadicationum,
2625 3705 2928 3762 ariditates
2986 3704 3251 3781 gentium
3312 3705 3730 3777 irrigaverunt.

2080 3815 2108 3843 ‹‹
2141 3795 2186 3848 Α
2214 3792 2455 3848 vocibus
2502 3809 2789 3865 aquarum
2840 3794 3183 3851 multarum.
3221 3816 3244 3844 ι
3277 3793 3731 3851 Detrahentium

2079 3881 2449 3954 populorum.

2151 3992 2180 4020 ‹‹
2230 3970 2526 4027 Mirabiles
2573 3970 2852 4028 eletiones
2900 3972 3101 4028 maris.
3137 3994 3165 4022 ι)
3197 3973 3259 4028 In
3299 3971 3501 4028 saeculi
3553 3972 3732 4044 huius

2080 4059 2375 4117 ﬂuctibus.
2409 4083 2438 4111 ‹‹
2471 4059 2753 4116 Mirabilis
2783 4061 2842 4117 in
2872 4060 3006 4117 altis
3036 4061 3340 4120 Dominus.
3363 4085 3393 4111 ι(
3424 4061 3734 4118 Gloriosus

2080 4148 2344 4205 residens
2373 4149 2445 4204 ad
2477 4149 2772 4206 dexteram
2807 4149 3015 4206 Patris.

2158 4258 2178 4285 α
2214 4236 2575 4293 Testimonia
2598 4241 2717 4304 tua,
2747 4237 3010 4304 Domine,
3038 4238 3343 4294 credibilia
3387 4238 3549 4295 facta
3597 4244 3737 4296 sunt

2081 4323 2280 4381 nimis.
2318 4349 2344 4373 ››
2379 4329 2486 4380 Per
2511 4326 2806 4398 apostolos
2835 4331 2990 4383 tuos.
3023 4351 3050 4378 α
3084 4327 3335 4384 Domum
3364 4333 3534 4384 tuam
3568 4329 3739 4384 docet

2083 4414 2436 4484 sanctitudo,
2469 4416 2730 4485 Domine,
2764 4415 2825 4471 in
2863 4415 3230 4488 longitudine
3276 4417 3534 4472 dierum.
3569 4439 3602 4467 η
3633 4421 3734 4473 Bc-

2085 4501 2321 4558 clesiam
2354 4507 2517 4559 tuam
2550 4521 2725 4575 quam
2759 4499 3075 4563 exhibuistl
3103 4505 3210 4561 tibi
3259 4522 3374 4562 non
3417 4505 3736 4562 habentem

2088 4590 2378 4646 maculam
2411 4596 2514 4646 aut
2550 4609 2759 4664 rugam
2809 4595 3025 4666 (Ephes.
3071 4611 3126 4665 v,
3174 4595 3289 4665 27),
3338 4594 3398 4649 in
3449 4611 3576 4667 qua
3631 4611 3740 4651 nos

2087 4679 2344 4752 digneris
2404 4681 2658 4737 mundos
2717 4699 2782 4737 ac
2836 4682 3176 4756 splendidos
3233 4682 3568 4751 custodire;
3639 4700 3740 4740 nec

2088 4767 2344 4838 polluere
2371 4767 2650 4840 baptismi
2679 4770 2948 4842 gratiam,
2983 4787 3086 4843 per
3132 4772 3287 4849 quod
3333 4771 3391 4827 in
3439 4778 3498 4828 te
3553 4774 3738 4829 renati

2091 4873 2300 4912 sumus
2333 4858 2404 4912 ad
2433 4858 2609 4914 vitam
2645 4875 2657 4913 :
2693 4860 2836 4932 quia
2864 4861 2970 4915 tibi
3011 4866 3100 4917 est.
3141 4877 3275 4917 cum
3323 4866 3544 4918 (sterno
3579 4863 3744 4918 Patre

2088 4949 2146 5000 et
2175 4945 2384 5016 spiritu
2415 4947 2838 5015 sancto,honor
2866 4955 2924 5005 et
2947 4949 3140 5022 gloria
3169 4950 3228 5005 in
3259 4949 3474 5006 secula
3503 4950 3744 5008 saeculo-

2090 5050 2243 5090 rum.
2273 5037 2476 5090 Amen.

2635 5125 2964 5182 PSALMUS
3003 5125 3190 5182 XCIII.

2090 5212 2340 5288 Periimus
2397 5213 2566 5268 David
2613 5218 2822 5288 quarta,
2853 5215 3390 5288 Sgblgati.__Semper
3447 5217 3521 5272 de
3557 5215 3743 5288 _titulo

2162 5284 2558 5366 disputamus,
2688 5301 2755 5340 ex
2784 5284 3343 5366 titulo_ir_itel_ligatur
3371 5285 3740 5366 etpsalm’us.

2165 5354 2428 5439 fidimus
2478 5354 2648 5439 Dauid
2677 5361 2886 5439 quarta
2935 5354 3740 5439 Sabbnti._Qnar_ta_’_Sahbati,

2163 5427 2221 5480 in
2256 5427 2446 5501 medio
2468 5427 2714 5501 'Sabbati
2735 5428 3129 5501 estzqnasigin
3157 5430 3328 5501 corde
3353 5430 3744 5501 Sabbuti,hnc

2165 5501 2253 5552 est
2283 5498 2341 5552 in
2375 5498 2566 5572 medio
2596 5498 3000 5572 hebdomadis.
3031 5499 3168 5556 Dies
3195 5500 3352 5572 enim
3375 5498 3738 5572 quartae“.

2164 5574 2220 5646 et
2252 5574 2460 5646 quarta
2486 5570 2820 5646 _dies_habet
2847 5587 2916 5627 ex
2960 5575 3233 5646 utroque_
3254 5569 3453 5646 latere
3483 5572 3737 5646 aequales

2165 5639 2500 5697 dies.Habet
2543 5640 2700 5698 enim
2733 5659 2799 5698 ex
2824 5659 2941 5698 uno
2969 5639 3150 5698 latere
3179 5641 3333 5698 diem
3368 5639 3738 5708 primum,se-

2165 5711 2444 5783 cundum,
2478 5713 2715 5770 tertium
2751 5717 2850 5769 :et
2896 5725 2964 5770 ex
2993 5712 3104 5770 alio
3149 5711 3331 5771 latere
3359 5711 3538 5773 habet
3577 5714 3732 5771 diem
