3976 6188
235 385 383 446 ΗἿ3

1394 383 1892 447 BREVIARIUM
1937 383 2017 445 IN
2062 383 2446 445 PSALMOS.

3469 380 3625 443 H74

301 515 602 599 quintum,
623 518 875 599 sextum,
899 515 1237 599 septimum.
1261 514 1483 599 Videtis
1503 519 1868 599 igiturquc-
1899 521 1953 584 Α
1983 517 2320 587 novissima,
2354 534 2468 574 non
2519 532 2688 590 agere
2735 512 3160 590 paenitentiam.
3192 512 3292 576 Isti
3323 531 3460 590 ergo
3489 530 3622 588 pec-

302 587 460 660 niam
507 587 633 661 dies
681 594 906 661 quarta,
956 587 1064 645 hoc
1110 594 1198 645 est
1245 594 1452 660 quarta
1502 587 1760 655 sabbati,
1803 603 1871 661 ex

302 659 549 732 utroque
581 659 759 733 latere
789 661 1006 733 duplici
1039 659 1299 716 trinitate
1331 661 1616 716 ﬁrmatur.
1653 660 1868 714 Simul-

301 747 416 804 que
463 731 974 804 considerandum
1050 733 1187 804 quia
1260 738 1528 804 quartus,
1589 747 1869 786 numerus

297 803 511 858 virtute
539 803 808 859 decimus
837 810 942 858 est.
979 803 1326 870 Quomodo?
1361 805 1408 859 si
1440 803 1595 858 enim
1629 819 1869 874 compu-

298 879 410 940 tes,
443 879 500 930 et
543 875 806 930 ordinem
858 875 1034 931 facias
1068 892 1080 930 :
1129 893 1336 942 unum,
1386 877 1521 940 duo,
1554 881 1692 937 tres,
1725 891 1868 944 qua-

300 950 455 1016 tuor,
487 947 751 1002 decimus
799 963 1079 1005 numerus
1117 947 1386 1003 efﬁcitur.
1421 946 1664 1002 Vidistis
1695 945 1873 1017 igitur

302 1021 580 1089 quoniam
627 1022 872 1089 quartus
921 1035 1200 1074 numerus
1249 1018 1425 1075 efﬁcit
1466 1018 1783 1089 decimum,
1816 1020 1872 1089 et

301 1088 664 1162 considerate
694 1106 762 1144 ex
799 1090 907 1145 hoc
943 1107 954 1143 :
1009 1090 1148 1161 quia
1191 1096 1438 1162 quatuor
1471 1088 1781 1162 Evangelia
1809 1088 1868 1142 in

299 1159 575 1233 decalogo
602 1159 1044 1233 computantur;
1061 1168 1126 1216 ut
1151 1159 1542 1233 quodcunque
1571 1159 1874 1216 dicebatur

301 1231 360 1312 in
394 1231 690 1312 decalogo,
723 1231 832 1312 hoc
861 1231 1223 1312 compleatur
1251 1234 1311 1312 in
1343 1231 1595 1312 quatuor
1621 1233 1874 1312 Evange-

297 1303 417 1372 liis,
447 1308 515 1375 ut
565 1320 677 1360 non
726 1303 1034 1360 dissentiat
1079 1304 1172 1360 lex
1219 1303 1384 1361 vetus
1429 1307 1500 1361 ab
1541 1303 1874 1375 evangelica

299 1373 604 1446 dignitate.
641 1375 738 1430 llic
789 1375 1022 1432 interim
1069 1375 1324 1433 diximus
1375 1377 1447 1432 de
1495 1373 1873 1443 titulofnunc

298 1446 607 1502 veniamus
640 1447 710 1501 ad
746 1447 1064 1518 psalmum.

303 1558 332 1585 «
364 1535 519 1591 Deus
551 1534 837 1592 ultionum
864 1538 1167 1603 Dominus,
1191 1537 1344 1593 Deus
1375 1537 1665 1592 ultionum
1695 1536 1875 1593 libere

229 1621 367 1694 egit.
403 1644 430 1672 ››
475 1623 583 1690 Qui
614 1627 777 1679 tanto
807 1628 1068 1696 tempore
1099 1624 1290 1696 latuit,
1322 1631 1378 1680 et
1408 1643 1523 1680 non
1556 1625 1873 1698 apparebat

227 1710 290 1766 in
323 1712 534 1785 populo
565 1730 578 1767 :
629 1717 827 1784 postea
875 1713 1056 1770 libere
1095 1715 1230 1787 egit.
1266 1715 1411 1778 Quia
1441 1720 1611 1770 antea
1638 1715 1873 1788 ignora-

228 1801 420 1872 batur,
454 1806 655 1874 postea
681 1803 1070 1875 triumphavit
1096 1803 1156 1858 in
1198 1821 1385 1860 cruce.
1439 1828 1465 1854 «
1498 1805 1651 1860 Deus
1701 1804 1874 1859 ultio-

230 1907 373 1946 num
420 1891 724 1948 Dominus.
759 1915 787 1941 »
841 1893 900 1948 Si
945 1893 1098 1948 Deus
1129 1892 1419 1949 ultionum
1451 1893 1736 1950 Dominus
1767 1898 1876 1959 est,

230 1979 364 2035 Mihi
418 1981 724 2037 vindictam
781 1986 832 2037 et
889 1999 984 2051 ego
1044 1985 1368 2049 retribuam,
1415 1983 1551 2039 dicit
1608 1987 1878 2040 Dominus

229 2067 404 2140 (Deut.
437 2088 614 2139 xxxu,
645 2071 757 2141 35),
809 2072 948 2143 quid
1000 2076 1054 2127 te
1104 2072 1269 2143 cupis
1309 2071 1624 2138 vindicare,
1655 2073 1879 2128 homo?

230 2157 422 2215 Habes
470 2159 721 2216 ultorem
765 2160 969 2214 Deum.
1005 2161 1153 2216 Dicit
1183 2161 1289 2215 hoc
1320 2165 1377 2215 et
1407 2161 1721 2232 Apostolus
1757 2178 1768 2216 :
1821 2163 1882 2216 Si

229 2249 491 2304 esurierit
540 2250 801 2303 inimicus
848 2252 991 2316 tuus,
1025 2250 1144 2304 ciba
1197 2250 1382 2304 illum.
1437 2250 1497 2304 Si
1520 2252 1656 2321 sitit,
1689 2250 1759 2305 da
1791 2252 1881 2305 illi

228 2343 438 2409 potum.
489 2338 611 2392 Haec
656 2339 806 2392 enim
856 2340 1085 2407 faciens,
1117 2341 1388 2394 carbones
1416 2339 1560 2408 ignis
1588 2356 1880 2410 congrega-

233 2426 313 2479 bis
360 2441 526 2498 super
568 2435 729 2498 caput
777 2427 892 2490 eius
943 2426 1118 2497 (Rom.
1149 2444 1251 2498 x11,
1282 2428 1395 2498 20).
1427 2427 1545 2484 Hoc
1576 2446 1692 2484 non
1723 2429 1878 2483 vide-

231 2519 331 2569 tur
361 2513 593 2587 pietatis
623 2532 770 2580 esse,
800 2517 901 2571 sed
931 2515 1314 2572 credulitatis.
1345 2517 1404 2572 Si
1431 2517 1584 2572 enim
1615 2518 1762 2573 bene
1797 2518 1880 2573 illi

232 2603 406 2671 facio,
437 2609 504 2660 ut
533 2604 616 2659 illi
658 2605 987 2661 malefaciat
1034 2610 1230 2662 Deus:
1283 2623 1398 2662 non
1445 2607 1600 2662 venit
1653 2607 1760 2662 hoc
1810 2609 1882 2664 de

229 2681 464 2766 pietate,
490 2695 590 2749 sed
623 2694 692 2749 de
723 2693 1065 2750 crudelitate
1098 2695 1331 2750 mentis.
1357 2697 1518 2760 Quod
1553 2696 1708 2751 enim
1742 2697 1882 2751 dicit

228 2781 548 2854 Apostolus
581 2798 593 2835 :
650 2782 705 2837 Si
750 2785 1010 2838 esui-ierit
1043 2785 1310 2839 inimicus
1339 2788 1488 2856 tuus,
1520 2786 1644 2841 ciba
1676 2787 1879 2853 illum;

232 2870 282 2927 si
311 2869 455 2942 sitit,
480 2871 554 2926 da
587 2869 668 2925 illi
701 2875 902 2944 potum
931 2891 942 2927 :
977 2871 1284 2945 hucusque
1307 2873 1537 2929 videtur
1558 2873 1881 2932 misericor-

229 2959 346 3015 dia.
380 2960 499 3015 Hoc
529 2976 660 3016 vero
692 2961 842 3032 quod
878 2960 1054 3016 infert
1087 2979 1099 3017 ε
1133 2962 1263 3017 Haec
1293 2963 1448 3018 enim
1481 2963 1719 3029 faciens,
1755 2981 1878 3018 car-

229 3049 413 3104 bones
443 3049 600 3122 ignis
643 3050 1025 3122 congregabis
1058 3067 1234 3122 super
1264 3055 1440 3123 caput
1469 3053 1618 3121 ejus.
1651 3051 1880 3106 Videris

115 3197 120 3200 ,
228 3138 389 3193 enim
421 3143 730 3211 propterea
760 3154 968 3210 panem
994 3139 1154 3206 dare,
1177 3143 1232 3193 et
1261 3156 1473 3210 aquam
1497 3140 1635 3194 dare
1661 3140 1879 3206 bibere,

229 3231 300 3282 ut
329 3225 425 3282 ille
457 3227 517 3281 in
548 3226 777 3283 saeculis
809 3231 1170 3299 torqueatur.
1203 3227 1271 3283 Et
1308 3227 1418 3283 hoc
1458 3227 1598 3283 dicit
1634 3234 1878 3300 Aposto-

228 3314 346 3388 lus,
371 3319 428 3371 et
449 3316 862 3371 misericordia:
885 3317 1228 3389 praedicator
1249 3316 1651 3372 crudelitatem
1675 3319 1883 3374 docet?

227 3404 355 3460 Non
409 3404 588 3477 igitur
633 3404 716 3459 sic
765 3403 1193 3477 accipiendum,
1227 3406 1327 3460 sed
1368 3405 1481 3464 alio
1512 3423 1711 3462 sensu.
1743 3407 1805 3462 Si
1835 3411 1884 3462 te

222 3496 463 3569 percutit
511 3495 791 3564 inimicus,
826 3503 886 3549 tu
933 3496 986 3550 ei
1019 3496 1202 3567 praebe
1242 3501 1295 3551 et
1325 3495 1554 3550 alteram
1584 3497 1881 3552 niaxillam

229 3583 440 3652 (Matth.
478 3601 529 3654 v,
554 3583 665 3653 39).
692 3583 749 3638 Si
780 3583 886 3638 tibi
917 3583 1014 3639 ille
1047 3583 1356 3652 malefacit,
1379 3589 1442 3639 tu
1475 3583 1559 3638 illi
1595 3584 1680 3640 fac
1709 3587 1876 3641 bene.

227 3671 292 3728 Si
341 3673 498 3728 enim
548 3672 656 3728 hoc
705 3672 931 3741 feceris,
964 3673 1246 3729 carbones
1297 3673 1454 3746 ignis
1498 3675 1879 3747 congregabis

223 3778 407 3834 super
453 3766 630 3833 caput
674 3763 822 3833 ejus.
866 3763 1027 3826 Quod
1077 3762 1237 3833 dicit,
1270 3763 1379 3817 hoc
1419 3767 1527 3829 est,
1561 3764 1876 3820 mundabis

221 3866 365 3906 eum
397 3867 430 3904 a
461 3854 715 3922 peccato.
746 3850 1019 3904 Vincitur
1049 3851 1203 3905 enim
1235 3851 1550 3906 crudelitas
1583 3850 1742 3906 illius
1773 3871 1872 3925 pa-

215 3937 432 3994 tientia
459 3942 582 3992 tua.
610 3938 667 3993 Si
702 3938 976 4011 sagittam
1005 3938 1222 4011 dirigas
1251 3939 1308 3993 in
1340 3939 1614 4012 lapidem,
1639 3945 1696 3995 et
1724 3941 1874 4014 lapis

215 4026 408 4082 durus
440 4025 617 4081 fuerit
649 4043 661 4080 :
697 4042 810 4080 non
845 4024 1037 4081 solum
1070 4043 1184 4080 non
1217 4025 1497 4098 inﬁgitur,
1533 4027 1632 4081 sed
1667 4027 1868 4082 resilit.

213 4110 318 4171 Sid
366 4114 641 4171 inimicus
694 4118 831 4170 tuus
880 4114 927 4170 si
983 4116 1359 4186 percusserit,
1391 4119 1447 4170 et
1491 4133 1870 4187 repercussus

211 4221 329 4260 non
380 4205 582 4272 fuerit,
638 4203 922 4276 patientia
972 4206 1071 4259 tua
1119 4207 1456 4277 superatus,
1507 4207 1576 4261 ad
1629 4205 1870 4262 meliora

209 4293 588 4348 convertitur.

293 4403 313 4427 κ
350 4379 666 4452 Usquequo
713 4384 1064 4452 peccatores,
1097 4383 1360 4450 Domine,
1396 4400 1702 4456 usquequo
1735 4399 1865 4457 pec-

212 4473 441 4526 catores
470 4469 880 4541 gloriabuntur
906 4468 933 4521 ?
963 4490 990 4518 »
1049 4470 1423 4541 Impatientia
1459 4472 1718 4528 humana
1750 4491 1863 4529 non

210 4558 340 4614 vult
370 4559 468 4614 Dei
503 4558 716 4614 habere
746 4557 1111 4630 patientiam.
1141 4559 1334 4614 Miseri
1378 4577 1506 4627 nos,
1547 4561 1643 4633 qui
1699 4563 1861 4617 volu-

1908 1903 1955 1966 B

1979 610 2204 662 catores
2259 623 2375 662 non
2435 605 2625 662 solum
2684 623 2800 662 non
2859 607 3102 663 ﬂectunt
3157 607 3458 672 cervicem,
3517 606 3621 662 sed

1979 695 2158 752 libere
2191 701 2321 768 post
2350 701 2649 768 peccatum
2681 713 2856 753 suum
2882 696 3227 769 gloriantur.

2051 807 2078 832 α
2112 785 2458 841 Ell‘abuntur
2479 791 2534 841 et
2565 785 2877 858 loquentur
2899 786 3296 858 iniquitatem.
3328 808 3356 835 »
3386 785 3624 858 Proprie

1979 873 2100 928 haec
2131 874 2201 929 de
2231 874 2518 931 haereticis
2548 874 2827 946 loquitur.
2860 898 2888 925 ‹‹
2924 879 3259 948 Loquentur
3287 891 3491 931 omnes
3521 873 3622 946 qui

1981 966 2297 1031 operantur
2324 963 2714 1035 iniquitatem.
2749 988 2776 1015 »
2827 964 3022 1020 Videte
3053 965 3287 1037 signum
3323 980 3336 1018 :
3393 964 3500 1027 Qui
3534 963 3624 1019 lo-

1982 1050 2202 1122 quitur,
2237 1069 2473 1109 necesse
2521 1057 2610 1109 est
2646 1058 2712 1109 ut
2744 1054 2896 1110 male
2927 1055 3118 1110 faciat.
3171 1057 3252 1110 Ea:
3283 1053 3626 1110 abundantia

1980 1143 2129 1196 enim
2179 1144 2354 1197 cordis
2400 1159 2457 1198 os
2510 1143 2752 1214 loquitur
2795 1145 2949 1216 (Luc.
2993 1162 3070 1210 v1,
3121 1146 3231 1215 45).
3287 1144 3626 1215 Ubicunque

1983 1231 2338 1288 conscientia
2385 1233 2687 1289 vulnerata
2734 1238 2841 1304 est,
2894 1234 2974 1289 ibi
3023 1234 3082 1290 in
3132 1251 3229 1290 ore
3276 1233 3443 1290 facile
3493 1249 3627 1306 pec-

1982 1325 2166 1377 catur.

2055 1410 2403 1482 «Populum
2478 1416 2676 1482 tuum,
2736 1413 3010 1480 Domine,
3071 1411 3548 1469 bumiliaverunt.
3593 1434 3624 1464 υ

1984 1499 2222 1571 Semper
2251 1499 2349 1554 Dei
2384 1498 2636 1572 p0pulus
2665 1499 3014 1556 humiliatur
3045 1519 3058 1556 :
3110 1502 3205 1556 Dei
3238 1501 3490 1574 populus
3521 1517 3628 1573 op-

1987 1586 2262 1659 primitur
2293 1603 2306 1642 :
2365 1609 2393 1638 ‹‹
2426 1588 2709 1660 Populum
2757 1594 2949 1656 tuum,
2985 1590 3245 1657 Domine,
3280 1590 3630 1646 humiliave-

1985 1681 2141 1731 runt.
2179 1700 2200 1728 ι
2257 1677 2498 1749 Semper
2539 1678 2792 1750 populus
2823 1677 2922 1734 Del
2952 1679 3317 1746 humiliatur,
3350 1684 3408 1735 et
3434 1679 3630 1736 imita-

1985 1770 2082 1820 tur
2113 1770 2293 1822 Deum
2324 1767 2423 1838 qui
2455 1767 2698 1823 humilis
2730 1768 2858 1838 fuit,
2891 1773 2948 1823 et
2978 1767 3138 1823 mitis
3169 1770 3358 1824 corde.

2058 1895 2086 1921 ‹‹
2119 1873 2370 1930 Viduam
2402 1879 2458 1930 et
2489 1875 2771 1930 advenam
2820 1875 3254 1942 interfecerunt,
3287 1878 3346 1931 et
3375 1875 3631 1949 pupillos

1987 1960 2324 2016 occiderunt
2354 1978 2366 2015 :
2421 1967 2478 2017 et
2507 1963 2798 2032 dixerunt,
2833 1981 2946 2019 non
2990 1964 3211 2020 videbit
3259 1965 3568 2021 Dominus.
3605 1987 3633 2015 »

1989 2052 2145 2107 Licet
2191 2051 2302 2106 hoc
2349 2051 2724 2108 manifestum
2777 2052 2854 2108 sit
2909 2055 3229 2108 secundum
3279 2053 3632 2110 historiam:

1991 2159 2221 2213 semper
2267 2142 2423 2196 enim
2479 2141 2817 2213 quicunque
2869 2141 3140 2214 praasidio
3194 2142 3438 2214 indiget,
3469 2143 3637 2199 facile

1990 2231 2363 2304 opprimitur,
2386 2234 2443 2286 et
2469 2234 2689 2302 quanto
2717 2229 2932 2302 aliquis
2959 2230 3239 2286 humilior
3264 2231 3453 2297 fuerit,
3475 2235 3638 2287 tanto

1991 2320 2181 2392 magis
2213 2321 2312 2390 qui
2346 2317 2642 2391 opprimit,
2677 2319 2918 2375 offendit
2948 2319 3130 2375 Deum
3171 2335 3184 2374 :
3231 2323 3429 2376 tamen
3463 2325 3519 2376 et
3549 2337 3639 2377 se-

1991 2411 2251 2465 cundum
2319 2407 2704 2480 tr0pologiam
2775 2409 3231 2481 interpretemur
3284 2426 3296 2463 :
3378 2407 3635 2465 dixeram

1991 2498 2147 2554 enim
2179 2499 2249 2554 de
2281 2497 2566 2553 hzereticis
2596 2497 2704 2551 hoc
2737 2497 2850 2552 dici
2878 2513 2890 2551 :
2925 2520 2952 2546 «
2982 2497 3235 2552 Viduam
3269 2501 3325 2553 et
3355 2498 3638 2554 advenam

1991 2587 2425 2642 interfecerunt.
2458 2607 2483 2639 ι)
2539 2585 2729 2641 Vidua
2777 2585 2877 2642 illa
2921 2604 3047 2656 qua:
3091 2591 3273 2642 Deum
3312 2586 3502 2644 virum
3535 2587 3638 2643 ha-

1990 2677 2125 2732 bere
2156 2676 2382 2741 desivit,
2416 2676 2613 2731 anima
2642 2679 2730 2731 est
2757 2675 3100 2748 peccatoris.
3145 2677 3381 2732 Advena
3417 2681 3507 2733 est
3537 2677 3636 2749 qui

1991 2782 2106 2820 non
2160 2769 2248 2821 est
2294 2764 2609 2833 habitator,
2645 2764 2754 2819 hoc
2803 2768 2910 2832 est,
2945 2765 3042 2836 qui
3095 2780 3208 2820 non
3257 2764 3501 2820 habitet.
3535 2765 3640 2822 Ille

1990 2853 2090 2926 qui
2123 2870 2309 2926 nuper
2337 2854 2682 2923 crediderat,
2715 2857 2949 2924 repente
2999 2853 3428 2910 scandalizatus
3468 2854 3637 2925 perit.

1992 2968 2018 2993 ι(
2056 2946 2122 2998 Et
2154 2942 2406 3015 pupillos
2439 2942 2804 3011 occiderunt,
2836 2945 2893 2996 et
2925 2941 3201 2997 dixerunt
3229 2958 3242 2995 :
3276 2959 3392 3000 non
3423 2941 3645 2998 videbit

1991 3032 2298 3090 Dominus.
2328 3055 2355 3080 ››
2388 3031 2672 3087 Miramur
2702 3030 2750 3087 si
2783 3030 2991 3103 pupilli
3015 3030 3312 3096 dicuntur,
3338 3030 3437 3086 ubi
3467 3030 3645 3087 vidua

1991 3120 2127 3176 est?
2158 3119 2312 3175 sicut
2355 3121 2508 3176 enim
2559 3119 2738 3175 vidua
2787 3120 2984 3175 anima
3035 3119 3355 3192 peccatoris
3401 3123 3511 3192 est,
3558 3120 3643 3177 sic

1991 3209 2247 3282 pupillos
2295 3208 2426 3264 illos
2471 3209 2634 3277 dicit,
2670 3208 2767 3282 qui
2800 3209 3030 3265 Patrem
3069 3209 3397 3266 amiserunt
3427 3208 3643 3265 habere

1913 3271 1954 3337 Ε
1992 3271 2198 3355 Deum.

2066 3411 2094 3438 ‹‹
2125 3389 2194 3443 Et
2227 3388 2518 3443 dixerunt.
2555 3410 2582 3437 »
2630 3387 2776 3452 Quid
2825 3387 3144 3443 dixerunt?
3195 3409 3223 3437 «
3256 3387 3381 3442 Non
3422 3385 3641 3443 videbit

1991 3477 2274 3533 Dominus
2308 3493 2321 3530 :
2376 3493 2480 3532 nec
2523 3475 2809 3548 intelliget
2850 3477 3000 3531 Deus
3036 3475 3237 3532 Jacob.
3274 3497 3301 3523 ››
3351 3479 3469 3530 Ηοο
3499 3474 3641 3530 dicit

1991 3568 2182 3622 omnis
2231 3565 2330 3637 qui
2381 3565 2655 3638 Opprimit
2703 3569 2959 3620 sanctos.
2995 3563 3116 3619 Illis
3155 3564 3263 3620 hoc
3303 3563 3638 3620 dicentibus

1986 3656 2174 3711 videte
2203 3654 2458 3727 Spiritus
2489 3656 2730 3709 sanctus
2761 3653 2899 3725 quid
2939 3653 3308 3725 respondeat.

2061 3786 2088 3812 ‹‹
2125 3761 2432 3834 Intelligite
2464 3760 2563 3832 qui
2596 3759 2940 3833 insipientes
2969 3759 3112 3816 estis
3154 3758 3214 3814 in
3263 3759 3478 3833 populo
3514 3775 3525 3814 :
3578 3763 3636 3817 et

1984 3851 2148 3906 stulti
2183 3851 2496 3922 aliquando
2529 3849 2713 3922 sapite
2747 3868 2759 3905 :
2801 3848 2908 3915 Qui
2938 3848 3225 3922 plantavit
3254 3865 3477 3918 aurem,
3514 3865 3632 3906 non

1987 3940 2228 3996 audiet?
2257 3943 2356 3995 aut
2387 3940 2484 4012 qui
2527 3939 2690 3994 ﬁnxit
2739 3938 2998 4008 oculum,
3029 3955 3142 3994 non
3193 3937 3570 3995 considerat?
3602 3959 3631 3987 ››

1983 4030 2128 4094 Quid
2158 4028 2371 4102 ﬁgulus
2394 4033 2500 4099 est,
2526 4029 2754 4101 ignorat
2783 4045 2882 4084 vas
2906 4045 3079 4084 suum
3101 4027 3128 4082 ?
3159 4027 3266 4094 Qui
3288 4025 3468 4083 alium
3496 4025 3634 4082 facit

1982 4117 2206 4189 audire,
2238 4135 2374 4191 ergo
2406 4118 2514 4190 ipsi
2556 4135 2667 4172 non
2703 4117 2946 4172 audiet?
2995 4115 3095 4188 qui
3127 4116 3270 4172 mibi
3303 4115 3462 4171 dedit
3492 4132 3629 4172 ocu-

1979 4206 2088 4278 los,
2114 4224 2249 4280 ergo
2282 4207 2405 4280 ipse
2440 4223 2554 4262 non
2587 4205 2783 4260 videt?
2817 4206 2922 4270 Qui
2955 4208 3156 4260 auctor
3188 4207 3276 4259 est
3307 4203 3633 4279 intelligen-

1978 4296 2071 4352 tia:
2104 4312 2266 4364 meae,
2301 4296 2424 4367 ipse
2457 4312 2570 4351 non
2605 4292 2924 4365 intelligit?
2975 4293 3085 4349 Iste
3133 4292 3298 4349 locus
3346 4294 3630 4352 adversus

1977 4402 2076 4441 eos
2104 4384 2354 4440 maxime
2377 4383 2511 4438 facit
2534 4384 2574 4448 ¹,
2599 4382 2698 4454 qui
2721 4381 3323 4456 Anthropomorphitaa
3344 4387 3502 4455 sunt,
3528 4385 3629 4457 qui

1977 4474 2180 4529 dicunt
2233 4475 2412 4529 Deum
2461 4472 2676 4527 habere
2715 4471 2979 4527 membra
3019 4487 3145 4544 qua
3177 4471 3352 4528 etiam
3385 4490 3492 4528 nos
3523 4473 3625 4528 ha-

1975 4563 2206 4619 bemus.
2233 4561 2409 4616 Verbi
2442 4577 2656 4617 causa:
2691 4561 2928 4616 Dicatur
2957 4560 3111 4618 Deus
3143 4560 3356 4617 habere
3387 4561 3622 4616 oculos:

215 4640 352 4703 mus
383 4647 552 4704 nobis
572 4647 756 4704 Deum
789 4664 916 4703 esse
946 4646 1284 4719 patientem,
1313 4652 1370 4703 et
1398 4648 1656 4705 inimicis
1690 4651 1871 4723 impa-
1899 4640 1946 4704 D
1980 4649 2131 4706 oculi
2178 4648 2408 4707 Domini
2443 4647 2762 4720 respiciunt
2808 4647 3006 4705 omnia
3036 4665 3055 4702 :
3079 4663 3325 4704 --manus
3354 4645 3458 4704 Dei
3488 4646 3629 4703 facit

212 4735 478 4792 tientem.
512 4737 570 4793 Si
605 4737 841 4809 quando
872 4752 1204 4809 peccamus,
1238 4737 1556 4808 patientem
1589 4741 1864 4811 cupimus

214 4829 421 4881 Deum.
453 4825 512 4881 Si
545 4826 779 4899 quando
819 4824 1034 4898 aliquis
1083 4824 1139 4879 in
1193 4841 1298 4881 nos
1348 4826 1654 4900 deliquerit
1685 4828 1742 4883 in
1777 4829 1861 4902 ip-

209 4931 341 4971 sum
367 4931 480 4970 nou
502 4915 774 4971 volumus
804 4931 932 4970 esse
953 4915 1270 4987 patientem
1289 4916 1489 4971 Deum.
1509 4940 1535 4966 ‹‹
1555 4918 1864 4990 Usquequo

211 5008 543 5076 peccatores
594 5004 1050 5077 gloriabuntur?
1083 5027 1110 5052 »
1162 5003 1286 5059 Non
1334 5005 1416 5061 eis
1468 5006 1689 5061 sufficit
1732 5024 1863 5080 pec-

209 5109 360 5161 care,
394 5094 495 5148 sed
539 5095 717 5148 etiam
767 5094 827 5148 in
877 5093 1133 5165 peccatis
1165 5092 1511 5166 gloriantur.
1552 5096 1746 5151 Prima
1775 5096 1863 5150 in-

210 5181 456 5238 felicitas
511 5187 600 5239 est
656 5198 893 5255 peccare
945 5199 959 5238 :
1029 5183 1288 5239 secunda
1342 5184 1680 5256 infelicitas,
1745 5185 1863 5242 imo

281 5293 296 5326 ¹
331 5291 539 5347 Totam
573 5290 730 5345 hunc
759 5291 1061 5415 πῗῗικοπὴν
1095 5291 1166 5347 ab
1197 5289 1290 5346 his
1322 5290 1535 5357 verbis,
1568 5291 1668 5347 Iste
1718 5293 1866 5348 locus

281 5377 401 5415 Luue
421 5362 482 5415 in
508 5362 682 5415 linem
706 5379 775 5415 ex
853 5361 1152 5415 ieronvmo
1185 5362 1385 5415 recitat
1407 5363 1464 5415 S.
1494 5363 1864 5415 Augustinus

213 5375 401 5455 usque
421 5362 482 5417 in
508 5362 682 5455 finem
705 5379 775 5444 ex
799 5361 1385 5455 Ilie‘ronqufecitat
1407 5363 1464 5417 S.
1494 5363 1864 5455 Augustip'qs

215 5433 276 5505 in
299 5433 757 5489 Commonitorio
783 5433 853 5487 ad
881 5433 1391 5505 Fortunatianum,
1415 5451 1516 5488 seu
1541 5433 1710 5505 epist.
1743 5436 1864 5499 148,

219 5504 591 5577 afﬁrmatque
622 5505 718 5577 ab
771 5519 837 5577 eo
887 5504 1185 5577 scriptam,
1219 5521 1352 5577 cum
1401 5504 1869 5576 hunc’psalmum

221 5576 535 5660 carponeret.
567 5576 661 5631 Ait
706 5576 871 5660 enim.
900 5591 912 5629 :
963 5597 990 5624 ‹‹
1029 5576 1107 5660 ῌθ
1138 5576 1322 5631 multa
1351 5579 1866 5660 commemorando

224 5645 477 5728 majores
525 5662 718 5728 moras
768 5645 998 5728 faciam,
1038 5645 1156 5728 hoq
1195 5653 1482 5728 u_num_S.
1532 5648 1866 5728 Hnieronymi

223 5715 552 5792 interpono,
593 5721 658 5774 ut
698 5717 932 5775 noverit
977 5715 1088 5773 iste
1132 5717 1328 5787 frater,
1363 5725 1519 5775 etc...
1553 5720 1699 5776 Cum
1733 5715 1868 5792 ergo

1977 4739 2194 4796 omnia.
2271 4740 2333 4793 Et
2408 4737 2658 4806 audivit,
2727 4735 2948 4810 inquit,
3017 4735 3188 4791 Adam
3263 4751 3459 4792 sonum
3528 4751 3624 4807 pe-

1976 4830 2107 4884 dum
2158 4828 2380 4883 Domini
2424 4826 2823 4882 deambulantis
2862 4825 2917 4880 in
2960 4825 3218 4896 paradiso
3248 4823 3399 4896 (Gen.
3433 4841 3516 4891 ιιι,
3547 4825 3622 4895 8).

1977 4915 2108 4973 Haec
2131 4915 2483 4988 simpliciter
2504 4915 2772 4983 audiunt,
2797 4918 2853 4970 et
2883 4913 3176 4969 humanas
3202 4911 3632 4970 imbecillitates

1983 5008 2053 5063 ad
2089 5007 2190 5062 Dei
2223 5005 2716 5079 magnificentiam
2767 5004 3044 5060 referunt.
3076 5003 3194 5075 Ego
3239 5006 3436 5057 autem
3476 5001 3626 5072 dico,

1980 5096 2135 5169 quod
2164 5101 2312 5152 Deus
2343 5101 2502 5151 totus
2532 5094 2736 5152 oculus
2765 5096 2853 5148 est
2886 5111 2898 5147 :
2941 5095 3098 5147 totus
3131 5107 3342 5147 manus
3373 5095 3463 5147 est
3494 5109 3507 5147 :
3549 5095 3632 5147 to-

1976 5189 2074 5241 tus
2119 5201 2222 5258 pes
2261 5190 2368 5240 est.
2402 5186 2584 5241 Totus
2633 5181 2838 5238 oculus
2879 5185 2985 5252 est,
3019 5179 3158 5253 quia
3205 5179 3402 5237 omnia
3447 5180 3624 5236 videt.

1978 5291 2075 5349 ille
2104 5291 2192 5348 vir
2220 5291 2276 5347 in
2298 5291 2616 5364 Scripturis
2646 5287 3027 5364 doctissimus
3055 5286 3351 5364 psalmum
3383 5303 3627 5364 expone-

1980 5368 2085 5428 ret,
2121 5364 2220 5419 ubi
2253 5357 2471 5418 dictum
2510 5367 2598 5417 est
2632 5377 2658 5432 :7
2699 5357 3002 5432 Intelligite
3025 5357 3150 5430 ergo
3180 5359 3277 5430 qui
3305 5357 3625 5432 insipientes

1978 5437 2107 5491 estis
2136 5438 2196 5489 in
2224 5435 2423 5504 populo
2456 5439 2526 5496 et,
2556 5431 2712 5504 stulti
2740 5429 3055 5500 aliquando,
3088 5429 3281 5504 sapite,
3315 5429 3430 5504 qui
3454 5431 3624 5503 plan-

1977 5508 2113 5561 tavit
2146 5503 2334 5560 aurcm
2367 5521 2473 5558 non
2503 5503 2733 5558 audiet?
2777 5506 2875 5557 aut
2923 5505 3019 5572 qui
3065 5503 3231 5572 ﬁnxit
3267 5503 3486 5558 oculum
3513 5515 3622 5556 non

1978 5577 2283 5632 considerat
2309 5580 2332 5627 Υ
2361 5575 2513 5654 inter
2543 5579 2745 5654 patera
2774 5590 2786 5626 :
2828 5575 2938 5654 iste
2967 5572 3151 5654 locus,
3184 5573 3394 5654 inquit,
3429 5573 3626 5654 adver-

1980 5665 2082 5704 sus
2127 5664 2224 5702 eos
2255 5645 2508 5700 maxime
2539 5646 2695 5713 facit,
2728 5668 2755 5695 ››
2807 5650 2914 5701 etc.
2975 5645 3110 5702 Vide
3139 5643 3356 5716 quw‘in
3389 5643 3624 5716 praﬁxa

1980 5718 2114 5777 huic
2146 5719 2305 5790 operi
2334 5716 2730 5778 admonitione
2757 5716 2865 5775 hac
2899 5717 2968 5774 de
2999 5733 3061 5774 re
3090 5715 3365 5773 diximus.
