3976 6188
308 391 463 452 H75

1803 377 2219 440 APPENDIX.

3557 372 3725 435 H76

307 525 490 582 Totus
523 537 737 578 manus
768 523 856 577 est
881 536 894 576 :
930 519 1070 592 quia
1098 519 1291 576 omnia
1323 521 1615 591 operatur.
1637 517 1821 574 Totus
1853 530 1956 587 pes
1985 512 2040 580 Α
2070 514 2175 567 aut
2194 507 2326 582 quis
2349 509 2529 568 stabit
2560 525 2790 568 mecum
2809 508 3090 566 adversus
3110 506 3418 582 operantes
3437 505 3730 580 iniquita-

307 617 442 670 est:
499 611 639 681 quia
691 609 906 681 ubique
960 614 1066 664 est.
1118 610 1265 681 Ergo
1315 609 1504 664 videte
1557 608 1697 680 quid
1751 607 1948 664 dicat:

310 724 339 755 «ι
370 702 476 766 Qui
510 699 796 773 plantavit
824 715 1046 766 aurem,
1083 716 1196 754 non
1231 699 1472 754 audiet?
1505 720 1532 747 »
1586 698 1708 753 Non
1759 695 1905 752 dixit
1936 713 1948 750 :

309 792 412 864 qui
449 789 732 862 plantavit
779 804 1002 855 aurem,
1037 803 1172 859 ergo
1205 787 1328 860 ipse
1359 803 1559 842 aurem
1611 802 1725 840 non
1758 785 1953 840 habet.

307 885 435 936 Non
484 877 629 934 dixit
663 895 675 932 :
727 893 862 948 ergo
896 877 1020 948 ipse
1050 875 1250 932 oculos
1281 893 1395 932 non
1427 876 1622 932 habet.
1657 876 1768 930 Sed
1817 873 1955 946 quid

311 968 498 1025 dixit?
556 989 583 1015 «
620 966 728 1032 Qui
762 965 1047 1038 plantavit
1075 982 1298 1033 aurem,
1332 982 1444 1021 non
1478 965 1721 1020 audiet?
1771 969 1827 1018 et
1856 962 1957 1034 qui

317 1057 486 1114 ﬁnxit
542 1055 763 1123 oculos,
815 1071 928 1109 non
979 1053 1357 1110 considerat?
1389 1076 1416 1104 ››
1465 1053 1726 1109 Membra
1776 1051 1952 1107 tulit:

315 1145 666 1204 efﬁcientias
689 1144 896 1200 dedit?

385 1258 411 1283 ‹‹
446 1233 553 1299 Qui
601 1232 840 1305 corripit
889 1238 1113 1304 gentes,
1149 1249 1264 1288 non
1315 1236 1536 1304 arguet.
1573 1255 1600 1280 ››
1657 1230 1762 1297 Qui
1814 1229 1959 1284 alios

314 1324 500 1389 docet,
525 1339 661 1396 ergo
694 1321 818 1394 ipse
849 1339 963 1377 non
998 1323 1204 1377 novit?
1258 1345 1277 1370 α
1315 1322 1421 1386 Qui
1465 1322 1629 1376 docet
1660 1321 1958 1375 hominem

315 1412 639 1469 scientiam.
701 1434 728 1460 ››
790 1411 1175 1478 Subauditur,
1237 1428 1372 1481 ergo
1429 1411 1556 1481 ipse
1615 1403 1730 1465 non
1788 1409 1963 1464 habet

316 1501 625 1558 scientiam
647 1501 674 1555 ?

387 1613 415 1640 «
449 1590 733 1646 Dominus
761 1588 1270 1659 scitcogitationes
1299 1587 1605 1643 hominum
1634 1604 1646 1642 :
1683 1587 1959 1658 quoniam

314 1697 475 1737 vana:
507 1683 663 1733 sunt.
702 1701 722 1726 ι
770 1678 1042 1748 Legimus
1074 1678 1130 1731 in
1165 1680 1334 1748 poeta
1365 1675 1625 1732 saeculari
1659 1693 1670 1731 :

379 1770 419 1817 Ο
441 1781 592 1816 curas
621 1766 898 1815 hominum
923 1766 933 1813 !
968 1781 998 1815 ο
1031 1771 1292 1829 quantum
1319 1771 1399 1815 est
1429 1765 1482 1815 in
1513 1766 1673 1816 rebus
1701 1766 1894 1815 inane!

318 1852 385 1903 Et
432 1847 698 1919 gentiles,
750 1853 805 1900 et
862 1846 1196 1919 phiIOSOphi
1257 1847 1435 1902 istum
1485 1846 1840 1902 versiculum
1889 1847 1960 1902 ad
1995 1887 2041 1948 Β

320 1934 530 1994 οωΙυω
559 1934 770 1990 levant.
805 1936 875 1990 Et
904 1935 1044 2006 quid
1092 1935 1341 1991 dicunt?
1393 1935 1550 1992 Nihil
1597 1936 1786 2008 potuit
1833 1953 1967 2008 pru-

320 2025 556 2082 dentius
589 2024 702 2080 dici
732 2041 744 2079 :
778 2025 921 2081 Ecce
952 2025 1284 2081 rusticanus
1315 2030 1511 2081 noster
1532 2025 1806 2081 Hebraeus
1833 2029 1966 2082 ante

321 2118 483 2170 tanta
512 2114 724 2170 saecula
754 2113 863 2170 hoc
893 2114 1123 2170 locutus
1154 2118 1260 2170 est.
1296 2116 1364 2170 Et
1393 2115 1532 2186 quid
1566 2115 1754 2170 dixit?
1799 2138 1825 2165 ‹‹
1855 2115 1965 2171 Do-

322 2203 519 2260 minus
551 2205 661 2259 scit
691 2204 1071 2276 cogitationes
1103 2203 1412 2260 hominum
1447 2221 1458 2260 :
1503 2204 1778 2275 quoniam
1809 2221 1966 2260 vanae

324 2297 480 2350 sunt.
505 2317 532 2343 »
568 2293 754 2349 Vultis
776 2293 924 2348 scire
947 2293 1226 2363 quoniam
1250 2294 1633 2365 cogitationes
1659 2293 1965 2349 hominum

317 2399 476 2438 vana:
526 2382 708 2436 sunt?
742 2381 907 2436 Pater
937 2387 993 2436 et
1025 2386 1208 2436 mater
1236 2382 1504 2436 nutriunt
1550 2382 1735 2438 ﬁlium
1771 2401 1784 2438 :
1836 2399 1968 2454 pro-

322 2469 566 2525 mittunt
597 2469 709 2523 sibi
732 2469 800 2524 de
831 2468 928 2524 illo
963 2469 1300 2524 felicitatem
1331 2488 1342 2536 ;
1379 2471 1624 2525 mittunt
1651 2472 1721 2526 ad
1751 2470 1965 2542 studia,

319 2555 618 2623 erudiunt,
640 2555 797 2611 venit
829 2573 1012 2628 usque
1045 2558 1114 2611 ad
1148 2557 1620 2626 adolescentiam,
1647 2559 1973 2632 disponunt

319 2651 385 2701 ut
416 2644 590 2700 etiam
624 2644 854 2700 militet.
887 2647 1032 2702 Cum
1063 2645 1260 2701 omnia
1289 2647 1668 2718 cogitaverint
1710 2664 1812 2720 per
1858 2666 1966 2704 an-

317 2751 426 2790 nos
473 2734 730 2806 triginta,
785 2752 903 2790 una
950 2735 1235 2797 febricula
1281 2736 1458 2806 venit,
1490 2741 1545 2792 et
1583 2736 1734 2792 tollit
1763 2754 1968 2794 omnes

317 2824 716 2898 cogitationes.
752 2825 1064 2880 Inimicum
1112 2825 1295 2881 habeo
1328 2842 1340 2880 :
1394 2831 1451 2881 et
1493 2827 1617 2882 dies
1639 2827 1850 2897 judicii
1881 2832 1972 2883 est

320 2914 392 2970 ad
427 2914 673 2986 triginta
705 2913 850 2980 dies,
884 2915 1090 2969 diebus
1123 2919 1180 2969 et
1211 2915 1481 2970 noctibus
1514 2915 1656 2970 nihil
1688 2915 1846 2971 aliud
1879 2933 1969 2972 co-

318 3003 460 3076 gito,
506 3004 618 3059 nisi
676 3004 831 3074 quod
886 3003 969 3059 illi
1021 3005 1423 3076 respondeam.
1468 3006 1530 3059 In
1579 3005 1790 3061 lectulo
1842 3023 1969 3062 meo

320 3109 476 3159 sum,
509 3097 565 3148 et
609 3093 883 3165 cogitatio
933 3110 1062 3149 mea
1109 3093 1335 3150 absenti
1367 3095 1680 3166 respondet
1708 3095 1966 3152 inimico.

320 3181 446 3239 Non
470 3186 560 3237 est
588 3181 694 3236 tibi
730 3181 1026 3251 inimicus,
1047 3189 1104 3237 et
1135 3183 1308 3237 verba
1330 3184 1683 3254 respondent
1710 3183 1967 3240 inimico.

2066 601 2232 658 tem?
2264 625 2286 653 ι)
2348 601 2465 658 Hos
2521 599 2842 656 versiculos
2897 597 3159 655 Salvator
3211 596 3470 670 loquitur
3520 615 3534 652 :
3606 599 3725 671 Ego

2067 694 2306 746 sanctus
2336 706 2490 753 sum,
2525 689 2584 744 in
2627 705 2796 744 cruce
2840 686 3176 744 sublevatus
3215 703 3394 753 sum;
3445 692 3728 742 mortuus

2065 795 2218 847 sum,
2254 777 2568 845 resurrexi,
2600 781 2657 833 et
2707 777 2776 832 ad
2828 775 3002 832 caalos
3050 776 3234 831 victor
3281 773 3550 830 escendi.
3586 774 3730 840 Quis

2065 872 2155 924 est
2202 871 2372 940 putas
2413 867 2483 922 de
2529 866 2770 933 sanctis,
2805 865 2905 938 qui
2937 881 3168 920 mecum
3201 864 3529 936 resurget?
3580 864 3727 936 Ergo

2067 957 2223 1029 quod
2257 955 2419 1023 dicit,
2453 955 2562 1011 hoc
2593 959 2680 1010 est
2714 971 2725 1010 :
2761 955 3068 1026 Propterea
3097 953 3409 1021 resurrexi,
3437 958 3504 1008 ut
3541 958 3603 1008 et
3635 951 3730 1010 alii

2067 1061 2301 1101 mecum
2369 1048 2761 1117 resurgerent.
2837 1065 2864 1097 α
2917 1043 3057 1108 Quis
3125 1045 3392 1114 resurget
3460 1040 3729 1098 mihi?»

2069 1135 2308 1200 Quando
2359 1134 2498 1190 dicit
2545 1135 2701 1204 Quis,
2737 1137 2973 1188 caeteros
3021 1137 3293 1204 provocat
3345 1131 3424 1187 ad
3471 1146 3735 1204 surgen-

2067 1224 2231 1278 dum.
2264 1223 2564 1288 Quomodo
2595 1222 2752 1278 enim
2784 1221 3038 1294 legimus
3068 1221 3127 1275 in
3161 1219 3309 1276 Isaia
3343 1237 3355 1276 :
3393 1221 3581 1288 Quem
3611 1223 3736 1274 mit-

2070 1317 2188 1367 tam
2234 1313 2307 1366 ad
2348 1312 2614 1384 papulum
2648 1312 2836 1375 istum,
2863 1314 2918 1365 et
2945 1311 3067 1382 quis
3113 1309 3218 1364 ibit
3261 1309 3422 1364 nobis
3482 1309 3622 1378 (Ira.
3659 1326 3733 1373 vr,

2068 1402 2172 1473 8)?
2201 1405 2308 1456 etc.
2340 1401 2499 1456 Sicut
2529 1400 2709 1456 Isaias
2739 1399 2864 1472 ipse
2895 1416 2956 1455 se
2987 1399 3158 1454 oil‘ert
3187 1415 3199 1453 :
3235 1398 3317 1454 sic
3345 1402 3408 1455 et
3438 1398 3734 1457 Dominus

2068 1494 2344 1562 provocat
2365 1507 2469 1546 nos
2493 1490 2693 1546 dicens
2719 1507 2731 1545 :
2768 1512 2796 1539 «
2823 1488 2963 1553 Quis
2985 1492 3248 1560 resurget
3270 1487 3419 1543 mihi
3447 1489 3736 1544 adversus

2071 1578 2503 1651 malignantes?
2530 1599 2557 1628 »
2602 1578 2945 1648 Quicunque
2985 1577 3322 1643 resurrexit,
3355 1576 3515 1632 mihi
3542 1593 3736 1633 resur-

2070 1671 2202 1739 get:
2235 1667 2306 1723 de
2329 1683 2456 1723 meo
2479 1667 2729 1722 exercitu
2755 1670 2861 1722 est.
2896 1688 2924 1715 «
2949 1666 3240 1722 Adversus
3263 1663 3694 1737 malignantes,
3714 1689 3734 1712 ω

2071 1757 2350 1812 adversus
2380 1754 2699 1826 diabolum,
2733 1760 2789 1810 et
2818 1755 3134 1810 exercitum
3183 1747 3330 1824 ejus.
3388 1775 3418 1802 «
3451 1757 3574 1809 Aut
3610 1756 3736 1826 quis

2071 1845 2251 1900 stabit
2267 1844 2578 1900 mecum?»
2594 1844 2798 1900 Videte
2819 1845 3112 1900 ordinem:
3134 1843 3257 1899 Non
3276 1842 3432 1897 dixit
3449 1843 3731 1915 primum,

2075 1933 2207 2006 quis
2233 1934 2502 2002 stabit,et
2529 1933 2662 2006 quis
2683 1938 2986 2006 resurget:
3011 1933 3133 2002 sed,
3158 1957 3186 1982 «
3214 1932 3356 1996 Quis
3387 1939 3662 2006 resurget
3680 1939 3735 1988 et

2075 2023 2207 2094 quis
2237 2023 2436 2079 stabit.
2474 2045 2501 2072 ››
2549 2022 2800 2078 Primum
2831 2023 2985 2078 enim
3017 2020 3341 2094 surgimus,
3371 2021 3596 2078 deinde
3627 2028 3740 2077 sta-

2077 2129 2230 2168 mus.
2271 2133 2296 2165 (ι
2324 2113 2439 2167 Aut
2470 2112 2600 2184 quis
2631 2111 2812 2168 stabit
2841 2128 3071 2167 mecum
3101 2111 3390 2166 adversus
3423 2116 3736 2182 Oper-antes

2076 2201 2468 2273 iniquitatem.
2508 2224 2537 2251 ››
2570 2201 2744 2266 Quasi
2777 2201 3093 2274 imperator
3123 2204 3236 2256 stet
3264 2204 3327 2256 et
3355 2200 3553 2266 dicat;
3586 2201 3732 2266 Quis

2077 2289 2237 2346 venit
2265 2290 2322 2345 in
2355 2291 2609 2346 exercitu
2644 2306 2771 2346 meo
2798 2290 2825 2344 ?

2150 2403 2175 2428 α
2211 2379 2335 2434 Nisi
2385 2379 2524 2452 quia
2573 2379 2858 2435 Dominus
2909 2377 3133 2450 adjuvit
3185 2395 3299 2444 me,
3353 2377 3734 2450 paulominus

2077 2468 2364 2525 habitavit
2393 2469 2449 2524 in
2481 2468 2708 2524 inferno
2739 2469 2940 2524 anima
2969 2484 3120 2523 mea.
3156 2490 3184 2516 ››
3237 2468 3582 2540 Propterea,
3635 2473 3734 2524 ῡο-

2078 2560 2256 2627 mine,
2283 2575 2542 2630 resurgo,
2569 2558 2706 2629 quia
2738 2561 2799 2613 tu
2831 2557 2993 2612 fuisti
3017 2557 3088 2611 ad
3120 2555 3362 2625 inferos,
3385 2561 3446 2612 et
3479 2574 3738 2613 resurre-

2077 2647 2232 2704 xisti.
2271 2649 2510 2703 Detenta
2557 2645 2766 2702 fuisset
2809 2644 3008 2702 anima
3048 2661 3178 2701 mea
3218 2646 3374 2717 apud
3408 2645 3661 2713 inferos,
3690 2647 3736 2702 si

2078 2751 2195 2791 non
2230 2740 2330 2790 tua
2360 2736 2558 2791 anima
2587 2736 2657 2791 de
2687 2735 2890 2790 inferis
2923 2734 3360 2791 resurrexisset.

2154 2846 2174 2873 α
2209 2824 2267 2879 Si
2290 2824 2566 2880 decebam
2589 2841 2602 2880 :
2627 2828 2824 2880 motus
2845 2827 2934 2880 est
2953 2840 3057 2896 pes
3080 2840 3268 2880 meus.
3285 2847 3314 2873 υ
3337 2824 3740 2880 Considerans

2082 2913 2456 2986 fragilitatem
2505 2930 2722 2979 meam,-
2753 2919 2811 2969 et
2858 2912 3323 2969 imbecillitatem
3381 2913 3742 2981 humanam,

2081 3018 2194 3056 non
2229 3001 2510 3074 putabam
2559 3003 2762 3074 pedem
2820 3018 3018 3073 meum
3068 3002 3237 3058 ﬁrmo
3285 3007 3448 3059 stare
3503 3004 3739 3076 gradu:

2080 3091 2420 3162 ubicunque
2479 3092 2769 3163 ponebam
2827 3092 3066 3164 pedem,
3128 3091 3359 3164 lapsum
3429 3092 3741 3149 timebam.

2080 3181 2338 3236 Rursum
2368 3180 2697 3252 cogitabam
2742 3195 2957 3236 nomen
2987 3184 3178 3248 tuum,
3213 3183 3269 3236 et
3298 3181 3474 3236 firmo
3511 3182 3743 3237 stabam

322 3268 540 3325 Diebus
563 3274 619 3324 et
639 3270 912 3325 noctibus
942 3271 1002 3324 in
1035 3270 1385 3343 cogitatione
1414 3253 1566 3327 sum.
1597 3273 1741 3328 Cum
1774 3277 1968 3328 autem
2001 3253 2042 3319 (ἶ
2083 3270 2248 3342 pede.

321 3357 445 3415 dies
485 3357 696 3430 judicii
743 3360 985 3430 venerit,
1019 3359 1215 3415 omnia
1256 3357 1356 3415 illa
1397 3377 1524 3431 quae
1557 3361 1966 3433 cogitaveram,

319 3453 566 3521 pereunt
599 3465 610 3502 :
646 3452 703 3504 et
733 3450 1121 3522 quodcunque
1153 3449 1306 3505 Deus
1338 3449 1566 3518 dixerit,
1599 3451 1707 3506 hoc
1738 3449 1965 3522 loquor.

317 3536 628 3608 Propterea
681 3542 736 3592 et
785 3537 1066 3594 Dominus
1115 3539 1174 3592 in
1224 3537 1529 3611 Evangelio
1561 3539 1686 3594 ait:
1744 3540 1968 3608 Quando

316 3625 532 3680 stabitis
563 3631 693 3680 ante
713 3626 945 3696 judices,
970 3643 1081 3681 non
1110 3629 1356 3697 cogitetis
1385 3629 1516 3700 quid
1546 3631 1920 3700 respondeatis
1949 3647 1968 3684 .·

318 3713 450 3783 quia
479 3713 743 3767 Dominus
797 3714 946 3768 dabit
1000 3717 1146 3771 vobis
1191 3719 1248 3770 in
1291 3718 1393 3772 illa
1430 3719 1564 3773 hora
1593 3718 1725 3789 quid
1753 3735 1969 3791 respon-

318 3800 494 3856 deatis
545 3801 698 3872 (Luc.
733 3819 834 3866 x11,
870 3804 955 3872 11,
991 3805 1099 3873 12).
1160 3825 1180 3851 α
1214 3805 1497 3861 Dominus
1529 3807 1637 3862 scit
1667 3807 1969 3879 cogitatio-

320 3906 424 3946 nes
450 3888 762 3950 hominum
795 3891 1074 3963 quoniam
1105 3909 1262 3947 vanae
1297 3899 1453 3948 sunt.
1489 3917 1517 3944 »
1546 3895 1670 3952 Una
1701 3897 1969 3969 cogitatio

321 3979 457 4036 felix
489 3984 597 4046 est,
631 3980 886 4052 cogitare
928 3981 999 4035 de
1027 3980 1294 4036 Domino.

396 4092 423 4120 «
457 4070 672 4126 Beatus
726 4069 902 4126 homo
954 4086 1129 4142 quem
1177 4074 1238 4125 tu
1287 4071 1591 4135 erudieris,
1644 4073 1906 4131 Domine.
1940 4096 1967 4124 ι›

324 4157 480 4213 Felix
512 4164 600 4214 est
630 4159 731 4230 qui
762 4159 876 4214 Deo
909 4159 1188 4232 magistro
1220 4159 1422 4214 utitur.
1461 4182 1488 4209 «
1519 4161 1588 4215 Et
1617 4160 1686 4216 de
1717 4160 1841 4233 lege
1871 4168 1974 4219 tua

326 4248 594 4302 docueris
643 4265 825 4304 eum:
879 4255 942 4303 ut
994 4249 1228 4322 mitiges
1275 4249 1326 4305 ei
1377 4267 1409 4304 a
1458 4249 1664 4306 diebus
1717 4250 1908 4307 malis.
1941 4275 1968 4303 »

324 4335 527 4389 Videte
550 4336 691 4406 quid
718 4337 907 4393 dicat:
949 4359 977 4387 «
1002 4338 1214 4394 Beatus
1248 4337 1421 4394 homo
1443 4355 1616 4410 quem
1648 4343 1709 4394 tu
1741 4340 1974 4396 erudie-

321 4423 424 4491 ris,
459 4423 722 4490 Domine,
755 4430 811 4481 et
845 4427 913 4481 de
944 4426 1068 4498 lege
1110 4432 1211 4483 tua
1257 4428 1526 4484 docueris
1573 4445 1707 4484 eum
1738 4447 1750 4498 ;
1784 4450 1810 4482 ιθ
1864 4429 1974 4486 hoc

322 4516 431 4581 est,
465 4512 781 4585 Scripturis
830 4515 968 4570 tuis.
1006 4517 1120 4571 Hoc
1171 4520 1363 4572 autem
1413 4517 1552 4588 quid
1608 4519 1865 4590 prodest,
1911 4524 1975 4574 ut

2154 3380 2181 3408 ‹‹
2213 3358 2546 3414 Secundum
2577 3357 3023 3414 multitudinem
3057 3357 3328 3414 dolorum
3376 3374 3660 3416 meorum
3689 3361 3744 3415 in

2078 3448 2250 3504 corde
2298 3464 2464 3516 meo;
2517 3447 2945 3504 consolationes
2985 3452 3098 3503 tuo:
3131 3447 3586 3504 lastilicavarunt
3616 3450 3744 3506 ani-

2078 3553 2234 3593 mam
2269 3551 2482 3592 meam.
2520 3559 2548 3585 »
2599 3541 2717 3592 Hoc
2749 3536 2945 3608 ipsum
2976 3540 3034 3592 et
3063 3536 3380 3608 Apostolus
3423 3536 3698 3610 loquitur
3729 3556 3741 3592 :

2077 3625 2356 3698 quoniam
2404 3626 2728 3682 secundum
2777 3625 3024 3695 labores,
3058 3630 3115 3680 et
3161 3626 3432 3682 miserias
3481 3644 3638 3698 quas
3685 3628 3742 3683 in

2078 3714 2189 3771 isto
2238 3711 2449 3769 saeculo
2509 3713 2787 3786 patimur,
2839 3714 3128 3770 habemus
3185 3716 3524 3772 mercedem
3582 3717 3740 3788 apud

2079 3805 2264 3860 Deum
2316 3802 2376 3858 in
2425 3803 2583 3858 caalis
2636 3804 2684 3875 (I
2713 3804 2832 3860 Cor.
2870 3820 2953 3875 III,
2987 3803 3066 3875 8).
3111 3803 3458 3878 Magnitudo
3493 3804 3739 3861 tribula-

2078 3892 2329 3956 tionum,
2364 3891 2710 3964 magnitudo
2743 3891 3115 3964 praemiorum
3150 3900 3258 3948 est.
3289 3892 3444 3957 Quot
3477 3894 3743 3966 patimur

2081 3980 2340 4050 vulnera,
2374 3984 2459 4036 tot
2513 3995 2810 4036 meremur
2859 3984 2915 4037 et
2962 3997 3225 4037 coronas.
3273 3981 3392 4038 Hoc
3434 3986 3535 4038 est
3584 3983 3739 4055 quod

2082 4070 2221 4126 dicit
2254 4086 2266 4125 :
2315 4070 2550 4135 Quoties
2599 4069 2690 4142 egi
2744 4069 3163 4142 paenitentiam,
3199 4071 3370 4126 toties
3401 4087 3501 4129 me
3527 4088 3739 4128 conso-

2081 4159 2236 4214 latus
2267 4175 2349 4214 es.
2387 4159 2573 4214 Unam
2607 4158 2730 4214 fudi
2761 4157 3081 4231 lacrymam
3115 4177 3127 4215 :
3164 4176 3343 4215 unam
3377 4161 3568 4217 merui
3603 4177 3740 4217 con-

2081 4247 2446 4304 solationem.
2486 4249 2687 4303 Decem
2739 4247 2861 4302 fudi
2911 4247 3234 4320 lacrymas;
3289 4249 3490 4305 decem
3543 4251 3741 4306 merui

2083 4335 2528 4392 consolationes.
2579 4337 3109 4409 Quantumcunque
3140 4337 3250 4393 fuit
3280 4339 3522 4410 pondus
3553 4340 3736 4414 poeni—

2081 4425 2294 4493 tentiae,
2329 4429 2528 4480 tantus
2560 4426 2670 4481 fuit
2699 4430 2754 4482 et
2784 4425 3248 4483 consolationum
3281 4444 3591 4484 numerus.

2156 4537 2182 4563 «
2218 4514 2325 4580 Qui
2377 4515 2546 4586 ﬁngit
2585 4514 2843 4570 laborem
2874 4514 2933 4570 in
2966 4519 3272 4587 praecepto.
3305 4538 3332 4566 »
3386 4520 3576 4574 Nemo
3609 4516 3741 4572 dor-

320 4601 598 4657 doceatur
627 4601 725 4658 ille
755 4603 826 4658 de
858 4603 982 4676 lege
1014 4608 1114 4659 tua
1139 4604 1166 4657 ?
1203 4628 1222 4652 «
1261 4605 1332 4659 Ut
1361 4605 1594 4677 mitiges
1623 4606 1674 4662 ei
1706 4623 1739 4661 a
1767 4606 1974 4664 diebus
2007 4626 2052 4690 ι)
2086 4602 2273 4657 miens
2319 4606 2652 4674 coronatur,
2707 4619 2876 4660 nemo
2933 4620 3176 4660 securus
3237 4605 3504 4676 possidet
3562 4622 3742 4680 mgna

323 4690 515 4746 malis.
578 4715 605 4740 »
687 4693 910 4748 Videtis
977 4693 1156 4766 igitur
1223 4694 1502 4765 quoniam
1572 4694 1851 4765 scientia,
1920 4700 1976 4753 et

323 4780 676 4851 exercitatio,
716 4789 770 4836 et
818 4799 993 4853 opera
1039 4782 1110 4838 de
1159 4781 1477 4854 Scripturis
1528 4783 1760 4857 mitigat
1808 4785 1976 4841 nobis

326 4869 450 4926 dies
497 4870 729 4927 malos?
781 4873 1030 4927 «Donec
1087 4871 1338 4927 fodiatur
1390 4873 1677 4942 peccatori
1731 4874 1911 4929 fovea.
1948 4898 1974 4923 »

326 4961 566 5022 Quando
617 4965 680 5014 tu
732 4960 1018 5015 erudieris
1067 4961 1138 5016 de
1187 4960 1312 5032 lege
1358 4960 1604 5032 Domini,
1641 4979 1825 5018 unum
1869 4964 1975 5018 tibi

322 5045 384 5101 in
416 5047 627 5120 duplex
654 5048 952 5106 dividitur.
977 5048 1107 5105 Tibi
1139 5049 1295 5105 enim
1329 5049 1453 5105 dies
1485 5050 1713 5124 mitigat
1749 5051 1932 5108 malos
1960 5070 1973 5120 ;

330 5137 705 5206 et'peccatori
738 5138 882 5194 fodit
913 5139 1155 5195 foveam.

403 5247 429 5272 ‹‹
465 5225 604 5290 Quis
626 5233 936 5300 consurget
958 5228 1100 5284 mihi
1125 5228 1402 5284 adversus
1427 5225 1850 5300 malignantes:
1877 5233 1979 5285 aut

330 5312 463 5386 quis
490 5315 667 5369 stabit
692 5317 833 5371 mihi
863 5318 1142 5374 adversus
1167 5335 1265 5373 cos
1294 5317 1393 5389 qui
1421 5322 1736 5388 operantur
1766 5318 1977 5390 iniqui-

329 5406 507 5458 tatem
532 5403 557 5456 ?
583 5425 610 5452 »
644 5403 888 5461 Obscuri
920 5412 1060 5462 sunt
1085 5407 1319 5479 psalmi,
1348 5412 1404 5462 et
1433 5423 1666 5480 semper
1690 5424 1971 5480 personas

237 5541 250 5550 .
329 5496 581 5560 mutant,
613 5497 670 5548 et
699 5499 1005 5565 propterea
1034 5495 1265 5551 obscuri
1297 5501 1457 5564 sunt,
1487 5501 1543 5551 et
1573 5496 1766 5551 nimiae
1818 5496 1972 5552 diffi-

329 5581 566 5650 cultatis
620 5587 710 5638 est
741 5582 949 5638 scirein
984 5585 1235 5656 singulis
1267 5584 1572 5641 versiculis
1602 5585 1737 5657 quis
1769 5584 1972 5658 loqua-

331 5688 420 5728 ur.
489 5672 671 5738 »Quis
705 5677 1017 5745 consurget
1049 5673 1192 5728 mihi
1226 5675 1504 5731 adversus
1538 5673 1926 5746 malignantes
1955 5690 1968 5731 :

2085 4691 2402 4759 caelorum;
2459 4708 2650 4760 nemo,
2686 4694 2894 4748 referto
2941 4697 3161 4761 ventre,
3204 4698 3394 4766 potest
3440 4694 3628 4768 digne
3673 4697 3743 4751 de

2079 4779 2324 4852 jejuniis
2373 4780 2692 4853 disputare.
2725 4781 2901 4837 Vides
2949 4797 3084 4853 ergo
3133 4783 3274 4854 quid
3313 4783 3516 4839 dicat:
3571 4808 3598 4835 ‹‹
3635 4786 3742 4850 Qui

2088 4869 2255 4941 fingit
2315 4868 2572 4926 laborem
2631 4870 2687 4923 in
2749 4875 3053 4942 praecepto.
3100 4893 3120 4921 ι
3182 4870 3394 4927 Omnia
3447 4877 3743 4946 pra-cepta

2087 4957 2316 5014 Domini
2346 4956 2604 5014 laborem
2628 4958 2864 5014 habent.
2889 4958 3026 5015 Sine
3048 4959 3245 5017 labore
3268 4975 3384 5016 non
3413 4977 3742 5032 possumus

2086 5047 2382 5119 possidere
2415 5063 2593 5120 regna
2622 5047 2919 5104 caelorum.
2942 5047 3135 5105 Vultis
3153 5049 3301 5106 scire
3323 5049 3462 5121 quia
3493 5051 3581 5108 ita
3607 5057 3699 5107 est
3717 5052 3742 5104 ἓ

2087 5137 2148 5192 Si
2191 5139 2290 5207 vis,
2346 5136 2555 5208 inquit,
2601 5143 2874 5210 per/cetus
2927 5154 3056 5205 esse,
3109 5138 3261 5209 vade,
3322 5140 3489 5196 vende
3550 5143 3740 5197 omnia

2085 5241 2204 5297 quae
2232 5225 2493 5296 possides,
2527 5229 2578 5280 et
2624 5225 2696 5282 da
2743 5226 3100 5298 pauperibus,
3131 5229 3182 5281 et
3231 5228 3356 5282 veni
3393 5242 3622 5299 sequere
3651 5243 3741 5284 me

2087 5315 2292 5384 (Matth.
2327 5331 2443 5384 χιχ,
2474 5316 2587 5383 21).
2641 5314 2747 5380 Qui
2791 5313 2932 5385 vult,
2981 5314 3192 5386 inquit,
3225 5317 3506 5388 consequi
3559 5333 3745 5390 regna

2085 5403 2387 5472 oculorum,
2419 5403 2626 5459 diebus
2658 5407 2714 5460 et
2747 5403 3020 5459 noctibus
3051 5409 3196 5470 oret,
3235 5403 3450 5477 vigilet,
3472 5406 3740 5478 jejunet,

2077 5493 2270 5564 jaceat
2299 5493 2358 5546 in
2390 5507 2558 5547 sacco
2594 5508 2708 5548 non
2742 5492 2800 5547 in
2832 5492 3053 5563 pluma,
3089 5509 3204 5548 non
3242 5493 3301 5548 in
3348 5494 3558 5550 serico.
3613 5496 3738 5554 Pa:-

2084 5581 2330 5637 nitentia
2380 5597 2495 5652 non
2545 5584 2706 5637 amat
2751 5581 3010 5638 delicias.
3045 5581 3185 5650 Quia
3214 5583 3482 5648 cinerem,
3517 5584 3732 5658 inquit,

2081 5681 2348 5742 tanquam
2388 5686 2591 5743 panem
2618 5670 2946 5728 manducavi
2977 5689 2995 5726 :
3040 5675 3094 5728 et
3135 5679 3329 5744 potum
3374 5689 3563 5729 meum
3604 5689 3734 5736 cum
