3976 6188
271 321 425 412 ιιττ

272 546 564 619 praecepto
599 559 612 600 :
648 545 968 618 captabunt
1012 546 1070 602 in
1120 545 1378 601 animam
1416 545 1584 616 justi.
1641 565 1667 592 »
1714 542 1920 598 Videte

275 633 569 706 quomodo
601 650 716 688 non
746 635 977 690 videtur
1022 651 1150 690 esse
1197 651 1545 691 consonans.
1582 636 1715 699 Quae
1761 631 1914 688 enim

271 727 361 778 est
392 723 808 793 consequentia
831 723 994 787 :«Qui
1021 724 1191 796 fingit
1216 723 1471 780 laborem
1502 723 1561 778 in
1593 729 1878 794 praecepto
1904 739 1917 789 ;

273 812 593 884 captabant
625 812 683 866 in
714 813 971 868 animam
998 813 1181 883 justi?
1210 837 1238 864 »
1271 815 1380 868 Sed
1414 813 1568 885 quod
1605 812 1764 868 auris
1794 828 1918 867 car-

272 918 383 958 nea
411 917 527 957 non
558 899 850 973 intelligit,
886 901 1044 958 auris
1074 901 1396 974 spiritualis
1425 901 1732 974 intelliget.
1769 901 1917 965 Quid

271 1007 410 1063 ergo
441 989 616 1046 dicit?
666 1011 694 1039 ‹‹
747 990 854 1054 Qui
906 991 1076 1064 ﬁngit
1122 991 1378 1047 laborem
1431 992 1489 1047 in
1540 995 1840 1063 praecepto.
1889 1012 1918 1040 »

271 1079 602 1152 Propterea,
636 1077 848 1151 inquit,
881 1079 1219 1137 laboramus
1264 1081 1322 1136 in
1357 1081 1660 1153 praeceptis
1689 1079 1920 1135 Domini

273 1168 480 1224 diebus
510 1172 569 1224 et
599 1168 888 1234 noctibus,
920 1168 1250 1242 vigilamus,
1271 1187 1528 1238 oramus,
1553 1170 1918 1241 jejunamus,

272 1256 550 1330 quoniam
581 1256 800 1312 multos
831 1257 1118 1315 habemus
1145 1259 1531 1327 adversarios,
1553 1259 1652 1330 qui
1685 1262 1921 1330 captant

273 1345 532 1403 animum
573 1346 742 1418 justi.
786 1347 986 1403 Videte
1037 1348 1175 1419 quid
1224 1349 1382 1404 dicat
1433 1365 1444 1403 :
1488 1348 1637 1419 justi
1687 1351 1924 1420 captant

273 1435 572 1503 animam;
599 1452 713 1490 non
745 1435 973 1507 injusti.
1007 1437 1132 1492 Non
1163 1437 1320 1492 enim
1349 1437 1551 1493 volunt
1579 1454 1678 1493 eos
1700 1436 1923 1507 decipe-

274 1540 335 1579 re
367 1524 466 1596 qui
516 1524 740 1596 decepti
770 1528 928 1592 sunt,
982 1527 1082 1581 sed
1123 1527 1338 1598 justos.
1391 1527 1554 1582 Unde
1602 1525 1816 1599 dicitur
1860 1524 1919 1580 in

276 1613 544 1669 Habacuc
580 1629 592 1667 :
625 1615 779 1671 Escae
805 1614 921 1684 ejus
952 1616 1140 1672 electa
1169 1616 1389 1688 (Habac.
1424 1634 1462 1686 1,
1495 1616 1603 1687 16).
1629 1638 1657 1666 ‹‹
1691 1616 1760 1670 Et
1789 1631 1921 1670 san-

276 1701 515 1776 guinem
545 1701 918 1759 innocentem
949 1705 1481 1761 condemnabunt.»
1512 1703 1714 1760 Solent
1742 1702 1924 1774 aliqui

277 1791 467 1846 dicere
497 1807 511 1845 :
548 1790 646 1846 Ille
677 1792 779 1862 qui
811 1792 1044 1848 occisus
1091 1797 1197 1859 est,
1232 1810 1345 1848 non
1396 1794 1774 1860 occideretur,
1809 1791 1922 1847 nisi
1953 1822 2001 1887 B
2033 1806 2144 1844 nus
2192 1793 2342 1843 Deus
2392 1790 2607 1840 noster.
2647 1809 2667 1834 ι)

276 1878 594 1935 fornicator
623 1886 800 1947 esset,
836 1885 937 1936 aut
967 1880 1201 1954 aliquod
1234 1886 1537 1954 peccatum
1598 1881 1919 1938 habuisset.

277 1967 471 2023 Ruina
499 1967 667 2024 illum
699 1986 813 2024 non
847 1976 1208 2043 occupasset,
1240 1971 1353 2028 nisi
1393 1971 1603 2027 fuisset
1632 1974 1918 2043 peccator.

272 2056 655 2129 Naufragium
688 2058 854 2114 illum
889 2076 1002 2115 non
1035 2061 1448 2132 oppressisset,
1490 2060 1602 2115 nisi
1658 2063 1924 2131 peccator

274 2144 501 2203 fuisset.
533 2145 740 2201 Videte
769 2162 904 2218 ergo
937 2146 1077 2217 quid
1120 2149 1277 2203 dicat
1328 2153 1531 2203 sancta
1576 2147 1874 2218 Scriptura
1909 2165 1921 2201 :

275 2255 306 2285 ιι
364 2235 435 2289 Et
490 2234 839 2306 sanguinem
896 2235 1266 2292 innocentem
1327 2237 1822 2292 condemnabunt.
1894 2258 1923 2285 »

274 2321 543 2388 Quandiu
574 2322 634 2377 in
664 2322 778 2378 isto
805 2323 1012 2379 seculo
1043 2341 1272 2396 sumus,
1293 2326 1491 2380 omnia
1519 2325 1579 2379 in
1614 2342 1926 2380 commune

275 2411 553 2482 patimur.
585 2411 792 2467 Justus
822 2417 879 2468 et
910 2417 1180 2484 peccator
1225 2413 1525 2485 aequaliter
1575 2414 1921 2486 naufragan-

278 2501 376 2553 tur
407 2514 421 2554 :
454 2498 754 2570 [Equalem
781 2499 998 2556 habent
1028 2517 1283 2571 carnem,
1329 2507 1387 2558 et
1431 2502 1683 2574 aequales
1724 2503 1923 2558 condi-

281 2586 469 2642 tiones
499 2587 712 2642 carnis.
742 2588 951 2644 Justus
969 2593 1025 2644 et
1044 2595 1312 2661 peccator
1335 2592 1634 2663 aequaliter
1657 2600 1921 2664 pereunt.

277 2674 496 2730 Similis
528 2676 738 2744 exitus,
773 2677 874 2733 sed
902 2677 1129 2734 diversa
1165 2680 1404 2750 praemia
1439 2683 1642 2752 justus
1693 2686 1750 2736 et
1793 2697 1925 2752 pec-

279 2766 440 2819 cator
471 2763 706 2820 habent.
737 2764 903 2822 Alius
934 2767 1170 2822 ducitur
1196 2769 1266 2823 ad
1323 2769 1650 2841 gehennam
1707 2788 1720 2825 :
1773 2769 1924 2825 alius

281 2853 518 2908 ducitur
545 2853 616 2908 ad
650 2869 829 2926 regna
858 2854 1158 2911 cmlorum.
1195 2880 1223 2907 «
1257 2858 1328 2912 Et
1357 2858 1704 2930 sanguinem
1759 2859 1924 2915 inno-

277 2944 503 2996 centem
535 2941 1031 3000 condemnabunt.
1071 2966 1090 2992 ιο
1124 2946 1354 3002 Sufficit
1383 2947 1510 3017 tibi,
1539 2965 1572 3003 ο
1595 2949 1776 3018 juste,
1796 2965 1927 3004 con-

279 3029 525 3086 scientia
551 3034 672 3086 tua.
705 3033 774 3086 Et
803 3031 853 3086 si
883 3033 1308 3090 condemnatus
1341 3036 1541 3104 fueris,
1575 3036 1654 3092 sit
1681 3037 1926 3108 sanguis

272 3122 414 3175 tuus
442 3118 746 3187 innocens,
779 3124 836 3175 et
865 3119 1142 3176 clamabit
1173 3123 1244 3178 ad
1275 3123 1612 3179 Dominum.

347 3230 376 3258 «
411 3207 479 3263 Et
508 3208 698 3264 factus
727 3211 817 3264 est
847 3209 992 3265 mihi
1024 3210 1308 3267 Dominus
1339 3213 1398 3268 in
1429 3213 1743 3286 refugium.
1769 3235 1799 3263 »
1824 3215 1924 3270 Lo-
1954 3189 1997 3257 C-

277 3313 381 3353 cus
404 3296 515 3352 iste
543 3300 745 3353 contra
771 3297 1018 3355 Arianos
1050 3299 1205 3356 facit.
1249 3301 1534 3365 Quoniam
1581 3303 1737 3358 enim
1786 3319 1925 3358 con-

276 3385 576 3442 tradicunt
605 3385 850 3443 Domino
887 3386 1190 3458 Salvatori,
1224 3392 1378 3462 quod
1427 3392 1616 3448 factus
1662 3392 1876 3447 dicitur
1908 3408 1921 3446 :

279 3489 410 3531 ecce
441 3491 549 3530 nos
579 3475 836 3532 dicimus
869 3495 881 3533 :
916 3500 943 3526 «
976 3477 1186 3534 Factus
1215 3484 1305 3535 est
1355 3480 1500 3535 mihi
1531 3480 1814 3538 Dominus
1866 3482 1926 3537 in

280 3563 592 3636 refugium.
627 3587 649 3613 ι
683 3563 842 3620 Nulli
872 3565 1142 3636 dubium,
1199 3569 1343 3640 quin
1392 3569 1461 3625 de
1512 3571 1676 3627 Patre
1705 3570 1814 3626 hoc
1843 3571 1928 3626 in-

275 3655 684 3724 terpretemur.
719 3653 778 3709 Si
810 3659 1010 3710 autem
1055 3656 1127 3712 de
1175 3656 1343 3714 Patre
1387 3657 1602 3713 dicitur
1633 3677 1645 3714 :
1672 3682 1698 3709 ‹‹
1733 3659 1926 3715 Domi-

275 3757 388 3797 nus
417 3740 609 3796 factus
638 3746 728 3797 est
777 3743 923 3798 mibi
955 3743 1014 3798 in
1045 3745 1366 3818 refugium,
1400 3770 1426 3796 »
1461 3747 1569 3802 hoc
1616 3764 1793 3804 sensu
1835 3747 1924 3802 in-

273 3828 655 3900 telligendum
688 3834 778 3886 est
811 3847 824 3884 :
861 3832 1145 3889 Dominus
1176 3834 1278 3906 qui
1308 3851 1542 3907 semper
1582 3841 1727 3903 erat,
1780 3836 1924 3892 mihi

275 3918 464 3972 factus
493 3920 582 3973 est
611 3917 669 3972 in
703 3918 1015 3991 refugium.
1049 3921 1140 3976 Sic
1173 3926 1230 3977 et
1255 3922 1517 3980 Salvator
1563 3924 1665 3995 qui
1693 3941 1926 3998 semper

273 4009 418 4072 erat,
447 4005 593 4062 mihi
625 4006 892 4064 Salvator
921 4009 1111 4066 factus
1139 4016 1247 4066 est.

825 4168 1153 4227 PSALMUS
1191 4170 1376 4227 XCIV.

277 4255 647 4332 Lauscantici
676 4259 784 4328 ipsi
813 4258 1006 4332 David.
1041 4261 1153 4332 Iste
1184 4261 1452 4332 psalmus
1501 4279 1698 4319 vocem
1748 4265 1926 4320 conti-

346 4330 444 4381 net
473 4327 788 4398 prophetw,
818 4327 1483 4389 cohortantis'bomines
1515 4335 1585 4389 ad
1618 4335 1801 4391 Deum
1854 4337 1925 4392 de

346 4400 467 4452 toto
497 4399 672 4452 corde
700 4399 971 4454 transire.

346 4542 373 4623 ς(
404 4519 626 4623 Venite,
663 4521 1322 4623 extenuemus-Domino
1375 4543 1386 4582 :
1437 4527 1762 4598 jubilemus
1813 4533 1924 4585 Deo
1958 4558 2004 4623 Β

274 4607 513 4666 salutari
547 4614 767 4666 nostro.
802 4631 828 4663 ι
868 4611 1273 4686 lntelligamus
1303 4616 1441 4687 quia
1468 4617 1592 4688 ipse
1619 4621 1708 4673 est
1732 4618 1925 4674 Domi-

277 4715 409 4766 nus,
442 4702 500 4755 et
528 4699 654 4772 ipse
685 4704 872 4757 morte
898 4718 1006 4758 sua
1033 4701 1279 4759 contulit
1308 4705 1476 4761 nobis
1507 4705 1779 4762 salutem.

355 4810 382 4837 «
416 4788 898 4862 Preoccupemus
932 4790 1139 4848 faciem
1191 4793 1320 4864 ejus
1367 4793 1426 4848 in
1476 4794 1860 4851 confessione.
1899 4819 1925 4845 »

278 4875 626 4950 Priusquam
658 4878 828 4936 nobis
859 4896 1064 4937 aversa
1116 4881 1261 4938 facie
1310 4882 1616 4954 irascatur,
1651 4887 1924 4942 conﬁtea-

279 4982 416 5022 mur
439 4972 672 5040 peccata
702 4974 924 5025 nostra.
952 4992 979 5020 «
1011 4971 1079 5026 Et
1109 4971 1168 5027 in
1194 4972 1438 5044 psalmis
1461 4974 1787 5046 jubilemus
1815 4976 1925 5030 ei.»

280 5056 598 5115 Psallentes
627 5058 687 5114 in
720 5059 995 5116 cordibus
1038 5060 1274 5130 nostris,
1319 5062 1435 5119 Deo
1483 5063 1702 5137 gratias
1751 5082 1926 5139 agen-

278 5151 389 5204 tes.

350 5259 380 5288 «
436 5238 722 5303 Quoniam
782 5239 940 5296 Deus
988 5258 1238 5315 magnus
1286 5241 1591 5299 Dominus.
1648 5268 1668 5293 ι
1719 5245 1926 5303 Nullus

278 5326 434 5383 enim
452 5331 720 5400 equatur
743 5327 1228 5401 magnitudini,id
1253 5335 1342 5386 est
1356 5331 1626 5403 potentiae
1650 5333 1836 5404 ejus.«
1860 5337 1928 5388 Et

280 5431 379 5472 rex
408 5432 661 5490 magnus
695 5433 872 5490 super
901 5434 1106 5476 omnes
1134 5420 1294 5476 deos.
1330 5441 1357 5468 ››
1391 5423 1520 5493 Ipse
1541 5421 1697 5478 enim
1729 5422 1927 5478 omnia

278 5506 448 5579 regit.

350 5617 379 5645 «
399 5594 688 5660 Quoniam
721 5612 835 5652 non
867 5595 1103 5670 repellet
1129 5597 1411 5657 Dominus
1443 5599 1671 5672 plebem
1696 5617 1924 5670 suam;»

277 5699 454 5758 quam
487 5684 718 5758 proprio
743 5702 947 5744 cruore
978 5687 1241 5744 redemit.

1437 316 1933 385 BREVIARIUM
1961 315 2058 397 (IN
2102 315 2490 379 PSALMUS.

267 455 399 528 ﬂetu
424 449 721 511 miscebam
753 452 922 528 (Psal.
951 468 1032 525 αι,
1065 454 1208 527 10).‹‹
1241 453 1349 520 Qui
1379 455 1548 528 ﬁngit
1577 454 1834 511 laborem
1855 453 1916 507 in
1945 453 2000 516 Α

3520 308 3678 375 H78

2101 474 2129 502 ‹‹
2162 451 2308 516 Quia
2336 450 2396 505 in
2430 464 2610 505 manu
2640 447 2768 520 ejus
2799 451 2938 506 sunt
2974 464 3176 506 omnes
3223 444 3372 506 ﬁnes
3421 449 3610 504 terrae.
3645 470 3670 501 ι

2027 539 2254 613 Pugillo
2312 539 2466 594 enim
2515 538 2575 594 id
2625 542 2732 608 est,
2782 541 3088 609 potestate,
3120 537 3415 594 concludit
3442 555 3676 594 omnem

2026 629 2398 687 latitudinem
2429 632 2615 684 terrae.
2642 650 2669 677 ‹‹
2702 628 2772 682 Et
2803 625 3146 682 altitudines
3169 629 3458 684 montium
3489 627 3677 700 ipsius

2028 726 2185 776 sunt.
2220 741 2247 769 ››
2280 716 2727 774 ΡΓῶάίΟᾶἰίΟΠθΞ
2760 714 3112 788 apostolicae,
3146 733 3290 787 quas
3339 717 3464 789 ipse
3490 716 3674 790 inspi-

2029 814 2136 865 rat.

2103 921 2130 950 ‹‹
2162 897 2447 964 Quoniam
2475 895 2664 968 ipsius
2694 899 2783 949 est
2811 909 2993 964 mare,
3028 898 3084 949 et
3113 893 3238 968 ipse
3269 895 3403 949 fecit
3439 893 3604 950 illud.
3647 918 3670 949 ι

2029 990 2156 1044 Haec
2186 991 2242 1042 et
2271 987 2342 1042 de
2373 984 2585 1041 saeculo
2617 983 2995 1056 intelligenda
3027 987 3191 1052 sunt,
3214 987 3271 1038 et
3302 983 3372 1038 de
3401 982 3513 1039 isto
3543 1001 3677 1040 vero

2029 1076 2198 1147 mari,
2232 1077 2302 1132 ad
2334 1074 2792 1132 confutationem
2826 1089 3026 1129 eorum
3058 1073 3158 1144 qui
3193 1072 3398 1128 dicunt
3435 1090 3620 1144 aquas
3647 1090 3680 1127 a

2027 1167 2142 1222 Deo
2175 1183 2289 1221 non
2319 1182 2448 1221 esse
2479 1167 2723 1219 creatas.
2757 1167 2902 1217 Nam
2934 1167 2993 1217 et
3021 1161 3292 1218 Salomon
3333 1179 3401 1217 ex
3433 1179 3681 1234 persona

2030 1253 2360 1326 Sapientiae,
2395 1252 2493 1323 qui
2518 1255 2606 1306 est
2631 1250 2920 1318 Christus,
2955 1248 3035 1304 ait
3063 1265 3076 1303 :
3110 1251 3440 1321 Priusquam
3475 1248 3679 1319 produ-
3789 1323 3792 1326 ξ

2028 1348 2169 1400 ceret
2224 1346 2401 1413 fontes
2430 1357 2724 1412 aquarum,
2753 1355 2848 1409 ego
2904 1354 3076 1393 eram.
3111 1339 3290 1409 (Prov.
3317 1353 3440 1407 VIII,
3471 1337 3582 1408 24).
3615 1337 3683 1392 Et

2030 1433 2246 1490 siccam
2277 1446 2488 1486 manus
2520 1429 2645 1500 ejus
2679 1427 3101 1483 formaverunt.
3143 1449 3170 1476 »
3204 1427 3332 1483 Sive
3371 1444 3528 1493 arva,
3561 1425 3682 1483 sive

2029 1521 2290 1576 humana
2320 1535 2581 1591 corpora.

2102 1634 2130 1660 ‹‹
2163 1609 2386 1675 Venite,
2420 1608 2752 1675 adoremus,
2785 1610 2843 1661 et
2873 1606 3247 1677 procidamus
3277 1610 3335 1660 et
3382 1603 3690 1676 ploremus

2031 1715 2228 1756 coram
2258 1697 2506 1753 Domino
2537 1696 2638 1767 qui
2673 1695 2807 1751 fecit
2836 1707 2944 1750 nos
2976 1713 2988 1750 :
3026 1694 3162 1765 quia
3191 1693 3316 1766 ipse
3348 1698 3437 1750 est
3482 1693 3679 1749 Domi-

2723 1783 2925 1840 Coram
2976 1782 3074 1838 illo
3124 1783 3434 1854 prosterni,
3468 1787 3525 1837 et
3567 1783 3680 1854 ipsi

2031 1883 2267 1951 peccata
2289 1893 2420 1932 cum
2449 1877 2586 1930 ﬂetu
2609 1878 2666 1929 et
2685 1873 2959 1946 lacrymis
2981 1871 3484 1942 confiteri,iterum
3507 1877 3681 1943 atque

2031 1965 2246 2020 iterum
2277 1962 2566 2034 Propheta
2595 1962 2884 2031 hortatur,
2919 1976 3094 2032 quem
3128 1960 3322 2015 sciunt
3350 1976 3478 2016 esse
3495 1959 3681 2015 Deum

2033 2053 2298 2110 omnium
2329 2049 2734 2107 saeculorum.»
2773 2050 2842 2104 Et
2871 2066 2976 2104 nos
3007 2049 3260 2121 populus
3293 2065 3520 2121 pascuae
3553 2049 3681 2119 ejus

2032 2147 2088 2198 et
2118 2159 2252 2197 oves
2282 2157 2494 2196 manus
2524 2140 2671 2210 ejus.
2707 2160 2733 2188 ››
2766 2139 2948 2209 Cujus
2980 2137 3267 2209 sanguine
3317 2136 3402 2193 vel
3451 2137 3684 2194 redimi-

2032 2248 2185 2302 mur,
2210 2230 2299 2284 vel
2331 2229 2565 2285 alimur.

2106 2343 2133 2370 ‹‹
2171 2319 2347 2376 [Iodie
2378 2319 2427 2373 si
2457 2334 2654 2373 vocem
2687 2319 2814 2388 ejus
2863 2315 3186 2384 audieritis,
3226 2339 3245 2364 υ
3281 2319 3390 2372 etc.
3442 2315 3684 2371 Eviden-

2030 2408 2258 2465 tissime
2306 2408 2427 2462 haec
2473 2406 2678 2479 pandit
2723 2405 3038 2477 Apostolus
3087 2406 3159 2461 ad
3206 2405 3479 2460 Hebraeos
3521 2420 3534 2458 :
3578 2421 3684 2460 nec

2033 2498 2208 2555 aliam
2240 2499 2612 2569 interponere
2660 2495 3053 2567 praesuminus
3101 2493 3541 2566 expositionem.
3574 2493 3683 2558 Qui

2033 2587 2115 2642 ita
2169 2587 2250 2642 ait
2309 2604 2321 2641 :
2382 2585 2622 2656 Quidam
2678 2587 2826 2640 enim
2880 2584 3375 2645 exacerbaverunt;
3422 2583 3517 2639 sed
3574 2599 3682 2639 non

2035 2692 2238 2746 omnes,
2302 2676 2400 2747 qui
2451 2674 2695 2747 profecti
2742 2677 2871 2728 sunt
2921 2690 2990 2728 ex
3039 2676 3269 2745 Epypto
3311 2689 3411 2742 per
3464 2673 3686 2744 Moysen

2033 2766 2214 2836 (Hebr.
2266 2782 2352 2834 ιιι,
2399 2765 2454 2832 8,
2503 2763 2580 2834 9).
2637 2763 2839 2830 Quibus
2887 2767 3066 2817 autem
3103 2760 3343 2835 emensus
3387 2763 3500 2831 fuit
3546 2777 3683 2832 qua-

2033 2853 2297 2925 draginta
2326 2853 2534 2908 annis?
2558 2867 2768 2922 nempe
2800 2849 2916 2906 illis
2947 2850 3046 2922 qui
3080 2853 3463 2922 peccaverunt
3495 2866 3507 2904 :
3544 2865 3684 2920 quo-

2038 2959 2170 2998 rum
2202 2947 2259 2998 et
2289 2958 2532 3014 corpora
2562 2944 2854 3012 prostrata
2883 2944 3024 2995 sunt
3055 2939 3111 2994 in
3164 2940 3414 2995 deserto.
3457 2937 3684 3004 Quibus

2039 3036 2236 3088 autem
2265 3031 2482 3102 juravit
2526 3046 2641 3085 non
2691 3028 2930 3084 introire
2976 3028 3037 3084 in
3087 3027 3349 3099 requiem
3380 3027 3535 3099 (Ibid.
3572 3027 3680 3100 11),

2034 3121 2148 3178 nisi
2197 3119 2314 3176 illis
2363 3120 2462 3192 qui
2510 3117 2798 3174 increduli
2849 3117 3132 3174 fuerunt?
3165 3121 3231 3173 Et
3261 3116 3518 3172 vidimus
3545 3117 3684 3188 quia

2034 3228 2150 3266 non
2208 3211 2526 3281 potuerunt
2579 3207 2821 3264 introire
2891 3212 3127 3279 propter
3191 3205 3681 3262 incredulitatem.

2034 3299 2372 3356 Timeamus
2421 3313 2556 3370 ergo
2609 3315 2621 3352 :
2673 3313 2743 3352 ne
2794 3297 2940 3356 forte
2986 3300 3225 3368 accepta
3268 3294 3683 3366 pollicitatione

2034 3387 2368 3445 introeundi
2399 3387 2457 3442 in
2491 3403 2736 3459 regnum
2768 3374 2917 3456 ejus,
2951 3385 3317 3441 existimetur
3365 3384 3578 3456 aliquis
3615 3399 3683 3439 ex

2035 3477 2207 3533 nobis
2264 3477 2448 3532 desse.
2503 3475 2731 3530 Etenim
2786 3475 2954 3530 nobis
3001 3473 3339 3530 nuntiatum
3387 3477 3496 3541 est,
3547 3488 3682 3544 que-

2035 3567 2418 3622 madmodum
2469 3569 2527 3620 et
2571 3563 2706 3620 illis.
2741 3563 2924 3636 Igitur
2963 3563 3344 3618 exhibeamus
3371 3578 3476 3617 nos
3507 3577 3684 3616 sanc-

2035 3658 2147 3722 tos,
2176 3658 2240 3709 ut
2265 3653 2502 3708 introire
2524 3668 2855 3708 mereamur
2876 3669 2980 3724 per
3009 3650 3416 3706 credulitatem
3439 3650 3498 3704 in
3521 3649 3684 3704 illam

2034 3743 2319 3815 requiem,
2348 3759 2527 3815 quam
2559 3758 2864 3814 speramus
2904 3740 3182 3813 accipere.
3231 3745 3339 3796 Per
3385 3737 3684 3795 Christum

2034 3832 2348 3888 Dominum
2400 3835 2664 3886 nostrum
2699 3850 2711 3888 :
2747 3830 2840 3886 cui
2872 3835 2961 3886 est
2992 3847 3128 3886 cum
3160 3833 3371 3885 aeterno
3405 3831 3595 3897 Patre,
3630 3830 3687 3882 et

2035 3921 2255 3994 Spiritu
2290 3924 2516 3989 saneto,
2551 3921 2736 3976 honor
2764 3925 2823 3976 et
2849 3919 3036 3993 gloria
3079 3920 3140 3974 in
3189 3917 3402 3975 saecula
3445 3915 3681 3983 saeculo-

2033 4028 2191 4067 rum.
2230 4013 2436 4067 Amen.

2597 4098 2919 4154 PSALMUS
2958 4097 3114 4153 XCV.

2036 4189 2270 4259 Quando
2301 4189 2491 4244 dom-us
2521 4188 2907 4257 miiﬁcabatur
2928 4192 3057 4259 post
3084 4187 3472 4259 captivitatem,
3505 4186 3682 4240 canti-

2105 4279 2229 4316 cum
2263 4260 2452 4315 David.
2489 4261 2601 4330 Iste
2633 4256 3055 4330 psalmusjhoc
3085 4256 3254 4330 titulo
3305 4260 3678 4330 praenotatur.

2106 4334 2318 4387 Totum
2342 4328 2684 4402 mysterium
2706 4329 2765 4402 in
2789 4328 2961 4402 titulo
2984 4328 3448 4402 est.Totius’vitze
3472 4332 3681 4402 nostra

2105 4399 2562 4467 sacramentum,
2595 4406 2651 4455 et
2679 4400 2840 4456 salus
2871 4401 2930 4455 in
2960 4399 3130 4456 titulo
3161 4406 3267 4457 est.
3303 4401 3540 4468 Quando
3580 4399 3680 4454 do-

2102 4491 2225 4530 mus
2253 4473 2632 4544 mdiﬁcabatur
2655 4475 2772 4544 post
2809 4475 3189 4544 captivitatem,
3239 4472 3529 4544 Canticum
3575 4472 3681 4544 Da-

2106 4547 2216 4600 vid.
2246 4542 2430 4601 Jud'aai
2462 4542 2665 4600 locum
2685 4542 2882 4599 istum
2908 4544 2992 4599 sic
3035 4543 3388 4606 intelligunt.
3440 4542 3682 4606 Quando

2145 4621 2239 4672 ost
2266 4615 2590 4688 Babyloniae
2625 4616 3041 4688 captivitatem,
3075 4615 3186 4671 sub
3225 4614 3368 4688 Ezra
3414 4617 3470 4669 et
3511 4614 3680 4688 Zoroe

2145 4635 2239 4672 om
2266 4635 2384 4672 nan
2411 4635 2590 4671 'ioniaa
2625 4635 3041 4688 capuvxtatem,
3075 4635 3186 4671 suo
3225 4635 3368 4670 nzra
3414 4635 3470 4669 et
3511 4635 3680 4668 wro-

2106 4635 2271 4744 gabel
2294 4635 2508 4744 etJyesu
2535 4686 2650 4742 ﬁlio
2670 4689 2914 4744 Josedec
2945 4704 3181 4742 rursum
3211 4686 3560 4740 aediﬁcatum
3593 4687 3683 4738 est

2106 4759 2599 4830 templum,David
2631 4759 2690 4812 in
2723 4759 2930 4830 spiritu
2961 4763 3094 4815 ante
3125 4757 3473 4830 quingentos
3495 4771 3681 4810 annos

2105 4828 2323 4888 sciebat
2353 4848 2588 4887 rursum
2620 4828 3025 4886 aediﬁcandum
3058 4828 3184 4886 esse
3223 4828 3530 4900 templum.
3564 4831 3683 4882 Hoc

2105 4903 2187 4959 illi
2221 4904 2442 4959 dicunt.
2463 4903 2520 4959 Si
2551 4903 2659 4957 hoc
2687 4903 2768 4958 ita
2797 4907 2902 4970 est,
2934 4921 2966 4958 o
2994 4902 3211 4970 Judaae,
3241 4905 3304 4956 ut
3335 4901 3676 4970 interpreta-

2108 4975 2208 5045 ris,
2242 4975 2380 5047 quid
2415 4975 2525 5030 sibi
2556 4973 2679 5028 vult
2709 4975 2863 5046 quod
2893 4976 3159 5047 sequitur
3191 4991 3209 5047 :7
3239 4973 3466 5047 Caritate
3494 4971 3681 5047 Domi-

2104 5064 2174 5103 no
2195 5043 2473 5102 'cauiicum
2501 5063 2700 5101 novum
2727 5043 2749 5102 Ξ
2774 5051 2831 5102 et
2857 5043 3064 5102 deinde
3117 5062 3128 5100 :
3177 5045 3514 5099 Annuntiate
3542 5043 3685 5098 inter

2105 5126 2287 5190 gentes
2315 5120 2550 5190 gloriam
2577 5120 2732 5190 ejus?
2763 5119 2925 5182 Quod
2959 5115 3681 5190 est_iistud,canticum_no-

2106 5185 2243 5246 vum
2259 5185 2417 5262 fquae
2449 5185 2740 5262 suntiistae
2765 5187 3224 5262 gentes‘IVidetis
3246 5203 3381 5262 ergo
3401 5185 3682 5257 quoniam

2106 5259 2429 5318 secundum
2462 5260 2717 5316 litteram
2759 5259 3204 5316 interficientern
3250 5259 3484 5330 penitus
3527 5262 3682 5313 stare

2107 5351 2222 5390 non
2256 5336 2463 5405 potest.
2497 5336 2642 5404 Ergo
2695 5333 2938 5405 mystice
2989 5331 3494 5405 interpretandum
3541 5333 3632 5386 est
3666 5346 3678 5382 :

2107 5351 2222 5390 non
2256 5351 2463 5405 ροιθει.
2497 5351 2642 5404 ergo
2695 5351 2748 5387 ιιι
2796 5351 2938 5389 suae
2989 5351 3494 5403 interpretandum
3541 5351 3677 5386 esu:

2105 5407 2341 5481 quando
2379 5405 2592 5481 domus
2641 5351 3039 5481 aedificabatur
3081 5407 3211 5481 post
3261 5401 3677 5481 captivitatem.

2107 5473 2275 5533 Multi
2308 5477 2378 5532 de
2410 5474 2577 5532 nobis
2607 5475 2757 5533 cauti
2791 5481 2926 5532 sunt
2981 5492 2992 5528 :
3046 5473 3214 5530 multi
3259 5473 3420 5529 ducti
3451 5476 3591 5528 sunt
3619 5473 3679 5524 in

2107 5493 2275 5533 mum
2308 5493 2378 5532 ue
2410 5493 2577 5532 nonis
2607 5493 2673 5531 ca
2719 5493 2757 5531 ιι
2791 5493 2926 5532 sunt
2981 5493 2992 5528 :
3046 5493 3214 5530 mum
3259 5493 3420 5529 uucu
3451 5493 3591 5528 sunt
3621 5493 3679 5524 in

2106 5548 2485 5620 Babyloniam
2520 5564 2532 5602 :
2568 5493 2735 5624 multi
2760 5545 3534 5624 jugumlfiabuchodonosor
3555 5540 3679 5597 suis

2104 5617 2406 5692 portavere
2455 5618 2777 5692 cervicibus
2809 5617 3028 5675 fmulti
3079 5617 3244 5692 missi
3292 5619 3431 5692 sunt
3475 5617 3532 5669 in
3583 5628 3676 5666 ca-

2105 5686 2335 5748 minum
2365 5691 2540 5764 ignis,
2574 5694 2630 5747 et
2660 5695 2931 5750 arserunt
2963 5709 2975 5750 :
3010 5690 3179 5749 multi
3215 5686 3499 5760 templum
3546 5697 3676 5758 per-
