3976 6188
269 311 426 382 ΙΠΘ

1769 325 2186 394 APPENDIX.

3517 333 3685 402 “80

341 453 644 547 digerunt,
665 456 758 547 let
790 452 862 547 iu
896 454 1016 547 illis
1062 457 1277 547 domus
1320 458 1422 518 Dei
1477 460 1760 547 subversa
1805 470 1912 547 est.
1943 468 1999 532 Α
2029 466 2182 523 diem
2197 464 2450 525 salutare
2471 466 2929 540 ejusmbicamus
2946 473 3004 529 et
3023 469 3337 532 aliter-:Duo
3359 477 3502 531 sunt
3524 475 3685 547 dies,

348 525 1024 604 Infelix__Judas_quando
1056 531 1357 604 apostolus
1395 540 1538 602 erat,
1572 537 1783 592 domus
1813 537 1914 592 Dei

344 602 485 677 erat.
529 599 694 677 Venit
742 599 1031 677 diabolus,
1082 599 1140 677 et
1183 607 1405 677 accepit
1456 599 1800 673 buccellam,
1859 613 1916 664 et

344 670 542 750 statim
574 669 809 750 intravit
837 673 1085 750 satanas
1116 676 1173 730 in
1207 669 1369 732 illum
1405 679 1588 747 (Joan.
1621 698 1742 750 xm,
1781 669 1870 750 ‘27)
1899 706 1912 747 ;

341 744 397 794 et
427 741 638 797 domus
661 744 794 815 ejus
825 746 1105 802 subversa
1151 754 1260 815 est,
1307 754 1364 803 et
1405 741 1519 805 non
1564 758 1652 806 est
1690 741 1912 807 instau;

343 816 468 894 rata
514 831 526 868 :
570 814 708 884 quia
757 833 870 871 non
904 819 1022 894 egit
1069 814 1495 894 poentientiam.
1525 823 1585 877 Si
1618 823 1750 894 quis
1782 840 1914 882 vero

344 888 478 960 post
519 893 818 960 peccatum
851 888 973 960 agit
1003 888 1401 960 paenitentiam
1437 910 1450 948 :
1487 888 1658 949 istius
1703 896 1914 950 domus

343 959 473 1038 post
489 957 1558 1038 captivitatem‘reaidiﬁcaturﬂremus
1578 983 1714 1038 ergo
1732 971 1788 1022 et
1809 984 1914 1022 nos

343 1030 679 1104 Dominum,
713 1030 967 1101 primum
1009 1033 1266 1104 quidem,
1301 1041 1366 1090 ut
1398 1054 1508 1091 non
1543 1030 1917 1094 subvvertatur

342 1096 555 1182 domus
589 1096 807 1182 post-ra,
854 1096 1162 1182 ne_véniat
1192 1096 1512 1182 Chaldqu
1542 1114 1598 1164 et
1640 1110 1914 1182 Assyrius

340 1172 396 1222 et
415 1169 711 1241 templum
743 1173 954 1230 Christi
981 1175 1039 1230 in
1072 1177 1239 1232 nobis
1271 1179 1585 1234 subvertet.
1621 1182 1677 1236 Si
1719 1169 1913 1236 autem

337 1240 683 1321 subversum
714 1244 888 1321 fuerit
919 1248 1082 1317 quasi
1115 1250 1438 1321 naufragio,
1465 1254 1718 1308 secundo
1763 1254 1912 1308 sola-

340 1315 421 1392 tio
440 1315 844 1392 _p_er_tabulam
872 1315 1190 1388 possumus
1221 1315 1453 1377 salvari.
1472 1325 1698 1392 Quando
1727 1325 1916 1380 domus

340 1382 743 1461 aediﬁcabatur
784 1382 901 1459 post
951 1393 1334 1461 captivitatem.
1387 1382 1653 1459 Quotidie
1703 1397 1914 1451 domus

343 1452 456 1508 ista
485 1455 697 1539 Christi
729 1452 796 1513 in'
823 1452 1238 1539 paenitentibus
1282 1452 1619 1539 instruitur.
1653 1467 1914 1539 Denique

343 1541 458 1580 non
482 1527 630 1600 dixit
662 1546 674 1582 :
710 1527 945 1600 quando
976 1533 1187 1588 domus
1216 1535 1500 1591 aedificata
1522 1543 1610 1593 est
1641 1555 1653 1592 :
1690 1556 1760 1593 ne
1792 1527 1914 1593 tan-

341 1600 469 1679 tum
497 1599 799 1679 videretur
821 1602 1412 1679 fuisseﬂpraeteritum;
1444 1610 1565 1678 sed,
1607 1611 1913 1679 aediﬁcaba-

340 1671 455 1744 tur,
487 1674 550 1723 ut
579 1671 838 1744 quotidie
867 1673 976 1728 hoc
997 1671 1118 1729 ﬁeri
1152 1671 1527 1734 demonstret.
1546 1671 1662 1735 Hoc
1681 1671 1912 1736 interim

339 1739 698 1824 diaimu‘s‘de
729 1739 927 1798 anima
959 1753 1176 1824 npstra.
1201 1749 1488 1824 Caeterum
1522 1769 1838 1824 possumus
1859 1757 1917 1807 et

341 1809 510 1886 aliter
547 1811 736 1868 dicere
773 1831 790 1886 :_
818 1817 1053 1886 quando
1103 1817 1355 1876 Ecclesia
1398 1809 1607 1878 Christi
1657 1825 1909 1879 instrue-

341 1879 514 1967 batur
543 1888 674 1954 post
701 1879 977 1967 ruinamu
1002 1889 1322 1947 Videamus
1369 1910 1504 1967 ergo
1555 1900 1685 1966 post
1733 1895 1910 1950 istum

342 1950 580 2008 titulum
615 1955 754 2026 quid
787 1963 1077 2028 sequetur.

305 2141 308 2144 p
344 2079 364 2108 α
401 2058 639 2118 Cantate
674 2064 913 2121 Domino
947 2068 1239 2125 canticum
1267 2088 1504 2127 novum.
1543 2096 1567 2123 ››
1603 2071 1759 2128 Felix
1792 2091 1912 2146 poe-

267 2147 496 2205 tentia:
532 2147 665 2208 licet
695 2154 903 2220 rueris,
946 2159 1138 2213 tamen
1190 2158 1238 2214 si
1287 2161 1475 2233 egeris
1515 2162 1913 2233 pomitentiam

270 2253 416 2293 nova
441 2239 651 2296 domus
683 2243 780 2297 Dei
803 2244 1315 2305 diceris.«Cantate
1345 2251 1590 2307 Domino
1621 2252 1916 2308 canticum

269 2342 508 2384 novum.
546 2353 572 2378 »
604 2331 760 2386 Nova
788 2333 1021 2402 domus,
1046 2353 1260 2392 novum
1313 2346 1571 2396 meretur
1600 2342 1914 2412 canticum,

272 2425 300 2464 α
334 2417 573 2472 Cantate
602 2415 848 2474 Domino
880 2423 1170 2479 canticum
1205 2443 1438 2483 novum.
1468 2453 1488 2480 1
1529 2431 1630 2486 Cui
1663 2430 1919 2486 cantate?

271 2685 619 2752 provocatur
646 2684 716 2738 ad
750 2683 1024 2744 laudem?
1055 2714 1082 2740 «
1115 2691 1354 2750 Cantate
1404 2695 1672 2764 Domino,
1721 2699 1915 2754 omnis

270 2770 600 2828 terra.»lste
630 2771 792 2830 locus
824 2781 879 2831 et
907 2777 1177 2836 Judaeum
1201 2783 1397 2853 vincit,
1423 2791 1480 2840 et
1504 2785 1911 2843 Novatianum.

269 2881 296 2908 «
333 2859 573 2916 Cantate
601 2863 864 2934 Domino,
897 2869 1090 2926 omnis
1121 2874 1292 2927 terra.
1329 2896 1355 2923 »
1390 2874 1516 2931 Non
1565 2875 1912 2943 Jerusalem,

269 2949 368 3004 sed
430 2951 623 3007 omnis
656 2955 932 3012 mundus.
970 2957 1072 3014 Hic
1101 2960 1343 3018 Judaeus
1373 2964 1672 3020 occiditur.
1709 2988 1736 3013 ‹‹
1770 2967 1914 3021 Can-

267 3041 385 3094 tate
419 3040 684 3108 Domino,
717 3045 910 3101 omnis
940 3050 1111 3105 terra.
1149 3073 1177 3101 »
1225 3049 1579 3110 Novatianus
1611 3054 1912 3112 occiditur.

268 3130 608 3195 Quomodo?
647 3134 794 3191 Dicit
832 3138 989 3194 enim
1029 3139 1386 3198 Novatianus
1448 3161 1459 3200 :
1515 3145 1664 3201 Sunt
1719 3146 1916 3218 aliqua

2025 573 2138 612 non
2173 563 2308 625 tres,
2329 575 2441 614 non
2466 563 2735 631 quatuor,
2760 577 2874 617 non
2898 562 3175 636 quinque.
3209 569 3334 620 Duo
3354 571 3492 621 sunt
3525 564 3687 630 dies,

2022 645 2201 702 Vetus
2231 649 2687 717 Testamentum,
2711 656 2768 706 et
2799 651 3045 708 Novum.
3079 657 3144 708 Et
3173 653 3233 709 in
3265 653 3366 709 illo
3401 654 3689 710 Christus

2021 734 2194 802 lucet,
2227 741 2284 792 et
2312 738 2369 791 in
2402 737 2516 793 isto
2548 738 2813 796 Christus
2843 739 3015 797 lucet.
3048 741 3234 798 Nolite
3263 759 3402 798 eum
3437 747 3686 799 tantum

2022 822 2247 880 laudari
2279 825 2336 880 in
2359 825 2549 882 Veteri
2573 829 3045 896 Testamento,ne
3063 831 3190 887 sitis
3215 833 3405 887 Judaai
3443 849 3456 888 :
3493 832 3688 888 nolite

2022 930 2155 968 eum
2191 918 2416 970 tantum
2448 914 2684 972 laudare
2715 917 2773 971 in
2805 918 2960 974 Novo
2993 921 3390 989 Testamento,
3427 938 3503 976 ne
3551 922 3686 978 sitis

2021 1003 2340 1058 Manichzei.
2380 1005 2632 1060 Laudate
2663 1005 2831 1062 illum
2862 1007 2934 1063 de
2964 1008 3057 1063 die
3087 1009 3146 1064 in
3174 1009 3474 1076 diem,hoc
3501 1012 3689 1076 est,in

2022 1093 2215 1148 Veteri
2246 1097 2303 1148 et
2327 1092 2383 1147 in
2417 1094 2573 1150 Novo
2604 1096 2975 1152 Testamento
3000 1115 3012 1152 :
3033 1114 3159 1170 quae
3186 1099 3301 1155 duo
3333 1099 3465 1155 dies
3496 1117 3688 1156 unam

2022 1181 2212 1237 lucem
2247 1181 2485 1237 faciunt.
2518 1184 2827 1256 Propterea
2865 1186 3141 1244 scribitur
3168 1192 3225 1243 et
3254 1188 3313 1243 in
3345 1188 3619 1244 Levitico
3672 1207 3688 1244 :

2025 1271 2192 1328 Omne
2219 1274 2401 1328 autem
2428 1274 2642 1329 animat
2665 1275 2805 1344 quod
2833 1275 2994 1344 ﬁndit
3019 1277 3284 1347 ungulam
3312 1285 3366 1332 et
3403 1279 3691 1346 ruminat,

2024 1361 2295 1416 mundum
2319 1368 2397 1418 est
2431 1363 2622 1433 (Leuit.
2655 1381 2732 1430 x1,
2764 1366 2840 1432 3).
2873 1368 2990 1420 Hoc
3019 1369 3128 1436 est,
3161 1367 3210 1420 si
3238 1366 3390 1422 duas
3424 1367 3692 1439 ungulas

2023 1450 2219 1518 habet,
2253 1455 2309 1505 et
2338 1450 2908 1522 ruminat,mundum
2933 1453 3110 1509 est.Si
3133 1470 3266 1526 ergo
3294 1471 3482 1510 unam
3507 1456 3693 1512 habet

2025 1538 2453 1611 ungulam,non
2481 1546 2568 1596 est
2590 1543 3140 1599 mundum.Juda2us
3162 1543 3337 1600 habet
3360 1562 3556 1601 unam
3587 1563 3692 1600 un-

2025 1626 2307 1702 gulam,et
2323 1633 2626 1701 propterea
2647 1630 2991 1689 immundus
3011 1637 3099 1688 est
3121 1632 3485 1689 Manichacus
3504 1652 3692 1690 unam

2026 1715 2200 1771 habet
2233 1717 2600 1789 ungulam,et
2626 1724 2932 1792 propterea
2959 1721 3304 1778 immundus
3333 1723 3526 1778 est.Et
3549 1724 3692 1794 quia

2026 1822 2204 1861 unam
2236 1805 2414 1862 habet
2443 1808 2747 1880 ungulam,
2782 1827 2897 1866 non
2928 1811 3186 1866 ruminat
3215 1811 3377 1867 cibos
3403 1829 3687 1868 suosmec

2024 1892 2082 1949 id
2116 1895 2269 1966 quod
2303 1896 2482 1952 semel
2516 1897 2574 1952 in
2607 1903 2868 1956 ventrem
2900 1899 3146 1967 miserit,
3181 1916 3425 1956 rursum
3485 1901 3683 1956 educit—

2025 1983 2096 2038 ad
2127 1987 2412 2056 guttur,et
2442 1987 2703 2043 ruminat
2731 1987 2898 2058 illud,
2931 1993 2988 2044 et
3017 1993 3190 2045 tenue
3220 1990 3390 2056 facit;
3429 1995 3495 2044 ut
3524 1992 3683 2062 quod

2026 2089 2297 2144 grossum
2331 2074 2785 2142 fuerat,rursum
2815 2081 2989 2132 tenue
3015 2077 3359 2133 mittaturin
3381 2086 3681 2135 ventrem:

2026 2161 2134 2217 hoc
2165 2162 2400 2233 quidem
2456 2165 2707 2235 pertinet
2736 2167 2808 2221 ad
2841 2171 3205 2223 sacramenta
3236 2167 3436 2223 divina
3463 2168 3676 2224 dicere.

2025 2251 2208 2307 Omne
2239 2252 2455 2308 animal
2487 2255 2642 2324 quod
2674 2253 2844 2310 ﬁndit
2873 2255 3180 2328 ungulam,
3214 2258 3680 2327 ruminat,mun-

2027 2340 2168 2395 dum
2203 2345 2308 2396 est.
2342 2342 2582 2398 Judaeus
2615 2360 2792 2399 unam
2825 2345 3107 2416 ungulam
3139 2345 3316 2402 habet
3351 2362 3363 2400 :
3401 2348 3463 2400 in
3498 2363 3688 2402 unum

2025 2430 2181 2485 enim
2213 2434 2443 2486 tantum
2473 2431 3214 2501 credit.Testamentum,et
3246 2451 3360 2490 non
3395 2436 3689 2491 ruminat.

2027 2519 2189 2592 Legit
2218 2519 2374 2575 enim
2403 2522 2810 2578 tantummodo
2848 2521 3128 2593 litteram,
3150 2527 3207 2579 et
3238 2523 3383 2580 nihil
3417 2525 3695 2581 conside-

2027 2612 2116 2663 rat
2149 2625 2161 2662 :
2199 2607 2343 2663 nihil
2392 2609 2601 2680 quaerit
2649 2610 3022 2668 intrinsecus.
3059 2611 3513 2670 Ecclesiasticus
3554 2631 3694 2669 vero

2026 2697 2277 2770 ungulas
2309 2698 2480 2753 findit
2525 2704 2583 2754 et
2628 2699 2885 2769 runinat,
2935 2701 3044 2756 hoc
3092 2706 3202 2768 est,
3248 2701 3306 2758 in
3360 2707 3696 2775 utrumque

2026 2787 2208 2842 credit
2237 2787 2766 2855 Testamentum,et
2793 2789 2852 2844 in
2888 2793 3134 2861 utroque
3163 2791 3542 2847 Testamento
3577 2810 3691 2847 sae-

2025 2892 2095 2948 pe
2127 2876 2390 2946 requirit.
2423 2877 2489 2933 El
2522 2877 2912 2950 quodcunque
2944 2878 3083 2934 latet
3115 2880 3172 2934 in
3205 2879 3419 2945 littera,
3458 2881 3519 2935 in
3562 2881 3693 2954 spi-

2027 2965 2139 3021 ritu
2173 2967 2410 3038 profert.
2446 2965 2563 3022 Hoc
2594 2971 2782 3023 totum
2814 2983 2996 3040 quare
3025 2968 3184 3025 dixi?
3212 2969 3360 3034 Quia
3391 2971 3696 3042 scriptum

2025 3059 2116 3110 est
2149 3073 2161 3110 :
2198 3076 2226 3105 «
2256 3054 2616 3111 Annuntiate
2646 3057 2716 3111 de
2747 3055 2840 3112 die
2869 3055 2928 3112 in
2962 3056 3115 3113 diem
3157 3057 3416 3114 salutare
3470 3060 3630 3131 ejus.
3671 3084 3692 3110 ο

2024 3144 2336 3215 Propterea
2393 3149 2449 3200 et
2496 3145 2741 3216 apostoli
2793 3146 2915 3201 bini
2966 3147 3280 3203 mittuntur
3326 3156 3702 3222 :pmpterea

269 3223 632 3312 pec_cata,pro
664 3223 879 3295 quibus
909 3227 1189 3286 debemus
1211 3247 1380 3304 agere
1409 3233 1917 3304 paenitentiamAc
1949 3233 1992 3300 C
2029 3249 2144 3289 non
2177 3233 2463 3290 habemus
2494 3251 2677 3290 unum
2709 3235 2968 3303 oculum,
3018 3237 3120 3292 sed
3169 3237 3337 3292 duos.
3375 3237 3701 3312 Propterea

271 3306 506 3366 si'dicat
539 3325 550 3364 :
586 3315 662 3367 De
693 3316 1016 3387 mendacio,
1052 3319 1122 3373 de
1144 3315 1420 3392 perjur’io,
1445 3323 1516 3378 de
1537 3324 1709 3379 furto.
1742 3327 1912 3379 Caete-

271 3401 404 3454 rUm
455 3400 557 3472 qui
606 3402 921 3462 fornicatus
973 3407 1167 3476 fuerit,
1201 3410 1301 3481 qui
1333 3411 1718 3468 homicidium
1767 3413 1914 3468 fece-

272 3487 348 3543 rit
381 3505 394 3543 :
426 3488 537 3546 iste
567 3508 735 3564 agere
766 3511 877 3549 non
911 3501 1101 3568 potest
1130 3499 1554 3570 pcenitentiam.
1596 3501 1741 3557 Audi
1776 3500 1917 3573 quid

270 3577 472 3633 dicat:
512 3600 538 3631 σι
567 3579 806 3638 Cantate
857 3587 1120 3656 Domino,
1172 3589 1363 3646 omnis
1421 3594 1592 3646 terra.
1644 3614 1668 3638 ››
1714 3588 1919 3645 Omnis

273 3669 468 3720 autem
501 3671 674 3740 terra,
698 3676 755 3725 et
794 3673 1058 3732 adultera
1085 3683 1269 3746 est,et
1300 3679 1612 3751 homicida,
1643 3684 1700 3736 et
1724 3679 1922 3735 omnia

275 3761 514 3830 peccata
544 3764 774 3816 terrena
821 3769 979 3819 sunt.
1013 3766 1072 3821 Si
1125 3773 1318 3824 autem
1370 3770 1640 3826 universa
1687 3774 1922 3842 peccata

271 3849 503 3904 terrena
532 3852 671 3905 sunt
705 3866 716 3905 :
751 3851 1180 3926 qualiacunque
1209 3863 1448 3929 peccata
1486 3859 1782 3928 habueris,
1815 3876 1922 3932 age

273 3937 675 4011 paenitentiam
707 3945 764 3996 ct
795 3939 991 4000 salvus
1021 3947 1156 4000 eris.

350 4051 372 4078 ι
408 4029 647 4086 Cantate
681 4031 943 4104 Domino,
978 4037 1036 4088 et
1065 4034 1391 4091 benedicite
1444 4037 1668 4092 nomini
1708 4039 1856 4109 ejus.
1893 4061 1919 4086 ››

278 4119 504 4176 Nomen
554 4120 782 4176 Domini
832 4121 1095 4178 Salvator
1139 4127 1246 4195 est,
1279 4141 1346 4181 ex
1372 4141 1437 4181 eo
1471 4127 1624 4196 quod
1655 4125 1711 4180 in
1755 4126 1924 4181 nobis

280 4207 469 4263 factus
499 4213 607 4266 est.
643 4234 671 4258 ‹‹
699 4210 938 4268 Cantate
969 4213 1594 4270 Domino.Annuntiate
1626 4214 1696 4270 de
1743 4213 1834 4270 die
1865 4215 1923 4269 in

279 4298 435 4355 diem
468 4299 721 4357 salutare
751 4302 1088 4372 ejus.»Quid
1119 4301 1245 4359 vult
1273 4303 1464 4360 dicere
1495 4322 1547 4360 εκ
1568 4303 1926 4360 Annuntiate

277 4387 350 4443 de
381 4387 474 4443 die
503 4388 562 4444 in
597 4390 751 4446 diem
801 4390 1056 4447 salutare
1099 4392 1268 4464 ejus?
1303 4415 1329 4441 »
1361 4392 1468 4456 Qui
1519 4393 1767 4466 simplex
1813 4396 1925 4462 est,

280 4476 363 4533 sic
394 4477 666 4552 intelligit
708 4495 721 4535 :
768 4479 1054 4538 Omnibus
1086 4482 1295 4538 diebus
1325 4481 1558 4538 laudate
1591 4482 1928 4550 Dominum,

2027 3324 2174 3379 duas
2206 3323 2493 3380 habemus
2524 3341 2716 3391 aures,
2751 3329 3056 3397 propterea
3093 3325 3242 3381 duas
3291 3343 3490 3397 nares,
3523 3345 3702 3400 prop-

2027 3417 2185 3468 terea
2213 3413 2328 3468 duo
2359 3411 2534 3478 labia,
2567 3417 2872 3485 propterea
2921 3414 3068 3469 duas
3115 3429 3352 3482 manus,
3382 3415 3542 3472 duos
3597 3435 3698 3490 pe-

2029 3502 2152 3558 des.
2185 3496 2341 3556 Nihil
2371 3501 2431 3555 in
2463 3501 2632 3558 nobis
2672 3519 2858 3560 unum
2889 3503 3196 3571 habemus,
3230 3503 3344 3559 nisi
3377 3506 3541 3576 quod
3575 3512 3697 3560 tur-

2031 3607 2100 3664 pe
2129 3595 2238 3646 est.
2273 3591 2341 3645 Et
2383 3592 2643 3662 corporis
2674 3591 2858 3647 nostri
2889 3592 3152 3672 membra
3181 3593 3439 3648 duorum
3483 3595 3694 3650 Testa-

2031 3685 2362 3737 mentorum
2387 3685 2757 3736 sacramenta
2787 3685 3099 3738 testantur.

2103 3791 2132 3818 «
2164 3769 2375 3825 Afferte
2407 3769 2674 3837 Domino,
2726 3770 2924 3842 patriae
2976 3771 3242 3843 gentium
3278 3785 3290 3826 :
3325 3771 3539 3828 afferte
3586 3776 3696 3828 Do-

2032 3858 2192 3914 mino
2232 3857 2476 3932 gloriam
2523 3862 2580 3913 et
2629 3858 2931 3915 honorem.
2969 3883 2990 3911 ι
3027 3860 3085 3914 Si
3118 3860 3189 3916 de
3216 3859 3438 3932 templo
3493 3861 3702 3917 Hiero-

2033 3947 2267 4020 solyma:
2326 3948 2566 4016 dicitur;
2617 3947 2756 4020 quid
2807 3947 3132 4004 sibi'nunc
3187 3947 3331 4003 vult.
3385 3971 3412 3997 α
3477 3949 3703 4005 Atrei-te

2033 4037 2280 4094 Domino
2325 4037 2522 4109 patriae
2568 4036 2830 4109 gentium
2865 4054 2878 4093 :
2913 4037 3111 4093 afferte
3145 4036 3390 4093 Domino
3438 4037 3700 4110 gloriam

2034 4131 2091 4183 et
2119 4126 2471 4182 honorem?»
2495 4125 2767 4182 Gentium
2800 4125 3367 4194 multitudo,vocatio
3399 4128 3706 4198 gentium,

2033 4219 2090 4271 et
2117 4213 2384 4270 Ecclesia
2417 4213 2787 4286 congregatio
2817 4218 2924 4270 est.
2964 4237 2984 4264 α
3023 4214 3231 4270 Ασθτιθ
3264 4213 3528 4270 Domino
3574 4215 3709 4286 glo.

2035 4304 2183 4360 riam
2211 4307 2268 4358 et
2297 4303 2600 4360 honorem.
2638 4327 2664 4353 »
2697 4304 2936 4368 Quando
2958 4299 3326 4360 'bonoramus
3371 4304 3706 4361 Dominum

2034 4393 2093 4448 in
2149 4409 2390 4463 corpore
2440 4396 2658 4464 nostro,
2707 4391 2993 4464 gloriatur
3053 4393 3337 4449 Dominus
3385 4392 3445 4448 in
3500 4393 3704 4450 nobis.

2037 4504 2065 4531 «
2105 4481 2318 4536 Atl'erte
2368 4481 2611 4537 Domino
2659 4480 2908 4554 gloriam
2955 4481 3178 4538 nomini
3223 4482 3378 4553 ejus.
3428 4503 3457 4530 υ
3501 4481 3708 4538 Gloria

278 4567 388 4626 hoc
419 4574 528 4638 est,
563 4569 675 4626 diei
709 4571 984 4627 succedat
1014 4571 1285 4640 dies,hoc
1317 4577 1424 4640 est,
1461 4572 1710 4627 laudasti
1735 4571 1926 4639 hodie,
1958 4605 2006 4671 Β
2039 4569 2206 4640 servi,
2240 4569 2427 4640 gloria
2458 4570 2684 4625 Domini
2721 4574 2828 4626 est.
2864 4571 2972 4638 Qui
2998 4587 3089 4627 vos
3115 4571 3327 4643 recipit,
3359 4587 3450 4626 me
3499 4573 3704 4643 recipit

277 4657 453 4716 lauda
502 4663 560 4715 et
606 4659 882 4716 crastino.
939 4659 1182 4716 Videtur
1239 4661 1476 4733 quidem
1535 4679 1746 4718 sensus
1803 4678 1931 4717 esse
1958 4657 2002 4671 ⁶’
2040 4660 2248 4732 (Matth.
2279 4677 2334 4730 x,
2366 4660 2475 4731 40).
2511 4659 2665 4715 Felix
2696 4676 2921 4729 servus,
2968 4665 3204 4732 propter
3255 4675 3432 4732 quem
3494 4661 3695 4716 Domi-

279 4747 559 4822 simplex:
582 4750 682 4805 sed
717 4749 1105 4805 mihividetur
1124 4749 1344 4822 aliquid
1371 4751 1721 4806 sacramenti
1749 4749 1926 4806 latere

283 4860 311 4888 ‹‹
342 4839 700 4895 Annuntiate
730 4839 801 4895 dc
833 4839 926 4895 die
957 4839 1017 4895 in
1049 4839 1204 4895 diem
1256 4839 1511 4896 salutare
1556 4841 1702 4910 ejus.
1743 4862 1768 4888 ››
1799 4840 1924 4894 Non

279 4931 471 5001 potest
533 4928 759 4984 laudari
815 4928 1102 4997 Salvator,
1161 4929 1271 4985 nisi
1335 4929 1394 4984 in
1472 4929 1581 4984 die.
1642 4929 1928 4984 Debuerat

277 5016 434 5072 enim
493 5018 683 5075 dicere
731 5037 744 5075 :
798 5018 1418 5094 Laudate‘Dominum
1475 5019 1568 5074 die
1618 5035 1681 5073 ac
1741 5022 1924 5087 nocte,

282 5105 332 5162 si
362 5106 433 5162 de
461 5106 576 5163 ista
601 5109 693 5164 die
724 5110 1034 5165 diceretur.
1070 5110 1358 5166 Debemus
1389 5109 1546 5166 enim
1577 5108 1768 5166 dicere
1794 5108 1924 5177 hoc,

279 5195 332 5250 si
361 5198 685 5254 secundum
737 5197 987 5255 litteram
1039 5198 1441 5272 intelligimus.
1475 5199 1534 5255 Si
1575 5184 1711 5272 erga
1744 5198 1803 5252 in
1835 5198 1927 5254 die

281 5277 593 5342 laudamus
625 5289 933 5345 Dominum
964 5290 1174 5345 iterum
1225 5289 1283 5344 in
1336 5293 1502 5344 nocte
1538 5285 1778 5345 laudare
1810 5305 1924 5343 non

280 5377 628 5448 possumus?
655 5376 858 5434 Videte
889 5394 1024 5452 ergo
1057 5378 1198 5451 quid
1219 5378 1375 5434 dicat
1403 5396 1414 5434 :
1449 5377 1926 5448 Quandocunque

277 5465 534 5521 laudatis
568 5466 901 5538 Dominum,
935 5485 1166 5540 semper
1195 5467 1361 5524 illum
1395 5469 1454 5523 in
1486 5467 1614 5523 luce
1643 5466 1878 5522 laudate
1911 5484 1923 5521 :

274 5572 390 5612 non
422 5555 480 5610 in
511 5553 768 5610 tenebris
800 5560 1193 5628 peccatorum,
1221 5558 1323 5614 sed
1357 5557 1416 5612 in
1448 5557 1575 5613 luce
1613 5556 1924 5611 virtutum.

273 5647 517 5718 Semper
548 5645 604 5702 in
630 5644 827 5702 anima
848 5649 953 5700 tua
973 5645 1059 5700 sol
1084 5645 1294 5702 Christi
1320 5645 1576 5703 oriatur:
1607 5650 1670 5701 ut
1694 5661 1928 5717 semper

271 5736 334 5804 in
367 5741 423 5794 te
455 5741 728 5795 nascatur
755 5735 953 5794 lumen
988 5734 1624 5792 novum.«Annuntiate
1647 5734 1717 5790 de
1747 5734 1840 5790 die
1864 5732 1925 5788 in

2035 4767 2147 4805 nus
2173 4747 2476 4822 gloriatur.

2109 4863 2135 4889 «
2169 4836 2379 4894 Tollite
2411 4836 2656 4906 hostias,
2687 4841 2745 4892 et
2774 4836 3010 4894 introite
3039 4837 3098 4893 in
3131 4837 3280 4894 atria
3317 4837 3468 4910 ejus.
3515 4860 3543 4886 ω
3577 4838 3704 4896 Ho—

2038 4927 2211 4984 stiam
2243 4930 2528 4994 sanctam,
2551 4926 2760 4995 vivam,
2795 4925 3120 4999 placentem
3152 4927 3446 4998 Deo(Rom.
3480 4940 3589 4996 xu,
3627 4928 3705 4999 1).

2039 5017 2246 5073 Tollite
2271 5015 2514 5072 hostias.
2569 5019 2682 5072 Vos
2737 5015 2850 5088 ipsi
2897 5016 3097 5072 afferte
3126 5015 3371 5073 hostias.
3405 5018 3568 5083 Quas
3597 5016 3708 5074 ho-

2038 5106 2223 5162 stias?
2250 5105 2365 5161 Vos
2395 5104 2506 5178 ipsi
2555 5109 2741 5162 estote
2783 5105 3003 5162 hostias.
3037 5105 3378 5178 Virginitas.
3412 5104 3699 5162 holocau-

2039 5200 2197 5252 stum
2227 5194 2443 5251 Christi
2492 5200 2598 5251 est.
2652 5194 2934 5251 Universa
2977 5195 3236 5266 castitas,
3270 5195 3388 5252 sive
3419 5194 3478 5251 in
3512 5195 3696 5267 virgi-

2039 5284 2244 5352 nitate,
2275 5284 2397 5340 sive
2428 5283 2486 5339 in
2519 5284 2820 5350 viduitate,
2854 5284 2974 5340 sive
3001 5283 3062 5340 in
3093 5283 3478 5351 continentia,
3499 5283 3700 5341 hostia

2036 5374 2247 5430 Christi
2280 5378 2386 5429 est.
2436 5373 2577 5431 Rem
2630 5391 2837 5430 novam
2885 5372 3114 5446 loquor,
3156 5373 3349 5430 hostia
3393 5373 3698 5431 castitatis

2036 5464 2165 5537 ipsa
2193 5479 2254 5519 se
2286 5467 2497 5535 portat.
2525 5486 2553 5512 «
2587 5461 2795 5520 Tollite
2818 5463 3060 5532 hostias,
3094 5466 3152 5518 et
3180 5461 3415 5520 introite
3445 5462 3506 5518 in
3542 5463 3695 5520 atria

2034 5553 2183 5625 ejus.
2217 5552 2464 5608 Adorate
2492 5552 2804 5609 Dominum
2833 5551 2894 5608 in
2927 5552 3073 5608 atrio
3106 5557 3306 5609 sancto
3337 5553 3487 5622 ejus.
3525 5575 3555 5606 »ι
3591 5551 3689 5607 Vi-

2034 5643 2141 5698 deo
2173 5643 2343 5714 plura
2372 5641 2548 5710 atria;
2582 5642 2746 5698 video
2778 5657 2962 5698 unum
2995 5641 3228 5697 atrium.
3269 5640 3538 5699 «Tollite
3581 5642 3681 5698 ho-

2037 5730 2202 5799 stias,
2233 5733 2290 5788 et
2317 5729 2552 5788 introite
2600 5730 2660 5789 in
2709 5730 2856 5789 atria
2885 5731 3034 5802 ejus.
3071 5751 3099 5780 ››
3125 5729 3272 5788 Ecce
3317 5728 3486 5804 plura
3519 5728 3682 5788 atria
