3976 6188
282 373 436 439 “Si

281 515 540 569 Rursum
583 523 598 567 :

284 600 416 672 'ejus
449 617 462 656 :
501 622 529 649 »
582 617 713 657 ecce
769 618 954 657 unum
987 603 1224 658 atrium.
1257 603 1460 660 Videte
1490 619 1626 674 ergo
1656 603 1933 675 quoniam

288 694 404 746 non
436 692 630 761 potest
660 690 730 745 de
759 707 877 746 uno
907 692 1053 748 atrio
1081 692 1263 747 veniri
1295 693 1366 747 ad
1402 691 1568 764 plura
1599 692 1745 748 atria
1773 711 1785 747 :
1835 692 1935 748 sed

283 772 356 834 de
387 776 661 849 plurimis
691 778 858 835 atriis
887 779 1121 836 venitur
1152 781 1222 836 ad
1255 797 1437 836 unum
1478 780 1712 836 atrium.
1745 779 1935 836 Vultis

283 866 435 923 scire
466 866 575 922 hoc
605 866 806 938 ipsum
839 868 1186 940 mysterium
1208 869 1235 922 ‘I
1275 869 1418 924 Ecce
1447 868 1505 923 in
1537 868 1651 925 alio
1679 869 1804 924 loco
1836 884 1934 923 ne-

281 954 534 1029 gotiator
580 953 680 1009 ille
727 955 826 1027 qui
880 956 1132 1012 habebat
1188 957 1473 1028 plurimas
1532 958 1931 1029 margaritas:

278 1043 542 1099 vendidit
586 1042 808 1116 plures,
844 1049 910 1099 ut
952 1050 1170 1100 emeret
1212 1063 1388 1102 unam
1421 1047 1629 1116 (Matth.
1665 1064 1790 1114 xm,
1823 1047 1934 1116 46).

277 1131 350 1187 Et
378 1132 440 1186 in
471 1131 712 1187 Michaaa
757 1131 970 1188 dicitur
1002 1149 1016 1189 :
1069 1134 1238 1202 State,
1273 1134 1485 1206 inquit,
1523 1136 1582 1190 in
1611 1137 1716 1190 viis
1746 1137 1938 1191 Domi-

276 1222 360 1286 ni,
403 1223 455 1276 et
513 1221 777 1292 inquirite
835 1222 983 1276 viam
1038 1223 1258 1279 Domini
1311 1223 1498 1291 (Mich.
1556 1240 1628 1293 1v,
1677 1224 1754 1294 2).
1813 1223 1939 1282 Nisi

279 1308 617 1365 steterimus
667 1309 727 1364 in
777 1310 886 1365 viis
938 1310 1233 1383 plurimis,
1266 1329 1444 1367 unam
1493 1311 1650 1367 viam
1682 1313 1940 1368 invenire

277 1411 395 1454 non
444 1414 783 1470 possumus.
816 1401 954 1462 Quae
983 1404 1123 1454 sunt
1153 1401 1276 1454 istae
1308 1401 1638 1472 margaritae
1690 1401 1938 1473 plures?

276 1487 416 1552 Quae
462 1491 602 1542 sunt
628 1486 731 1541 via
763 1487 958 1559 plures
979 1488 1006 1542 ?
1054 1489 1189 1552 Quze
1222 1494 1363 1544 sunt
1395 1489 1509 1544 ista
1539 1489 1690 1545 atria
1721 1489 1888 1561 plura
1922 1521 1936 1560 ;

277 1580 347 1630 ut
377 1575 746 1632 inveniamus
783 1592 960 1632 unam
1009 1577 1390 1650 margaritam
1439 1582 1498 1633 et
1550 1595 1728 1633 unam
1760 1579 1936 1650 viam,

276 1668 334 1720 et
363 1680 548 1720 unum
580 1664 796 1720 atrium
883 1663 1198 1731 Abraham,
1239 1667 1420 1734 Isaac,
1455 1671 1512 1722 et
1539 1667 1739 1736 Jacob,
1778 1668 1937 1738 Moy-

277 1755 395 1818 Ses,
426 1751 567 1809 Jesu
619 1753 792 1820 Nave,
837 1754 1018 1822 Isaac,
1049 1754 1363 1822 Jeremias,
1393 1755 1679 1822 Ezechiel,
1715 1756 1936 1811 duode-

275 1840 392 1898 cim
441 1841 758 1914 propheta,
790 1841 990 1909 David,
1024 1842 1297 1899 Salomon
1353 1843 1589 1900 fuerunt
1619 1844 1786 1914 atria,
1821 1841 1929 1899 hoc

273 1931 380 2000 est,
406 1930 556 1986 atria
583 1935 782 1986 nostra
810 1934 968 1986 sunt.
1003 1931 1265 1987 Primum
1296 1931 1354 1987 in
1389 1931 1489 1988 illa
1514 1932 1829 2000 intramus,
1854 1933 1925 1988 de

271 2015 388 2078 Illis
436 2018 599 2074 atriis
652 2023 853 2090 postea
898 2019 1167 2076 venimus
1222 2021 1294 2075 ad
1345 2021 1563 2076 atrium
1607 2021 1924 2093 Evangelii,

282 2107 385 2164 ubi
415 2106 712 2164 invenitur
741 2107 1028 2164 Christus.

350 2254 371 2280 ι
407 2233 948 2288 Οοωιηονθειιιιινθ,
996 2232 1146 2288 facie
1193 2234 1323 2304 ejus
1369 2232 1641 2290 universa
1690 2238 1866 2289 terra.
1904 2257 1932 2283 »

276 2307 483 2375 Videte
537 2318 679 2390 quid
729 2318 930 2374 dicat:
983 2319 1204 2376 leum
1255 2337 1370 2376 non
1403 2326 1670 2378 movetur
1709 2341 1742 2378 a
1790 2323 1934 2379 lacie

280 2405 384 2462 Dei
420 2422 434 2460 :
490 2407 591 2461 sed
625 2407 962 2479 quicunque
993 2412 1260 2465 terrenus
1291 2415 1399 2478 est,
1431 2409 1527 2465 ille
1557 2411 1794 2482 respicit
1821 2411 1931 2466 Do-

283 2494 514 2550 minum
548 2513 561 2550 :
613 2499 670 2552 et
701 2501 1120 2565 commovetur,
1154 2503 1211 2553 et
1240 2499 1546 2554 tremiscit.
1601 2522 1630 2549 «
1661 2499 1843 2556 Dicite
1874 2501 1933 2555 in

281 2582 562 2655 gentibus
591 2584 734 2654 quia
765 2585 1052 2642 Dominus
1082 2587 1362 2660 regnavit.
1390 2610 1418 2636 ››
1449 2587 1571 2642 Nisi
1603 2592 1756 2643 terra
1784 2605 1936 2644 com-

281 2675 444 2726 mota
475 2672 669 2737 fuerit,
699 2676 758 2728 et
787 2691 822 2730 a
850 2691 956 2730 suo
987 2679 1217 2732 terreno
1262 2693 1436 2748 opere
1465 2678 1787 2746 recesserit,
1821 2677 1932 2733 Do-

281 2757 481 2815 minus
511 2775 627 2816 non
661 2761 927 2833 regnabit
959 2763 1017 2818 in
1050 2764 1347 2836 gentibus.
1399 2812 1410 2816 _

357 2899 381 2928 ι
413 2880 640 2936 Etenim
695 2883 946 2939 correxit
993 2885 1193 2941 orbem
1242 2891 1410 2943 terrae
1462 2889 1561 2961 qui
1611 2905 1726 2946 non
1775 2906 1931 2946 com-

287 2969 636 3026 movebitur.
671 2992 700 3019 »
751 2971 1066 3044 Nunquam
1096 2975 1430 3049 corrigitur,
1465 2978 1581 3033 nisi
1614 2980 1768 3050 quod
1803 2982 1936 3034 ante

287 3061 511 3112 rectum
564 3058 696 3126 fuit,
727 3063 785 3114 et
830 3065 1034 3132 postea
1083 3062 1463 3135 depravatum
1494 3070 1601 3122 est.
1636 3066 1729 3122 Sic
1755 3066 1938 3140 igitur

283 3149 342 3201 et
369 3161 496 3216 nos,
529 3150 588 3202 et
634 3163 807 3202 omne
856 3147 1183 3206 humanum
1235 3167 1420 3222 genus
1464 3153 1807 3210 naturaliter
1847 3155 1934 3209 in-

1444 349 1938 446 BREVIARIUM
1986 383 2065 444 1N
2110 345 2492 446 PSALMOS.

663 501 973 570 «'Adorate
1028 505 1340 570 Dominum
1401 514 1460 570 in
1519 516 1664 570 atrio
1720 519 1924 572 sancto
1951 515 2170 582 Amus
2202 515 2368 587 panis
2407 515 2556 586 ejus,
2589 511 2691 586 qui
2745 511 2816 569 de
2869 510 3012 569 cmlo
3061 507 3380 570 descendit.
3415 505 3684 578 Quotidie

3541 379 3690 440 H82

2045 604 2214 660 nobis
2244 603 2513 660 Christus
2542 600 2908 672 cruciligitur
2939 617 2952 654 :
3005 617 3112 657 nos
3142 602 3362 656 mundo
3394 600 3688 672 cruciﬁgi-

2046 709 2200 757 mur,
2232 697 2290 748 et
2331 691 2599 747 Christus
2649 692 2706 745 in
2758 690 2926 746 nobis
2980 690 3359 760 crucifigitur.
3393 688 3550 745 Felix
3579 693 3688 755 est,

2045 781 2102 837 in
2134 783 2303 852 cujus
2333 781 2504 860 corde
2535 779 2792 851 quotidie
2822 778 3090 835 Christus
3122 778 3375 849 resurgit
3409 795 3422 832 :
3465 777 3514 832 si
3546 795 3692 849 quo-

2043 869 2185 926 tidie
2235 887 2337 942 pro
2386 869 2638 940 peccatis
2686 867 2829 937 suis,
2863 867 3038 922 etiam
3080 865 3323 933 levibus,
3358 866 3478 937 agit
3506 865 3692 938 poeni-

2043 959 2308 1014 tentiam.
2335 957 2491 1014 Felix
2521 962 2608 1012 est
2638 957 2735 1028 qui
2769 957 2838 1011 de
2868 959 3062 1011 monte
3086 954 3291 1011 Oliveti
3324 954 3588 1010 ascendit
3617 955 3689 1009 ad

2046 1064 2225 1119 regna
2271 1046 2596 1104 ccelorum:
2650 1045 2748 1101 ubi
2799 1050 2937 1100 sunt
2987 1043 3150 1100 olivae
3198 1041 3429 1098 Domini
3461 1041 3691 1109 uberes,

2045 1136 2146 1190 ubi
2178 1136 2376 1192 lumen
2408 1134 2621 1191 Christi
2669 1135 2929 1189 nascitur
2958 1149 2972 1186 :
3023 1133 3122 1188 ubi
3170 1137 3309 1188 sunt
3337 1130 3548 1187 oliveta
3582 1132 3692 1186 Do-

2047 1225 2210 1280 mini.
2237 1226 2351 1296 Ego
2373 1225 2529 1280 enim
2551 1224 2718 1295 quasi
2748 1222 2899 1277 oliva
2927 1221 3123 1277 uberis
3153 1220 3212 1275 in
3241 1221 3414 1276 domo
3436 1218 3691 1276 Domini.

2046 1313 2448 1370 Accendamus
2502 1328 2639 1384 ergo
2688 1316 2745 1367 et
2794 1327 2900 1367 nos
2946 1311 3246 1366 lucernam
3298 1314 3560 1364 nostram
3622 1309 3694 1364 de

2046 1401 2160 1457 ista
2209 1402 2377 1467 oliva,
2409 1407 2466 1457 et
2497 1401 2701 1456 statim
2735 1417 2864 1456 cum
2899 1398 3130 1456 Christo
3162 1398 3380 1453 ibimus
3412 1398 3482 1452 ad
3516 1412 3697 1469 regna

2047 1491 2346 1547 caelorum.
2382 1512 2409 1539 «
2435 1489 2661 1545 Etenim
2685 1488 2930 1545 correxit
2984 1487 3182 1543 orbem
3215 1491 3401 1552 terra},
3445 1486 3543 1557 qui
3573 1502 3689 1540 non

2047 1579 2526 1645 commovebitur,
2566 1602 2592 1627 »
2643 1578 2744 1650 qui
2784 1578 2948 1649 prius
2979 1593 3081 1648 pro
3109 1576 3364 1648 peccatis
3395 1578 3698 1630 tortuosus

2046 1673 2188 1726 erat.
2230 1691 2257 1718 «
2289 1666 2589 1724 Judicabit
2618 1666 2864 1739 pepulos
2895 1666 2950 1720 in
2984 1663 3277 1736 aequitate.
3314 1686 3341 1712 »
3387 1662 3465 1718 De
3496 1662 3694 1718 futuro

2046 1757 2156 1814 hoc
2195 1757 2420 1829 judicio
2470 1757 2660 1812 dixit:
2714 1755 2772 1810 in
2826 1771 2941 1826 quo
2988 1754 3192 1808 iterato
3241 1749 3511 1806 adveniet
3535 1749 3694 1820 judi-

2049 1863 2178 1903 care
2209 1847 2279 1902 de
2309 1845 2450 1902 vivis
2481 1851 2540 1900 et
2568 1844 2839 1900 mortuis.

2107 1959 2134 1985 ‹‹
2169 1936 2463 1990 Leetentur
2512 1933 2660 1990 coeli.
2700 1955 2719 1981 ι
2775 1931 3059 2002 Apostoli,
3092 1931 3181 1986 vel
3235 1929 3445 2001 reliqui
3487 1926 3695 1984 sancti.

2043 2044 2064 2074 ι
2097 2023 2360 2081 Exsultet
2390 2030 2565 2078 terra.
2601 2045 2628 2070 »
2662 2022 2917 2093 Corpora
2945 2019 3167 2076 scilicet
3194 2018 3469 2074 caelestia.
3497 2038 3539 2092 ,ι
3575 2015 3701 2071 Μο-

2037 2118 2241 2169 veatur
2296 2128 2477 2176 mare,
2513 2116 2570 2166 et
2627 2109 2929 2182 plenitudo
2986 2109 3115 2178 ejus
3150 2125 3163 2162 :
3198 2106 3354 2162 orbis
3399 2111 3689 2161 terrarum

2039 2209 2096 2257 et
2125 2201 2380 2257 universi
2411 2200 2511 2272 qui
2544 2199 2814 2254 habitant
2857 2198 2916 2251 in
2960 2214 3047 2252 eo.
3085 2219 3106 2246 υ
3166 2195 3460 2250 Saeculum
3497 2194 3701 2264 utique

2042 2295 2107 2347 ut
2164 2291 2223 2345 in
2283 2288 2494 2346 melius
2549 2291 2966 2343 commutetur.
3018 2309 3045 2336 ‹‹
3080 2284 3430 2342 Gaudebunt
3479 2281 3695 2353 campi,

2041 2384 2100 2438 et
2131 2379 2329 2436 omnia
2349 2395 2476 2450 qum
2509 2379 2567 2433 in
2597 2375 2682 2432 eis
2711 2381 2870 2432 sunt.
2902 2398 2929 2424 ››
2960 2376 3183 2431 Anima;
3209 2377 3446 2442 sanctae,
3473 2375 3529 2427 et
3556 2387 3695 2443 pras-

2043 2469 2246 2525 sertim
2297 2467 2573 2540 virgines,
2608 2483 2736 2538 quae
2783 2464 3030 2521 diversis
3063 2463 3272 2520 ﬂorum
3305 2455 3694 2519 suavitatibus

2044 2557 2287 2630 pollent.
3031 2614 3046 2628 ι

2114 2670 2141 2698 ‹‹
2172 2646 2336 2703 Tunc
2367 2645 2742 2702 exsultabunt
2772 2643 2972 2700 omnia
2999 2642 3161 2715 ligna
3199 2641 3480 2697 silvarum
3528 2657 3563 2695 a
3607 2638 3690 2695 fa-

2042 2736 2128 2792 cie
2156 2735 2408 2792 Domini.
2442 2757 2470 2785 »
2503 2733 2648 2800 Quia
2679 2749 2792 2788 non
2825 2737 2965 2788 sunt
2994 2731 3243 2788 obnoxia
3273 2727 3688 2785 combustioni.

2044 2847 2073 2876 ‹‹
2105 2824 2390 2890 Quoniam
2421 2823 2573 2878 veni.
2601 2845 2630 2871 »
2663 2821 2855 2877 Primo
2880 2822 3134 2876 adventu
3159 2820 3232 2875 ad
3259 2817 3690 2874 redimendum.

2043 2934 2073 2963 «
2105 2913 2394 2979 Quoniam
2426 2911 2583 2968 venit
2602 2910 2872 2981 judicare
2902 2916 3135 2967 terram.
3172 2930 3199 2956 »
3250 2908 3461 2964 Iterato
3495 2905 3566 2962 ad
3592 2905 3691 2978 ju-

2045 3002 2385 3059 dicandum.

2123 3113 2150 3144 u
2177 3091 2478 3147 Judicabit
2511 3091 2712 3147 orbem
2743 3094 3030 3147 terrarum
3080 3089 3139 3145 in
3182 3088 3473 3161 aequitate,
3505 3091 3562 3143 et
3591 3103 3692 3160 po-

2045 3179 2216 3254 pulos
2244 3180 2302 3235 in
2335 3179 2573 3236 veritate
2603 3197 2749 3248 sua;
2782 3183 2847 3235 ut
2878 3183 3211 3251 peccatores
3233 3178 3448 3234 subdat
3468 3176 3694 3250 poenis;

282 3233 732 3342 Eligit???"
761 3235 950 3342 NE”?
996 3237 1151 3342 ίῖηίπλ
1183 3245 1386 3312 gentes
1416 3245 1574 3342 δυΡῷ
1607 3247 1932 3342 ςυδεΡδὲυ·
1965 3249 2008 3316 C
2038 3233 2566 3342 ἕιῖέὶοέρτεὲωὶῖἐ
2590 3233 3291 3330 ἐιῶιὶειζέίἐεὲιθιξηέε.ρυί
3321 3233 3490 3322 πίοι)ίέ
3520 3233 3694 3321 timo:

281 3321 482 3378 raliter
510 3323 844 3397 intelligant
871 3324 1201 3383 Creatorem
1233 3345 1432 3386 suum.
1476 3331 1632 3387 Licet
1661 3332 1817 3387 enim
1847 3331 1931 3387 la-

281 3411 468 3484 pides,
521 3417 578 3468 et
633 3412 796 3485 ligna
849 3419 1202 3472 venerentur
1251 3435 1264 3472 :
1334 3422 1531 3474 tamen
1598 3419 1934 3494 intelligunt

283 3499 506 3572 aliquid
555 3502 751 3573 majus
799 3518 928 3559 esse
975 3521 1154 3576 quam
1206 3505 1318 3585 ipsi
1370 3512 1528 3576 sunt,
1561 3512 1619 3564 et
1650 3509 1709 3564 in
1741 3525 1934 3564 errore

285 3605 391 3646 suo
434 3590 698 3646 indicant
745 3608 808 3648 se
852 3592 1070 3649 habere
1110 3595 1482 3667 sapientiam,
1516 3597 1624 3653 hoc
1655 3602 1743 3654 est
1773 3598 1935 3655 nulla

283 3689 428 3752 gens
457 3682 546 3734 est
575 3695 702 3751 qua
734 3680 1076 3738 naturaliter
1106 3700 1222 3740 non
1265 3683 1555 3758 intelligat
1585 3686 1790 3742 Deum.
1825 3692 1929 3742 De-

284 3767 464 3838 nique
511 3769 759 3840 gentiles
809 3769 968 3826 idola
1015 3770 1265 3828 colunt:
1316 3773 1426 3829 hoc
1474 3778 1582 3842 est,
1615 3775 1840 3847 lapides
1881 3780 1966 3831 et-

283 3855 446 3928 l'igna
473 3861 825 3913 venerantur
857 3875 870 3912 :
926 3864 984 3914 et
1027 3859 1077 3914 si
1109 3860 1255 3917 forte
1286 3862 1471 3918 rixam
1504 3863 1768 3935 fecerint,
1797 3868 1856 3920 et
1885 3865 1934 3919 si

277 3943 686 4014 juramentum
717 3945 955 4018 aliquod
980 3947 1132 4004 inter
1157 3947 1295 4005 illos
1324 3950 1562 4023 venerit,
1587 3970 1704 4008 non
1734 3953 1938 4008 dicunt

283 4030 509 4104 lapides
535 4032 638 4090 isti
667 4033 886 4106 vident,
917 4035 1079 4110 ligna
1125 4036 1320 4094 vident
1354 4056 1368 4095 :
1419 4041 1520 4096 sed
1570 4045 1722 4098 Deus
1764 4041 1935 4112 videt,

285 4123 343 4176 et
372 4124 524 4177 Deus
554 4122 738 4178 audit.
771 4123 973 4180 Vide'te
1017 4139 1154 4198 ergo
1202 4126 1342 4198 quid
1394 4128 1549 4185 dicat
1582 4146 1596 4184 :
1654 4151 1681 4183 α
1709 4129 1938 4187 Etenim

286 4210 534 4265 correxit
558 4211 758 4267 orbem
785 4216 951 4269 terra:
977 4214 1077 4286 qui
1106 4231 1219 4270 non
1241 4218 1728 4274 commovebitur.
1755 4243 1777 4268 ι
1808 4221 1938 4276 Ideo

284 4298 442 4354 venit
469 4297 758 4368 Christus,
790 4306 850 4358 et
892 4303 1141 4360 correxit
1179 4319 1366 4377 genus
1396 4305 1747 4376 humanum,
1783 4309 1939 4380 quod

287 4389 422 4442 ante
475 4387 664 4442 fuerat
711 4388 1118 4460 depravatum,
1151 4397 1217 4448 ut
1255 4394 1313 4449 in
1353 4400 1634 4452 aeternum
1670 4414 1784 4452 non
1818 4416 1939 4452 mo-

283 4477 508 4531 veatur.
542 4475 693 4530 Crux
726 4475 879 4531 enim
911 4476 1099 4549 ipsius
1129 4479 1404 4536 columna
1433 4489 1522 4538 est
1552 4486 1783 4556 generis
1832 4486 1939 4540 hu-

288 4562 470 4645 mani.
506 4562 568 4618 In
621 4563 751 4636 ipsa
799 4563 1076 4621 columna
1118 4567 1403 4624 aedificata
1433 4576 1520 4626 est
1551 4573 1761 4628 domus
1792 4575 1940 4645 ejus.

287 4644 406 4724 Ego
439 4665 670 4708 crucem
701 4653 854 4724 dico,
881 4671 997 4711 non
1029 4655 1279 4728 lignum,
1317 4659 1417 4714 sed
1452 4619 1949 4732 passionem.JCa3-
1979 4619 2026 4687 Β

285 4744 478 4796 terum
529 4755 670 4797 crux
719 4743 833 4799 ista
880 4748 936 4799 et
987 4743 1047 4799 in
1091 4745 1398 4802 Britannia
1448 4752 1557 4820 est,
1590 4753 1645 4804 et
1691 4750 1749 4805 in
1782 4751 1947 4808 India

286 4831 395 4899 est,
428 4834 485 4885 et
532 4830 591 4886 in
644 4831 916 4888 universo
965 4834 1104 4889 orbe
1151 4838 1459 4891 terrarum.
1503 4837 1763 4910 Denique
1805 4839 1944 4912 quid

287 4916 430 4973 dicit
450 4922 522 4974 ‘e‘t
550 4917 837 4977 Dominus
868 4921 926 4976 in
957 4921 1265 4996 Evangelia
1287 4923 1316 4978 ‘I
1365 4925 1486 4980 Nisi
1529 4926 1783 4983 tuleritis
1814 4945 1944 4984 cru-

286 5017 414 5062 cem
445 5019 662 5075 meam,
693 5013 750 5065 et
779 5010 1044 5082 quotidie
1076 5012 1260 5068 secuti
1295 5013 1524 5070 fueritis
1554 5032 1648 5072 me
1677 5019 1832 5086 (Luc.
1870 5035 1943 5084 Ix,

286 5096 403 5166 23).
435 5095 638 5154 Videte
686 5099 824 5172 quid
878 5099 1034 5157 dicat
1067 5119 1080 5156 :
1132 5101 1258 5157 Nisi
1303 5103 1502 5160 anima
1539 5108 1732 5160 vestra
1763 5105 1844 5161 ita
1874 5107 1944 5161 ad

289 5189 521 5268 crucem
555 5186 732 5242 fuerit
765 5193 1106 5262 praeparata,
1137 5190 1291 5246 sicut
1324 5208 1453 5248 mea
1485 5193 1596 5250 fuit
1625 5211 1728 5267 pro
1760 5195 1945 5264 vobis,

291 5272 406 5328 mei
437 5271 712 5346 discipuli
744 5291 872 5332 esse
915 5293 1030 5334 non
1063 5280 1329 5350 potestis.
1368 5280 1524 5337 Felix
1555 5283 1657 5354 qui
1691 5299 1947 5360 crucem,

292 5364 350 5417 et
377 5361 885 5432 resurrectionem,
918 5370 975 5422 et
1029 5367 1222 5424 locum
1270 5369 1594 5426 nativitatis
1625 5370 1861 5439 Christi,
1893 5377 1951 5428 et

293 5449 490 5506 locum
548 5452 911 5509 ascensionis
957 5461 1150 5527 portat
1207 5457 1265 5512 in
1327 5462 1558 5532 pectore
1614 5477 1738 5515 suo.
1795 5461 1950 5517 Felix

298 5542 388 5596 est
417 5540 517 5611 qui
552 5541 888 5598 Bethlehem
919 5541 1096 5600 habet
1135 5545 1196 5602 in
1244 5548 1415 5605 corde
1463 5565 1571 5605 suo
1605 5567 1617 5604 :
1669 5550 1729 5605 in
1779 5553 1948 5623 cujus

297 5629 476 5685 corde
501 5627 763 5687 Christus
794 5631 1054 5703 quotidie
1085 5635 1364 5692 nascitur.
1398 5637 1661 5711 Denique
1692 5639 1830 5711 quid
1862 5641 1947 5695 di-

293 5717 459 5774 ‘CitUr
487 5717 876 5776 Bethlehem"?
913 5717 1138 5780 Domus
1171 5726 1358 5796 panis.
1391 5726 1590 5785 Simus
1621 5731 1679 5785 et
1709 5745 1813 5785 nos
1844 5730 1944 5785 do-

2042 3376 2168 3416 rem
2201 3359 2458 3414 nominis
2488 3357 2581 3414 sui
2614 3358 2904 3427 tribuens,
2931 3362 3209 3428 praestare
3236 3355 3512 3428 dignetur
3540 3359 3608 3409 ut
3635 3353 3695 3408 in

2041 3448 2142 3505 illo
2191 3449 2496 3504 tremendo
2539 3447 2752 3520 judicii
2800 3451 3062 3518 tempore
3107 3461 3222 3500 non
3253 3444 3608 3500 collocemur
3638 3445 3696 3498 in

2042 3538 2282 3594 sinistro
2312 3553 2557 3592 numero
2585 3554 2597 3591 :
2637 3535 2736 3606 qui
2770 3552 2876 3591 nos
2908 3535 3236 3604 redemptos
3261 3534 3393 3605 ejus
3414 3531 3701 3605 sanguine

2043 3627 2392 3682 confitemur
2440 3625 2554 3696 ipsi
2603 3623 2789 3697 gloria
2835 3640 2969 3678 cum
3020 3629 3233 3678 aeterno
3282 3627 3450 3678 Patre
3481 3626 3538 3678 et
3566 3619 3695 3693 Spi-

2043 3715 2159 3770 ritu
2193 3718 2393 3770 sancto
2425 3714 2484 3768 in
2517 3713 2730 3769 saacula
2761 3714 3131 3769 saeculorum.
3165 3718 3375 3768 Amen.

2587 3802 2916 3858 PSALMUS
2973 3801 3159 3858 XCVI.

2046 3881 2309 3964 Ρεαζηξῑιδ
2340 3884 2447 3964 ξρδὶ
2477 3882 2902 3964 ΠαρίάΑααηάο
2945 3887 3110 3964 terra
3146 3884 3270 3964 ejus
3315 3884 3574 3964 restituta
3619 3889 3704 3961 est

2119 3956 2190 4009 ei.
2227 3952 2501 4026 Legimus
2551 3954 2608 4008 in
2651 3952 2875 4079 Reﬁum
2906 3957 2963 4008 et
2997 3952 3485 4025 Paralipomenon
3517 3952 3702 4018 libris,

2121 4025 2400 4079 quoniam
2433 4025 2609 4079 David
2659 4026 2726 4079 be
2778 4025 2972 4079 icosus
3014 4024 3100 4078 vir
3144 4024 3276 4079 fuit.
3314 4029 3370 4078 et
3401 4024 3702 4078 universas

2121 4024 2400 4096 quoniam
2433 4025 2609 4080 David
2659 4024 2972 4080 bellicosus
3014 4024 3100 4078 vir
3144 4024 3276 4096 fuit,
3314 4029 3370 4078 et
3401 4024 3704 4078 universas

2120 4094 2324 4168 gentes
2354 4097 2410 4150 in
2444 4097 2690 4168 circuitu
2720 4095 3053 4168 subjece‘rit,
3088 4098 3145 4149 et
3171 4094 3227 4149 in
3263 4096 3699 4168 suam_redege-

2121 4165 2198 4223 rit
2229 4172 2597 4240 potestatem.
2631 4166 2748 4222 Hoc
2798 4165 3034 4240 interim
3080 4167 3404 4240 secundum
3429 4165 3700 4240 litteram

2123 4236 2521 4310 intelligamus
2575 4239 2683 4293 hoc
2732 4238 2951 4310 modo:
3001 4236 3273 4310 Psalmus
3308 4236 3501 4310 David
3525 4253 3701 4310 quem

2123 4307 2339 4364 cecinit
2363 4309 2606 4364 Domino
2641 4324 2652 4360 :
2704 4308 2939 4378 quando
2986 4307 3152 4362 victis
3190 4307 3700 4366 adversariis’red-

2124 4380 2272 4435 didit
2330 4384 2518 4451 terrae
2552 4395 2706 4451 suae,
2744 4379 2852 4434 hoc
2883 4382 3008 4451 est,
3038 4378 3251 4435 Judaeae
3315 4395 3533 4451 pacem.
3583 4385 3702 4435 Hoc

2124 4451 2448 4506 secundum
2507 4449 2832 4504 historiam.
2868 4450 3151 4506 Ceterum
3195 4453 3247 4507 si
3288 4449 3467 4507 David
3524 4453 3700 4506 inter-

2125 4527 2390 4595 pretatur
2418 4523 2582 4595 fortis
2621 4538 2845 4595 manu}
2895 4521 3060 4595 fortis
3093 4527 3289 4578 autem
3323 4539 3500 4578 manu
3531 4538 3704 4595 ne_mo

2127 4592 2238 4666 est,
2271 4593 2384 4666 nisi
2434 4592 2530 4647 ille
2575 4593 2675 4666 qui
2708 4593 2845 4666 vicit
2873 4592 3076 4666 omnes
3107 4601 3331 4666 gentes,
3366 4599 3562 4666 noster
3591 4593 3703 4648 Da-

2127 4664 2244 4730 vid,
2277 4665 2346 4719 ad
2383 4681 2555 4735 quem
2589 4663 2923 4720 clamabant
2949 4663 3242 4721 daemones
3276 4683 3288 4719 :
3317 4663 3476 4737 σιμά
3504 4665 3708 4737 venisti

2129 4741 2407 4808 torquere,
2444 4751 2543 4808 nos
2606 4739 2752 4808 ante
2800 4741 3032 4808 tempus,
3100 4737 3184 4805 ﬁli
3255 4735 3439 4808 Dauid,
3494 4735 3702 4804 (Matth.

2125 4805 2250 4871 vm,
2280 4807 2418 4880 29)?
2469 4807 2582 4880 iste
2632 4805 3042 4880 psalmus'ab,
3071 4824 3137 4864 eo
3185 4807 3545 4880 compositus
3593 4812 3702 4880 est,

2126 4879 2361 5005 quando
2402 4879 2674 4960 restituta
2702 4884 2792 4933 est
2822 4884 2994 4960 terra.
3027 4879 3096 4934 Et
3124 4879 3355 4962 egregie
3399 4879 3546 4960 dixit
3576 4879 3704 4950 qui-

2176 4967 2270 5005 am
2306 4967 2319 5005 :
2371 4965 2649 5005 quoniam
2699 4954 2850 5005 terra
2894 4954 3007 5005 ista
3035 4967 3161 5005 quae
3195 4955 3542 5005 restituitur.
3577 4967 3703 5005 cor-

2176 4967 2270 5005 am
2306 4967 2319 5005 :
2371 4951 2649 5022 quoniam
2699 4954 2850 5005 terra
2894 4949 3007 5005 ista
3031 4949 3542 5022 que’res’tituitur,
3577 4949 3703 5006 cor-

2124 5038 2268 5093 pora
2327 5020 2524 5076 nostra
2584 5026 2741 5094 sunt.
2777 5024 2920 5076 Vere
2951 5020 3106 5094 enim
3138 5038 3204 5077 eo
3237 5026 3498 5094 tempore
3526 5022 3701 5078 debe-

2131 5091 2266 5148 mus
2309 5096 2543 5147 cantare
2575 5091 2834 5159 Domino,
2870 5093 3102 5162 quando
3132 5098 3285 5148 terra
3314 5091 3514 5148 nostra
3544 5109 3701 5148 com-

2129 5164 2320 5236 posita
2366 5167 2474 5218 est.
2509 5163 3031 5236 Dicamusiautem
3080 5180 3186 5219 nos
3231 5169 3288 5219 et
3335 5163 3543 5231 aliter;
3587 5165 3704 5220 Nos

2127 5234 2285 5290 enim
2337 5238 2522 5304 nocet,
2557 5234 2606 5290 ei
2655 5235 2920 5290 eamdem
2967 5239 3090 5290 rem
3134 5236 3366 5292 duobus
3409 5245 3462 5292 et
3508 5236 3702 5292 tribus

2129 5305 2322 5360 modis
2366 5303 2788 5376 intelligamus.
2822 5305 3112 5376 Scriptum
3145 5312 3234 5362 est
3262 5307 3417 5363 enim
3450 5307 3509 5363 in
3539 5308 3701 5364 Salo-

2130 5393 2347 5432 mone:
2400 5377 2666 5446 Assumes,
2701 5376 2910 5447 inquit,
2942 5393 3005 5434 ea
3055 5380 3112 5430 in
3164 5378 3353 5435 tabula
3403 5379 3585 5435 cordis
3621 5380 3706 5434 tui

2131 5449 2424 5518 tripliciter
2471 5449 2656 5518 (Prov.
2691 5464 2829 5515 XXII,
2860 5449 2972 5518 20).
3026 5449 3150 5502 Non
3200 5455 3369 5506 nocet
3411 5451 3701 5504 diversum

2129 5518 2348 5590 aliquid
2379 5519 2592 5583 dicere,
2620 5533 2752 5573 cum
2787 5534 2902 5573 uno
2934 5520 3146 5590 spiritu
3178 5521 3428 5577 dicitur:
3459 5519 3703 5586 Quando

2127 5595 2300 5663 terra,
2331 5590 2459 5659 ejus
2512 5590 2832 5644 constituta
2881 5595 2987 5663 est.
3021 5592 3198 5646 Terra
3235 5592 3352 5648 ista
3387 5597 3700 5663 antequam

2128 5661 2309 5718 David
2358 5665 2576 5732 noster,
2605 5677 2806 5716 omnes
2857 5660 3133 5732 vinceret,
3162 5680 3290 5729 non,
3317 5660 3570 5718 habebat
3597 5677 3700 5732 pa-

2129 5749 2254 5789 cem
2285 5750 2298 5801 ;
2347 5732 2446 5788 sed
2479 5730 2696 5804 ubique
2731 5737 2856 5789 erat
2886 5730 3193 5791 discord—ia.
3227 5732 3349 5790 Alia
3376 5748 3520 5808 gens
3550 5730 3698 5790 cole-
