3976 6188
285 357 440 424 1181

283 501 544 556 Rursum
587 510 602 553 :

287 585 420 658 ejus
453 603 466 641 :
505 607 533 634 »
586 602 717 643 ecce
773 603 958 643 unum
991 589 1228 644 atrium.
1261 589 1463 646 Videte
1494 605 1629 662 ergo
1659 591 1938 662 quoniam

281 679 408 732 non
440 678 634 746 potest
663 675 734 731 de
763 693 881 732 uno
911 677 1056 734 atrio
1084 678 1266 733 veniri
1300 679 1370 733 ad
1405 677 1572 750 plura
1602 679 1749 734 atria
1777 697 1789 734 :
1838 679 1938 735 sed

287 758 359 820 de
391 762 664 835 plurimis
695 763 862 820 atriis
891 765 1125 821 venitur
1155 767 1225 822 ad
1258 783 1441 822 unum
1482 767 1716 823 atrium.
1749 765 1938 822 Vultis

286 851 438 909 scire
470 852 578 908 hoc
609 853 809 923 ipsum
843 847 1190 926 mysterium
1212 855 1239 908 ?
1279 853 1422 910 Ecce
1452 855 1509 909 in
1541 854 1655 910 alio
1683 855 1808 910 loco
1840 871 1938 910 ne-

284 940 538 1015 gotiator
584 939 684 996 ille
731 941 829 1012 qui
883 942 1135 998 habebat
1192 943 1476 1015 plurimas
1535 944 1934 1016 margaritas:

281 1029 545 1085 vendidit
590 1028 812 1102 plures,
848 1035 914 1085 ut
955 1036 1174 1086 emeret
1215 1049 1392 1088 unam
1425 1033 1633 1102 (Matth.
1669 1050 1793 1100 xm,
1827 1033 1938 1104 46).

280 1117 353 1173 Et
381 1117 442 1172 in
474 1117 716 1173 Michaea
761 1118 974 1174 dicitur
1005 1135 1019 1174 :
1073 1119 1242 1189 State,
1276 1119 1489 1192 inquit,
1527 1123 1586 1176 in
1614 1122 1720 1176 viis
1750 1123 1941 1178 Domi-

279 1208 362 1272 m’,
405 1209 458 1262 et
516 1207 780 1278 inquirite
837 1207 986 1262 viam
1041 1208 1262 1264 Domini
1314 1210 1501 1277 (Mich.
1560 1227 1631 1280 ιν,
1681 1211 1758 1281 2).
1817 1209 1941 1269 Nisi

282 1294 620 1350 steterimus
671 1295 730 1349 in
780 1295 890 1350 viis
940 1296 1236 1368 plurimis,
1269 1315 1447 1354 unam
1497 1298 1652 1354 viam
1686 1299 1943 1354 invenire

280 1398 396 1439 non
447 1400 786 1456 possumus.
819 1387 956 1448 Quae
986 1390 1127 1440 sunt
1156 1387 1279 1440 istae
1311 1388 1642 1459 margaritae
1694 1387 1941 1460 plures?

279 1472 418 1538 Quae
465 1477 604 1528 sunt
631 1471 734 1527 vite
766 1472 1010 1544 plures?
1057 1474 1192 1538 Quae
1225 1480 1366 1531 sunt
1398 1475 1512 1531 ista
1543 1475 1693 1532 atria
1724 1475 1891 1548 plura
1925 1508 1938 1547 ε

280 1566 350 1616 ut
379 1561 750 1618 inveniamus
785 1578 963 1618 unam
1013 1564 1392 1635 margaritam
1443 1569 1500 1620 et
1554 1583 1731 1620 unam
1763 1566 1939 1638 viam,

279 1653 336 1706 et
365 1666 550 1706 unum
583 1650 798 1706 atrium
885 1650 1201 1718 Abraham,
1242 1654 1424 1720 Isaac,
1458 1658 1514 1710 et
1542 1655 1742 1723 Jacob,
1782 1655 1940 1726 Moy-

279 1743 396 1804 Ses,
429 1738 569 1795 Jesu
622 1739 795 1808 Nave,
839 1741 1022 1808 Isaac,
1053 1741 1366 1810 Jeremias,
1397 1742 1682 1809 Ezechiel,
1718 1743 1938 1798 duode-

277 1826 393 1884 cim
444 1827 760 1900 prophetae,
792 1828 993 1896 David,
1027 1828 1300 1886 Salomon
1356 1831 1592 1887 fuerunt
1622 1831 1789 1901 atria,
1823 1829 1931 1887 hoc

275 1918 382 1987 d'st,
408 1917 558 1972 atria
586 1921 784 1972 nostra
813 1921 971 1973 sunt.
1005 1917 1268 1973 Primum
1300 1918 1358 1974 in
1392 1917 1491 1976 illa
1518 1919 1832 1987 intramus,
1857 1920 1927 1975 de

273 2001 390 2064 illis
439 2005 602 2061 atriis
655 2009 855 2077 postea
900 2006 1170 2063 venimus
1225 2008 1296 2062 ad
1348 2008 1566 2064 atrium
1611 2008 1926 2080 Evangelii,

284 2093 387 2150 ubi
417 2093 715 2150 invenitur
743 2094 1030 2150 Christus.

351 2240 373 2266 ι
409 2219 950 2274 Οοωωονθεωιυ-ει
998 2219 1148 2275 facie
1195 2221 1325 2291 ejus
1372 2219 1644 2276 universa
1693 2225 1933 2276 terra.»

279 2293 486 2361 Videte
539 2305 681 2376 quid
731 2305 932 2360 dicat:
984 2307 1206 2363 Caelum
1257 2325 1372 2364 non
1407 2313 1672 2366 movetur
1711 2328 1745 2365 a
1794 2310 1936 2366 tacie

282 2391 386 2448 Dei
421 2408 436 2446 :
491 2393 593 2448 sed
626 2393 964 2466 quicunque
995 2399 1262 2452 terrenus
1293 2402 1402 2465 est,
1434 2397 1528 2452 ille
1559 2398 1796 2469 respicit
1823 2399 1934 2454 Do-

285 2481 514 2536 minum
549 2499 562 2536 :
614 2486 672 2538 ct
703 2489 1122 2551 commovetur,
1156 2489 1213 2540 et
1243 2486 1548 2542 tremiscit.
1603 2509 1631 2536 «
1663 2487 1845 2544 Dicite
1877 2488 1935 2542 in

283 2569 564 2642 gentibus
593 2570 736 2641 quia
767 2571 1054 2628 Dominus
1084 2574 1364 2646 regnavit.
1393 2597 1420 2623 ››
1451 2575 1572 2630 Nisi
1606 2579 1759 2631 terra
1787 2593 1938 2631 com-

283 2661 446 2713 mota
477 2658 671 2724 fuerit,
701 2663 760 2714 et
789 2677 823 2716 a
852 2677 958 2717 suo
988 2666 1219 2718 terreno
1265 2679 1438 2735 Opere
1467 2665 1790 2733 recesserit,
1823 2665 1934 2720 Do-

283 2744 482 2801 minus
514 2762 628 2802 non
663 2748 930 2820 regnabit
961 2749 1019 2804 in
1052 2751 1350 2823 gentibus.
1407 2799 1412 2802 _

359 2885 384 2914 ι
416 2866 642 2923 Etenim
697 2870 948 2926 correxit
995 2871 1195 2929 orbem
1244 2878 1412 2930 terra;
1464 2877 1563 2948 qui
1613 2892 1728 2932 non
1778 2893 1934 2932 com-

289 2954 637 3012 movebitur.
672 2979 701 3006 ››
753 2957 1068 3031 Nunquam
1098 2962 1432 3035 corrigitur,
1468 2965 1583 3020 nisi
1616 2967 1771 3037 quod
1806 2970 1938 3021 ante

289 3047 514 3098 rectum
566 3044 698 3113 fuit,
729 3049 786 3100 et
832 3051 1036 3119 postea
1085 3049 1465 3122 depravatum
1496 3057 1603 3108 est.
1638 3053 1732 3108 Sic
1757 3053 1940 3126 igitur

285 3134 343 3187 et
371 3147 498 3202 nos,
531 3136 590 3187 et
635 3149 808 3189 omne
857 3134 1185 3193 humanum
1237 3154 1421 3210 genus
1466 3141 1809 3196 naturaliter
1848 3142 1936 3196 in-

1448 363 1942 433 BREVIARIUM
1990 370 2068 432 1N
2114 369 2496 432 PSALMOS.

666 487 977 556 «'Adorate
1032 498 1344 556 Dominum
1405 501 1464 557 in
1523 503 1668 557 atrio
1723 507 1928 559 sancto
1955 501 2012 569 Α
2041 519 2173 558 mus
2205 502 2372 574 panis
2411 503 2560 573 ejus,
2593 498 2695 573 qui
2749 499 2820 557 de
2872 497 3015 557 ccelo
3065 495 3383 558 descendit.
3418 499 3688 566 Quotidie

3545 367 3694 429 “8'2

2048 591 2218 647 nobis
2248 591 2517 646 Christus
2546 588 2912 660 cruciﬁgitur
2943 605 2956 642 :
3009 605 3116 644 nos
3145 590 3366 645 mundo
3397 588 3691 660 cruciﬁgi-

2050 696 2203 744 mur,
2236 684 2294 735 et
2335 679 2602 734 Christus
2653 679 2710 733 in
2762 677 2930 733 nobis
2984 678 3362 748 crucifigitur.
3396 677 3553 734 Felix
3582 681 3692 743 est,

2048 768 2105 824 in
2138 771 2306 839 cujus
2337 769 2508 848 porde
2539 767 2796 838 quotidie
2826 766 3094 822 Christus
3126 766 3379 837 resurgit
3412 783 3424 820 :
3468 765 3516 820 si
3549 782 3695 837 quo-

2047 857 2188 913 tidie
2239 874 2341 929 pro
2391 856 2642 928 peccatis
2689 855 2833 924 suis,
2866 855 3043 910 etiam
3084 853 3326 922 levibus,
3361 854 3480 925 agit
3509 853 3694 926 paeni-

2046 946 2312 1001 tentiam.
2339 944 2494 1002 Felix
2524 948 2612 999 est
2641 945 2739 1016 qui
2772 945 2841 999 de
2872 947 3066 999 monte
3089 942 3296 998 Oliveti
3327 943 3591 998 ascendit
3620 943 3692 997 ad

2049 1051 2229 1106 regna
2275 1033 2599 1090 cmlorum:
2653 1033 2751 1088 ubi
2802 1037 2940 1088 sunt
2990 1031 3153 1088 oliva
3201 1030 3432 1087 Domini
3465 1029 3694 1097 uberes,

2049 1123 2149 1177 ubi
2181 1123 2379 1178 lumen
2411 1121 2624 1178 Christi
2672 1123 2933 1177 nascitur
2961 1137 2975 1174 :
3027 1121 3125 1176 ubi
3173 1126 3312 1176 sunt
3341 1119 3551 1175 oliveta
3585 1120 3694 1174 Do-

2051 1211 2214 1267 mini.
2241 1213 2354 1283 Ego
2376 1212 2532 1267 enim
2555 1211 2721 1282 quasi
2751 1210 2902 1265 oliva
2929 1209 3126 1264 uberis
3156 1208 3215 1263 in
3244 1209 3416 1264 domo
3439 1206 3694 1263 Domini.

2049 1300 2451 1357 Accendamus
2505 1315 2642 1372 ergo
2691 1304 2749 1354 et
2797 1315 2902 1354 nos
2949 1299 3249 1353 lucernam
3301 1302 3562 1352 nostram
3625 1297 3697 1352 de

2049 1388 2164 1444 ista
2212 1389 2381 1453 oliva,
2413 1393 2470 1444 et
2500 1389 2704 1444 statim
2738 1404 2867 1444 cum
2903 1386 3132 1443 Christo
3166 1387 3382 1441 ibimus
3415 1387 3485 1440 ad
3519 1401 3700 1458 regna

2051 1478 2349 1534 caelorum.
2386 1476 2664 1532 «Etenim
2687 1475 2932 1532 correxit
2987 1476 3185 1531 orbem
3219 1479 3404 1540 terrae,
3447 1474 3545 1545 qui
3576 1491 3693 1528 non

2050 1566 2530 1633 commovebitur,
2570 1590 2596 1614 »
2647 1565 2747 1638 qui
2787 1565 2951 1637 prius
2983 1581 3084 1636 pro
3112 1563 3366 1636 peccatis
3397 1567 3700 1618 tortuosus

2049 1661 2191 1714 erat.
2233 1679 2260 1704 «
2292 1654 2592 1711 Judicabit
2622 1654 2868 1726 pepulos
2899 1653 2954 1707 in
2987 1651 3280 1723 aequitate.
3317 1674 3344 1700 ››
3389 1649 3467 1706 De
3498 1650 3696 1705 futuro

2049 1745 2159 1802 hoc
2198 1745 2423 1816 judicio
2473 1744 2663 1798 dixit:
2717 1743 2774 1797 in
2829 1758 2944 1814 quo
2992 1741 3195 1796 iterato
3245 1737 3514 1794 adveniet
3537 1737 3696 1808 judi-

2052 1850 2180 1890 care
2213 1835 2283 1889 de
2313 1833 2453 1890 vivis
2484 1839 2544 1888 et
2572 1831 2842 1888 mortuis.

2109 1947 2136 1973 ‹‹
2173 1924 2466 1978 Laetentur
2515 1921 2663 1977 coeli.
2703 1943 2722 1969 ι
2777 1919 3062 1990 Apoetoli,
3094 1919 3184 1973 vel
3237 1916 3447 1990 reliqui
3490 1914 3698 1972 sancti.

2045 2032 2067 2063 ι
2100 2011 2363 2068 Exsultet
2393 2017 2568 2066 terra.
2605 2033 2630 2057 »
2665 2010 2919 2080 Corpora
2948 2007 3169 2063 scilicet
3196 2006 3472 2061 ccelestia.
3518 2025 3542 2056 ι
3577 2003 3704 2058 Μο-

2039 2105 2244 2156 veatur
2298 2115 2480 2164 mare,
2516 2103 2572 2154 et
2630 2096 2931 2169 plenitudo
2988 2097 3118 2166 ejus
3153 2112 3165 2149 :
3200 2093 3357 2150 orbis
3402 2098 3691 2149 terrarum

2041 2196 2098 2244 et
2127 2188 2382 2244 universi
2413 2187 2514 2260 qui
2547 2186 2816 2242 habitant
2859 2185 2918 2239 in
2962 2202 3049 2239 eo.
3087 2206 3108 2233 ι
3168 2182 3462 2238 Saeculum
3499 2181 3703 2252 utique

2044 2283 2108 2334 ut
2167 2279 2225 2333 in
2284 2276 2496 2333 melius
2552 2278 2968 2332 commutetur.
3021 2297 3046 2322 ‹‹
3081 2272 3432 2329 Gaudebunt
3481 2269 3697 2341 campi,

2043 2372 2102 2425 et
2133 2367 2331 2424 omnia
2351 2383 2478 2438 quae
2511 2367 2569 2421 in
2600 2363 2684 2420 eis
2713 2369 2871 2419 sunt.
2904 2385 2931 2412 ››
2962 2363 3185 2418 Animae
3211 2365 3448 2430 sanctae,
3475 2363 3531 2415 et
3558 2375 3697 2431 pra:-

2046 2458 2248 2513 aertim
2299 2455 2576 2528 virgines,
2610 2471 2738 2526 quae
2785 2451 3032 2508 diversis
3064 2451 3274 2508 ﬂorum
3306 2443 3696 2506 suavitatibus

2047 2545 2288 2618 pollent.
3033 2601 3048 2615 ,

2117 2658 2144 2685 ‹‹
2175 2634 2338 2690 Tunc
2368 2632 2744 2690 exsultabunt
2774 2631 2973 2688 omnia
3001 2629 3163 2702 ligna
3201 2628 3482 2685 silvarum
3531 2645 3565 2682 a
3609 2625 3692 2683 fa-

2045 2723 2131 2780 cie
2159 2722 2409 2779 Domini.
2443 2745 2471 2772 »
2504 2721 2650 2787 Quia
2681 2737 2794 2776 non
2827 2725 2967 2775 sunt
2996 2718 3246 2775 obnoxia
3275 2714 3690 2773 combustioni.

2046 2835 2075 2863 «
2107 2812 2392 2877 Quoniam
2423 2811 2574 2866 veni.
2602 2833 2630 2859 ››
2665 2809 2857 2865 Primo
2882 2809 3135 2864 adventu
3161 2808 3232 2863 ad
3262 2805 3692 2862 redimendum.

2045 2921 2075 2950 ‹‹
2108 2901 2396 2966 Quoniam
2428 2899 2584 2956 venit
2603 2899 2874 2968 judicare
2903 2903 3136 2954 terram.
3174 2918 3201 2943 »
3252 2895 3463 2952 Iterato
3497 2893 3569 2950 ad
3593 2893 3693 2966 ju-

2047 2989 2386 3046 dicandum.

2125 3100 2152 3131 α
2179 3078 2479 3134 Judicabit
2513 3079 2713 3135 orbem
2745 3082 3032 3135 terrarum
3082 3078 3140 3132 in
3183 3076 3475 3148 aequitate,
3506 3079 3564 3132 et
3593 3091 3693 3147 po-

2046 3166 2218 3240 pulos
2246 3167 2304 3222 in
2336 3167 2574 3223 veritate
2604 3185 2750 3236 sua;
2783 3171 2848 3222 ut
2878 3172 3212 3239 peccatores
3234 3165 3450 3222 subdat
3471 3164 3695 3238 pennis;

284 3219 952 3329 ξῖξὶξῗῆῖῖῗῗξῗςῖῗξιὲφ
997 3224 1152 3329 Qui!“
1184 3231 1387 3299 εθηιθε
1418 3233 1576 3329 8UP}:
1609 3233 1934 3329 ἔλαθέηαέυ·
1966 3235 2010 3303 C
2040 3219 2569 3329 gessisse;
2591 3219 3498 3318 ᾧᾙὲπᾉῖθὶτεέίέιῖιᾷἶέῆἶιῖιιᾙδίέ
3519 3219 3695 3309 {ieci

283 3307 484 3364 raliter
512 3309 846 3384 intelligant
873 3311 1202 3370 Creatorem
1234 3333 1433 3374 suum.
1478 3317 1634 3374 Licet
1662 3319 1818 3374 enim
1849 3317 1932 3374 la-

283 3397 470 3470 pides,
522 3403 580 3454 et
635 3398 797 3472 ligna
852 3406 1204 3459 venerentur
1253 3422 1266 3458 :
1335 3409 1532 3462 tamen
1598 3406 1935 3480 intelligunt

285 3485 508 3558 aliquid
556 3489 753 3560 majus
801 3505 930 3545 esse
977 3507 1156 3562 quam
1209 3492 1320 3571 ipsi
1371 3499 1530 3563 sunt,
1563 3499 1621 3551 et
1651 3495 1711 3551 in
1742 3511 1935 3551 errore

286 3591 393 3632 suo
436 3576 700 3633 indicant
747 3595 808 3634 se
854 3578 1072 3636 habere
1111 3581 1483 3654 sapientiam,
1517 3583 1625 3640 hoc
1657 3589 1745 3640 est
1775 3584 1936 3641 nulla

285 3675 429 3738 gens
459 3669 548 3721 est
576 3681 704 3737 quas
736 3667 1078 3724 naturaliter
1108 3687 1224 3726 non
1267 3670 1556 3744 intelligat
1587 3673 1791 3729 Deum.
1827 3679 1930 3729 De-

286 3753 465 3824 nique
503 3755 761 3826 gentiles
809 3756 969 3812 idola
1017 3757 1267 3814 colunt:
1317 3759 1427 3815 hoc
1475 3765 1583 3828 est,
1617 3762 1841 3833 lapides
1882 3768 1966 3818 et.

285 3840 447 3913 ligna
474 3847 827 3899 venerantur
859 3861 871 3899 :
927 3849 985 3900 et
1029 3846 1077 3901 si
1110 3847 1256 3903 forte
1287 3848 1472 3904 rixam
1505 3850 1769 3922 fecerint,
1799 3855 1857 3906 et
1886 3852 1936 3906 si

279 3929 688 4000 juramentum
719 3931 956 4004 aliquod
981 3934 1132 3990 inter
1158 3934 1296 3991 illos
1325 3937 1564 4009 venerit,
1587 3956 1705 3995 non
1735 3939 1939 3995 dicunt

285 4015 510 4090 lapides
535 4018 639 4076 isti
668 4019 887 4092 vident,
917 4021 1079 4096 ligna
1125 4023 1368 4081 vident:
1420 4027 1520 4082 sed
1571 4032 1723 4084 Deus
1765 4027 1936 4099 videt,

286 4109 344 4161 et
373 4110 525 4163 Deus
555 4108 739 4164 audit.
772 4110 974 4167 Videte
1018 4125 1155 4185 ergo
1203 4113 1342 4184 quid
1395 4115 1549 4171 dicat
1583 4133 1596 4170 :
1655 4138 1682 4170 α
1710 4117 1938 4174 Etenim

287 4195 536 4251 correxit
559 4198 759 4253 orbem
787 4203 952 4256 terrae
979 4201 1077 4273 qui
1107 4217 1220 4257 non
1243 4205 1729 4261 commovebitur.
1756 4230 1778 4254 ιι
1809 4207 1940 4262 Ideo

285 4284 443 4340 venit
471 4282 759 4354 Christus,
791 4293 850 4344 et
893 4289 1142 4346 correxit
1181 4306 1367 4362 genus
1397 4292 1748 4363 humanum,
1783 4296 1940 4367 quod

287 4375 422 4432 ante
477 4373 664 4428 fuerat
713 4374 1119 4447 depravatum,
1152 4384 1218 4434 ut
1256 4381 1315 4435 in
1355 4386 1635 4438 aeternum
1670 4401 1784 4438 non
1818 4402 1939 4439 mo-

283 4464 510 4517 vestur.
543 4460 693 4516 Crux
727 4461 878 4517 enim
911 4463 1099 4536 ipsius
1130 4465 1405 4523 columna
1434 4475 1522 4524 est
1552 4473 1783 4542 generis
1833 4473 1939 4528 hu-

289 4547 471 4632 mani.
507 4548 568 4605 In
621 4550 751 4622 ipsa
799 4550 1076 4608 columna
1118 4553 1403 4611 aedificata
1433 4563 1520 4612 est
1551 4559 1762 4615 domus
1793 4563 1940 4632 ejus.

288 4629 407 4710 Ego
439 4649 670 4695 crucem
702 4639 854 4710 dico,
881 4657 996 4698 non
1029 4641 1280 4715 lignum,
1318 4646 1417 4700 sed
1453 4605 1950 4718 passionem.JCaa-
1979 4605 2027 4674 D

286 4730 479 4782 terum
529 4741 670 4783 crux
719 4729 833 4785 ista
879 4734 936 4786 et
987 4729 1047 4786 in
1093 4731 1398 4788 Britannia
1449 4739 1558 4806 est,
1590 4739 1645 4791 et
1691 4737 1749 4791 in
1783 4738 1948 4796 India

287 4817 395 4885 est,
428 4820 485 4871 et
533 4815 590 4871 in
644 4817 916 4874 universo
965 4821 1104 4876 orbe
1152 4825 1460 4878 terrarum.
1504 4823 1763 4896 Denique
1805 4826 1945 4898 quid

287 4902 430 4959 dicit
451 4907 522 4959 'et
551 4903 838 4963 Dominus
868 4906 926 4962 in
957 4909 1266 4982 Evangelia
1287 4910 1316 4964 ?
1365 4911 1486 4967 Nisi
1530 4913 1783 4970 tuleritis
1815 4931 1944 4970 cru-

286 5002 414 5048 cem
445 5007 662 5062 meam,
694 5000 750 5051 et
780 4996 1044 5068 quotidie
1076 4999 1260 5054 secuti
1295 5000 1524 5057 fueritis
1555 5017 1648 5058 me
1678 5005 1832 5073 (Luc.
1870 5022 1944 5071 ιχ,

287 5082 403 5152 23).
436 5080 638 5140 Videte
687 5085 824 5158 quid
879 5085 1035 5143 dicat
1068 5105 1081 5143 :
1133 5087 1259 5143 Nisi
1303 5089 1503 5146 anima
1539 5095 1733 5147 vestra
1763 5092 1844 5146 ita
1875 5093 1945 5147 ad

289 5177 521 5228 erucem
555 5172 732 5228 fuerit
765 5180 1108 5249 praeparata,
1138 5177 1292 5233 sicut
1324 5194 1454 5235 mea
1484 5179 1596 5236 fuit
1625 5198 1728 5253 pro
1761 5180 1946 5250 vobis,

291 5258 405 5314 mei
436 5257 711 5331 discipuli
744 5277 873 5318 esse
916 5279 1031 5320 non
1064 5266 1330 5337 potestis.
1369 5266 1524 5322 Felix
1555 5269 1657 5340 qui
1691 5285 1947 5346 crucem,

293 5349 350 5402 et
377 5347 886 5418 resurrectionem,
919 5356 976 5407 et
1029 5354 1223 5410 locum
1271 5355 1594 5412 nativitatis
1625 5356 1861 5425 Christi,
1893 5363 1951 5414 et

294 5434 490 5492 locum
548 5439 912 5496 ascensionis
957 5447 1150 5513 portat
1208 5443 1265 5498 in
1328 5449 1558 5518 pectore
1613 5463 1738 5501 suo.
1795 5446 1949 5502 Felix

298 5526 517 5596 estqui
552 5527 888 5584 Bethlehem
919 5528 1096 5587 habet
1136 5532 1196 5588 in
1245 5534 1415 5590 corde
1463 5551 1571 5590 suo
1604 5553 1616 5590 :
1669 5535 1728 5591 in
1779 5539 1948 5608 cujus

299 5613 476 5669 corde
501 5613 764 5673 Christus
795 5618 1054 5689 quotidie
1085 5621 1364 5678 nascitur.
1399 5623 1660 5697 Denique
1692 5625 1829 5696 quid
1862 5626 1947 5681 di-

304 5702 459 5758 citur
487 5701 824 5762 Bethlebem
848 5707 876 5761 ?
913 5705 1138 5766 Domus
1170 5713 1358 5781 panis.
1391 5713 1589 5771 Simus
1620 5717 1678 5770 et
1708 5729 1813 5771 nos
1844 5715 1944 5770 do-

2044 3363 2169 3402 rem
2203 3345 2459 3402 nominis
2489 3345 2583 3402 sui
2615 3346 2904 3415 tribuens,
2934 3351 3210 3416 priestare
3238 3343 3514 3416 dignetur
3541 3347 3609 3398 ut
3636 3341 3696 3396 in

2043 3435 2144 3491 illo
2193 3435 2498 3490 tremendo
2541 3434 2753 3506 judicii
2802 3439 3063 3506 tempore
3109 3449 3224 3489 non
3255 3432 3609 3488 collocemur
3638 3432 3697 3485 in

2044 3525 2284 3580 sinistro
2315 3539 2558 3578 numero
2587 3541 2598 3578 :
2638 3523 2738 3594 qui
2771 3539 2878 3579 nos
2909 3522 3238 3592 redemptos
3262 3522 3394 3594 ejus
3415 3519 3702 3593 sanguine

2045 3613 2394 3668 confitemur
2443 3612 2555 3683 ipsi
2605 3611 2790 3684 gloria
2835 3627 2970 3666 cum
3022 3617 3234 3666 aeterno
3282 3615 3452 3666 Patre
3481 3614 3539 3666 et
3568 3607 3696 3681 Spi-

2044 3701 2161 3757 ritu
2194 3705 2394 3757 sancto
2426 3701 2485 3755 in
2518 3700 2731 3756 smcula
2761 3702 3132 3757 szeculorum.
3167 3706 3377 3756 Amen.

2588 3789 2918 3846 PSALMUS
2974 3789 3160 3846 XCVI.

2048 3868 2310 3951 Psatmys
2343 3871 2449 3951 ipsi
2478 3869 2903 3951 Dayid_quando
2947 3875 3112 3951 terra
3148 3871 3271 3951 ejus
3316 3872 3574 3951 restituto
3620 3877 3704 3949 est

2120 3943 2192 3996 ei.
2229 3939 2502 4013 Legimus
2552 3941 2610 3995 in
2653 3939 2876 4066 R‘eﬁum
2907 3945 2964 3996 et
2998 3939 3484 4012 Paralipomenon
3517 3940 3702 4004 libris,

2123 4013 2401 4066 quoniam
2435 4011 2610 4066 David
2661 4013 2727 4066 be
2779 4012 2973 4066 icosus
3015 4011 3101 4065 vir
3145 4011 3278 4066 fuit.
3315 4017 3371 4066 et
3401 4011 3702 4066 universas

2123 4011 2401 4083 quoniam
2435 4011 2610 4067 David
2661 4011 2973 4067 bellicosus
3015 4011 3101 4065 vir
3145 4011 3278 4083 fuit,
3315 4017 3371 4066 et
3401 4011 3704 4066 universas

2122 4082 2326 4155 gentes
2355 4084 2412 4138 in
2445 4083 2692 4155 circuitu
2721 4083 3054 4155 subjecerit,
3089 4082 3229 4136 etin
3264 4084 3698 4155 suam_redege-

2122 4152 2200 4227 rit
2230 4159 2598 4227 potestatem.
2633 4153 2748 4208 Hoc
2799 4152 3034 4227 interim
3081 4155 3405 4227 secundum
3429 4152 3699 4227 litteram

2125 4223 2522 4297 intelligamus
2576 4226 2684 4279 hoc
2732 4225 2952 4297 modo:
3002 4223 3274 4297 Psalmus
3309 4223 3700 4297 Davidquem

2124 4293 2341 4351 cecinit
2364 4296 2607 4350 Domino
2642 4311 2653 4347 :
2704 4295 2939 4365 quando
2986 4293 3153 4349 victis
3191 4293 3699 4353 adversariis'red-

2125 4367 2274 4422 didit
2330 4370 2518 4438 terrze
2552 4382 2708 4438 suae,
2745 4365 2852 4421 hoc
2883 4369 3008 4438 gest,
3039 4365 3252 4422 Judaea
3315 4379 3533 4438 pacem.
3584 4372 3702 4422 Hoc

2125 4437 2448 4493 secundum
2507 4435 2833 4491 historiam.
2869 4437 3152 4492 Ceterum
3193 4440 3246 4494 si
3289 4435 3467 4494 David
3524 4439 3700 4492 inter-

2127 4514 2390 4582 pretatur
2419 4509 2582 4582 fortis
2621 4525 2846 4582 manu;
2896 4508 3060 4582 fortis
3093 4514 3289 4565 autem
3323 4527 3500 4564 manu
3531 4525 3704 4582 nemo

2129 4578 2239 4653 est,
2272 4579 2384 4653 nisi
2435 4578 2530 4634 ille
2575 4579 2675 4653 qui
2708 4580 2846 4635 vicit
2875 4578 3077 4653 omnes
3107 4587 3331 4653 gentes,
3365 4585 3562 4636 noster
3591 4580 3702 4636 Da-

2128 4651 2245 4716 vid,
2278 4651 2346 4705 ad
2383 4667 2555 4722 quem
2589 4649 2924 4707 clamabant
2950 4649 3242 4724 daemones
3277 4670 3288 4707 :
3317 4649 3476 4724 Quid
3504 4653 3707 4724 venisti

2129 4728 2543 4795 torqueremus
2607 4727 2753 4795 ante
2800 4727 3032 4795 tempus,
3101 4723 3185 4792 fili
3255 4723 3428 4779 David
3493 4723 3701 4792 (Matth.

2126 4792 2250 4858 vni,
2280 4794 2418 4867 29)?
2469 4794 2582 4867 Iste
2632 4792 3138 4867 psalmus'abweo
3186 4795 3545 4867 compositus
3593 4799 3701 4860 est,

2126 4866 2362 4992 quando
2401 4865 2675 4946 restituta
2702 4871 2793 4921 est
2822 4871 2995 4947 terra.
3028 4866 3097 4921 Et
3125 4865 3354 4948 egregie
3399 4866 3546 4946 dixit
3575 4867 3704 4937 qui-

2176 4953 2270 4992 am
2307 4955 2319 4992 :
2371 4953 2649 4992 quoniam
2698 4942 2850 4992 terra
2893 4941 3007 4992 ista
3035 4954 3161 4992 aue
3194 4943 3542 4992 restituitur.
3575 4954 3702 4992 cor-

2176 4953 2270 4992 am
2307 4955 2319 4992 :
2371 4938 2649 5008 quoniam
2698 4942 2850 4992 terra
2893 4936 3007 4992 ista
3033 4936 3542 5008 que’restituitur,
3575 4936 3702 4993 cor-

2125 5025 2268 5080 pora
2328 5006 2523 5063 nostra
2584 5012 2741 5080 sunt.
2776 5011 2921 5063 Vere
2951 5006 3107 5080 enim
3138 5025 3204 5064 eo
3237 5012 3497 5080 tempore
3525 5009 3700 5066 debe-

2131 5077 2267 5134 mus
2309 5083 2542 5134 cantare
2576 5077 2834 5145 Domino,
2869 5079 3102 5149 quando
3132 5085 3284 5134 terra
3314 5077 3513 5136 nostra
3543 5097 3700 5136 com-

2129 5150 2320 5222 posita
2366 5154 2474 5205 est.
2509 5149 3031 5222 Dicamusiautem
3081 5167 3186 5206 nos
3231 5157 3287 5206 et
3335 5151 3543 5218 aliter;
3586 5152 3704 5208 Nos

2127 5220 2285 5276 enim
2337 5224 2522 5290 nocet,
2557 5220 2606 5276 si
2655 5221 2920 5276 eamdem
2968 5225 3090 5276 rem
3135 5222 3365 5278 duobus
3408 5231 3462 5279 et
3508 5223 3701 5279 tribus

2129 5291 2322 5346 modis
2367 5289 2787 5362 intelligamus.
2821 5291 3112 5363 Scriptum
3145 5299 3234 5349 est
3261 5294 3416 5350 enim
3449 5294 3509 5350 in
3538 5295 3700 5351 Salo-

2130 5379 2302 5418 mone
2336 5380 2348 5416 :
2399 5363 2666 5433 Assumes,
2700 5362 2909 5433 inquit.
2941 5362 3004 5420 ea
3055 5367 3112 5417 in
3164 5365 3353 5422 tabula
3403 5366 3584 5422 cordis
3620 5367 3706 5421 tui

2132 5434 2424 5504 tripliciter
2470 5435 2656 5504 (Prov.
2690 5450 2828 5501 xxii,
2860 5435 2972 5504 20).
3026 5435 3149 5489 Non
3200 5441 3368 5493 nocet
3410 5437 3699 5492 diversum

2129 5504 2347 5576 aliquid
2369 5505 2592 5578 dicere,
2620 5520 2751 5578 cum
2786 5521 2902 5560 uno
2933 5507 3146 5578 spiritu
3178 5507 3426 5565 dicitur:
3462 5507 3702 5573 Quando

2128 5581 2303 5650 terra
2331 5576 2459 5645 ejus
2511 5577 2831 5632 constituta
2880 5576 2987 5650 est.
3021 5579 3198 5633 Terra
3235 5579 3350 5636 ista
3385 5584 3698 5650 antequam

2128 5646 2310 5703 David
2359 5651 2576 5720 noster
2604 5663 2806 5704 omnes
2857 5647 3133 5720 vinceret,
3162 5646 3569 5720 nonhabebat
3597 5664 3699 5720 pa-

2129 5734 2254 5775 cem
2285 5736 2299 5786 ;
2347 5719 2446 5774 sed
2479 5716 2696 5790 ubique
2731 5724 2856 5776 erat
2885 5716 3192 5778 discordia.
3226 5719 3347 5777 Alia
3374 5735 3519 5796 gens
3549 5716 3696 5778 cole-
