3976 6188
299 404 455 466 1185

307 630 520 684 xerunt
550 626 609 682 in
639 629 759 681 toto
791 626 929 680 orbe
977 630 1286 679 terrarum.
1321 645 1347 670 «
1399 623 1700 677 Commota
1755 626 1862 676 est.
1919 641 1946 670 »

307 717 396 773 Illi
432 715 844 787 loquebantur,
876 719 934 768 et
952 712 1277 768 tonitruum
1307 710 1464 766 vocis
1490 727 1692 766 eorum
1726 709 1952 764 univer-

309 822 411 861 sus
445 805 702 859 mundus
750 802 1040 858 audiebat.
1105 806 1224 856 Duo
1281 800 1578 855 habebant
1634 799 1852 870 pariter
1897 802 1954 852 et

307 894 591 968 grandem
622 907 840 958 vocem,
896 889 1310 962 et'splendida
1341 888 1592 960 fulgura.
1654 888 1781 943 Haec
1841 885 1950 940 ful-

305 999 454 1056 gura
485 981 786 1036 credentes
819 978 1233 1034 illuminabant
1265 995 1276 1032 :
1311 994 1425 1032 non
1460 977 1760 1032 credentes
1794 992 1952 1030 com-

302 1073 615 1127 burebant.
1416 1079 1424 1085 '

378 1184 406 1211 ‹‹
440 1161 668 1216 Montes
700 1158 853 1213 sicut
881 1173 1012 1212 cera
1043 1158 1335 1212 ﬂuxerunt
1375 1172 1408 1210 a
1440 1154 1583 1210 {acie
1641 1153 1893 1210 Domini.
1926 1175 1953 1202 »

308 1249 450 1306 Mihi
480 1249 754 1303 videntur
781 1247 877 1302 isti
937 1250 1165 1301 montes
1221 1261 1349 1300 esse
1407 1245 1740 1298 daemonum
1796 1246 1954 1314 pote-

307 1343 510 1395 states.
543 1337 672 1392 Sive
701 1339 852 1391 certe
883 1332 1379 1405 montes,superbi
1411 1333 1630 1404 quique
1661 1331 1952 1387 homines.

314 1427 470 1500 Ignis
501 1427 610 1481 iste
641 1441 756 1480 non
797 1423 1093 1479 consumit
1148 1420 1423 1487 humiles,
1460 1423 1560 1476 sed
1620 1421 1957 1492 quicunque

310 1513 608 1572 montuosi
639 1517 796 1569 sunt.
831 1512 1090 1583 Denique
1123 1509 1356 1583 quando
1389 1509 1588 1580 fulgur
1645 1509 1953 1576 emittitur,

317 1602 554 1659 difﬁcile
584 1601 718 1657 illos
750 1601 1019 1673 percutit,
1055 1599 1156 1671 qui
1177 1599 1237 1653 in
1266 1597 1415 1654 valle
1448 1602 1589 1653 sunt
1620 1616 1633 1665 ;
1668 1599 1768 1652 sed
1801 1613 1956 1653 sem-

305 1710 410 1766 per
439 1691 573 1747 illos
603 1691 704 1763 qui
734 1690 794 1745 in
828 1693 1026 1745 monte
1057 1693 1216 1744 sunt.

384 1803 412 1830 ‹‹
445 1780 950 1836 Annuntiaverunt
974 1777 1101 1832 coeli
1127 1776 1414 1848 justitiam
1446 1778 1593 1848 ejus.
1623 1798 1651 1826 »
1687 1775 1788 1830 Isti
1820 1779 1958 1830 sunt

1473 397 1964 462 BltEVIARIUM
2016 397 2091 458 ΙΝ
2141 396 2519 457 PSAI.MOS.
2563 414 2570 418 ·

305 543 363 595 et
389 528 682 594 commota
705 538 794 593 est
820 539 995 592 terra.
1031 556 1058 584 »
1087 531 1500 605 Apostolorum
1532 531 1766 604 fulgura
1796 530 1942 587 allu-
1975 532 2031 598 Α

3553 395 3708 463 “86

2591 527 2928 586 PSALMUS
2959 531 3153 589 XCVII

2060 621 2314 706 Paul-mus
2343 622 2542 706 David.
2562 622 2691 706 Iste
2721 620 2986 706 psalmus
2993 639 3219 706 locem.
3245 624 3704 706 prophetzecon-

2131 693 2346 818 tingents,
2381 693 2699 765 potentiam
2751 697 2949 748 narrat
2993 693 3279 750 Dominici
3334 693 3589 752 nominis
3636 713 3703 752 ac

2132 781 2218 818 νην
2247 781 2278 818 u
2314 781 2383 818 IS.

2132 781 2383 819 νιηυιιε.

2136 912 2162 938 ‹‹
2186 892 2424 944 Cantate
2456 889 2705 943 Domino
2726 889 3018 944 canticum
3033 907 3319 946 novum.«
3349 915 3368 939 α
3400 891 3704 948 Canticum

2064 993 2301 1047 novum,
2338 998 2364 1026 »
2399 983 2489 1032 est
2513 978 2610 1032 Dei
2641 977 2819 1032 Filius
2851 979 3185 1048 cruciﬁxus,
3220 980 3374 1051 quod
3405 997 3706 1052 nunquam

2065 1066 2334 1120 auditum
2366 1065 2574 1136 fuerat,
2607 1067 2763 1121 Nova
2795 1083 2905 1133 res,
2940 1085 3155 1123 novum
3186 1069 3362 1124 habet
3391 1069 3707 1138 canticum,

2070 1175 2092 1204 α
2129 1153 2368 1209 Cantate
2403 1154 2645 1209 Domino
2677 1155 2967 1210 canticum
3013 1173 3247 1212 novum.
3303 1179 3330 1208 »
3366 1157 3549 1213 Homo
3577 1159 3712 1229 qui-

2066 1243 2197 1297 dem
2231 1247 2339 1311 est,
2373 1243 2472 1314 qui
2500 1259 2711 1315 passus
2733 1250 2820 1298 est
2853 1261 2864 1298 :
2900 1245 3001 1300 sed
3031 1261 3134 1300 vos
3183 1250 3411 1301 cantate
3441 1245 3710 1302 Domino.

2067 1330 2280 1387 Passus
2311 1336 2400 1386 est
2429 1333 2663 1401 quidem
2696 1333 2863 1403 quasi
2896 1333 3092 1402 homo,
3128 1335 3229 1389 sed
3268 1335 3512 1390 salvavit
3543 1335 3712 1408 quasi

2066 1425 2238 1476 Deus.
2282 1441 2302 1468 α
2337 1421 2576 1476 Cantate
2608 1421 2852 1477 Domine
2884 1423 3180 1478 canticum
3213 1441 3451 1479 novum.
3486 1447 3515 1475 »
3551 1428 3708 1480 «Can

2065 1511 2246 1564 ticum
2280 1527 2516 1581 novum,
2549 1531 2574 1562 ιι
2612 1517 2908 1566 mereatur
2937 1528 3148 1567 nomen
3180 1529 3415 1568 novum.
3451 1517 3713 1586 Propter-

2066 1616 2133 1654 ea
2162 1599 2375 1654 dicitur
2431 1603 2487 1654 et
2541 1599 2680 1654 alibi
2715 1601 2817 1655 εει
2873 1601 3177 1669 vocabitur,
3241 1602 3455 1673 inquit,
3516 1618 3715 1660 nomen

2066 1704 2264 1743 novum
2296 1689 2422 1758 (Isa.
2459 1704 2594 1753 an,
2626 1689 2703 1756 2).
2737 1689 2962 1744 Novum
3019 1707 3253 1757 nomen,
3316 1708 3530 1747 novum
3592 1708 3712 1747 meo

2069 1782 2231 1832 retur
2261 1777 2652 1832 canticum.Et
2682 1777 2741 1830 in
2771 1776 3118 1850 Apocalypsi
3150 1777 3363 1834 dicitur
3396 1797 3408 1835 :
3445 1781 3548 1848 Qui
3578 1783 3715 1836 vice-

314 1871 461 1938 coali,
497 1871 566 1925 de
601 1868 838 1941 quibus,
871 1871 927 1922 et
955 1866 1014 1921 in
1065 1871 1266 1922 octavo
1298 1866 1524 1922 decimo
1557 1865 1782 1937 psalmo
1813 1864 1955 1918 dici-
1989 1903 2038 1966 B
2069 1869 2162 1932 rit,
2232 1866 2441 1938 inquit,
2475 1865 2621 1922 dabo
2682 1867 2737 1920 ci
2795 1867 3092 1934 calculum,
3136 1870 3187 1921 et
3245 1883 3440 1922 nomen
3508 1886 3715 1924 novum

312 1965 410 2015 tur
440 1977 454 2016 ;
487 1958 625 2014 Caeli
653 1961 926 2013 enarrant
955 1956 1199 2025 gloriam
1251 1956 1366 2009 Dei.
1422 1952 1558 2008 Caeli
1610 1954 1958 2008 annuntiant

2076 1955 2305 2009 scribam
2333 1970 2498 2024 super
2525 1969 2647 2008 eum
2699 1954 2879 2025 (Apoc.
2937 1971 3020 2019 ιιι,
3069 1955 3176 2025 12).
3227 1955 3449 2011 Nomen
3503 1973 3717 2012 novum

315 2048 608 2121 justitiam
639 2049 769 2117 ejus
803 2064 815 2101 :
846 2052 1058 2100 terram
1091 2061 1206 2098 non
1239 2043 1568 2098 annuntiat.
1621 2043 1965 2112 Quicunque

327 2139 538 2194 coelum
573 2140 682 2205 est,
714 2151 831 2189 non
862 2133 1031 2189 timet
1077 2135 1310 2203 justum
1358 2135 1561 2186 Deum.
1621 2132 1966 2202 Quicunque

323 2229 396 2282 de
427 2224 589 2280 ccelis
620 2227 729 2289 est,
754 2238 870 2277 non
902 2221 1071 2275 timet
1095 2221 1223 2290 ejus
1271 2219 1621 2275 annuntiare
1645 2220 1961 2292 justitiam.

323 2315 667 2383 Quicunque
697 2317 935 2366 sanctus
968 2316 1057 2364 est
1087 2315 1142 2364 et
1200 2308 1405 2364 caelum
1439 2312 1548 2375 est,
1579 2308 1688 2364 iste
1733 2309 1964 2378 justum

325 2404 510 2458 Deum
541 2417 657 2456 non
706 2399 891 2455 timet.
942 2402 1218 2454 Peccator
1273 2401 1469 2453 autem
1527 2397 1963 2454 misericordem

324 2491 532 2562 quaerit
556 2489 763 2545 Deum.
791 2537 809 2556 ,

399 2599 422 2626 α
453 2577 963 2635 Annuntiaverunt
1019 2575 1145 2631 coeli
1197 2575 1491 2646 justitiam
1549 2577 1699 2646 ejus,
1734 2598 1761 2625 »
1793 2592 1962 2630 evan-

319 2665 540 2739 gelista;
588 2666 832 2722 scilicet.
872 2689 892 2715 ω
929 2666 998 2719 Et
1028 2663 1300 2719 viderunt
1351 2679 1554 2719 omnes
1605 2663 1804 2746 populi
1839 2663 1964 2735 glo-

320 2756 468 2810 riam
500 2756 648 2826 ejus.
680 2777 708 2804 »
740 2753 888 2820 Quia
917 2755 1119 2821 etiam,
1163 2753 1378 2824 quibus
1410 2769 1524 2807 non
1583 2757 1673 2808 est
1731 2770 1964 2807 annun-

320 2845 530 2900 tiatum
561 2846 633 2899 de
662 2860 750 2913 eo,
783 2842 1193 2897 intellexerunt
1227 2847 1405 2897 Deum
1427 2842 1486 2896 in
1511 2857 1685 2898 carne
1713 2841 1962 2897 venisse.

393 2956 422 2983 ‹‹
456 2932 903 2988 Conlundantur
941 2947 1146 2986 omnes
1201 2930 1301 3002 qui
1353 2930 1596 2985 adorant
1647 2929 1963 3002 sculptilia,

323 3022 423 3092 qui
455 3020 780 3094 gloriantur
808 3020 868 3075 in
899 3019 1229 3075 simulacris
1260 3018 1404 3074 suis.
1441 3042 1468 3067 »
1500 3018 1572 3074 Ut
1601 3020 1741 3074 dum
1773 3019 1832 3073 in
1864 3037 1968 3091 spe

321 3127 474 3166 vana
506 3110 971 3177 confunduntur,
1012 3109 1084 3163 ad
1116 3107 1278 3162 illam
1314 3124 1510 3163 veram
1572 3107 1804 3162 valeant
1834 3124 1964 3180 per-

320 3199 535 3255 venire.

2073 2042 2539 2098 Christianorum
2570 2041 2960 2097 est.«Cantate
2990 2042 3489 2107 Domino.»Quare
3513 2045 3541 2098 ἲ)
3563 2045 3711 2108 Quid

2075 2132 2230 2187 enim
2265 2131 2396 2186 fecit
2422 2131 2450 2185 ‘I
2470 2131 2657 2194 Quare
2687 2130 2840 2184 enim
2858 2147 3071 2185 novum
3103 2137 3398 2188 mereatur
3426 2134 3718 2190 canticum

2077 2220 2279 2282 «Quia
2310 2219 2603 2274 mirabilia
2652 2219 2803 2274 fecit.
2858 2242 2885 2267 »
2933 2219 3108 2292 Signa
3156 2220 3293 2275 fecit
3331 2222 3390 2276 in
3448 2222 3715 2293 Judaeis;

2077 2309 2429 2381 paralyticos
2461 2309 2688 2365 sanavit
2724 2326 2736 2373 ;
2777 2308 3039 2380 leprosos
3099 2313 3370 2382 purgavit
3411 2329 3423 2376 ;
3458 2321 3721 2369 mortuos

2075 2398 2395 2454 suscitavit.
2429 2402 2546 2453 Hoc
2578 2401 2634 2452 et
2663 2397 2760 2453 alii
2795 2397 3056 2452 fecerunt
3084 2398 3587 2471 prepheta.Vertit
3616 2419 3717 2472 pa-

2075 2504 2178 2542 nes
2210 2504 2424 2558 paucos
2457 2488 2514 2541 in
2548 2487 2766 2558 plures,
2799 2490 2855 2540 et
2885 2486 3042 2558 pavit
3088 2487 3385 2542 inﬁnitum
3419 2489 3748 2562 populum;

2075 2577 2190 2632 Hoc
2224 2577 2355 2631 fecit
2384 2580 2440 2631 et
2470 2576 2716 2631 Eliseus.
2751 2575 2897 2641 Quid
2956 2592 3092 2648 ergo
3124 2576 3260 2632 fecit
3318 2579 3469 2644 novi,
3503 2585 3567 2634 ut
3592 2596 3720 2636 me-

2075 2671 2270 2720 reatur
2299 2682 2515 2720 novum
2546 2664 2838 2719 canticum
2860 2664 2888 2718 ‘I
2908 2664 3098 2720 Vultis
3130 2664 3279 2720 scire
3311 2667 3452 2736 quid
3500 2685 3716 2724 novum

2075 2753 2273 2808 fecerit
2301 2753 2454 2808 Deus
2482 2753 2509 2807 ?
2542 2752 2716 2818 Quasi
2745 2751 2919 2807 homo
2943 2757 3210 2808 mortuus
3240 2757 3420 2820 est,ut
3451 2753 3719 2811 homines

2075 2841 2349 2898 viverent.
2384 2842 2563 2897 Filius
2595 2842 2695 2896 Dei
2723 2840 3035 2896 cruciﬁxus
3083 2845 3190 2910 est,
3226 2845 3290 2896 ut
3347 2857 3453 2898 nos
3505 2842 3721 2899 levaret

2077 2933 2149 2987 ad
2199 2931 2424 2986 cmlum.
2491 2953 2518 2980 ‹‹
2557 2930 2842 2994 Quoniam
2893 2928 3185 2984 mirabilia
3239 2930 3396 2985 fecit.
3440 2953 3468 2979 »
3528 2931 3720 2989 Vultis

2077 3021 2224 3076 scire
2255 3020 2533 3092 quoniam
2566 3018 2860 3074 mirabilia
2890 3018 3024 3073 fecit
3050 3017 3078 3072 ‘I
3107 3017 3288 3074 Filius
3333 3019 3522 3075 viduas
3556 3021 3720 3091 jace-
3795 3049 3800 3052 -

2078 3112 2177 3165 bat
2207 3110 2265 3164 in
2295 3108 2592 3165 ccenaculo
2627 3127 2639 3164 :
2668 3109 2827 3164 venit
2856 3107 3081 3164 Eliseus
3110 3113 3165 3163 et
3218 3109 3507 3164 contraxit
3549 3127 3630 3178 se,
3664 3114 3722 3166 et

2078 3216 2142 3254 os
2166 3199 2235 3253 ad
2271 3215 2336 3253 os
2367 3196 2581 3268 posuit,
2613 3201 2669 3252 et
2697 3213 2912 3253 manus
2939 3197 3010 3252 ad
3043 3213 3277 3265 manus,
3331 3203 3388 3252 et
3439 3198 3616 3270 pedes
3648 3199 3721 3254 ad

395 3310 423 3339 «
448 3289 696 3344 Adorale
726 3303 859 3342 eum
893 3302 1098 3342 omnes
1129 3285 1317 3358 angeli
1377 3285 1524 3356 ejus.
1560 3307 1588 3334 »
1635 3287 1962 3342 Annuntia-
1997 3268 2038 3334 (ἶ
2079 3288 2258 3358 pedes
2290 3287 2534 3357 (lVJieg.
2571 3302 2645 3353 1v,
2676 3285 2786 3355 34).
2823 3285 2880 3340 Si
2915 3268 3460 3357 enimexpandisset
3489 3304 3570 3353 se,
3605 3303 3723 3343 non

321 3383 476 3434 tores
507 3377 667 3450 regni
701 3376 881 3432 illius.
920 3397 947 3426 «
972 3375 1210 3430 Audivit
1256 3378 1311 3430 et
1337 3373 1529 3430 laetata
1579 3378 1668 3430 est
1718 3374 1872 3430 Sion.
1938 3399 1965 3425 »

321 3466 579 3523 Ecclesia
608 3483 734 3538 quae
766 3465 1014 3537 gloriam
1051 3465 1178 3536 ejus
1210 3463 1641 3535 speculabatur.

394 3579 421 3606 «
464 3557 531 3610 Et
572 3555 975 3611 exultaverunt
1028 3553 1160 3608 ﬁlia:
1217 3553 1404 3608 Judze.
1462 3570 1490 3604 ιο
1550 3553 1770 3608 Animae
1829 3571 1965 3609 con-

320 3645 632 3701 fessorum.
668 3667 697 3695 «
729 3649 972 3715 Propter
1011 3643 1236 3715 judicia
1267 3648 1386 3712 tua,
1446 3641 1705 3699 Domine.
1743 3665 1770 3693 »
1821 3645 1967 3708 Quia

319 3735 723 3790 custodierunt
748 3751 833 3789 ea.

395 3846 422 3870 ‹‹
458 3822 741 3888 Quoniam
777 3826 837 3875 tu
861 3821 1146 3876 Dominus
1163 3819 1503 3876 Altissimus
1530 3838 1708 3893 super
1728 3840 1962 3880 omnem

320 3914 583 3965 terram:
645 3907 822 3963 nimis
880 3907 1342 3976 superexaltatus
1401 3925 1462 3962 es
1526 3926 1703 3980 super
1759 3928 1964 3968 omnes

320 3998 479 4054 deos.
521 4020 541 4046 ιι
577 3999 645 4052 Et
675 4014 790 4052 non
822 3996 1011 4052 solum
1048 4013 1225 4068 super
1252 3996 1412 4062 deos,
1446 3997 1546 4051 sed
1579 3999 1754 4054 etiam
1788 4017 1964 4073 super

318 4086 491 4142 cmlos
512 4086 814 4142 caelorum.

393 4198 416 4228 α
451 4176 558 4242 Qui
591 4175 836 4246 diligitis
867 4175 1203 4241 Dominum,
1235 4196 1261 4226 ι»
1297 4175 1397 4247 qui
1429 4177 1590 4234 solus
1621 4183 1711 4234 est
1740 4179 1958 4251 bonus;

317 4289 346 4315 «
380 4265 537 4320 odite
568 4264 812 4333 malum,
848 4286 873 4313 »
935 4264 1256 4335 diabolum,
1298 4289 1317 4313 ι
1381 4265 1646 4322 Custodit
1674 4266 1961 4325 Dominus

317 4346 549 4408 animas
581 4357 919 4407 sanctorum
975 4370 1218 4408 suorum
1256 4371 1267 4407 :
1302 4354 1371 4410 de
1404 4372 1581 4411 manu
1642 4357 1962 4427 peccatoris

317 4439 592 4496 liberabit
620 4456 738 4494 eas.
776 4461 802 4487 »
834 4439 914 4494 Ne
946 4441 1029 4494 eis
1060 4441 1282 4511 aliquid
1315 4450 1538 4498 noceat.

392 4551 420 4579 ‹‹
452 4529 575 4584 Lux
603 4533 728 4583 orta
759 4531 848 4583 est
869 4528 1089 4598 justo.»
1124 4529 1390 4585 Christus
1421 4531 1669 4604 refulget
1699 4533 1756 4587 in
1789 4535 1960 4590 corde

2080 3391 2350 3431 reversus
2375 3380 2532 3431 esset
2563 3374 2719 3428 {ilius
2751 3373 2962 3429 viduae.
3020 3374 3152 3430 Ideo
3209 3390 3271 3429 se
3323 3375 3628 3445 contraxit,
3660 3380 3726 3430 ut

2075 3464 2410 3519 viviﬁcaret.
2444 3467 2586 3518 Cum
2617 3467 2773 3519 esset
2801 3463 2860 3518 in
2894 3462 3082 3518 forma
3138 3463 3236 3518 Dei
3272 3482 3284 3517 :
3319 3463 3446 3519 ideo
3505 3465 3726 3536 accepit

2076 3554 2324 3608 formam
2352 3553 2608 3609 hominis
2640 3551 2870 3624 (Philip.
2908 3569 2970 3619 ιι,
3011 3554 3066 3622 6,
3089 3553 3142 3623 7)
3179 3552 3346 3608 :ideo
3403 3569 3464 3608 se
3496 3558 3723 3609 contra-

2074 3643 2176 3713 xit,
2209 3647 2273 3697 ut
2301 3659 2408 3698 nos
2439 3643 2651 3697 faceret
2681 3641 2941 3697 altiores.

2147 3755 2173 3780 ‹‹
2208 3730 2460 3786 Salvavit
2490 3730 2600 3786 sibi
2629 3731 2862 3785 dextera
2890 3731 3077 3800 ejus.»
3110 3730 3271 3795 Quod
3305 3730 3579 3797 dicit,hoc
3602 3733 3711 3787 est:

2073 3820 2324 3876 Salvavit
2344 3819 2631 3888 homines,
2658 3836 2773 3874 non
2806 3819 3194 3886 alienum,sed
3228 3836 3403 3875 suum
3435 3820 3718 3891 opus,hoc

2074 3915 2182 3976 est,
2217 3909 2371 3980 quod
2403 3908 2600 3963 fecerit
2629 3907 2878 3970 sibi,sibi
2909 3908 3034 3980 ipse
3063 3909 3328 3964 salvavit.
3363 3909 3597 3964 Fecerat
3616 3908 3716 3964 ho-

2074 4000 2264 4054 mines
2296 3999 2352 4053 in
2386 3997 2658 4066 salutem,
2686 3998 2786 4070 qui
2817 3998 2955 4054 vitio
2987 4015 3094 4053 suo
3137 3997 3530 4068 perierat.Iste
3563 4012 3717 4050 mor-

2072 4093 2210 4143 tuus
2240 4091 2348 4152 est,
2383 4091 2446 4142 ut
2496 4087 2748 4141 salvaret
2780 4085 2891 4140 sibi
2949 4085 3249 4140 hominem
3305 4086 3540 4140 dextera
3587 4100 3712 4140 sua.

2072 4183 2312 4234 Dextera
2345 4175 2437 4231 hic
2468 4192 2570 4247 pro
2602 4175 2810 4229 virtute
2843 4173 3098 4245 ponitur,
3132 4178 3189 4228 et
3247 4172 3554 4228 brachium
3612 4189 3716 4245 pro

2071 4268 2296 4323 robore.
2329 4288 2354 4313 ‹‹
2389 4265 2457 4318 Et
2488 4262 2792 4318 brachium
2825 4267 3093 4317 sanctum
3115 4261 3300 4332 ejus.»
3333 4260 3487 4316 Licet
3507 4265 3564 4317 et
3583 4261 3718 4317 bra-

2072 4355 2292 4419 chium,
2325 4357 2382 4408 et
2407 4353 2641 4406 dextera
2670 4349 2938 4406 Christus
2969 4350 3195 4405 dicatur
3227 4367 3239 4404 :
3269 4351 3500 4406 Dextera
3530 4350 3716 4406 Domi-

2068 4446 2132 4498 ni
2159 4443 2287 4513 fecit
2312 4443 2568 4495 virtutem
2599 4440 2774 4509 (Psal.
2819 4454 2971 4494 cxvn
3004 4439 3088 4510 16)
3126 4455 3139 4493 :
3171 4443 3228 4494 et
3260 4438 3557 4494 Brachium
3613 4441 3717 4495 Do-

2069 4533 2216 4587 mini
2243 4532 2334 4584 cui
2361 4529 2664 4584 revelatum
2692 4537 2769 4585 est
2805 4531 2940 4598 (13a.
2989 4545 3104 4596 LIII,
3142 4529 3215 4599 1),
3250 4533 3442 4584 tamen
3504 4527 3597 4582 hic
3644 4527 3716 4582 de

316 4619 466 4689 ejus.
507 4640 527 4667 ι
565 4617 630 4671 Et
660 4615 831 4672 rectis
864 4617 1034 4671 corde
1066 4615 1287 4671 laetitia.
1351 4640 1379 4667 »
1438 4619 1583 4682 Quia
1639 4637 1814 4691 quem
1873 4639 1964 4678 ex-
1995 4635 2040 4700 ι)
2073 4619 2304 4677 Christo
2336 4617 2566 4673 dicitur.

315 4707 678 4779 spectabant,
712 4720 946 4760 cernere
977 4710 1336 4761 meruerunt.

390 4819 418 4846 ‹‹
446 4795 742 4850 Laetamini
766 4795 913 4864 justi
944 4793 1003 4848 in
1037 4794 1306 4863 Domino,
1339 4799 1395 4850 et
1451 4796 1807 4852 conﬁtemini
1840 4815 1957 4854 me-

317 4885 512 4939 moriae
545 4883 875 4940 sanctitatis
907 4883 1059 4954 ejus.
1091 4904 1119 4932 »
1151 4883 1258 4948 Qui
1291 4899 1426 4938 eum
1479 4883 1538 4938 in
1571 4886 1710 4940 recti
1768 4887 1958 4942 cordis

313 4972 536 5028 lumine
568 4971 1066 5044 contemplamini,
1089 4972 1312 5045 jugiter
1339 4970 1686 5040 collaudate,
1720 4972 1806 5029 vel
1829 4992 1958 5030 san-

315 5061 570 5117 ctitatem
602 5063 731 5133 ejus
767 5061 941 5133 :quia
970 5066 1226 5117 vestrum
1279 5078 1504 5117 memor
1563 5061 1694 5133 fuit,
1730 5069 1793 5118 ut
1823 5081 1956 5119 san-

315 5150 596 5207 ctiﬁcaret
628 5169 640 5206 :
675 5150 763 5206 vel
795 5151 1092 5221 pietatem,
1142 5168 1289 5223 quos
1342 5169 1443 5207 vos
1499 5151 1556 5206 in
1616 5168 1792 5224 regno
1849 5170 1956 5209 suo

313 5239 537 5294 ascivit.
567 5239 672 5301 Qui
705 5237 874 5294 nobis
905 5244 1180 5310 praestare
1227 5239 1523 5312 diguetur,
1561 5244 1644 5308 ut,
1705 5242 1834 5312 ejus
1866 5242 1954 5297 lu-

313 5329 470 5383 mine
519 5327 735 5383 nostris
781 5329 1058 5385 cordibus
1109 5330 1351 5395 oriente,
1398 5345 1730 5384 mereamur
1776 5331 1846 5385 ab
1889 5347 1955 5386 eo

313 5417 382 5471 de
416 5417 802 5490 prmsentibus
832 5419 955 5474 erui
992 5436 1004 5475 :
1039 5419 1209 5490 cujus
1241 5436 1448 5475 sumus
1469 5418 1765 5491 baptismo
1796 5437 1828 5474 a
1861 5437 1958 5476 no-

309 5505 420 5562 xiis
452 5507 839 5578 originalibus
869 5507 1114 5564 liberati.
1151 5508 1266 5580 Ipsi
1299 5508 1492 5581 gloria
1551 5525 1684 5563 cum
1745 5513 1955 5565 aeterno

312 5595 480 5652 Patre
517 5599 574 5650 et
621 5596 838 5669 Spiritu
889 5597 1109 5654 sancto
1177 5598 1234 5652 in
1302 5595 1517 5653 saecula
1584 5596 1951 5656 saeculorum.

307 5687 518 5747 Amen.

2143 4733 2171 4759 ‹‹
2205 4708 2419 4764 Notum
2454 4706 2586 4762 iecit
2614 4707 2898 4762 Dominus
2924 4705 3181 4762 salutare
3212 4721 3406 4762 suum.
3434 4728 3454 4753 ι»
3487 4704 3612 4759 Non
3635 4704 3718 4758 di-

2070 4800 2173 4865 xit,
2202 4797 2868 4863 ostendit,sed,«notum
2903 4796 3055 4851 fecit.
3089 4815 3114 4846 ιι
3143 4795 3304 4858 Quod
3337 4793 3716 4860 dicit,hocest

2070 4888 2224 4962 quod
2259 4891 2394 4942 ante
2425 4890 2702 4941 noverant
2735 4885 2941 4951 Deum,
2982 4889 3039 4939 et
3069 4901 3175 4940 suo
3205 4881 3521 4938 vitioobliti
3553 4885 3710 4937 sunt.

2068 4979 2216 5048 Ergo
2251 4978 2398 5032 Deus
2427 4975 2799 5039 veniens,sua
2815 4973 3002 5044 gratia
3032 4972 3139 5027 hoc
3153 4972 3306 5043 quod
3333 4969 3709 5044 perdiderant

2069 5064 2463 5121 manifestavit
2492 5063 2752 5134 eis.Ergo
2783 5062 2892 5116 hoc
2923 5060 3064 5116 dicit
3093 5077 3104 5113 :
3142 5059 3242 5115 Ille
3273 5077 3449 5131 quem
3469 5063 3707 5115 noverat

2066 5156 2275 5218 Adam,
2311 5168 2484 5224 quem
2515 5155 2747 5206 noverat
2781 5150 2918 5206 Seth
2953 5166 2964 5205 :
3001 5165 3176 5221 quem
3210 5153 3453 5204 noverat
3473 5148 3707 5204 Enoch:

2067 5245 2166 5316 qui
2201 5241 2489 5297 invocavit
2519 5239 2918 5302 Dominum,et
2950 5239 3201 5310 speravit
3231 5239 3288 5292 in
3319 5254 3451 5294 eum
3479 5255 3491 5292 :
3526 5244 3584 5293 et
3615 5253 3713 5292 no-

2063 5336 2226 5388 verat
2249 5331 2367 5386 Noe
2398 5346 2411 5384 :
2447 5334 2504 5384 et
2534 5332 2734 5400 postca
2764 5327 2983 5382 oblitus
3011 5329 3198 5383 fuerat
3255 5327 3577 5382 humanum
3611 5341 3708 5398 ge-

2067 5437 2201 5486 nus,
2232 5418 2390 5474 venit
2418 5418 2627 5472 iterum
2659 5415 2718 5470 in
2751 5416 3063 5484 mundum,
3096 5421 3160 5471 ut
3180 5416 3448 5472 homines
3473 5415 3570 5486 qui
3606 5429 3705 5485 po-

2066 5516 2190 5566 stea
2220 5507 2383 5564 obliti
2417 5508 2664 5573 fuerant,
2688 5505 2900 5560 iterum
2951 5511 3388 5578 cognoscerent.
3423 5527 3450 5555 ‹‹
3495 5503 3708 5558 Notum

2067 5600 2201 5655 fecit
2231 5598 2512 5652 Dominus
2541 5593 2795 5650 salutare
2827 5611 3062 5651 suum.»
3087 5596 3149 5652 In
3173 5595 3451 5652 Hebraico
3472 5591 3704 5664 legitur:

2066 5712 2094 5742 ‹‹
2127 5688 2340 5746 Notum
2370 5684 2504 5743 fecit
2531 5682 2813 5743 Dominus
2844 5684 3052 5745 Jesum
3085 5701 3282 5744 suum.
3314 5707 3342 5738 ››
3365 5683 3709 5763 Ubicunque
