3976 6188
259 335 284 389 1
303 330 412 391 187
1760 321 2180 388 APPENDlX.
3506 331 3662 394 £188

257 463 415 519 enim
446 463 713 519 Salvator
743 460 976 530 dicitur,
1012 457 1074 515 In
1098 458 1377 518 Hebraico
1415 457 1589 514 Jesus
1648 456 1904 530 ponitur.
1936 460 1989 530 Α
2021 459 2150 528 igne
2175 458 2575 530 examinatum,
2600 456 3228 531 purgatumseptutum
3261 459 3441 530 (Psal.
3475 476 3560 529 xx,
3584 463 3672 533 7).

265 576 292 602 «
323 555 387 607 In
420 556 734 624 conspectu
764 550 1028 624 gentium
1060 545 1331 604 revelavit
1353 547 1648 618 justitiam
1680 563 1904 602 suam.»
2021 546 2297 618 Rursum,
2331 547 2390 600 in
2418 561 2542 602 voce
2571 546 2719 614 tuba
2748 561 2986 613 cornea,
3016 545 3114 602 hic
3145 562 3399 619 regnans
3436 548 3680 605 induci-

262 642 646 712 Nequaquam
678 640 738 695 in
769 639 891 696 sola
918 638 1304 708 Judeea,sed,«
1337 637 1395 691 in
1429 640 1742 708 conspectu
1765 651 1910 708 gen-
2017 638 2116 690 tur
2142 635 2230 688 vir
2258 633 2378 690 Dei.
2413 634 2474 688 In
2507 633 2815 706 scripturis
2844 634 3077 707 proprie
3107 651 3288 692 cornu
3320 653 3428 708 pro
3482 654 3683 711 regno

261 731 472 785 tium.»
503 729 533 784 J
544 734 742 784 ustum
765 728 921 783 enim
937 733 1081 794 erat,
1098 732 1163 781 ut
1191 725 1452 782 Salvator
1481 724 1731 780 salvaret
1750 740 1910 780 crea-
2019 721 2252 792 dicitur,
2287 727 2345 778 et
2373 738 2476 794 pro
2509 721 2903 794 potententia:
2941 723 3095 779 sicut
3120 723 3202 779 ibi
3232 725 3530 797 scriptum
3552 732 3680 788 est:

261 824 454 874 turam
491 834 679 872 suam.
715 816 1012 872 Revelavit
1033 815 1331 886 justitiam
1391 831 1582 881 suam,
1643 829 1770 885 quae
1820 813 1910 868 in-
2017 811 2208 866 Erexit
2234 826 2401 866 cornu
2429 812 2630 867 salutis
2658 812 2817 868 nobis
2847 811 2997 882 (Luc.
3030 812 3186 880 1,69).
3221 813 3290 867 Et
3318 814 3384 869 in
3415 814 3676 887 alioloco

263 906 606 963 credulitate
636 905 942 960 hominum
974 905 1161 959 fuerat
1189 904 1516 959 obscurata.
2019 898 2302 970 scriptum
2333 904 2421 956 est
2453 917 2465 954 :
2501 901 2564 955 In
2601 905 2654 956 te
2708 901 2968 956 inimicos
3023 910 3230 957 nostros
3276 904 3683 972 veniitabimu;

339 1018 364 1044 ‹‹
401 994 756 1050 Recordatus
787 997 876 1049 est
907 991 1318 1048 misericordias
1378 1008 1516 1058 suas,
1553 1013 1580 1038 ››
1631 989 1911 1046 Conclusit
2018 1003 2185 1043 cornu
2201 989 2370 1059 (Psai.
2398 1006 2556 1055 XLIII,
2605 990 2683 1056 6).
2715 988 2864 1060 Ergo
2894 987 3085 1044 videte
3138 988 3231 1045 hic
3261 992 3408 1062 quid
3469 993 3684 1050 dicat:

258 1085 448 1139 omnia
475 1083 573 1138 sub
599 1087 840 1153 peccato,
875 1089 936 1136 ut
961 1081 1213 1136 omnibus
1267 1082 1596 1135 misereatur
1623 1079 1795 1150 (Rom.
1829 1094 1907 1148 x1,
2024 1077 2176 1132 Duas
2205 1076 2476 1132 habetote
2514 1077 2711 1144 tubas,
2744 1081 2801 1131 et
2840 1081 3201 1149 argenteam,
3256 1085 3316 1134 et
3372 1097 3684 1138 corneam.

257 1172 394 1244 32.),
429 1194 456 1222 «
488 1172 556 1226 Et
583 1170 844 1225 veritatis
887 1186 1005 1224 suae
1065 1167 1264 1224 domui
1336 1167 1533 1223 Israel.
1597 1188 1625 1246 ›ξ
1685 1165 1908 1222 Miseri-
2017 1167 2385 1236 Argenteam,
2419 1170 2483 1220 ut
2512 1164 2777 1220 habeatis
2834 1181 3164 1222 sermonem
3199 1185 3211 1222 :
3243 1183 3559 1238 corneam,
3623 1176 3692 1229 ut

259 1261 468 1316 cordia:
499 1259 844 1314 reCordatur
877 1276 889 1313 :
923 1258 1226 1312 veritatem
1259 1256 1514 1328 implet.»
1555 1255 1911 1311 Recordatus
2021 1253 2290 1310 habeatis
2319 1253 2820 1310 virtutem.Vultis
2850 1254 2996 1311 scire
3017 1255 3295 1336 quoniam
3317 1273 3513 1314 cornu
3527 1275 3690 1318 sem-

259 1354 349 1405 est
378 1348 793 1404 misericordias
822 1364 963 1413 suae,
995 1347 1102 1402 hoc
1133 1351 1245 1417 est,
1279 1346 1338 1400 in
1369 1343 1634 1416 gentium
1668 1343 1910 1416 populo-
2020 1359 2124 1414 per
2151 1342 2211 1399 in
2243 1343 2457 1398 bonam
2492 1346 2716 1415 partem
2739 1343 2995 1414 ponitur.
3020 1343 3304 1416 Legimus
3330 1345 3398 1401 in
3431 1346 3692 1405 Levitieo

267 1439 336 1493 Et
361 1437 665 1492 veritatem
698 1453 868 1491 suam
898 1434 1100 1491 domui
1133 1434 1333 1489 Israel.
1388 1433 1506 1489 Hoc
1549 1448 1721 1504 opere
1752 1448 1910 1488 com-
2018 1430 2246 1486 Nullum
2267 1432 2482 1487 animai
2509 1432 2770 1503 offeratur
2800 1434 2913 1486 nisi
2966 1432 3323 1505 quodcunque
3362 1442 3680 1500 cornutum

268 1524 458 1598 plens,
491 1526 647 1597 quod
680 1524 1028 1596 patriarchis
1059 1523 1426 1595 promiserat.
2017 1524 2116 1575 est.
2151 1520 2340 1591 (Levii.
2373 1536 2449 1587 χι,
2481 1520 2596 1591 26).
2628 1519 2766 1574 Tria
2794 1535 3009 1592 genera
3037 1520 3390 1578 animalium
3423 1524 3693 1582 oﬂ'erun-

331 1615 617 1669 Viderunt
648 1628 853 1668 omnes
911 1612 1057 1667 lines
1114 1616 1278 1666 terras
1337 1610 1592 1666 salutare
1651 1609 1748 1664 Dei
1806 1626 1910 1664 no-
2019 1612 2161 1663 tur:
2193 1607 2428 1681 bos,qui
2458 1623 2638 1663 cornu
2678 1607 2937 1675 habet,et
2968 1608 3243 1681 aries,qui
3278 1627 3470 1666 cornu
3503 1612 3692 1669 habet

261 1705 387 1758 stri.
424 1726 452 1752 »
484 1702 609 1757 Non
641 1700 802 1756 solus
834 1699 1010 1754 Israel
1041 1699 1186 1754 vidit
1212 1704 1269 1754 et
1285 1699 1460 1768 Juda,
1493 1698 1617 1768 sed,
1655 1720 1684 1748 ί(
1707 1714 1911 1754 omnes
2020 1701 2077 1753 et
2103 1696 2322 1764 hircus,
2353 1697 2455 1768 qui
2486 1713 2668 1752 cornu
2697 1695 2892 1752 habet.
2925 1697 3062 1752 Sine
3091 1713 3270 1754 causa
3319 1705 3505 1770 putas
3539 1702 3689 1757 dici-

261 1794 440 1856 ﬁnes;
479 1812 506 1838 ››
539 1788 833 1859 simulque
866 1788 1191 1842 secundum
1208 1787 1522 1860 mysticum
1547 1785 1908 1842 intellectum
1941 1829 1990 1896 Β
2019 1789 2117 1840 tur
2147 1790 2212 1840 ut
2241 1783 2471 1840 nullum
2485 1785 2765 1841 offeratur
2793 1785 3322 1860 animal,nisiquod
3353 1795 3686 1849 cornutum

326 1878 460 1896 n,_A
497 1881 657 1896 A-_,,,_A
777 1875 1039 1896 n_-__3:__
1076 1876 1127 1896 _'_
1203 1877 1380 1896 ᾼΑηέιξᾼ
1448 1880 1608 1896 ιμμμη
1677 1891 1882 1896 ____..___
2025 1874 2227 1896 -_10T.'11
2262 1891 2367 1896 ___
2406 1890 2531 1896 -..._-
2574 1873 3140 1896 _---_J:-_L-L-_A___
3171 1892 3343 1896 --_____
3378 1894 3493 1896 L_,,
3528 1895 3539 1896 κ

265 1902 286 1928 ι
323 1878 467 1932 lines
496 1881 683 1932 terras.
720 1898 747 1925 »
777 1875 1045 1940 Quandiu
1076 1876 1135 1930 in
1198 1877 1389 1932 medio
1447 1880 1616 1930 terra:
1673 1891 1904 1942 sumus,
1941 1873 1990 1896 ν
2019 1874 2134 1930 est?
2163 1875 2233 1929 Et
2262 1891 2369 1930 nos
2401 1890 2537 1946 ergo
2569 1875 2833 1946 quandiu
2853 1873 3144 1933 habemus
3164 1892 3687 1946 cornu,meremur

262 1967 450 2022 Deum
482 1965 675 2020 videre
704 1982 818 2020 non
852 1981 1190 2036 possumus.
1251 1965 1492 2030 Quando
1548 1980 1684 2036 ergo
1739 1961 1906 2035 quasi
2016 1963 2255 2018 victima
2281 1979 2410 2018 esse
2439 1962 2563 2018 Dei.
2598 1962 2658 2018 Si
2689 1967 2886 2018 autem
2941 1980 3124 2020 cornu
3172 1971 3451 2021 nostrum
3501 1968 3692 2024 fuerit

269 2054 661 2127 relinquimus
692 2059 931 2123 terram,
964 2059 1020 2107 et
1045 2051 1103 2107 in
1135 2053 1476 2107 summitate
1508 2069 1737 2118 sumus,
1767 2055 1908 2107 tunc
2016 2051 2525 2122 excussum,quasi
2560 2049 2782 2107 debiles
2811 2067 3042 2117 sumus,
3065 2056 3123 2107 et
3149 2051 3305 2108 inter
3331 2057 3692 2113 sacerdotes

264 2160 559 2199 meremur
585 2143 777 2198 videre
808 2142 1013 2198 Deum.
1047 2140 1234 2196 Vultis
1265 2142 1414 2196 scire
1444 2141 1738 2212 quomodo
1761 2140 1907 2195 lines
2022 2141 2117 2195 Dei
2147 2140 2341 2196 venire
2373 2156 2488 2195 non
2518 2156 2864 2211 possumus.
2895 2140 3168 2196 Moveatur
3194 2159 3352 2198 mare
3400 2154 3456 2199 et
3505 2146 3694 2216 pleni-

263 2238 428 2288 terrae
458 2231 693 2287 videant
726 2232 906 2286 Deum
927 2230 955 2284 ‘I
988 2228 1262 2300 Legimus
1293 2228 1351 2283 in
1379 2228 1640 2285 Ezechiel
1673 2245 1687 2284 :
1723 2229 1902 2299 Ca.p.1,
2013 2230 2151 2286 tudo
2178 2232 2313 2302 ejus.
2345 2230 2620 2284 Moveatur
2647 2233 2885 2295 mare,et
2913 2245 3126 2284 amarae
3157 2247 3326 2302 aquae
3359 2238 3675 2289 mutentur

261 2339 398 2377 vers.
433 2322 547 2390 21.)
578 2322 641 2375 Et
663 2329 814 2388 rotas,
848 2319 1058 2390 inquit-
1114 2318 1228 2372 illae
1259 2332 1390 2388 quae
1446 2319 1758 2386 volvuntur,
1816 2317 1906 2372 di-
2018 2317 2075 2372 in
2110 2317 2331 2374 dulces.
2364 2317 2623 2387 Denique
2665 2322 2722 2372 et
2749 2321 2907 2372 Mara
2938 2322 3161 2374 mutata
3190 2323 3282 2375 est
3311 2324 3369 2374 et
3401 2320 3562 2376 facta
3591 2327 3683 2378 est

263 2411 502 2464 cabatur
533 2409 638 2475 eis,
662 2407 1040 2479 Getgel.quod
1057 2397 1273 2461 dicitur
1301 2406 1565 2461 revolutio
1595 2404 1729 2466 :Gel
1747 2405 1902 2460 enim
2015 2405 2074 2460 in
2105 2407 2334 2461 dulcem
2368 2421 2636 2478 saporem
2686 2407 2880 2477 (Exod,
2933 2423 3028 2472 xv,
3057 2408 3170 2477 25).
3230 2411 3477 2480 Aquam
3505 2409 3678 2466 illam

257 2497 472 2550 uolutio
501 2513 519 2548 :
554 2494 734 2564 Gegei,
763 2494 1055 2560 revolutio,
1090 2494 1248 2548 Rotas
1295 2510 1431 2565 ergo
1465 2493 1576 2549 illas
1635 2493 1905 2564 audiunt,
2013 2510 2273 2549 amaram
2311 2511 2424 2549 non
2461 2494 2595 2548 fecit
2625 2494 2784 2549 aliud
2815 2493 3068 2571 dulcem,
3101 2496 3215 2552 nisi
3270 2487 3514 2571 lignum
3543 2516 3679 2555 cru-

266 2581 548 2638 revolutio
575 2607 589 2648 ;
623 2581 900 2653 quoniam
915 2581 1221 2652 rotaquasi
1244 2598 1419 2653 parvo
1441 2583 1695 2652 quodam
1718 2580 1904 2653 spatio
2012 2583 2281 2654 cis,quod
2312 2583 2560 2639 missum
2583 2588 2708 2639 erat
2735 2582 2796 2638 in
2827 2584 3369 2641 eam.Mihividetur
3388 2603 3676 2645 amarum

261 2677 476 2728 terram
501 2672 773 2744 tangit,et
801 2674 922 2726 tota
953 2671 1187 2726 festinat
1207 2671 1279 2726 ad
1302 2669 1671 2727 ccelumldeo
1692 2670 1906 2726 dicitur
2015 2687 2191 2739 mare,
2226 2670 2317 2727 lex
2346 2687 2474 2727 esse
2504 2672 2708 2744 Moysi.
2739 2676 2855 2728 Iloc
2885 2677 2974 2728 est
3002 2673 3159 2744 quod
3199 2673 3420 2730 dicitur
3476 2693 3676 2749 mare,

261 2766 324 2817 et
355 2761 413 2815 in
436 2759 549 2816 alio
572 2758 717 2814 loco:
750 2758 940 2814 Sancti
967 2758 1177 2830 lapides
1200 2759 1488 2814 volvuntur
1505 2775 1669 2830 super
1696 2768 1906 2815 terram
2014 2758 2122 2814 hoc
2148 2763 2256 2826 est,
2292 2776 2510 2815 amara.
2545 2763 2671 2814 Haec
2704 2776 2905 2816 amara
2935 2776 3089 2831 aqua
3118 2761 3261 2834 legis
3292 2765 3528 2830 veteris,
3562 2781 3671 2820 ac-

264 2841 449 2923 (Zach.
485 2866 562 2915 ix,
599 2849 708 2920 16),
732 2849 798 2903 Et
827 2847 967 2919 quid
1009 2847 1225 2902 dicitur
1254 2847 1313 2902 in
1371 2847 1667 2903 Ezechiele
1693 2847 1721 2903 ?
1752 2849 1904 2914 Quo-
2017 2849 2171 2919 cepit
2201 2847 2428 2920 lignum
2460 2848 2744 2917 crucis,et
2772 2848 2974 2904 effecta
3003 2853 3093 2905 est
3121 2849 3335 2906 dulcis.

263 2954 516 3011 cunque,
547 2938 763 3009 inquit,
796 2937 919 2992 ibat
949 2935 1214 3008 spiritus,
1247 2936 1385 2992 illuc
1425 2938 1821 3009 sequebantur
1849 2939 1908 2992 et
2091 2959 2112 2985 ι
2148 2935 2418 2991 Flumina
2447 2936 2724 3008 plaudent
2771 2953 2950 2992 manu
3008 2938 3208 2995 simul.
3270 2962 3300 2990 »
3335 2939 3674 3018 Interroga-

263 3033 420 3084 rotae.
452 3027 520 3082 Et
558 3043 663 3082 nos
694 3042 1012 3097 sequamur
1031 3027 1312 3096 Spiritum
1338 3031 1631 3097 sanctum,
1665 3029 1732 3081 ut
1757 3024 1909 3080 dica-
2018 3042 2150 3082 mus
2177 3025 2425 3092 Iudaeos,
2459 3025 2559 3096 qui
2591 3025 2916 3082 secundum
2961 3025 3214 3083 litteram
3266 3028 3630 3103 intelligunt
3663 3051 3678 3090 :

264 3133 397 3171 mur
425 3119 582 3170 rotae.
613 3115 684 3171 Et
712 3115 853 3186 quid
885 3114 1102 3170 dicitur
1132 3114 1211 3169 ibi
1247 3118 1268 3169 Ρ
1295 3117 1359 3170 Et
1379 3115 1725 3187 non,inquit,
1750 3116 1908 3169 ibant
2016 3115 2263 3169 ﬂumina
2283 3118 2543 3169 ventrem
2597 3114 2813 3169 habent
2846 3131 2859 3170 :
2894 3114 3139 3172 ﬂumina
3167 3133 3338 3173 voces
3389 3117 3634 3175 habent
3665 3139 3680 3177 :

263 3207 580 3271 retrorsum,
614 3203 705 3258 sed
733 3219 943 3274 semper
971 3203 1125 3258 ibant
1163 3207 1289 3258 ante
1336 3219 1413 3259 se.
1479 3203 1659 3276 (lbid.)
1691 3201 1906 3259 Simul-
1939 3197 1981 3264 C
2019 3203 2264 3258 ﬂumina
2320 3203 2495 3274 pedes
2549 3202 2810 3258 habent:
2845 3203 3094 3260 ﬂumina
3151 3222 3363 3262 manus
3423 3207 3679 3265 habent.

265 3310 375 3365 que
401 3293 764 3349 considerate
793 3291 932 3365 quid
981 3293 1138 3348 dicat
1171 3309 1182 3346 :
1219 3292 1346 3349 Non
1386 3293 1597 3365 inquit,
1656 3297 1903 3348 reverte-
2016 3292 2180 3347 Dicat
2209 3290 2423 3363 aliquis
2457 3307 2469 3345 :
2504 3291 2630 3347 Non
2658 3295 2746 3346 est
2776 3292 3060 3365 scriptum
3101 3293 3172 3349 de
3201 3299 3430 3367 ventre,
3465 3297 3540 3352 de
3574 3315 3683 3371 pe-

267 3381 609 3449 bantur,sed
641 3397 869 3453 semper
884 3386 1017 3436 ante
1031 3381 1725 3436 seibant.Printeritorum
1748 3381 1904 3436 enim
2016 3381 2209 3436 dibus.
2244 3380 2354 3435 Sed
2385 3381 2512 3435 dico
2541 3379 2649 3435 tibi
2683 3397 2695 3434 :
2730 3395 2799 3435 ex
2828 3397 2943 3437 uno
2976 3382 3237 3438 membro
3268 3383 3685 3458 intelligimus

265 3471 842 3540 obliviscebantur,et
873 3470 943 3524 ad
966 3469 1161 3541 priora
1181 3486 1241 3524 se
1255 3468 1908 3542 extendebant(Phitipp
2015 3473 2070 3524 et
2101 3471 2324 3524 caetera.
2356 3469 2481 3524 Non
2513 3469 2667 3524 enim
2723 3485 3039 3539 possumus
3094 3469 3420 3544 intelligere
3455 3491 3678 3532 manus

265 3563 349 3624 III,
387 3560 494 3628 13).
527 3559 598 3613 Et
623 3557 796 3629 plena
825 3563 1009 3626 erant,
1044 3557 1260 3629 inquit,
1291 3557 1496 3614 oculis.
1517 3558 1727 3613 Omnia
1748 3558 1905 3613 enim
2016 3557 2141 3613 sine
2172 3555 2437 3627 pedibus,
2471 3555 2597 3612 sine
2625 3562 2845 3623 ventre,
2891 3558 3017 3613 sine
3075 3560 3356 3616 membris
3413 3566 3676 3622 caeteris.

264 3650 524 3699 rotarum
554 3645 801 3700 istarum
833 3644 1006 3716 plena
1033 3649 1198 3700 erant
1228 3648 1450 3702 lumine
1481 3645 1601 3702 Dei.
1661 3647 1786 3702 Non
1818 3650 1908 3702 est
2016 3667 2044 3694 ‹‹
2077 3643 2347 3700 Flumina
2378 3641 2660 3714 plaudent
2698 3660 2877 3699 manu
2935 3643 3131 3700 simul.
3167 3667 3195 3694 ››
3227 3644 3515 3705 Flumina
3544 3667 3674 3722 quas

262 3732 436 3788 istius
466 3731 766 3803 temporis,
795 3736 858 3786 ut
887 3733 957 3786 dc
988 3733 1150 3801 rotis,
1197 3739 1254 3787 et
1282 3735 1351 3789 de
1377 3733 1716 3804 Cherubim,
1749 3740 1806 3790 et
1835 3735 1907 3790 de
2015 3733 2286 3789 biberunt
2314 3732 2385 3788 de
2424 3732 2580 3787 fonte
2607 3733 2769 3788 Jesu.
2812 3733 2910 3801 Me,
2972 3733 3186 3806 inquit,
3237 3737 3673 3809 dereliquerunl

263 3821 622 3898 animalibus
649 3819 908 3876 Ezechiel
933 3821 1325 3892 disputemus.
2013 3825 2218 3893 fontem
2261 3835 2420 3894 aquae
2449 3822 2583 3876 vivas
2615 3820 2834 3893 (Jerem.
2870 3839 2929 3891 II,
2976 3823 3085 3893 13).
3121 3823 3564 3900 Fluminalipsa
3603 3829 3676 3885 de

297 3972 300 3974 γ
341 3895 656 3967 «σιώἱιαῐθ
686 3909 823 3976 Deo,
851 3908 1044 3964 omnis
1066 3913 1275 3964 terra.»
1307 3909 1430 3965 Non
1463 3911 1653 3967 solum
1683 3914 1904 3982 Judaea,
2017 3911 2173 3967 fonte
2202 3909 2415 3965 Christi
2447 3913 2709 3965 currunt.
2764 3909 2864 3965 Ille
2922 3911 3052 3966 fons
3080 3917 3171 3967 est
3201 3929 3214 3980 ;
3251 3929 3359 3969 nos
3411 3895 3680 3972 'ﬂ‘umina

261 4000 384 4068 sed,
425 4023 444 4048 ιι
482 3999 674 4055 omnis
704 4003 878 4064 terra,
903 3997 1152 4069 jubilate
1175 3997 1482 4054 Domino.»
1515 4000 1703 4071 Digna
1732 4002 1908 4057 mitti-
2016 4015 2242 4055 sumus:
2276 3999 2326 4054 si
2367 4003 2561 4054 tamen
2608 4013 2906 4053 meremur
2935 4014 3064 4055 esse
3096 4000 3364 4057 ﬂumina.
3397 4003 3674 4062 Christus

262 4094 316 4144 te
351 4088 584 4144 victoris
616 4088 958 4144 exercitus:
993 4086 1316 4157 Cantate,et
1331 4088 1638 4156 exsultate,
1671 4093 1728 4144 et
1757 4091 1910 4161 psal-
2018 4088 2146 4143 fons
2177 4092 2267 4142 est
2298 4103 2310 4142 :
2345 4085 2803 4155 sancti,ﬂumina
2841 4087 3111 4152 sunt.Qui
3135 4093 3332 4146 autem
3365 4090 3673 4149 inferiores

261 4177 380 4233 lite.
414 4179 719 4244 nCantate,
750 4176 1408 4250 cogitatione:psaltite,
1445 4177 1636 4244 verbo,
1665 4177 1772 4233 hoc
1798 4182 1904 4247 est,
2019 4180 2157 4231 sunt
2200 4174 2370 4230 rivuli
2429 4180 2588 4230 sunt.
2644 4173 2755 4229 Alii
2807 4191 2940 4231 vero
3001 4181 3289 4234 torrentes
3343 4185 3493 4236 sunt.
3551 4179 3666 4244 Qui

262 4265 538 4320 omnibus
563 4265 844 4322 membris
870 4263 1544 4320 vestris.Psallatmanus
1565 4265 1625 4320 in
1654 4265 1907 4324 eleemo-
2017 4269 2157 4322 sunt
2184 4268 2468 4319 torrentes
2496 4263 2525 4318 ‘i
2552 4264 2660 4325 Qui
2692 4264 2764 4319 ad
2816 4264 3021 4321 horam
3080 4265 3297 4322 habent
3352 4285 3557 4341 aquas,
3587 4277 3668 4339 et,

263 4370 410 4425 syna
441 4369 453 4407 :
499 4353 711 4425 psallat
741 4371 843 4425 pes
872 4353 1090 4409 vadens
1121 4353 1179 4407 in
1211 4370 1381 4425 opere
1414 4354 1586 4410 bono.
2020 4351 2337 4408 tentatione
2367 4350 2656 4421 veniente,
2688 4351 3005 4408 siccantur.
3026 4376 3047 4404 ι
3085 4353 3359 4411 Flumina
3389 4355 3680 4429 plaudent

335 4464 363 4492 ‹‹
397 4441 631 4498 Psallite
662 4442 906 4496 Domino
940 4443 997 4496 in
1031 4441 1270 4497 cithara.
1312 4465 1332 4491 ιο
1369 4442 1585 4499 Omnes
1616 4445 1800 4500 corda:
1821 4461 1910 4500 ve-
2019 4457 2199 4496 manu
2231 4439 2428 4496 simul.
2464 4463 2491 4491 ››
2525 4439 2652 4496 Non
2684 4445 2774 4497 est
2806 4457 2990 4496 unum
3050 4442 3294 4513 ﬂumen,
3327 4444 3506 4516 plura
3536 4453 3681 4503 sunt

261 4537 395 4588 strze
425 4531 652 4587 vocales
683 4531 821 4586 sint.
854 4534 980 4586 Non
1019 4535 1209 4602 potest
1256 4547 1384 4586 esse
1415 4531 1658 4602 cithara,
1693 4534 1742 4589 si
1791 4551 1907 4590 una
1938 4558 1984 4624 Β
2019 4528 2283 4585 ﬂumina.
2319 4530 2469 4593 Quot
2489 4529 2674 4624 sancti
2706 4533 2865 4597 sunt,
2896 4534 2982 4586 tot
3013 4535 3070 4586 et
3099 4531 3343 4588 ﬂumina
3377 4540 3544 4590 sunt.
3567 4536 3676 4594 Sed

260 4622 438 4677 corda
465 4619 733 4676 defuerit.
769 4619 916 4683 Quid
945 4618 1050 4674 tibi
1107 4620 1345 4690 prodest
1375 4619 1423 4675 si
1483 4621 1564 4677 sis
1605 4626 1822 4688 castus,
1857 4623 1906 4678 si
1938 4618 1976 4624 ⁷
2019 4619 2131 4674 ista
2161 4618 2405 4674 ﬂumina
2439 4635 2554 4673 non
2613 4618 2832 4674 habent
2888 4619 3041 4676 inter
3097 4638 3158 4676 se
3211 4621 3680 4682 dissensionem.

260 4710 342 4766 sis
368 4709 567 4782 largus
601 4710 659 4764 in
695 4707 1084 4780 eleemosyna,
1143 4711 1197 4762 et
1227 4708 1552 4764 invidiosus
1592 4709 1723 4765 sis?
1757 4711 1904 4776 Quid
2017 4708 2305 4774 Quoniam
2339 4712 2479 4763 sunt
2507 4707 2753 4763 ﬂumina
2791 4707 3028 4780 Christi,
3088 4715 3396 4783 pr0pterea
3451 4712 3684 4770 habent

263 4797 366 4854 tibi
395 4799 653 4870 prodest,
687 4799 736 4853 si
769 4813 871 4852 sex
900 4797 1105 4852 cordas
1133 4796 1390 4869 integras
1424 4797 1720 4865 habueris,
1753 4804 1810 4853 et
1838 4815 1904 4853 u-
2019 4797 2171 4853 inter
2201 4814 2263 4853 se
2312 4795 2706 4852 concordiam.
2743 4819 2771 4847 «
2824 4795 3094 4853 Flumina
3149 4799 3433 4870 plaudent
3493 4819 3685 4860 manu

263 4905 397 4942 nam
421 4893 653 4960 ruptam
683 4885 711 4941 ?
735 4886 794 4941 Si
827 4902 943 4940 una
973 4886 1149 4940 corda
1200 4885 1466 4954 defuerit,
1503 4887 1790 4954 perfectus
1822 4887 1911 4942 ci-
2019 4887 2218 4943 simul.
2253 4907 2279 4939 η
2318 4887 2607 4954 Plaudent,
2643 4886 2782 4958 quia
2811 4902 2983 4958 opera
3009 4894 3370 4958 sanctorum,
3404 4887 3543 4947 laus
3573 4891 3685 4956 Dei

265 4975 441 5030 tharae
464 4993 644 5032 sonus
675 4992 803 5032 esse
834 4991 950 5031 non
983 4974 1214 5046 poterit.
1251 4996 1279 5025 «
1313 4975 1373 5029 In
1399 4974 1557 5030 tubis
1587 4975 1910 5032 ductilibus
2019 4981 2124 5033 cst.
2154 4975 2424 5032 Christus
2459 4993 2574 5031 non
2604 4992 2740 5031 voce
2797 4974 3097 5048 laudatur,
3128 4977 3230 5033 sed
3287 4994 3485 5052 opere.
3547 4981 3682 5038 Non

265 5069 322 5118 et
353 5080 490 5120 voce
519 5065 960 5130 tubaecorneae,u
984 5063 1258 5135 Legimus
1281 5063 1340 5118 in
1358 5062 1908 5120 Numerorumlibro
2019 5063 2182 5119 audit
2211 5081 2433 5134 vocem,
2466 5065 2567 5120 sed
2598 5081 2794 5136 Opera.
2835 5084 2857 5112 σι
2890 5063 3159 5122 Flumina
3179 5065 3459 5139 plaudent
3492 5085 3682 5126 manu

261 5153 376 5206 duo
407 5167 621 5224 genera
650 5169 779 5208 esse
812 5154 1109 5207 tubarum:
1144 5167 1328 5206 unum
1359 5167 1546 5223 genus
1572 5168 1700 5208 esse
1731 5154 1907 5208 tuba-
2021 5153 2224 5210 simul.
2264 5177 2291 5202 »
2325 5153 2632 5226 Propterea
2652 5153 2796 5209 dicit
2825 5158 2880 5210 et
2908 5153 3035 5225 ipse
3069 5156 3126 5209 in
3181 5155 3488 5228 Evangelia
3522 5177 3536 5214 :
3573 5157 3682 5229 Qui

208 5264 214 5276 -
264 5256 394 5294 rum
417 5240 633 5296 ductile
662 5257 730 5296 ex
761 5245 1001 5314 argento
1035 5259 1046 5308 ;
1083 5240 1242 5297 aliud
1265 5256 1393 5296 esse
1413 5256 1598 5312 genus
1631 5242 1908 5299 tubarum
2018 5244 2137 5299 sitit
2180 5245 2364 5298 veniat
2395 5245 2446 5298 et
2503 5243 2669 5310 bibat,
2715 5250 2766 5298 et
2821 5244 3013 5314 ﬂuent,
3074 5243 3287 5315 inquit,
3341 5243 3590 5318 ﬂumina
3615 5247 3679 5303 de

262 5331 602 5385 corneatum
633 5330 812 5400 (Num.
847 5348 902 5401 x,
934 5330 1164 5401 2).Ergo
1197 5329 1291 5384 hic
1323 5333 1639 5401 utrumque
1670 5331 1905 5389 dicitur:
2019 5337 2203 5388 ventre
2232 5333 2348 5404 ejus
2378 5333 2556 5401 (Joan.
2610 5348 2712 5397 vn,
2765 5332 2854 5401 37,
2910 5332 3022 5405 38).
3059 5355 3084 5382 α
3145 5337 3366 5390 Montes
3413 5335 3681 5400 exsulta-

265 5441 292 5471 «
328 5419 386 5473 In
418 5416 579 5472 tubis
609 5417 949 5485 ductilibus,
983 5423 1040 5474 et
1068 5435 1206 5475 voce
1240 5418 1391 5474 tuba:
1438 5435 1712 5475 corneae.»
1747 5421 1908 5486 Quod
2021 5423 2168 5477 bunt
2199 5421 2257 5476 in
2292 5426 2610 5493 conspectu
2633 5420 2920 5477 Domini.«
2954 5421 3103 5487 Quid
3127 5422 3318 5478 simile
3350 5422 3679 5483 ﬂuminaet

262 5508 494 5576 dicitur,
521 5506 628 5562 hoc
659 5511 748 5562 est
775 5507 802 5560 ?
831 5508 998 5562 Tuba
1025 5508 1262 5563 ductilis
1304 5524 1372 5564 ex
1421 5513 1663 5580 argento
1719 5527 1910 5568 sermo
2021 5515 2248 5568 montes
2276 5510 2305 5567 ‘?
2334 5510 2446 5568 Sed
2478 5511 2758 5584 quoniam
2805 5510 2877 5566 de
2910 5511 3181 5583 perfectis
3208 5513 3435 5569 sanctis
3494 5515 3670 5586 dicit,

260 5598 364 5666 Dei
386 5600 497 5672 est,
526 5601 582 5656 et
610 5596 848 5674 Etaquia
869 5595 1109 5667 Domini,
1140 5599 1356 5673 eloquia
1386 5603 1536 5656 casta
1565 5618 1584 5661 ,ο
1618 5605 1912 5676 argentum
2020 5617 2135 5659 non
2168 5601 2333 5673 dixit,
2368 5599 2538 5659 rivuli
2567 5599 2850 5675 plaudent
2871 5614 3050 5660 manu
3083 5599 3263 5662 simul
3295 5619 3310 5662 :
3344 5603 3506 5677 sed,«
3529 5603 3665 5667 Flu-
