3976 6188
247 343 398 404 1189

1414 278 1911 396 ΒιιιένιΑιιιυΜ
1956 334 2030 391 ΙΝ
2080 333 2460 394 PBALMUS.

3491 337 3647 400 1190

246 472 407 528 mina
457 469 735 542 plaudent
782 483 957 526 manu
1008 464 1206 522 simul.
1242 491 1264 518 ι
1301 466 1505 522 Videte
1548 464 1813 521 ordinem
1875 480 1888 518 :
1923 463 1979 530 Α
2008 466 2345 535 nonpotest
2373 480 2500 520 esse
2526 463 2652 520 sine
2679 467 2864 531 veste;
2897 465 3086 535 priore
3135 469 3347 541 populo
3393 473 3644 544 perdito,

251 586 277 612 ‹‹
312 561 615 616 Moveatur
645 572 824 628 mare,
859 579 887 606 »
919 561 974 610 et
1003 559 1162 610 totus
1191 555 1404 611 orbis.«
1439 554 1706 610 Flumina
1731 552 1892 625 plau-

253 755 546 797 summam
574 735 871 808 justitiam
905 738 1306 806 pervenerunt.
1360 734 1556 788 Dicam
1587 737 1644 788 et
1673 731 1841 786 aliter
1881 748 1894 786 :

257 851 282 878 ‹‹
324 830 620 882 Moveatur
665 841 844 893 mare,
882 847 909 873 ››
941 825 1095 895 quod
1150 828 1282 878 ante
1331 823 1518 878 fuerat
1566 823 1914 889 immotum,

256 921 558 974 moveatur
589 914 647 969 in
679 914 930 968 adventu
962 911 1190 968 Christi.
1230 932 1258 960 «
1291 911 1588 966 Moveatur
1637 925 1817 976 mare,
1872 930 1899 957 »

251 1009 378 1079 jam
410 1004 688 1073 diximus,
722 1002 831 1058 hoc
862 1006 948 1057 est
977 1000 1068 1057 lex
1096 1000 1301 1072 Moysi.
1346 1023 1373 1050 «
1423 999 1692 1055 Flumina
1739 997 1901 1070 plau-

257 1096 396 1151 dent
451 1110 628 1148 manu
660 1090 860 1158 simul,
909 1113 929 1140 ι
974 1090 1083 1145 hoc
1127 1095 1235 1156 est,
1270 1090 1585 1162 prophetae.
1623 1112 1648 1137 «
1683 1090 1905 1142 Montes

258 1182 640 1240 exsultabunt
665 1198 699 1236 a
728 1185 1042 1252 conspectu
1079 1179 1327 1250 Domini,
1366 1202 1384 1228 η
1422 1178 1530 1234 hoc
1562 1181 1650 1233 est
1679 1179 1903 1248 aposto-

255 1273 316 1342 li,
352 1296 379 1322 ((
413 1270 699 1336 Quoniam
723 1269 886 1332 ,venit
906 1269 1175 1340 judicare
1203 1272 1439 1323 terram.
1466 1289 1493 1316 »
1523 1266 1906 1338 Nequaquam

257 1361 415 1417 venit
439 1357 684 1414 humilis
715 1361 945 1412 tantum
972 1357 1030 1411 in
1062 1373 1256 1424 carne,
1289 1357 1388 1411 sed
1422 1353 1711 1427 gloriosus
1752 1353 1909 1409 venit

260 1452 319 1506 in
362 1451 671 1520 majestate
718 1463 844 1502 sua.
877 1468 906 1495 ‹‹
939 1445 1225 1512 Quoniam
1281 1443 1440 1500 venit
1479 1443 1746 1515 judicare
1795 1447 1908 1497 ter-

263 1557 410 1596 ram.
444 1560 472 1589 »
505 1537 629 1592 Non
662 1536 826 1601 d1xit,
857 1535 1096 1608 perdere
1130 1552 1142 1588 :
1178 1535 1298 1601 sed,
1323 1533 1598 1606 judicare.
1656 1554 1684 1582 «
1737 1531 1910 1587 Venit

257 1628 543 1700 judicare,
581 1648 608 1675 ››
639 1629 706 1681 ut
734 1625 1013 1680 zizaniam
1046 1627 1277 1696 separet
1309 1641 1341 1678 a
1375 1623 1669 1679 frumento
1701 1620 1908 1690 (Matth.

264 1733 390 1784 xm,
421 1716 532 1787 30).
569 1715 821 1781 Venit,ut
845 1713 1158 1786 pisciculos
1184 1711 1367 1768 malos
1400 1716 1629 1784 separet
1659 1728 1692 1767 a
1719 1711 1909 1767 bonis.

341 1829 369 1856 ‹‹
398 1803 698 1860 Judicabit
727 1803 928 1858 orbem
951 1805 1240 1857 terrarum
1271 1801 1329 1855 in
1355 1801 1608 1872 justitia,
1641 1804 1698 1855 et
1729 1815 1913 1871 popu-

267 1895 356 1951 los
385 1894 444 1949 in
475 1893 768 1965 aequitate.
803 1913 830 1942 »
861 1890 1102 1947 Justitia
1131 1890 1369 1962 ponitur
1397 1895 1453 1946 et
1482 1888 1745 1960 aequitas.
1789 1887 1911 1942 Pri-

269 1998 433 2038 mum
459 1981 694 2053 justitia
721 1979 975 2052 ponitur,
1009 1984 1066 2034 et
1102 1983 1306 2051 postea
1346 1977 1636 2049 aequitas,,
1689 1974 1914 2044 εὐθύτης

269 2071 500 2144 proprie
531 2070 769 2135 dicitur,
801 2085 929 2139 quae
979 2083 1223 2139 pravum
1272 2071 1497 2122 rectum
1542 2065 1699 2121 facit.
1747 2064 1920 2120 Venit

269 2176 406 2233 ergo
431 2159 698 2231 judicare
729 2156 786 2210 in
820 2173 928 2211 sua
950 2155 1204 2225 justitia,
1239 2159 1305 2210 ut
1335 2155 1488 2228 quod
1523 2170 1767 2226 pravum
1807 2156 1916 2219 est,

271 2250 332 2303 in
364 2247 462 2302 illo
493 2251 717 2301 rectum
749 2245 870 2299 ﬁat.
906 2243 1008 2299 Cui
1044 2245 1121 2299 sit
1151 2243 1335 2316 gloria
1386 2245 1444 2298 in
1494 2241 1706 2299 saecula
1738 2258 1917 2298 saecu-

272 2337 487 2391 lorum.
521 2337 725 2390 Amen.

801 2440 1130 2497 PSALMUS
1168 2439 1406 2496 XCVIII.

277 2533 527 2587 Psalmus
570 2531 762 2587 David.
799 2534 912 2585 Iste
942 2530 1204 2601 psalmus
1252 2545 1447 2585 vocem
1492 2529 1750 2584 continet
1794 2544 1923 2601 pro:

351 2603 536 2675 pheta
577 2601 895 2675 sacerdotis
931 2598 1186 2675 Domini,
1227 2601 1653 2675 commonentis
1703 2598 1925 2655 ad_Dei

352 2671 770 2745 omnipotentis
795 2672 1044 2745 gratiam
1076 2671 1462 2727 referendam.

252 2839 256 2843 I
352 2779 698 2835 «Dominus
730 2778 1012 2851 regnavit,
1064 2778 1393 2834 irascantur
1442 2776 1662 2849 populi.
1719 2799 1745 2824 ››
1789 2781 1928 2835 Tres

279 2868 494 2942 psalmi
522 2867 676 2923 idem
707 2866 926 2923 habent
953 2865 1308 2938 principium
1344 2883 1356 2922 :
1391 2867 1807 2939 nonagesimus
1837 2885 1927 2924 se-

280 2959 533 3024 cundus,
568 2961 625 3012 et
665 2955 1084 3029 nonagesimus
1134 2960 1354 3023 sextus,
1405 2960 1464 3010 et
1512 2958 1929 3028 nonagesimus

282 3051 541 3103 octavus.
561 3044 673 3100 Sed
707 3061 840 3100 cum
874 3043 1029 3099 idem
1062 3043 1314 3099 habeant
1344 3043 1698 3115 principium
1734 3045 1792 3100 in
1813 3062 1932 3101 ver-

282 3133 493 3199 siculo,
524 3133 585 3188 in
617 3133 732 3188 {ine
763 3132 974 3188 diversi
1006 3135 1163 3188 sunt.
1185 3131 1424 3194 Quando
1449 3131 1605 3186 enim
1636 3133 1929 3189 diciturin

2005 551 2144 606 facit
2200 551 2310 607 sibi
2371 557 2592 608 vestem
2652 553 2721 607 de
2770 553 2985 624 populo
3042 557 3374 626 gentilium.
3408 562 3476 617 Et
3507 561 3649 634 quid

253 652 389 706 dent
439 665 620 704 manu
669 645 866 703 simul.
905 670 926 696 ι
964 645 1187 702 Montes
1235 644 1642 710 nihilominus,
1676 642 1775 715 qui
1823 641 1895 697 ad
2005 640 2222 695 dicitur

2270 658 2282 695 :
2337 642 2621 697 Dominus
2674 641 2957 714 regnavit,
3013 644 3261 702 exsultet
3313 653 3489 707 terra.
3548 652 3654 707 Ex-

2009 728 2187 784 sultet
2223 734 2376 784 terra
2419 731 2707 797 universa,
2762 731 2870 788 hoc
2917 736 3026 801 est,
3077 736 3438 793 credentium
3469 757 3654 813 popu-

2009 817 2123 873 lus.
2162 818 2435 888 Denique,
2462 819 2638 874 vultis
2669 820 2816 875 scire
2846 822 3125 892 quoniam
3157 827 3478 882 secundum
3505 829 3658 886 lum-

2011 907 2150 962 bare
2205 907 2277 962 de
2331 907 2590 979 gentium
2651 908 2864 980 populo
2921 911 3174 967 dicitur?
3218 913 3524 984 Dominus,
3573 919 3658 974 in-

2013 996 2159 1068 quit,
2205 996 2486 1069 regnavit,
2545 996 2794 1053 exsultet
2855 1003 3010 1055 terra
3060 1018 3072 1054 :
3127 1001 3397 1059 laetentur
3455 1005 3658 1062 insulae

2013 1085 2228 1140 multm.
2262 1086 2385 1142 Non
2420 1103 2538 1141 una
2569 1086 2761 1142 insula
2792 1087 3014 1152 Judaea,
3047 1091 3147 1145 sed
3200 1091 3404 1148 insulis
3440 1095 3656 1164 multae,

2015 1172 2124 1228 hoc
2152 1181 2260 1239 est,
2292 1178 2451 1229 totus
2478 1175 2754 1230 mundus.
2791 1175 2954 1236 Dicat
2986 1178 3131 1233 mihi
3163 1178 3498 1252 aliquis,Da
3518 1183 3664 1240 mihi

2016 1261 2346 1333 exemplum
2393 1264 2463 1318 de
2510 1263 2850 1335 Scripturis,
2904 1265 3002 1320 ubi
3050 1267 3250 1324 Judma
3297 1270 3422 1326 sola
3470 1272 3667 1329 insula

2018 1350 2172 1406 dicta
2201 1351 2295 1405 sit.
2331 1350 2514 1406 Omne
2544 1353 2697 1422 quod
2730 1352 3338 1424 loquimur,debemus
3371 1359 3668 1418 affirmare

2019 1440 2089 1492 de
2119 1438 2436 1510 Scripturis
2465 1441 2688 1495 sanctis
2721 1459 2733 1496 :
2763 1443 2825 1496 In
2855 1458 2951 1497 ore
2975 1446 3125 1498 enim
3154 1445 3386 1502 duorum
3412 1457 3464 1504 et
3491 1452 3669 1507 trium

2019 1529 2242 1582 testium
2297 1529 2465 1583 stabit
2519 1545 2680 1584 omne
2735 1531 2960 1586 verbum
3007 1533 3183 1603 (Deut.
3236 1534 3499 1606 xvn,'6).
3541 1539 3668 1597 Non

2022 1614 2198 1670 habet
2224 1620 2446 1671 tantam
2479 1618 2886 1674 auctoritatem
2928 1637 3122 1676 sermo
3178 1623 3448 1692 dicentis,
3483 1643 3668 1698 quan-

2021 1710 2146 1759 tum
2181 1705 2406 1760 Domini
2438 1709 3111 1782 praeceptum.Legimus
3140 1712 3196 1766 in
3230 1713 3515 1785 propheta
3537 1720 3669 1772 Eze-

2024 1793 2172 1848 chiel
2209 1810 2220 1847 ι
2257 1799 2322 1850 Et
2365 1798 2444 1862 tu,
2473 1796 2685 1866 inquit,
2717 1798 2803 1867 ﬁli
2844 1798 3109 1868 hominis,
3158 1801 3376 1872 loquere
3404 1804 3474 1858 ad
3513 1805 3671 1860 habi-

2024 1885 2222 1937 tatores
2279 1885 2479 1941 insulae
2535 1885 2698 1952 liuius
2753 1886 2978 1957 (Ezech.
3039 1907 3213 1955 xxm,
3285 1892 3342 1957 2,
3416 1894 3496 1960 3),
3560 1893 3670 1950 hoc

2025 1975 2134 2038 est,
2191 1971 2427 2026 Judaaae.
2461 1973 2746 2036 Quoniam
2805 1992 2943 2047 ergo
3004 1993 3122 2032 una
3173 1979 3370 2035 insula
3425 1981 3674 2038 dimissa

2027 2069 2133 2127 est,
2166 2077 2322 2115 nunc
2352 2061 2568 2116 dicitur
2620 2080 2632 2117 :
2693 2063 2982 2120 Laetentur
3025 2066 3230 2122 insulas
3271 2068 3488 2125 multae.
3524 2070 3674 2143 Ergo

2029 2148 2295 2205 lumbare
2325 2151 2540 2205 dicitur
2568 2152 2627 2206 in
2658 2151 2834 2222 priori
2867 2153 3079 2226 populo
3115 2172 3128 2211 :
3161 2159 3431 2213 Dominus
3477 2177 3675 2231 regna—

2029 2237 2124 2300 vit,
2159 2239 2413 2294 decorem
2445 2239 2668 2295 indutus
2698 2250 2776 2296 est
2804 2243 2974 2309 (Psal.
3025 2260 3138 2309 xei,
3190 2247 3262 2317 1).
3308 2247 3370 2302 In
3420 2249 3678 2305 secundo

2031 2325 2245 2398 populo
2275 2327 2344 2382 de
2374 2328 2648 2399 gentibus
2680 2335 3026 2402 congregato
3060 2349 3072 2387 :
3105 2335 3369 2390 Dominus
3407 2339 3678 2407 regnavit,

2030 2416 2260 2470 exsultet
2289 2424 2472 2477 terra;
2522 2419 2781 2474 laetentur
2833 2421 3038 2477 insulae
3078 2423 3265 2478 multae
3303 2426 3475 2495 (Psal.
3528 2442 3680 2494 xcvx,

2036 2506 2107 2576 1).
2164 2504 2328 2562 Νιιιιθ
2373 2505 2433 2560 in
2483 2507 2651 2561 tertio
2699 2507 2956 2565 dicitur:
2997 2530 3019 2559 α
3061 2509 3348 2568 Dominus
3396 2515 3678 2587 regnavit,

2037 2592 2364 2648 irascantur
2419 2595 2640 2666 populi.
2686 2619 2712 2645 «
2766 2596 2896 2652 Sive
2955 2598 3024 2653 de
3079 2601 3374 2671 gentibus,
3435 2602 3554 2659 sive
3611 2603 3685 2658 de

2033 2680 2250 2737 Judteis
2279 2687 2439 2749 sunt,
2470 2683 2808 2756 quicunque
2836 2701 2950 2741 non
2983 2687 3250 2755 credunt,
3284 2689 3613 2746 irascantur
3663 2707 3677 2746 :

2036 2769 2211 2838 Quare
2267 2773 2610 2840 fremuerunt
2659 2776 2862 2840 gentes,
2915 2782 2967 2829 et
3009 2776 3203 2846 populi
3250 2777 3502 2834 meditati
3554 2784 3686 2840 sunt

2037 2860 2237 2914 inania
2291 2860 2464 2930 (Psal.
2525 2877 2586 2926 ιι,
2649 2862 2740 2932 1)?
2803 2883 2825 2910 ι
2885 2863 3169 2920 Dominus
3225 2867 3504 2938 regnavit,
3565 2866 3685 2924 ira-

2038 2951 2280 3002 scantur
2308 2947 2528 3020 populi.
2579 2971 2608 2998 ››
2648 2950 2932 3007 Dominus
2975 2968 3189 3024 passus
3237 2958 3344 3022 est,
3397 2954 3684 3014 Dominus

2040 3035 2352 3092 crucifixus
2397 3043 2507 3104 est,
2563 3038 2848 3095 Dominus
2904 3046 3172 3098 mortuus
3229 3049 3339 3111 est,
3403 3046 3684 3103 Dominus

2043 3126 2375 3193 resurrexit,
2433 3124 2718 3182 Dominus
2774 3129 2844 3184 ad
2902 3128 3114 3186 caalum
3161 3132 3342 3189 victor
3397 3135 3682 3192 ascendit.

285 3221 664 3292 nonagesimo
696 3221 954 3277 secundo
989 3237 1000 3276 :
1036 3243 1063 3269 «
1099 3221 1382 3276 Dominus
1429 3222 1708 3294 regnavit,
1763 3224 1930 3279 deco-
1968 3204 2011 3269 (ἶ
2053 3238 2072 3262 ι·
2113 3214 2393 3269 Dominus
2426 3216 2706 3286 regnavit,
2737 3217 3068 3274 irascantur
3095 3220 3319 3291 populi.
3357 3244 3378 3270 ι
3413 3221 3521 3285 QUi
3551 3228 3692 3280 sunt

287 3327 413 3368 rem
468 3311 715 3366 indutus
771 3314 890 3376 est;
927 3332 952 3359 ››
986 3309 1042 3364 in
1093 3310 1470 3382 nonagesimo
1516 3327 1650 3366 vero
1701 3317 1860 3367 sexto
1920 3329 1932 3368 :

287 3425 315 3450 ‹‹
353 3400 636 3455 Dominus
668 3399 949 3471 regnavit.
982 3397 1231 3454 exsultet
1263 3402 1444 3464 terra;
1499 3423 1526 3449 ››
1574 3399 1634 3455 in
1684 3417 1936 3473 nonage-

288 3489 442 3546 simo
472 3491 668 3544 autem
699 3493 898 3542 octavo
934 3504 946 3542 :
983 3511 1010 3537 «
1042 3489 1324 3543 Dominus
1368 3489 1650 3560 regnavit,
1682 3489 1937 3546 irascan-

288 3584 390 3634 tur
421 3576 653 3650 populi;
689 3601 713 3625 ››
746 3576 975 3632 videtur
1003 3577 1172 3648 quasi
1205 3577 1345 3632 ordo
1378 3577 1491 3632 sibi
1533 3594 1661 3633 esse
1710 3583 1938 3634 contra-

291 3669 440 3722 rius.
503 3665 712 3721 Debuit
769 3665 924 3720 enim
983 3666 1239 3737 primum
1294 3666 1484 3722 dicere
1529 3684 1542 3720 :
1585 3690 1605 3717 ε
1662 3668 1942 3723 Dominus

291 3753 576 3826 regnavit,
627 3753 956 3808 irascantur
1002 3753 1238 3824 populi;
1273 3776 1300 3802 ››
1335 3757 1388 3808 et
1429 3757 1630 3825 postea
1677 3753 1869 3809 dicere
1927 3772 1940 3810 :

296 3842 581 3896 Dominus
613 3840 892 3912 regnavit,
926 3840 1178 3896 exsultet
1224 3846 1408 3907 terra;
1459 3845 1517 3896 et
1563 3842 1622 3896 in
1677 3841 1880 3897 ultimo
1928 3860 1940 3897 :

293 3931 578 3986 Dominus
627 3928 910 4000 regnavit,
955 3929 1222 3984 decorem
1274 3929 1516 3984 indutus
1563 3934 1670 3986 est.
1730 3931 1945 3986 Verum

289 4021 558 4075 diversus
590 4017 730 4073 ordo
763 4017 862 4071 dat
895 4017 1064 4072 nobis
1094 4016 1353 4089 aliquam
1387 4017 1781 4090 intelligentiae
1811 4036 1944 4074 sus-

288 4107 601 4181 picionem.
640 4107 919 4162 Dominus
954 4107 1235 4178 regnavit,
1269 4108 1536 4163 decorem
1568 4107 1810 4163 indutus
1833 4112 1943 4164 est.

289 4197 574 4252 Dominus
605 4195 890 4269 regnavit,
940 4201 993 4250 et
1041 4196 1285 4251 indutus
1337 4201 1425 4252 est
1470 4196 1838 4269 patriarchis,
1890 4202 1948 4252 et

292 4285 618 4359 prophetis,
639 4290 696 4338 et
723 4284 938 4356 populo
969 4285 1530 4341 credenti.Decorem
1562 4285 1808 4342 indutus
1836 4290 1944 4357 est,

296 4373 438 4446 quia
469 4371 814 4442 patriarcha:
843 4377 899 4426 et
929 4373 1245 4443 prophetae,
1292 4373 1459 4445 quasi
1511 4374 1723 4430 Christi
1771 4373 1944 4430 vesti-

295 4465 568 4520 mentum
599 4460 854 4514 fuerunt.
885 4458 1033 4514 Illud
1065 4465 1153 4514 est
1185 4463 1494 4531 perizoma,
1521 4463 1676 4533 quod
1710 4463 1767 4515 in
1796 4462 1948 4517 Jere-

2046 3303 2142 3358 isti
2199 3303 2440 3374 populi?
2499 3303 2769 3360 Dicamus
2837 3305 3168 3378 exemplum
3225 3310 3295 3364 de
3355 3311 3686 3383 Evangelio.

2047 3393 2296 3457 Quidam
2330 3392 2746 3464 paterfamilias
2777 3394 2881 3450 ivit
2909 3395 3169 3468 accipere
3198 3398 3310 3453 sibi
3341 3415 3590 3472 regnum
3622 3401 3694 3458 de

2046 3481 2217 3553 longe
2265 3483 2415 3552 (Luc.
2467 3499 2578 3550 xix,
2633 3484 2698 3537 12
2753 3487 2943 3556 seqq.).
2995 3485 3144 3549 Quid
3203 3485 3457 3558 longius,
3511 3506 3702 3560 quam.

2049 3570 2257 3625 cmlum
2288 3588 2322 3626 a
2351 3571 2542 3625 terra?
2568 3571 2888 3643 Dereliquit
2933 3578 3168 3642 terram,
3219 3574 3323 3630 ivit
3369 3577 3440 3631 ad
3492 3577 3689 3647 ccslos,

2052 3663 2116 3715 ut
2145 3658 2432 3731 acciperet
2464 3659 2576 3714 sibi
2609 3676 2874 3732 regnum.
2906 3662 2971 3717 Et
2998 3665 3157 3734 cives,
3191 3663 3406 3736 inquit,
3455 3665 3552 3721 illi
3597 3683 3695 3739 qui

2050 3748 2275 3804 oderant
2320 3763 2466 3816 eum,
2505 3750 2771 3805 miserunt
2817 3751 3162 3823 legationem,
3211 3753 3448 3810 dicentes
3479 3773 3497 3808 :
3528 3756 3694 3811 Nolu-

2052 3854 2172 3892 mus
2223 3853 2348 3892 eum
2399 3853 2630 3906 regnare
2675 3854 2842 3910 super
2886 3855 2983 3895 nos
3028 3840 3186 3910 (Ibid.
3222 3843 3330 3913 14).
3358 3843 3574 3898 Verum
3599 3843 3706 3899 ille.

2054 3927 2274 3998 accepit
2303 3941 2572 3997 regnum,
2604 3932 2662 3982 et
2690 3928 2845 3983 venit
2877 3929 2946 3982 ad
2986 3929 3139 3984 cives
3189 3931 3497 4000 pessimos.
3532 3931 3708 3990 Venit.

2054 4016 2125 4071 ad
2159 4014 2309 4082 illos,
2344 4016 2441 4086 qui
2474 4032 2667 4088 regem
2695 4033 2828 4072 eum
2860 4017 3138 4073 nolebant
3166 4017 3397 4074 habere.
3433 4019 3500 4074 Et
3543 4037 3700 4076 nunc

2054 4104 2195 4160 dicit
2225 4104 2476 4176 Spiritus
2507 4110 2748 4160 sanctus
2781 4106 2849 4161 ad
2885 4105 3038 4160 cives
3069 4105 3254 4162 malos
3290 4123 3302 4162 :
3339 4106 3558 4177 Velitis,
3594 4125 3700 4164 no-

2054 4193 2194 4261 litis,
2229 4193 2570 4248 «Dominus
2619 4194 2901 4265 regnavit,
2947 4196 3276 4250 irascantur
3323 4196 3545 4269 populi.
3582 4221 3610 4248 »
3658 4197 3712 4254 Ο-

2055 4282 2363 4339 clementia
2416 4281 2669 4352 Spiritus
2727 4281 2916 4337 sancti
2971 4300 2983 4337 ε
3044 4299 3160 4338 non
3217 4284 3383 4355 dixit,
3443 4292 3702 4359 pereant,

2055 4371 2177 4440 sed,
2209 4372 2546 4425 irascantur.
2582 4370 2799 4425 Vitium
2832 4369 3015 4426 voluit
3043 4371 3396 4444 significare,
3429 4391 3544 4431 non
3577 4393 3702 4448 poe-

2058 4476 2183 4514 nas.
2236 4457 2326 4513 Illi
2375 4459 2731 4524 irascuntur,
2778 4463 2835 4515 et
2883 4460 3165 4517 Dominus
3224 4463 3588 4534 deprecatur.
3640 4463 3709 4519 Et

299 4551 423 4606 mia
450 4549 732 4604 scribitur
763 4547 978 4619 (Jerem.
1014 4564 1136 4615 xm,
1172 4549 1258 4619 11)
1296 4567 1307 4603 :
1340 4548 1484 4604 illud
1516 4556 1606 4604 est
1636 4551 1946 4622 perizoma,
1983 4571 2027 4634 ι)
2059 4547 2198 4619 quid
2240 4547 2418 4603 dicit?
2454 4549 2637 4604 Venite
2683 4548 2753 4604 ad
2799 4565 2904 4618 me,
2955 4565 3160 4616 omnes,
3210 4553 3307 4622 qui
3356 4552 3619 4608 laboratis
3660 4554 3728 4616 et

301 4639 458 4710 quod
489 4637 715 4707 habuit,
747 4637 903 4692 circa
931 4636 1162 4692 lumbos
1211 4654 1370 4705 suos,
1415 4638 1718 4694 Jeremias.
1765 4639 1953 4696 Vultis
2059 4637 2277 4693 onerati
2325 4637 2457 4692 estis
2512 4637 2716 4708 (Matth.
2779 4655 2856 4709 xi,
2914 4639 3030 4709 28).
3097 4639 3360 4712 Regnum
3427 4640 3620 4712 accepi
3679 4657 3714 4696 a

299 4729 451 4785 scire
481 4726 758 4799 quoniam
792 4726 978 4781 sancti
1009 4725 1178 4798 quasi
1211 4726 1521 4798 perizoma,
1537 4727 1952 4783 vestimentum

298 4819 398 4874 Dei
435 4815 608 4874 sunt?
641 4820 946 4887 Propterea
996 4815 1120 4888 ipse
1172 4819 1323 4870 Deus
1375 4814 1637 4888 loquitur
1679 4817 1751 4872 ad
1797 4817 1953 4872 Jere-

298 4907 482 4963 miam
517 4924 530 4961 :
565 4905 716 4960 Sicut
744 4909 823 4975 tu,
858 4904 1072 4976 inquit,
1110 4907 1350 4976 posuisti
1397 4906 1646 4962 lumbare
1690 4907 1837 4962 istud
1885 4906 1954 4961 ad

297 4997 511 5051 lumbos
558 4998 678 5050 tuos
707 5013 726 5050 :
759 4996 840 5048 ita
888 5002 942 5048 et
987 5009 1087 5064 ego
1133 4995 1417 5066 applicavi
1461 4996 1730 5066 populum
1776 5011 1956 5051 meum

295 5085 368 5140 ad
410 5100 498 5139 me
538 5082 748 5154 (lbid.).
795 5083 1096 5147 Quomodo
1146 5099 1282 5155 ergo
1329 5083 1745 5139 vestimentum
1803 5085 1959 5141 circa

296 5173 599 5228 hominem
635 5189 648 5226 ε
682 5171 765 5226 sic
798 5170 1052 5243 populus
1084 5171 1237 5227 circa
1285 5174 1508 5227 Deum?
1554 5172 1769 5228 Verum
1821 5175 1959 5245 quia

299 5262 414 5317 hoc
443 5260 762 5332 perizoma,
791 5274 991 5314 verum
1026 5260 1165 5330 quia
1193 5259 1288 5314 hic
1319 5260 1492 5314 decor
1529 5276 1644 5332 quo
1678 5259 1959 5315 Dominus

302 5352 498 5408 fuerat
528 5349 794 5416 indutus,
827 5353 987 5404 trans
1037 5347 1369 5420 Euphraten
1416 5350 1716 5421 expositus
1765 5354 1853 5405 est
1901 5349 1959 5404 in

308 5439 597 5496 foramine
628 5443 822 5510 petrae,
858 5442 916 5491 et
965 5437 1043 5492 ibi
1086 5438 1466 5510 computruit,
1497 5443 1554 5493 et
1587 5439 1658 5493 ab
1688 5437 1961 5510 Assyriis,

313 5528 530 5583 ductus
561 5531 649 5580 est
676 5525 736 5580 in
783 5525 1176 5597 captivitatem
1211 5543 1224 5581 :
1259 5526 1540 5582 Dominus
1591 5526 1731 5597 quid
1783 5526 1965 5582 facit?

315 5616 446 5676 Non
477 5617 566 5673 est
595 5614 812 5689 nudus,
844 5609 959 5672 non
1013 5618 1202 5687 potest
1250 5631 1379 5673 esse
1426 5616 1552 5674 sine
1583 5614 1862 5688 lumbari,
1911 5620 1968 5678 et

2062 4726 2248 4794 Patre,
2281 4726 2398 4780 imo
2446 4725 2622 4781 homo
2671 4743 2845 4798 quem
2897 4727 3148 4800 suscepi,
3199 4728 3272 4783 do
3321 4728 3489 4800 quasi
3536 4733 3709 4799 Deus,

2063 4814 2283 4886 accipio
2315 4814 2481 4886 quasi
2517 4815 2706 4871 homo.
2745 4839 2771 4866 ‹‹
2807 4816 2912 4881 Qui
2957 4817 3125 4873 sedes
3169 4834 3346 4888 super
3375 4816 3710 4883 Cherubim,

2067 4910 2366 4958 moveatur
2395 4907 2567 4958 terra.
2624 4927 2651 4954 »
2713 4905 2982 4970 Quandiu
3032 4911 3186 4961 terra
3233 4905 3554 4962 immobilis
3602 4910 3713 4974 est,

2067 4992 2260 5047 sanari
2295 5009 2406 5047 non
2439 4997 2651 5063 potest.
2702 4993 2825 5048 Non
2881 4994 2949 5049 de
3002 5000 3165 5049 terra:
3218 4998 3380 5050 motu
3431 4994 3712 5066 loquitur,

2068 5099 2181 5154 quo
2213 5082 2482 5137 videmus
2539 5087 2725 5138 terras
2757 5085 3010 5153 concuti,
3063 5090 3119 5139 et
3165 5101 3337 5140 omne
3377 5083 3720 5145 mortalium-

2070 5171 2274 5226 timere
2305 5187 2521 5243 genus;
2554 5173 2652 5226 sed
2695 5172 2766 5227 de
2800 5177 3000 5228 nostra
3048 5179 3202 5231 terra
3248 5173 3529 5246 loquitur.
3581 5176 3723 5240 Qua

2071 5259 2327 5331 quandiu
2365 5261 2606 5316 immota
2637 5261 2832 5328 fuerit,
2856 5263 3050 5317 sanari
3084 5279 3198 5318 non
3233 5268 3440 5335 potest.
3474 5262 3718 5327 Quando
3776 5249 3786 5256 ’

2071 5366 2202 5404 vero
2236 5353 2395 5404 mota
2427 5349 2618 5417 fuerit,
2665 5355 2723 5406 et
2752 5350 3139 5423 intremuerit,
3177 5356 3312 5407 tunc
3343 5353 3580 5425 recipiet
3625 5368 3717 5407 sa-

2074 5439 2339 5494 nitatem.
2376 5440 2551 5510 Super
2571 5455 2746 5510 quem,
2781 5440 2994 5512 inquit,
3021 5444 3381 5514 requiescam,
3413 5443 3527 5496 nisi
3556 5455 3721 5511 super

2075 5527 2339 5582 humilem
2384 5532 2440 5582 et
2484 5529 2750 5599 quietum,
2800 5535 2852 5584 et
2900 5533 3215 5588 trementem
3259 5543 3529 5587 sermones
3573 5543 3722 5583 meos

2075 5618 2203 5693 (lea.
2257 5633 2405 5689 LXVI,
2448 5616 2544 5693 2)?
2593 5618 2878 5686 Quoniam
2922 5624 3078 5680 terra
3123 5625 3380 5682 tremens
3430 5620 3730 5680 commota
