3976 6188
273 405 420 462 “9|
1762 400 2185 461 APPENDIX.
3520 403 3676 461 1192

267 543 359 595 est
389 554 402 591 :
438 540 744 608 propterea
770 531 868 587 ille
897 531 997 602 qui
1027 531 1190 586 sedet
1218 546 1394 602 super
1421 530 1732 588 Cherubim
1763 532 1913 586 inci-
1941 533 1997 599 Α
2028 532 2122 588 ﬁci
2153 548 2341 604 posse,
2377 531 2477 604 qui
2509 545 2611 604 per
2640 530 3039 604 paenitentiam
3069 546 3284 588 nomen
3321 533 3563 588 Domini
3596 533 3686 589 in-

269 625 357 699 pit
388 625 588 681 sedere
614 623 674 678 in
704 625 859 676 terra
886 623 1189 675 tremente.
1226 618 1382 674 Felix
1430 624 1519 676 est
1567 620 1668 692 qui
1701 619 1914 676 solium
2025 639 2259 689 vocans,
2293 621 2568 694 lacrymis
2598 621 2964 694 nigredinem
2995 622 3215 694 peccati
3247 621 3509 678 diluerit.

269 715 368 770 Dei
418 717 524 770 est.
557 711 712 767 Felix
742 713 831 766 est
861 709 919 764 in
952 726 1066 780 quo
1116 709 1269 765 Deus
1319 725 1552 780 semper
1590 709 1770 764 sedet.
1822 709 1915 764 Di-
2097 733 2125 759 ‹‹
2181 710 2532 766 Invocabant
2583 711 2911 767 Dominum.
2967 731 2995 759 ››
3049 710 3334 782 Apostoli.
3372 734 3402 760 «
3434 713 3508 766 Et
3559 712 3690 784 ipse

267 820 434 860 versa
461 805 601 858 sunt
631 800 949 856 schemata.
985 803 1101 853 Aut
1131 798 1288 854 enim
1321 800 1615 864 sedemus,
1650 802 1751 854 aut
1797 802 1918 854 sta-
2025 799 2368 854 exaudiebat
2397 815 2497 854 eos
2531 815 2544 852 :
2581 798 2638 854 in
2668 798 2941 855 columna
2987 799 3160 854 nubis
3213 799 3587 871 loquebatur
3614 802 3685 856 ad

270 910 424 960 mus,
457 895 558 947 aut
588 888 983 957 ambulamus,
1017 888 1428 957 autjacemus.
1458 887 1662 942 Infelix
1694 895 1782 943 est
1819 886 1918 942 ille
2023 902 2142 942 eos.
2179 908 2206 934 »
2239 887 2493 942 Locutus
2522 892 2612 943 est
2642 887 2924 943 Dominus
2968 889 3039 943 de
3086 888 3241 944 nube
3296 887 3440 943 ﬁliis
3508 889 3687 944 Israel

269 982 362 1038 cui
387 983 543 1052 jacet
573 984 726 1034 Deus
782 995 794 1032 :
840 979 999 1048 jacet
1047 977 1263 1032 etenim
1296 993 1430 1032 cum
1463 978 1717 1048 jacente.
1765 978 1916 1042 Quo-
2025 976 2217 1046 (Exod.
2251 979 2482 1045 xv1,10,
2517 978 2604 1048 11)
2651 995 2664 1032 :
2713 978 2816 1032 sed
2869 981 2926 1033 et
2969 977 3244 1048 deinceps
3295 978 3557 1034 affectus
3607 986 3689 1034 est

272 1071 445 1126 modo
476 1068 702 1141 plangit
729 1084 863 1123 cum
895 1067 1289 1138 plangente,et
1319 1067 1468 1122 ridet
1496 1082 1631 1122 cum
1661 1066 1913 1134 ridente;
2027 1065 2324 1136 apostolos
2357 1066 2426 1121 de
2455 1065 2780 1122 velamento
2811 1065 3004 1122 carnis
3047 1071 3366 1138 assumpta:
3404 1083 3418 1122 :
3451 1067 3518 1123 in
3575 1084 3687 1140 quo

268 1159 350 1215 ita
408 1163 465 1215 et
502 1159 660 1230 jacet
706 1174 841 1212 cum
882 1157 1133 1227 jacente.
1167 1156 1469 1220 Quomodo
1501 1155 1626 1212 sitit
1671 1171 1805 1210 cum
1837 1155 1916 1210 si-
2029 1153 2302 1209 divinitas
2333 1154 2650 1210 obumbata
2677 1154 2914 1211 latebat.

268 1249 470 1315 tiente,
505 1251 560 1303 et
589 1246 772 1302 esurit
801 1261 936 1301 cum
966 1245 1282 1314 esuriente,
1331 1249 1387 1299 et
1435 1245 1630 1300 nudus
1663 1249 1752 1300 est
1781 1259 1915 1299 cum
2098 1265 2125 1292 ‹‹
2156 1243 2571 1299 Custodiebant
2597 1247 3017 1300 testamentum
3049 1245 3195 1316 ejus,
3220 1249 3278 1300 et
3309 1251 3689 1318 praeceptum

267 1338 446 1404 nudo,
476 1337 558 1392 sic
590 1339 645 1390 et
667 1336 822 1406 jacet
849 1350 983 1389 eum
1004 1333 1256 1404 jacente.
1290 1332 1397 1396 Qui
1436 1349 1573 1404 ergo
1648 1332 1916 1388 vulnera-
2024 1333 2178 1402 quod
2212 1332 2372 1388 dedit
2399 1331 2534 1388 illis.
2570 1354 2597 1381 ››
2628 1331 2785 1388 Nihil
2817 1333 2887 1389 de
2918 1333 3008 1388 his
3036 1333 3108 1388 ad
3134 1332 3370 1389 irritum
3426 1335 3691 1394 deduxe-

269 1433 364 1482 tus
395 1431 505 1495 est,
539 1429 596 1480 et
617 1425 804 1496 jacet;
833 1429 891 1478 et
922 1423 1048 1496 ipse
1079 1423 1510 1494 quodammodo
1534 1422 1729 1492 jacere
1771 1420 1916 1476 dici-
2025 1425 2183 1476 runt.

269 1520 364 1570 tur
403 1531 537 1570 cum
593 1531 679 1569 eo.
733 1513 839 1578 Qui
888 1517 1083 1568 autem
1134 1511 1420 1579 ambulat,
1447 1515 1504 1566 et
1532 1509 1627 1565 ille
1654 1509 1918 1566 ambulat
2103 1530 2125 1558 ι
2157 1509 2400 1566 Domine
2431 1515 2583 1567 Deus
2615 1513 2831 1577 uoster,
2863 1515 2930 1566 tu
2961 1511 3312 1568 exaudiebas
3341 1527 3479 1578 eos;
3510 1519 3688 1580 Deus,

269 1621 404 1659 cum
432 1621 519 1660 eo.
553 1603 659 1669 Qui
692 1602 974 1668 ambulat,
1007 1601 1237 1656 videtur
1265 1599 1502 1671 quidem
1551 1599 1758 1655 melior
1787 1615 1916 1654 esse
2025 1603 2085 1653 tu
2116 1599 2403 1671 propitius
2435 1599 2596 1655 fuisti
2625 1599 2729 1668 eis,
2762 1590 2819 1656 et
2847 1599 3136 1655 ulciscens
3169 1601 3226 1656 iu
3259 1617 3476 1658 omnes
3529 1605 3694 1658 adin-

265 1694 336 1749 ab
365 1709 431 1748 eo
464 1692 561 1763 qui
587 1693 764 1761 jacet,
796 1694 993 1744 tamen
1027 1689 1272 1744 necdum
1301 1689 1460 1744 venit
1509 1689 1581 1742 ad
1624 1689 1752 1758 ejus
1784 1687 1914 1742 feli-
2025 1687 2322 1743 ventiones
2347 1703 2608 1743 eorum.»
2638 1689 2848 1744 Omnia
2877 1688 3034 1744 enim
3067 1705 3195 1760 qua
3227 1705 3402 1762 agere
3435 1693 3691 1748 studue-

267 1783 503 1836 citatem
534 1780 635 1850 qui
667 1779 1070 1849 stat.Denique
1101 1783 1157 1832 et
1187 1778 1372 1832 Adam
1405 1777 1639 1849 quando
1670 1794 1731 1832 se
1781 1776 1912 1831 abs-
2023 1780 2178 1842 runt,
2204 1777 2272 1831 ad
2306 1777 2624 1848 perfectum
2659 1776 2949 1832 deduxisti
2998 1794 3010 1832 :
3062 1777 3202 1849 quia
3249 1777 3477 1851 placita
3519 1786 3689 1837 erant

267 1869 466 1925 condit
495 1885 529 1923 a
560 1868 703 1923 facie
733 1867 834 1922 Dei
868 1883 880 1920 :
915 1867 1258 1922 ambulabat
1287 1866 1338 1921 ei
1369 1867 1522 1922 Deus
1565 1869 1694 1938 post
1742 1865 1912 1920 meri-
1943 1907 1991 1972 B
2026 1865 2148 1922 tibi.

266 1958 421 2013 diem
452 1957 604 2028 (Gen.
639 1974 724 2022 111,
755 1957 830 2027 8).
860 1956 1024 2010 Dicat
1054 1955 1267 2028 aliquis
1301 1972 1313 2010 :
1345 1955 1404 2011 Si
1437 1956 1621 2010 Adam
1655 1954 1909 2010 otl'ende-
1943 1953 1991 1972 ”
2091 1977 2118 2004 ‹‹
2147 1953 2403 2010 Exaltate
2433 1955 2744 2011 Dominum
2779 1959 2958 2011 Deum
2991 1959 3286 2024 nostrum,
3327 1962 3390 2013 et
3441 1959 3681 2016 adoratis

267 2051 375 2116 rat,
409 2051 466 2102 et
496 2047 566 2102 de
598 2046 868 2118 paradiso
901 2046 1088 2100 fuerat
1117 2046 1336 2116 cjcctus
1369 2059 1544 2117 :ergo
1574 2043 1911 2115 imperfecta
2019 2043 2080 2099 in
2111 2046 2306 2098 monte
2337 2048 2537 2099 sancto
2570 2044 2698 2114 ejus
2731 2061 2742 2099 :
2774 2044 3052 2116 quoniam
3095 2050 3337 2102 sanctus
3392 2051 3688 2105 Dominus

265 2135 537 2191 felicitate
567 2141 656 2191 est
685 2135 1032 2206 cuicumque
1067 2134 1330 2190 ambulat
1361 2135 1535 2189 Deus.
1569 2135 1635 2188 Et
1667 2149 1773 2205 ego
1822 2131 1908 2187 di-
2019 2135 2171 2187 Deus
2204 2132 2705 2188 noster.»Sanctos
2733 2149 2834 2188 vos
2863 2131 3125 2189 exhibete
3154 2134 3213 2189 in
3235 2135 3507 2192 Ecclesia
3530 2139 3682 2209 ejus,

265 2241 331 2280 co
366 2243 378 2280 :
413 2223 472 2279 Si
503 2225 691 2278 Adam
722 2223 954 2296 penitus
986 2223 1215 2278 occisus
1249 2221 1473 2293 fuisset,
1498 2229 1555 2278 et
1587 2240 1699 2278 non
1733 2222 1782 2278 ei
1817 2222 1912 2276 da-
2020 2221 2173 2276 sicut
2214 2220 2341 2292 ipse
2385 2237 2513 2276 eam
2571 2220 2836 2277 exhibuit
2883 2227 3169 2291 sanctam,
3204 2241 3324 2279 non
3357 2223 3680 2282 habentem

261 2317 359 2368 tus
421 2312 627 2368 fuisset
673 2311 837 2368 locus
886 2311 1258 2383 poenitentiae,
1297 2311 1584 2382 jacuisset
1631 2310 1682 2365 ei
1733 2310 1906 2365 Deus.
2019 2309 2312 2364 maculam
2343 2315 2444 2366 aut
2475 2325 2680 2382 rugam
2715 2311 2925 2382 (Ephes.
2958 2328 3012 2377 v,
3042 2313 3154 2384 27).
3189 2313 3298 2378 Qui
3332 2315 3517 2369 nobis
3551 2333 3688 2387 prae.

261 2401 427 2457 Nunc
457 2419 588 2458 vero
621 2401 760 2473 quia
789 2402 962 2456 datur
1010 2401 1061 2456 ei
1110 2399 1273 2456 locus
1322 2400 1693 2472 pcenitentiaa,
1736 2415 1908 2470 prop-
2019 2402 2176 2452 stare
2204 2397 2576 2470 dignetur,ut
2606 2399 2846 2454 modum
2879 2400 3252 2457 sacerdotalis
3287 2403 3529 2458 ordinis
3551 2421 3688 2460 cum

261 2495 421 2546 terea
451 2490 719 2546 ambulat
747 2489 798 2544 ei
828 2490 1003 2545 Deus.
2018 2487 2326 2544 sanctitate
2356 2487 2610 2559 perfecta
2636 2491 2919 2556 tenentes,
2964 2505 3092 2560 quae
3141 2491 3467 2547 studemus
3518 2509 3691 2566 agere

336 2603 356 2627 α
393 2579 678 2634 Dominus
733 2576 791 2631 in
839 2577 974 2632 Sion
1027 2593 1298 2648 magnus,
1331 2581 1388 2631 et
1439 2575 1703 2632 excelsus
1733 2591 1912 2647 super
2018 2576 2088 2631 de
2119 2577 2292 2646 bono,
2325 2576 2448 2648 ipse
2475 2577 2792 2648 perducere
2823 2577 3100 2649 dignetur
3128 2580 3200 2634 ad
3232 2579 3541 2636 effectum.

261 2684 466 2724 omnes
508 2666 773 2758 populos.
825 2689 854 2717 »
909 2667 1237 2758 Ascendens
1285 2667 1356 2721 ad
1404 2664 1600 2733 coelos,
1631 2663 1912 2720 excelsior
2563 2701 2893 2758 PSALMUS
2934 2701 3119 2758 XCIX

262 2761 366 2874 fit.
394 2755 1300 2874 ἓωῗὶξὟῗ,ιῖῗῗίῗῗὶηὶῆῗξῖἱ
1349 2759 1631 2826 “mque
1678 2758 1910 2810 “3"”
2020 2790 2396 2874 Psaemwm
2424 2792 2785 2874 ροηίεεείοτιελ
2810 2755 2936 2874 iste
2975 2755 3238 2863 ιὲἑαιὲουε
3294 2809 3694 2874 γοορωωω-

261 2863 366 2919 per
393 2846 658 2919 singulos
683 2846 809 2901 dies
839 2843 1196 2916 speculatur.

343 2960 363 2984 ε
398 2935 794 2987 Conliteamur
824 2933 1047 2987 nomini
1079 2938 1178 2987 tuo
1211 2949 1425 2987 magno
1457 2951 1470 2987 :
1504 2932 1783 2987 quoniam
1805 2938 1831 2986 ιι

2116 2843 2278 2916 metae
2294 2843 2594 2927 continet,
2616 2843 2726 2932 qui
2743 2843 2950 2917 causa
2975 2843 3274 2934 15555331
3304 2843 3686 2923 summa

2116 2931 2410 2987 )omiuicis
2440 2931 2869 2987 incessabiliter
2901 2949 3185 2987 exercere.

343 2960 363 2984 α
398 2935 794 2991 Contiteamur
824 2933 1047 2990 nomini
1079 2938 1178 2988 tuo
1211 2949 1425 3004 magno
1457 2951 1470 2987 :
1504 2932 1783 3004 quoniam
1805 2938 1912 2988 ter-
2090 2931 2410 2987 Domiuicis
2440 2931 2869 2988 incessabiliter
2901 2931 3185 2990 exercere.

265 3024 434 3080 ribile
473 3029 529 3080 et
557 3028 828 3080 sanctum
879 3028 985 3079 est.
1037 3043 1063 3074 »
1120 3023 1448 3094 Praeparent
1492 3039 1554 3077 se
1601 3021 1788 3077 sancti
1837 3020 1909 3076 ad
2091 3018 2401 3076 «Jubilate
2451 3025 2562 3076 Deo
2611 3019 2806 3075 omnis
2853 3024 3027 3088 terra,
3077 3020 3288 3077 servite
3337 3024 3597 3080 Domino
3631 3025 3692 3080 in

266 3113 663 3170 confitendum
695 3112 917 3168 nomini
949 3117 1070 3180 tuo,
1104 3111 1258 3183 quod
1290 3114 1380 3166 est
1407 3116 1697 3177 sanctum,
1722 3108 1910 3182 siqui-
2019 3108 2235 3167 latitia.
2274 3132 2300 3157 »
2333 3108 2461 3179 Qui,
2507 3125 2751 3164 excusso
2804 3126 2836 3164 a
2885 3109 3206 3166 cervicibus
3260 3113 3486 3168 vestris
3540 3113 3693 3187 legis

264 3203 397 3258 dem
431 3207 492 3256 tu
523 3201 719 3256 dixisti
755 3218 767 3255 :
803 3201 992 3257 Sancti
1018 3203 1202 3268 estote,
1235 3203 1366 3270 quia
1403 3216 1497 3270 ego
1544 3208 1762 3254 sanctus
1789 3215 1910 3253 sum
2010 3199 2178 3270 jugo,
2211 3215 2327 3253 non
2361 3198 2418 3252 in
2451 3215 2698 3254 maerore
2727 3198 2940 3254 veteris
2970 3198 3286 3268 servitutis,
3340 3202 3452 3257 sed
3508 3203 3568 3258 in
3622 3203 3694 3260 li-

264 3290 458 3361 (Levz't.
492 3306 605 3354 x1x,
636 3290 713 3361 2).
746 3313 774 3339 ‹‹
809 3290 877 3344 Et
905 3289 1092 3344 honor
1121 3287 1273 3360 regis
1297 3288 1588 3360 judicium
1621 3287 1831 3358 diligit.
1882 3308 1909 3335 »
1941 3275 1985 3341 C
2023 3287 2246 3342 bertate
2272 3286 2403 3342 novi
2434 3286 2691 3342 hominis
2721 3286 3048 3344 exsultatis.

262 3380 440 3434 Debet
465 3396 528 3435 se
557 3379 723 3452 prius
751 3379 926 3434 homo
958 3377 1300 3449 dijudicare,
1332 3382 1389 3432 et
1417 3376 1651 3449 proprio
1679 3376 1906 3446 judicio
2091 3375 2376 3432 «Introite
2407 3376 2466 3430 in
2499 3381 2807 3448 conspectu
2839 3379 2968 3447 ejus
2996 3377 3054 3432 in
3087 3377 3693 3438 exsultatione-Non

261 3471 650 3525 condemnare
682 3468 837 3524 mala
865 3485 992 3535 sua,
1025 3472 1083 3522 et
1115 3468 1198 3523 sic
1231 3465 1475 3521 honoret
1505 3469 1784 3519 ueternum
1816 3481 1908 3519 re-
2009 3465 2162 3537 jocis
2215 3465 2488 3536 turpibus
2519 3464 2912 3520 dissolvimini
2947 3483 2959 3521 :
2993 3467 3094 3522 sed
3142 3467 3346 3524 omnia
3395 3486 3695 3541 quaecun-

259 3574 391 3629 gem
414 3558 623 3614 Deum.
2018 3572 2131 3626 que
2163 3554 2374 3626 tacitis,
2402 3555 2461 3609 in
2495 3554 2742 3626 gloriam
2776 3555 2875 3611 Dei
2908 3555 3095 3612 facite.

335 3667 361 3698 α
390 3646 474 3700 Tu
503 3646 722 3717 parasti
755 3645 1094 3702 dilectiones
1122 3645 1182 3699 in
1216 3642 1472 3716 populis.
1526 3662 1552 3692 ο
1609 3643 1719 3698 Sed
1774 3659 1905 3713 pro-
2090 3667 2118 3693 «
2151 3643 2364 3700 Scitote
2389 3644 2670 3714 quoniam
2701 3645 2982 3701 Dominus
3024 3645 3147 3717 ipse
3189 3650 3279 3701 est
3313 3651 3476 3704 Deus
3513 3666 3527 3704 :
3565 3650 3691 3721 ipse

258 3734 384 3806 prio
408 3733 546 3788 vitio
578 3734 872 3806 depravati
905 3739 1062 3790 sunt.
1114 3757 1143 3782 ‹‹
1192 3733 1487 3789 Judicium
1521 3737 1578 3788 et
1609 3731 1905 3801 justitiam
2016 3732 2151 3788 fecit
2181 3749 2309 3800 nos,
2340 3736 2396 3788 et
2428 3750 2544 3788 non
2577 3733 2689 3804 ipsi
2722 3751 2881 3791 nos.»
2916 3734 3000 3789 Ab
3033 3749 3098 3789 eo
3131 3735 3286 3790 enim
3312 3752 3536 3793 sumus
3568 3754 3686 3793 non

257 3822 315 3877 in
347 3821 528 3878 Jacob
560 3826 623 3877 tu
657 3821 863 3877 fecisti.
900 3845 928 3872 »
966 3823 1091 3878 Non
1134 3822 1328 3878 solum
1374 3821 1434 3876 in
1487 3821 1836 3893 patriarchis
1891 3837 1904 3874 :
2018 3822 2210 3878 solum
2241 3821 2620 3894 corporaliter
2660 3822 2820 3890 facti,
2867 3824 2968 3878 sed
3015 3823 3190 3878 etiam
3222 3823 3280 3878 in
3317 3842 3544 3882 novum
3580 3827 3684 3883 bo-

258 3912 360 3968 sed
393 3911 570 3967 etiam
602 3911 662 3966 in
693 3911 909 3983 populo
941 3909 1290 3978 Christiano,
1317 3909 1417 3980 qui
1451 3909 1666 3964 meruit
1695 3910 1908 3981 primo-
2017 3912 2236 3967 minem
2269 3911 2528 3967 recreati.
2561 3915 2628 3966 Et
2655 3912 2766 3967 hoc
2797 3929 2912 3967 non
2945 3918 3142 3968 nostro
3174 3914 3408 3982 merito,
3445 3917 3558 3972 sed
3581 3933 3691 3972 suo

259 4001 457 4074 genita
489 4000 758 4058 senioris.
2017 4001 2190 4056 dono.

331 4113 360 4141 «
412 4089 668 4146 Exaltate
717 4089 1034 4144 Dominum
1087 4088 1270 4144 Deum
1321 4090 1608 4143 nostrum.
1640 4108 1668 4135 »
1708 4087 1780 4142 Ut
1832 4087 1909 4142 sit
2089 4114 2116 4140 «
2149 4091 2266 4146 Nos
2297 4090 2548 4162 populus
2578 4091 2727 4161 ejus,
2759 4094 2815 4146 et
2849 4107 2986 4146 oves
3036 4107 3267 4162 pascua:
3299 4093 3452 4164 ejus.
3490 4117 3518 4142 »
3551 4096 3686 4165 Ipse

260 4179 523 4235 excelsus
556 4180 612 4233 in
646 4178 920 4236 cordibus
960 4178 1190 4234 vestris.
1229 4201 1249 4227 α
1287 4177 1352 4232 Et
1400 4177 1635 4232 adorato
1683 4176 1905 4232 scabel-
2017 4183 2106 4234 est
2157 4183 2354 4250 pastor
2401 4180 2616 4246 bonus,
2649 4179 2748 4250 qui
2780 4179 3040 4235 animam
3089 4197 3259 4236 suam
3311 4197 3415 4253 pro
3465 4181 3676 4238 ovibus

256 4267 381 4322 lum
415 4269 631 4340 pedum
661 4269 810 4339 ejus,
839 4268 1115 4340 quoniam
1147 4271 1415 4322 sanctum
1448 4270 1591 4322 est.»
1622 4264 1815 4320 Multa
1838 4266 1910 4321 de
2017 4267 2142 4324 suis
2175 4267 2370 4339 posuit
2399 4269 2577 4335 (Joan.
2611 4285 2667 4338 x,
2704 4269 2812 4337 ll).
2872 4268 2988 4324 Nos
3033 4273 3229 4324 autem
3275 4286 3484 4326 sumus
3515 4287 3678 4340 oves,

261 4354 513 4410 scabello
545 4356 851 4426 opiniones
885 4361 1024 4411 sunt
1056 4375 1068 4411 :
1103 4358 1203 4411 sed
1225 4355 1332 4418 ,hic
1363 4355 1651 4427 Propheta
1698 4371 1908 4426 corpus
2019 4356 2120 4428 qui
2147 4372 2279 4411 eum
2312 4355 2637 4427 sequimur,
2689 4361 2744 4412 et
2782 4373 2980 4413 vocem
3012 4358 3142 4428 ejus
3172 4358 3538 4416 audivimus.
3589 4361 3690 4416 In-

262 4443 630 4498 Dominicum
662 4443 825 4512 dicit,
859 4445 919 4498 in
951 4462 1064 4517 quo
1097 4445 1376 4515 majestas
1407 4443 1732 4499 divinitatis
1781 4448 1908 4500 tan-
2015 4447 2176 4500 troite
2217 4448 2403 4513 portas
2451 4446 2568 4515 ejus
2618 4447 2676 4500 in
2726 4448 3080 4517 confessione.
3133 4447 3298 4502 Sicut
3344 4448 3510 4503 enim
3560 4450 3689 4522 ipse

263 4548 442 4604 quam
493 4548 671 4603 super
718 4530 1038 4586 scabellum
1088 4535 1224 4588 stat.
1274 4533 1552 4586 Sanctum
1585 4530 1740 4585 enim
1773 4546 1907 4586 eum
2019 4539 2189 4606 porta
2217 4539 2306 4590 est
2334 4534 2520 4589 Patris
2552 4550 2686 4590 cum
2718 4535 2858 4590 dicit
2891 4552 2903 4590 :
2939 4540 3048 4591 Per
3076 4552 3162 4591 me
3189 4536 3242 4591 si
3266 4539 3389 4607 qui:
3439 4541 3690 4596 introie-

264 4621 379 4678 dici
409 4637 560 4694 saepe
590 4620 1082 4684 docuimus.Quod
1117 4624 1312 4676 autem
1344 4619 1574 4675 adorari
1605 4620 1906 4710 debeatur,
1942 4647 1985 4710 Β
2018 4625 2093 4678 rit
2120 4623 2425 4678 salvabitur
2454 4623 2612 4694 (Ibid.
2662 4624 2740 4696 9),
2798 4623 2879 4680 ita
2928 4628 2986 4680 et
3042 4623 3294 4697 apostoli
3323 4631 3516 4698 ports:
3550 4632 3696 4684 sunt

261 4728 327 4767 eo
359 4711 708 4767 ascendente
757 4709 1003 4783 apostoli
1054 4711 1398 4780 docuerunt,
1431 4726 1566 4763 cum
1597 4709 1907 4764 adorantes
1944 4709 1959 4710 Ὗ
2017 4714 2144 4783 ejus
2176 4729 2277 4785 per
2308 4728 2455 4784 quas
2485 4713 2557 4767 ad
2588 4729 2723 4767 eum
2759 4713 3058 4768 acceditur
3111 4731 3124 4769 :
3176 4731 3324 4786 quas
3368 4731 3552 4772 nemo
3586 4735 3691 4790 po-

261 4801 511 4874 regressi
562 4805 700 4856 sunt
747 4801 805 4855 in
851 4799 1176 4856 Jerusalem
1209 4799 1346 4870 (Act.
1383 4817 1419 4868 1,
1457 4801 1561 4869 12).
1598 4799 1706 4854 Sed
1741 4802 1796 4853 et
1835 4799 1905 4853 ad
2020 4805 2133 4857 test
2157 4801 2403 4873 ingredi,
2436 4800 2548 4856 nisi
2579 4817 2640 4856 se
2675 4805 2910 4872 peccata
2939 4802 3268 4858 confitendo
3313 4806 3693 4878 purgaverit.

260 4906 494 4945 crucem
543 4889 927 4958 Dominicam,
977 4894 1032 4945 et
1079 4888 1151 4944 ad
1200 4887 1459 4943 animam
1491 4892 1755 4942 sanctam
1787 4886 1909 4942 haec
2025 4910 2046 4939 σι
2078 4891 2239 4945 Atria
2269 4890 2396 4960 ejus
2424 4889 2484 4943 in
2516 4889 2750 4962 hymnis
2781 4890 3140 4946 confitemini
3170 4890 3275 4946 illi.
3321 4914 3352 4940 »
3397 4893 3694 4950 Dilatatas

263 4979 566 5034 referenda
595 4984 754 5036 sunt.
2020 4979 2072 5033 ei
2122 4982 2346 5034 mentes
2403 4995 2534 5032 cum
2584 4977 2820 5050 hymnis
2875 4979 3286 5051 spiritualibus
3315 4981 3694 5056 canticisque

334 5090 361 5115 «
396 5067 622 5140 Moyses
652 5073 708 5124 et
736 5071 924 5124 Aaron
949 5068 1008 5122 in
1040 5066 1441 5123 sacerdotibus
1473 5067 1619 5137 ejus.
1657 5089 1683 5115 »
1717 5067 1909 5130 Quan-
2021 5068 2256 5124 deferte.

262 5171 439 5226 quam
473 5174 627 5213 unus
657 5157 822 5230 legis,
855 5157 1000 5214 alter
1031 5156 1340 5213 sacerdotii
1373 5155 1634 5228 regulam
1669 5158 1861 5210 teneat
1895 5173 1907 5211 :
2096 5181 2122 5206 ‹‹
2157 5156 2415 5230 Laudato
2447 5173 2658 5213 nomen
2691 5158 2840 5229 ejus,
2875 5158 3158 5230 quoniam
3189 5159 3388 5215 suavis
3435 5164 3532 5217 est
3576 5165 3691 5217 Do-

260 5248 460 5299 tamen
497 5229 743 5320 uterque
781 5249 1096 5304 adventum
1128 5245 1358 5302 Domini
1393 5245 1739 5302 sacerdotali
1773 5262 1914 5317 prae-
2023 5247 2242 5302 minus.
2279 5229 2309 5294 ›ἷ
2335 5245 2489 5300 Nihil
2537 5247 2694 5302 enim
2743 5229 3018 5302 acerbum
3071 5247 3245 5303 habet
3282 5265 3296 5303 :
3330 5271 3358 5298 ‹‹
3407 5249 3466 5304 In
3525 5255 3695 5304 aeter-

259 5331 448 5399 conio,
480 5334 567 5389 vel
597 5335 652 5390 in
686 5336 975 5408 legalibus
1005 5338 1184 5404 tubis,
1245 5335 1333 5391 vel
1383 5335 1441 5390 in
1499 5335 1912 5390 tintinnabulis
2024 5354 2166 5392 num
2227 5335 2625 5391 misericordia
2673 5337 2823 5408 ejus.
2879 5359 2906 5386 »
2959 5336 3106 5402 Quia
3154 5355 3262 5393 nos
3315 5338 3590 5406 redemit,
3636 5344 3696 5395 et

260 5421 568 5478 nuntiavit.
604 5447 631 5474 «
665 5426 733 5479 Et
762 5426 998 5482 Samuel
1030 5427 1182 5481 inter
1209 5442 1308 5482 eos
1357 5425 1458 5497 qui
1509 5425 1780 5480 invocant
1810 5441 1913 5481 no-
2015 5426 2239 5498 jugiter
2267 5423 2453 5481 salvat
2509 5441 2521 5479 :
2583 5447 2612 5474 ‹‹
2645 5424 2711 5479 Et
2758 5440 2945 5498 usque
2998 5425 3057 5480 in
3107 5427 3583 5499 generationem,
3639 5433 3700 5484 et

261 5528 396 5569 men
428 5513 577 5584 ejus.
617 5537 638 5562 ι
675 5515 912 5570 Samuel
956 5515 1185 5571 Levitici
1233 5514 1458 5570 ordinis
1511 5513 1776 5586 regulam
1823 5517 1914 5569 te-
2025 5515 2455 5588 generationem
2514 5513 2750 5569 veritas.
2805 5536 2831 5564 ››
2890 5516 3015 5579 Qua
3071 5514 3319 5588 populos
3356 5515 3693 5586 judicabit.

261 5605 406 5658 net:
445 5605 601 5676 quod
653 5602 853 5676 Ephod
903 5603 1047 5659 illud
1097 5603 1321 5660 lineum
1370 5608 1545 5676 atque
1595 5603 1915 5659 candidum
2026 5605 2134 5670 Qui
2166 5604 2332 5661 nobis
2362 5606 2637 5676 praestare
2665 5603 2959 5676 dignetur,
2993 5609 3060 5660 ut
3109 5605 3179 5682 ab
3227 5604 3357 5677 ipso
3410 5605 3581 5674 facti,
3612 5605 3690 5660 ab

259 5691 534 5774 ﬁguravit
561 5693 611 5772 (I
630 5695 767 5772 Reg.
799 5710 860 5769 11,
895 5693 983 5770 t8)
1037 5711 1051 5752 :
1097 5693 1414 5752 ostendens
1469 5692 1785 5750 candidum
1833 5693 1914 5750 ef.
2025 5697 2154 5772 ipso
2195 5691 2499 5769 redempti,
2521 5707 2865 5751 mereamur
2891 5698 2950 5751 et
2975 5692 3036 5751 in
3067 5693 3266 5753 latitia
3314 5693 3682 5776 sempiterna
