3976 6188
201 351 349 414 1193

1414 349 1906 413 ’ΒΙίῘαΝιΑΗΙΠΜ
1965 353 2033 409 ΙΝ
2084 351 2220 409 PSA
2238 353 2465 410 LVDS.

3447 357 3602 416 1194

189 483 444 557 jubilum
486 483 858 540 exultationis
888 499 1019 540 cum
1042 487 1368 557 grattarum
1391 487 1620 541 actione
1641 485 1838 541 conci-
1869 487 1924 552 Α
1951 500 2154 539 cum.»
2208 484 2333 540 Non
2382 483 2529 539 dixit
2575 484 2804 554 divites,
2854 489 2960 541 aut
3025 486 3430 559 imperatOres,
3504 495 3607 546 aut

196 591 349 631 nere.
385 573 503 646 Ipsi
533 573 719 646 gloria
743 590 877 629 cum
897 577 1109 629 aeterno
1133 577 1300 630 Patre
1319 577 1376 630 et
1397 573 1617 646 Spiritu
1639 578 1853 630 sancto.

199 663 256 718 in
287 661 498 719 saecula
527 661 896 718 saeculorum.
928 664 1133 718 Amen.

799 768 1122 824 PSALMUS
1173 769 1236 824 C.

266 858 520 914 Psalmus
540 859 648 928 ipsi
677 857 869 913 David.
905 859 1017 912 Iste
1041 857 1302 929 psalmus
1332 874 1530 913 vocem
1580 859 1844 915 continet

375 929 689 1002 prOphette,
718 929 816 985 Dei
847 929 1284 985 misericordias
1313 931 1664 986 enarrautis.

267 1043 296 1070 ‹‹
331 1018 785 1075 Misericordiam
817 1022 874 1073 et
903 1017 1195 1089 judicium
1247 1019 1494 1074 cantabo
1543 1018 1671 1081 tibi,
1732 1019 1845 1075 Do-

200 1109 375 1164 mine.
405 1131 426 1157 ι
459 1107 916 1163 Misericordiam
950 1106 1190 1162 audiant
1219 1113 1551 1178 peccatores
1584 1107 1684 1179 qui
1739 1109 1844 1163 de-

196 1201 434 1269 sperant
464 1197 535 1252 de
563 1213 672 1252 sua
700 1194 908 1260 salute,
935 1196 1034 1267 qui
1059 1201 1199 1252 sunt
1224 1195 1282 1251 in
1307 1197 1664 1268 poenitentia.
1687 1197 1846 1252 Judi-

197 1286 351 1341 cium
381 1285 628 1341 audiant
655 1289 1104 1357 contemptores,
1133 1285 1233 1356 qui
1258 1286 1491 1341 dicunt:
1516 1285 1845 1342 Misericors

197 1380 284 1431 est
314 1374 628 1431 Dominus:
663 1389 995 1446 peccemus,
1025 1374 1357 1452 indulgebit
1386 1375 1578 1431 nobis.
1626 1398 1653 1425 ‹‹
1678 1375 1843 1432 Psal-

197 1466 314 1521 lam
345 1469 402 1520 et
428 1463 751 1536 intelligam
784 1463 841 1519 in
874 1463 968 1519 via
998 1462 1396 1519 immaculata.
1423 1487 1444 1516 ι
1475 1463 1847 1536 Utintelligat

198 1554 332 1626 quis
363 1553 518 1624 quod
550 1551 774 1624 psallit,
823 1557 881 1606 et
919 1569 1130 1608 sensus
1178 1551 1370 1623 ipsius
1417 1554 1848 1624 contempletur

199 1642 517 1715 psalmum,
567 1645 633 1696 ut
682 1657 799 1696 non
847 1648 1090 1713 vagetur
1137 1657 1304 1697 mens
1356 1641 1484 1712 ejus
1552 1643 1731 1708 foras,
1791 1644 1848 1696 et

198 1746 436 1804 corpore
483 1729 723 1801 quidem
770 1729 1038 1785 videatur
1083 1729 1352 1800 psallere,
1419 1746 1585 1786 mens
1650 1734 1846 1786 autem

197 1821 326 1876 sine
356 1820 550 1876 fructu
583 1818 678 1875 sit.
733 1840 753 1868 ι
791 1819 852 1874 In
901 1818 995 1874 via
1042 1817 1442 1887 immaculata,
1481 1841 1509 1868 »
1543 1823 1610 1874 ut
1638 1819 1846 1876 ambu-

201 1908 402 1964 lansin
432 1908 542 1964 hoc
591 1907 812 1963 mundo
832 1908 992 1979 juste
1047 1922 1241 1980 agam,
1289 1911 1347 1963 et
1386 1907 1684 1964 maculam
1734 1924 1850 1964 non

201 1998 473 2055 habeam.

273 2111 303 2138 «
336 2087 576 2153 Quando
631 2086 829 2142 venies
886 2086 956 2140 ad
1018 2101 1132 2141 me.
1163 2107 1190 2134 ››
1215 2086 1457 2149 Quando
1518 2090 1712 2142 autem
1761 2086 1850 2141 in-

197 2175 504 2232 tellectum
530 2191 819 2246 recepero,
851 2181 912 2229 et
931 2174 1094 2244 juste
1123 2190 1331 2246 egero:
1357 2178 1500 2230 tunc
1531 2191 1667 2230 cum
1701 2175 1852 2230 ﬁdu-

197 2266 294 2320 cia
321 2265 455 2320 dico
484 2264 557 2319 ad
592 2262 933 2318 Dominum:
978 2285 1005 2312 (ι
1041 2263 1284 2328 Quando
1341 2262 1538 2320 venies
1588 2264 1660 2319 ad
1712 2263 1852 2319 me?

202 2355 395 2410 Venias
424 2357 642 2418 autem,
669 2351 742 2406 de
770 2351 1029 2407 secundo
1080 2353 1209 2421 ejus
1266 2354 1517 2408 adventu
1569 2352 1852 2424 accipien-

197 2443 349 2496 dum
380 2443 486 2496 est.

273 2553 302 2580 ‹‹
337 2528 822 2585 Perambulabam
867 2529 924 2583 in
964 2528 1300 2585 innocentia
1346 2531 1538 2586 cordis
1587 2530 1738 2586 mei:
1791 2531 1849 2586 in

197 2619 396 2675 medio
431 2619 644 2674 domus
667 2634 828 2673 mete.
863 2639 892 2668 »
927 2617 1081 2673 Nihil
1113 2618 1197 2673 sic
1228 2618 1416 2689 placet
1443 2619 1580 2689 Deo,
1614 2624 1678 2674 ut
1707 2621 1853 2675 sim-

197 2707 436 2781 plicitas
465 2710 522 2762 et
549 2707 902 2763 innocentia.
936 2706 1198 2778 Denique
1229 2707 1480 2779 Spiritus
1512 2712 1750 2764 sanctus
1790 2709 1849 2764 in

197 2797 336 2853 aliis
367 2795 704 2854 volatilibus
736 2812 851 2850 non
885 2795 1240 2867 complacuit
1280 2796 1394 2852 nisi
1446 2796 1504 2851 in
1556 2797 1849 2868 columba,

197 2889 440 2960 propter
465 2883 930 2956 simplicitatem,
961 2888 1018 2940 et
1045 2883 1106 2940 in
1137 2885 1622 2956 quadrupedibus
1641 2887 1701 2942 in
1725 2903 1849 2954 ove,

200 2979 445 3047 propter
474 2973 1015 3030 mansuetudinem.

273 3088 304 3114 ‹‹
350 3064 475 3122 Non
507 3063 906 3135 proponebam
936 3067 1071 3118 ante
1102 3061 1302 3118 oculos
1334 3078 1496 3119 meos
1547 3080 1669 3120 rem
1702 3064 1854 3135 inju-

201 3157 380 3210 stam.
411 3174 433 3204 ι
468 3153 593 3208 Non
623 3152 1047 3224 anteponebam
1079 3151 1302 3224 aliquid
1350 3153 1613 3222 Domino,
1663 3169 1854 3225 neque

1879 1864 1928 1929 B

1953 573 2280 644 episcopos,
2314 578 2415 628 aut
2442 574 2832 645 presbyteros,
2867 578 2970 630 aut
2992 575 3290 645 diaconos,
3325 580 3425 634 sed
3459 578 3604 634 ﬁde-

1952 661 2073 717 les:
2137 679 2272 718 cum
2341 662 2472 718 istis
2523 663 2820 719 sedebam.
2881 668 3080 720 Potest
3131 665 3242 721 hoc
3296 667 3506 734 dicere,
3552 672 3609 723 et

1952 749 2262 823 episcopus
2311 756 2552 807 sanctus
2606 751 2693 807 vir
2740 753 3019 824 quoniam
3066 770 3183 809 non
3263 756 3609 812 ordinaham

1952 841 2353 912 presbyterum
2417 840 2583 895 illum
2633 841 2732 912 qui
2792 841 2935 896 mihi
2986 842 3438 914 obsequebatur,
3493 849 3596 900 aut

1953 928 2346 1000 propinquum
2382 945 2598 999 meum,
2633 930 2731 985 sed
2763 946 2898 985 eum
2947 946 3121 1002 quem
3169 931 3430 986 sciebam
3461 932 3600 988 ﬁde-

1953 1016 2090 1072 lem.
2153 1018 2220 1072 Et
2275 1017 2488 1073 iterum
2558 1018 2713 1074 idem
2772 1024 2964 1091 potest
3019 1020 3246 1076 dicere:
3318 1020 3608 1085 Quoniam

1953 1122 2158 1162 omnes
2189 1105 2430 1162 clericos
2482 1122 2666 1174 meos,
2712 1112 2770 1162 et
2815 1107 2994 1163 laicos
3046 1108 3250 1165 ﬁdeles
3295 1109 3605 1165 habebam.

1953 1194 2148 1250 Potest
2203 1212 2271 1251 ex
2328 1212 2579 1268 persona
2637 1196 2866 1252 Domini
2923 1197 3038 1253 dici
3088 1198 3200 1253 iste
3250 1197 3598 1255 versiculus.

1954 1307 1980 1334 ‹‹
2017 1284 2340 1340 Ambulans
2375 1286 2433 1340 in
2483 1285 2577 1340 via
2634 1285 3030 1356 immaculata,
3091 1286 3184 1341 hic
3237 1287 3383 1342 mihi
3435 1287 3607 1343 mini-

1954 1374 2202 1429 strabat.
2234 1395 2263 1422 »
2294 1374 2581 1437 Quoniam
2632 1391 2746 1430 non
2779 1375 3123 1430 ordinabam
3155 1391 3253 1433 eos
3312 1377 3413 1447 qui
3463 1376 3606 1432 mihi

1954 1461 2267 1534 propinqui
2299 1467 2484 1529 erant,
2519 1463 2619 1518 sed
2643 1463 2838 1533 justos
2870 1469 2926 1518 et
2959 1463 3178 1519 ﬁdeles.

2024 1573 2052 1600 «
2086 1551 2194 1614 Qui
2226 1551 2488 1623 loquitur
2518 1552 2739 1622 iniqua,
2775 1552 3135 1607 non-direxit
3185 1553 3244 1608 in
3286 1557 3602 1625 conspectu

1955 1639 2259 1696 oculorum
2305 1657 2591 1696 meorum.
2619 1662 2644 1690 γ
2681 1643 2978 1696 Intantum
3033 1642 3191 1697 enim
3242 1641 3606 1698 declinabam

1955 1729 2028 1785 ab
2059 1745 2125 1785 eo
2155 1729 2255 1800 qui
2287 1730 2630 1785 detrahebat
2659 1729 2923 1801 proximo
2955 1747 3084 1801 suo,
3118 1735 3185 1786 ut
3232 1748 3338 1787 nec
3379 1731 3465 1786 illi
3496 1748 3616 1788 cre-

1957 1818 2178 1887 derem,
2212 1833 2316 1872 nec
2349 1818 2614 1874 audirem
2643 1817 2844 1873 talem.

2035 1929 2065 1958 ‹‹
2092 1908 2153 1961 In
2215 1907 2504 1961 matutino
2555 1906 2975 1962 interﬁciebam
3025 1925 3229 1965 omnes
3279 1913 3611 1980 peccatores

1960 2000 2151 2052 terrae.
2179 2018 2206 2045 ››
2239 1997 2385 2050 Bene
2453 1995 2618 2060 dixit,
2667 2017 2694 2045 «
2725 1996 3059 2052 Peccatores
3099 2002 3286 2053 terrae.
3314 2020 3342 2046 »
3408 2002 3612 2054 Pecca-

1961 2089 2117 2140 tores
2147 2084 2304 2138 enim
2336 2084 2549 2138 terreni
2608 2088 2766 2140 sunt.
2834 2088 2954 2141 Hoc
3008 2083 3132 2140 vult
3187 2085 3401 2153 dicere,
3451 2087 3607 2157 quod

1961 2171 2355 2228 immissiones
2385 2171 2598 2227 diaboli
2634 2189 2782 2244 quas
2814 2173 2960 2228 mihi
2990 2174 3365 2246 suggerebat,
3409 2175 3606 2245 ejicie-

1963 2261 2097 2316 bam
2127 2261 2199 2316 de
2229 2261 2402 2316 corde
2445 2277 2594 2330 meo,
2635 2267 2693 2316 et
2741 2279 2855 2317 non
2905 2263 3320 2334 suscipiebam.
3376 2263 3608 2336 Cogita-

1961 2349 2223 2404 tionibus
2254 2351 2410 2404 enim
2442 2349 2615 2405 malis
2643 2350 2862 2421 ejectis,
2895 2351 3190 2406 daemones
3239 2351 3607 2408 occiduntur.

1959 2437 2148 2493 Judaei
2172 2437 2330 2493 hunc
2361 2453 2593 2494 versum
2627 2439 2952 2510 audientes,
2986 2447 3042 2495 et
3090 2445 3404 2510 sequentes
3452 2441 3610 2497 litte-

1963 2542 2087 2582 ram
2119 2526 2504 2595 occidentem,
2534 2532 2591 2582 et
2639 2528 3040 2584 desiderantes
3080 2529 3433 2602 sanguinem
3475 2530 3608 2586 fun-

1961 2614 2117 2683 dere,
2152 2614 2200 2669 si
2233 2615 2366 2686 quis
2396 2615 2809 2687 praavaricatus
2868 2617 3041 2673 fuerit
3089 2619 3160 2672 de
3191 2618 3338 2690 lege,
3390 2619 3612 2675 interﬁ-

1961 2704 2124 2758 ciunt
2146 2719 2302 2759 eum.
2338 2704 2638 2775 Siquidem
2689 2722 2804 2760 non
2839 2711 2977 2760 sunt
3018 2707 3274 2762 contenti
3325 2707 3613 2764 occisione

1961 2792 2409 2864 prephetarum:
2455 2794 2556 2848 sed
2614 2798 2670 2848 ct
2718 2795 2911 2865 ipsum
2941 2794 3276 2850 Dominum
3322 2796 3616 2852 cruciﬁxe-

1961 2887 2116 2935 runt.
2148 2903 2176 2930 «
2209 2881 2280 2936 Ut
2308 2881 2705 2953 disperderem
2739 2882 2808 2937 de
2849 2882 3079 2939 civitate
3131 2883 3365 2940 Domini
3409 2900 3613 2940 omnes

1962 2969 2063 3040 qui
2085 2969 2841 3042 operanturiniquitatem.»
2868 2971 3100 3027 Utinam
3117 2978 3172 3028 et
3190 2989 3296 3028 nos
3318 2973 3614 3045 disperda-

1963 3076 2097 3114 mus
2119 3060 2189 3114 de
2219 3059 2449 3114 civitate
2462 3059 2693 3116 Domini
2715 3065 3022 3133 operantes
3048 3062 3441 3134 iniquitatem.
3465 3061 3614 3118 Civi-

1962 3153 2049 3204 tas
2066 3148 2298 3202 Domini
2320 3152 2409 3203 est
2423 3147 2673 3204 Ecclesia
2686 3153 3019 3205 sanctorum
3030 3151 3450 3223 ,congregatioj
3461 3156 3614 3207 usto-

200 3242 649 3300 consentiebam
681 3239 974 3313 iniquitati
999 3258 1012 3308 ;
1037 3242 1138 3296 sed
1169 3246 1328 3296 totus
1351 3242 1422 3297 ad
1455 3242 1640 3297 Deum
1672 3258 1852 3298 eram.
1888 3233 1930 3300 C
1971 3253 2122 3292 rum.
2157 3237 2524 3308 Disperdam,
2555 3237 2664 3292 hoc
2693 3242 2801 3303 est.
2836 3255 3103 3312 arguam,
3131 3239 3426 3312 increpem
3475 3256 3610 3295 eum

280 3354 309 3382 ‹‹
341 3331 643 3387 Facientes
672 3329 1206 3402 praevaricationem
1259 3330 1432 3387 odivi.
1460 3353 1488 3380 »
1521 3331 1650 3387 Sive
1695 3336 1860 3404 pater

203 3438 381 3478 meus
438 3425 584 3490 erat,
642 3419 762 3475 sive
808 3424 1015 3487 mater,
1075 3419 1196 3476 sive
1256 3420 1453 3487 frater,
1512 3425 1616 3475 aut
1671 3437 1856 3488 soror,

200 3512 329 3568 sive
354 3509 603 3579 amicus,
634 3513 831 3565 tamen
874 3508 924 3564 si
965 3507 1319 3564 decliuasset
1343 3526 1379 3564 a
1414 3508 1622 3565 timore
1670 3510 1861 3566 Domi-

202 3601 312 3662 ni;
346 3599 504 3655 hunc
535 3597 668 3654 odio
698 3597 1009 3668 habebam,
1051 3601 1109 3653 et
1155 3599 1394 3654 omnino
1441 3600 1512 3654 ad
1564 3615 1700 3655 eum
1745 3617 1857 3655 non

200 3687 586 3746 accedebam.
615 3686 740 3742 Non
771 3687 1202 3758 anteponebam
1234 3687 1730 3760 propinquitatem
1758 3695 1863 3744 aut

203 3775 539 3834 amicitiam
570 3774 770 3846 pietati
799 3774 1054 3830 Domini.
1248 3801 1260 3828 ι

283 3889 316 3917 ‹‹
345 3864 471 3919 Non
509 3862 754 3918 adhaesit
783 3862 928 3917 mihi
958 3878 1059 3918 cor
1103 3879 1368 3935 pravum.
1394 3887 1422 3915 »
1456 3866 1580 3920 Non
1631 3869 1754 3921 erat
1801 3865 1860 3922 in

202 3971 306 4012 me
339 3951 559 4023 aliquid
613 3950 868 4018 difﬁcile,
918 3956 1020 4006 aut
1067 3968 1404 4024 perversum
1452 3953 1712 4026 aliquid:
1762 3955 1860 4010 sed

203 4039 465 4112 aequitas
497 4043 553 4094 et
573 4037 826 4108 justitia.
860 4059 888 4089 ‹‹
919 4038 1318 4096 Declinantem
1349 4058 1384 4096 a
1413 4058 1506 4098 me
1537 4041 1862 4114 malignum

205 4146 332 4207 non
365 4127 808 4201 cognoscebam.
831 4149 860 4176 »
889 4131 1006 4184 Hoc
1037 4133 1147 4195 est,
1198 4130 1244 4184 si
1273 4135 1396 4186 erat
1446 4130 1590 4186 mihi
1639 4131 1864 4188 amicus

204 4223 317 4275 aut
351 4218 673 4290 proximus,
705 4218 825 4272 sive
853 4217 1166 4291 episcopus
1215 4223 1316 4275 aut
1366 4221 1686 4293 presbyter,
1743 4222 1863 4277 sive

202 4309 268 4364 in
303 4321 660 4378 quacunque
690 4305 972 4377 dignitate
1000 4307 1357 4364 constitutus
1385 4325 1397 4362 :
1431 4313 1630 4365 tamen
1653 4309 1702 4365 si
1742 4327 1866 4382 per-

205 4392 622 4452 vertebatvias
652 4409 813 4458 suas,
844 4393 929 4448 sic
959 4410 1094 4449 eum
1143 4395 1461 4467 fugiebam,
1521 4402 1585 4452 ut
1631 4399 1865 4470 penitus

203 4486 346 4557 ejus
378 4480 721 4538 memoriam
753 4497 870 4536 non
901 4481 1171 4538 facerem.

1967 3326 2068 3398 qui
2124 3331 2341 3398 peccat,
2403 3330 2470 3381 ut
2516 3327 2916 3397 paenitentiam
2961 3333 3116 3399 agat,
3185 3332 3242 3383 et
3315 3329 3617 3400 disperdat

1966 3414 2334 3486 iniquitatem
2368 3415 2439 3470 de
2469 3415 2640 3471 corde
2658 3432 2785 3472 suo.
2815 3416 2941 3472 Non
2974 3416 3132 3472 enim
3172 3416 3338 3485 dixit,
3401 3423 3464 3472 ut
3511 3418 3615 3474 ab-

1960 3502 2218 3574 jiciatur,
2252 3504 2354 3560 sed
2389 3507 2454 3558 ut
2483 3502 2759 3559 salvetur.

2567 3592 2898 3649 PSALMUS
2938 3594 3024 3647 CI.

1971 3682 2450 3756 Oratiopcuperis
2486 3697 2610 3736 cum
2638 3685 2994 3756 anxiamtuf,
3026 3687 3080 3738 et
3123 3685 3182 3738 in
3203 3693 3490 3756 conspectu
3518 3686 3625 3741 Do-

2043 3751 2465 3828 miui’funderet
2487 3769 2701 3828 precem
2728 3754 3055 3828 suam._lste
3084 3751 3356 3826 psalmus
3379 3757 3436 3811 in
3462 3757 3623 3828 prin-

2043 3822 2192 3908 cipio
2217 3839 2424 3908 vo‘cem‘
2447 3822 2740 3906 prophetae
2770 3822 3121 3908 continetek
3149 3845 3403 3908 persona
3423 3822 3627 3908 pecca-

2041 3885 2222 4020 toris;
2257 3895 2389 3949 dein
2412 3885 2628 3950 lausin
2664 3912 2731 3951 ea
2770 3896 3056 3952 Dominici
3079 3885 3337 3954 no‘minis
3368 3885 3626 3953 centius-

2072 3983 2160 4020 ur.

2072 3983 2160 4020 UP.

2044 4077 2071 4103 ‹‹
2106 4053 2351 4109 Domine
2390 4055 2596 4110 exaudi
2647 4055 2972 4111 orationem
3020 4072 3239 4126 meam,
3270 4079 3297 4105 ››
3329 4061 3438 4111 etc.
3483 4058 3628 4122 Quia

1973 4143 2042 4198 de
2072 4146 2192 4198 toto
2216 4143 2388 4198 corde
2418 4143 2729 4214 profertur.

2045 4255 2072 4281 «
2108 4231 2231 4287 Non
2265 4236 2490 4286 avertas
2519 4231 2725 4291 faciem
2781 4237 2943 4287 tuam
2977 4250 3010 4288 a
3040 4249 3151 4289 me.
3183 4256 3209 4281 »
3262 4234 3321 4289 Si
3380 4235 3514 4306 quis
3562 4235 3620 4289 in

1972 4320 2145 4374 corde
2185 4319 2405 4374 mundo
2435 4324 2580 4384 orat,
2613 4324 2668 4374 et
2692 4337 2807 4375 non
2843 4322 3108 4392 arguitur
3151 4340 3258 4378 sua
3316 4325 3622 4380 conscien-

1973 4406 2090 4460 tia:
2121 4405 2228 4460 hoc
2261 4411 2449 4476 potest
2479 4405 2702 4462 dicere:
2755 4410 3032 4464 Peccator
3083 4411 3239 4465 enim
3291 4428 3404 4466 non
3447 4411 3625 4467 audet

1975 4496 2204 4550 dicere:
2261 4515 2288 4543 ‹‹
2319 4494 2443 4549 Non
2494 4499 2719 4552 avertas
2778 4496 2982 4552 faciem
3043 4503 3203 4554 tuam
3239 4517 3273 4554 a
3304 4517 3416 4569 me,
3441 4524 3467 4549 ››
3517 4501 3618 4556 sed

284 4598 314 4625 «
359 4570 767 4628 Detrahentem
828 4569 1090 4642 proximo
1155 4588 1282 4641 suo,
1342 4572 1496 4628 h'unc
1553 4590 1866 4647 perseque-
1901 4604 1944 4668 Ι)
1979 4583 2166 4655 magis
2195 4582 2370 4638 dicit:
2406 4587 2612 4640 Averte
2645 4585 2850 4640 faciem
2891 4590 3054 4642 tuam
3086 4605 3119 4643 a
3149 4590 3403 4659 peccatis
3453 4590 3622 4646 meis.

209 4665 344 4720 bar.
377 4684 406 4710 ››
440 4660 740 4715 lntantum
772 4675 887 4716 non
911 4663 1138 4732 Oportet
1166 4661 1492 4717 consentire
1519 4663 1868 4721 detrahenti.

210 4758 280 4808 ut
301 4751 486 4808 etiam
517 4753 804 4821 quantum
833 4750 892 4804 in
923 4749 1092 4813 nobis
1120 4753 1209 4804 est
1229 4765 1654 4822 persequamur
1674 4753 1873 4820 talem,

209 4839 592 4915 providentes
622 4839 682 4894 in
712 4843 959 4910 utroque
990 4837 1323 4906 utilitatem,
1371 4843 1434 4894 ut
1477 4857 1580 4896 nec
1626 4841 1879 4898 libenter

210 4930 566 4997 audiamus,
598 4944 701 4984 nec
735 4926 902 4983 illum
935 4927 1348 5000 permittamus
1378 4945 1638 5000 peccare.
1691 4933 1878 4988 Tanta

209 5019 382 5076 enim
414 5017 697 5072 distantia
752 5022 841 5074 est
897 5018 1050 5072 inter
1105 5017 1512 5084 fornicantem,
1573 5024 1628 5075 et
1678 5021 1876 5078 detra-

208 5109 464 5165 hentem
489 5123 504 5162 :
528 5110 594 5160 ut
622 5104 721 5161 ille
745 5105 847 5176 qui
872 5105 1209 5176 fornicatur,
1243 5123 1306 5162 se
1335 5111 1569 5163 tantum
1609 5109 1872 5166 occidat:

214 5197 320 5253 ille
354 5199 557 5251 autem
590 5195 689 5266 qui
722 5193 1000 5262 detrahit,
1033 5197 1088 5250 et
1117 5212 1179 5251 se
1227 5200 1285 5251 et
1342 5195 1507 5252 illum
1567 5199 1668 5269 qui
1714 5200 1876 5255 audit

214 5287 556 5356 demergat.

291 5399 314 5424 ι
354 5373 618 5446 Superbo
652 5372 840 5439 oculo,
872 5376 928 5434 et
965 5373 1286 5429 insatiabili
1340 5376 1532 5443 corde,
1585 5393 1716 5432 cum
1765 5378 1873 5434 hoc

209 5449 638 5523 non'edebam.
676 5486 704 5511 ››
736 5461 796 5517 Si
822 5462 956 5534 quis
994 5467 1120 5518 erat
1151 5465 1440 5536 superbus
1489 5471 1592 5522 aut
1638 5484 1871 5538 avarus,

209 5571 358 5614 cum
394 5553 503 5608 hoc
535 5551 771 5624 penitus
801 5568 916 5607 non
947 5552 1210 5609 edebam.

287 5668 319 5698 ‹‹
359 5640 527 5699 Oculi
561 5640 673 5696 mei
705 5657 884 5714 super
911 5640 1112 5698 ﬁdeles
1135 5645 1319 5713 terrae,
1354 5648 1420 5700 ut
1465 5647 1708 5704 sedeant
1751 5664 1871 5706 me-

549 5767 812 5830 PATROL.
860 5768 1081 5834 XXVI.

1984 4696 2011 4721 «
2047 4673 2109 4727 In
2137 4688 2483 4743 quacunque
2531 4673 2625 4728 die
2673 4673 2949 4743 tribulor,
2995 4675 3211 4731 inclina
3264 4678 3334 4731 ad
3389 4694 3481 4733 me
3533 4695 3632 4734 au-

1987 4777 2108 4816 rem
2133 4765 2291 4816 tuam
2321 4779 2332 4816 :
2363 4763 2420 4816 In
2455 4778 2805 4834 quacunque
2837 4763 2929 4819 die
2970 4764 3309 4821 invocavero
3356 4771 3432 4833 te,
3478 4767 3636 4822 velo-

1985 4849 2128 4905 citer
2157 4849 2364 4904 exaudi
2398 4865 2508 4904 me.
2537 4872 2564 4898 ››
2597 4850 2704 4906 Pro
2737 4853 3125 4922 praesentibus
3157 4855 3453 4925 pressuris
3485 4861 3632 4926 orat,

1985 4943 2051 4992 ut
2079 4937 2262 4993 abhis
2287 4938 2780 5010 contemplatione
2811 4941 3009 4996 divina
3037 4942 3342 5012 eripiatur.

2057 5051 2085 5078 ‹‹
2118 5028 2265 5093 Quia
2286 5027 2624 5083 defecerunt
2654 5029 2807 5084 sicut
2831 5029 3029 5085 fumus
3062 5031 3186 5088 dies
3219 5018 3353 5087 mei.
3382 5056 3409 5081 ››
3458 5036 3539 5088 Ac
3587 5034 3638 5090 si

1986 5115 2168 5172 dicat.
2206 5115 2536 5172 Infantulus
2569 5117 2674 5183 fui,
2706 5123 2762 5172 et
2793 5118 2932 5173 dum
2971 5120 3186 5192 nescio,
3211 5122 3340 5176 veni
3391 5121 3448 5176 in
3473 5123 3637 5193 juve-

1985 5203 2163 5260 nilem
2195 5209 2446 5275 aetatem,
2481 5210 2537 5260 et
2567 5205 2780 5261 iterum
2812 5207 2871 5261 in
2902 5209 3218 5278 perfectam
3279 5214 3529 5282 aetatem,
3576 5215 3632 5267 et

1985 5293 2125 5348 dum
2158 5293 2374 5360 nescio,
2433 5295 2621 5350 senui.
2664 5315 2691 5344 «
2726 5295 2790 5350 Et
2841 5297 3175 5352 defecerunt
3217 5299 3373 5354 sicut
3431 5301 3628 5356 fumus

1983 5382 2108 5438 dies
2139 5383 2274 5438 mei.
2303 5406 2330 5431 ››
2361 5383 2606 5447 Quidam
2641 5387 2836 5439 autem
2869 5391 3079 5457 putant
3110 5403 3171 5442 se
3229 5405 3358 5445 esse
3405 5389 3624 5462 sempi-

1982 5477 2201 5539 ternos,
2233 5477 2290 5528 et
2342 5478 2711 5544 perseverant
2757 5473 2816 5529 in
2867 5492 2973 5531 suo
3026 5484 3284 5548 peccato.
3324 5503 3350 5530 α
3385 5483 3452 5535 Et
3493 5495 3627 5533 ossa

1982 5577 2114 5617 mea
2143 5563 2294 5618 sicut
2325 5563 2608 5618 cremium
2639 5569 2995 5620 aruerunt.»
3045 5570 3190 5624 Ossa
3248 5569 3389 5623 dicit
3437 5568 3626 5640 ipsam

1980 5650 2409 5710 fortitudinem.
2474 5652 2534 5708 Si
2583 5667 2720 5740 ergo
2748 5655 2904 5727 quod
2955 5657 3129 5714 estin
3175 5675 3269 5714 me
3299 5659 3466 5730 forte,
3519 5657 3628 5714 hoc

3239 5785 3317 5844 38
