3976 6188
357 330 508 388 1195

1845 322 2262 382 APPENDIX.

3601 329 3767 386 “96

354 460 526 529 aruit,
558 455 936 514 etinﬁrmum
960 456 1180 511 factum
1210 458 1329 510 est:
1363 457 1583 526 quanto
1623 452 1811 525 magis
1869 469 1993 524 quae
2023 455 2074 520 Α
2109 467 2244 525 ergo
2266 454 2364 526 qui
2397 455 2516 525 agit
2540 455 2941 527 paenitentiam
2970 474 2982 512 :
3017 456 3295 528 quoniam
3330 457 3491 513 venit
3522 462 3765 529 tempus

354 566 458 622 per
478 552 750 604 naturam
781 546 1017 601 infirma
1047 548 1135 600 est
1164 544 1339 599 caro?

426 662 452 688 «
483 639 806 694 Percussus
836 651 968 690 sum
990 637 1054 688 ut
1085 633 1307 701 fenum,
1327 636 1383 688 et
1413 632 1566 688 aruit
1596 648 1694 687 cor
1719 647 1938 687 meum.
1965 654 1993 680 »

352 728 513 784 Sicut
550 731 607 782 et
637 725 776 782 alibi
829 724 1112 796 scriptum
1171 727 1288 778 est:
1353 722 1536 777 Homo
1594 722 1748 777 sicut
1795 721 1995 776 fenum

354 817 480 874 dies
511 816 658 888 ejus.
691 813 785 869 Sic
827 813 982 869 enim
1034 813 1155 867 vita
1201 811 1506 866 hominum
1560 809 1724 878 viret,
1779 815 1834 866 et
1882 809 1994 866 cito

356 904 586 962 arescit.
634 927 662 954 ‹‹
696 904 842 970 Quia
897 902 1114 958 oblitus
1169 917 1301 956 sum
1361 900 1715 955 manducare
1783 914 1992 970 panem

355 1009 624 1049 meum.»
674 993 799 1048 Non
853 991 1016 1061 dixit,
1075 1007 1190 1045 non
1251 987 1574 1044 desideravi
1617 988 1992 1056 manducare,

355 1087 457 1138 aut
487 1081 810 1152 contempsi
860 1080 1234 1136 manducare.
1299 1079 1596 1133 Intantum
1645 1076 1789 1132 mihi
1839 1075 1995 1131 venit

352 1170 637 1227 memoria
668 1171 1036 1240 peccatorum
1071 1183 1358 1234 meorum,
1395 1171 1452 1221 et
1482 1165 1657 1220 talem
1707 1165 1994 1237 poeniten-

355 1261 496 1316 tiam
519 1259 631 1331 egi,
663 1262 728 1313 ut
756 1257 932 1314 etiam
986 1255 1355 1312 obliviscerer
1402 1256 1788 1310 manducare:
1839 1253 1992 1308 desi-

352 1348 578 1405 derium
611 1347 710 1403 Dei
742 1347 985 1412 habens,
1017 1351 1073 1400 ct
1102 1345 1293 1418 ipsum
1319 1343 1510 1398 solum
1538 1343 1934 1397 cansiderans.

428 1460 456 1488 «
489 1443 532 1491 A
567 1453 704 1492 voce
733 1437 966 1509 genitus
1015 1434 1166 1489 mei:
1221 1431 1466 1487 adhaesit
1495 1449 1561 1486 os
1592 1448 1787 1486 meum
1831 1430 1992 1486 carni

355 1542 516 1582 meae.
542 1548 570 1575 »
609 1525 844 1581 Discant
874 1524 972 1595 qui
1003 1526 1186 1593 agunt
1233 1520 1659 1593 paenitentiam,
1702 1520 1992 1590 quomodo

354 1615 605 1670 debeant
655 1607 823 1685 agere
881 1609 1302 1683 pmnitentiam.
1354 1609 1440 1663 Ita
1493 1609 1650 1664 enim
1709 1608 1988 1663 exsiccavi

353 1702 766 1774 memetipsum
799 1705 864 1755 ut
893 1700 1018 1755 sine
1060 1715 1230 1754 carne
1260 1713 1473 1763 essem,
1519 1701 1575 1751 et
1618 1696 1799 1768 pelles
1853 1713 1990 1752 meae

350 1790 704 1847 cohaererent
730 1789 963 1845 ossibus
1003 1787 1168 1844 meis.
1201 1791 1444 1843 Carnem
1494 1803 1597 1858 pro
1647 1785 1794 1858 pelle
1825 1785 1988 1841 dixit.
2024 1825 2070 1890 Β

423 1905 451 1932 ‹‹
479 1880 703 1937 Similis
726 1881 914 1936 factus
944 1895 1075 1934 sum
1112 1878 1372 1949 pelicano
1398 1875 1756 1933 solitudinis.
1787 1898 1812 1926 ››
1870 1875 1993 1931 Duo

354 1986 569 2044 genera
597 1970 876 2026 dicuntur
904 1985 1032 2024 esse
1064 1968 1274 2022 horum
1306 1965 1650 2022 volatilium.
1699 1965 1890 2020 Unum
1934 1965 1992 2019 in

356 2059 527 2132 aquis
555 2064 664 2126 est,
695 2063 753 2115 et
781 2075 914 2114 esca
969 2058 1097 2128 ejus
1147 2056 1336 2128 pisces
1395 2058 1575 2111 sunt?
1623 2058 1679 2109 et
1707 2070 1890 2108 unum
1933 2054 1989 2107 in

360 2148 695 2220 solitudine,
728 2153 784 2204 et
834 2164 968 2203 esca
1014 2148 1143 2218 ejus
1189 2150 1472 2201 venenata
1529 2143 1825 2214 animalia,
1886 2143 1992 2198 hoc

360 2242 468 2310 est,
502 2242 823 2310 SCPPBDtrS,
855 2240 911 2291 et
948 2235 1244 2299 crocodili,
1303 2238 1360 2288 et
1406 2233 1652 2288 lacertae.
1717 2234 1995 2288 Dicuntur

353 2332 550 2382 autem
583 2326 697 2381 ista
733 2323 1015 2379 volatillia
1072 2324 1275 2378 Latine
1329 2322 1642 2378 onocrotali.
1710 2321 1794 2376 Illi
1855 2337 1990 2392 ergo

348 2412 564 2468 similis
595 2413 784 2467 factus
829 2428 962 2466 sum
996 2410 1096 2482 qui
1126 2416 1213 2464 est
1245 2410 1302 2464 in
1353 2410 1695 2465 solitudine:
1743 2410 1844 2481 qui
1896 2427 1990 2465 co-

349 2501 531 2557 medit
555 2503 835 2556 venenata
863 2498 1161 2566 animalia,
1192 2499 1302 2553 hoc
1333 2503 1440 2566 est,
1472 2515 1604 2554 esca
1636 2514 1764 2553 mea
1822 2499 1991 2569 quasi

347 2605 636 2647 venenum
672 2593 796 2645 erat
828 2589 992 2644 mihi.
1024 2611 1043 2638 α
1082 2589 1288 2643 Factus
1345 2604 1478 2642 sum
1527 2588 1679 2643 sicut
1737 2588 1989 2659 nyctico-

347 2696 449 2735 rax
476 2679 538 2734 in
569 2677 936 2735 domicilio.»
971 2677 1202 2733 Scimus
1232 2675 1371 2748 quia
1401 2693 1605 2731 corvus
1658 2675 1823 2747 niger
1867 2680 1986 2731 est:

347 2773 405 2826 et
433 2768 582 2824 nihil
612 2767 788 2824 habet
817 2767 876 2823 in
908 2783 970 2823 se
999 2766 1221 2822 album.
1248 2743 1649 2838 ifyperbolice
1677 2743 1859 2820 vdluit
1901 2764 1989 2819 di-

348 2875 514 2915 cere:
554 2858 711 2931 quia,
751 2880 772 2907 c
808 2857 1018 2913 Factus
1067 2872 1200 2911 sum
1248 2855 1400 2910 sicut
1442 2853 1790 2926 nycticorax.
1821 2876 1848 2903 ››
1898 2854 1992 2908 Sic

347 2961 483 3018 ergo
508 2945 569 3000 in
619 2945 713 3001 die
761 2945 926 3017 niger
971 2948 1098 3000 est:
1160 2947 1378 3015 quanto
1437 2942 1624 3015 magis
1672 2943 1732 2997 in
1781 2945 1994 2997 nocte?

347 3037 438 3092 Sic
467 3052 602 3109 ergo
626 3036 814 3092 factus
839 3050 970 3090 sum
1000 3037 1235 3105 propter
1280 3035 1517 3104 peccata
1547 3048 1695 3098 mea,
1749 3036 1990 3088 memet-

346 3129 544 3201 ipsum
575 3125 972 3181 considerans.

2105 541 2388 598 salvandi.
2450 543 2782 600 Misericors
2833 549 2923 600 est
2979 546 3133 602 enim
3194 545 3483 603 Dominus

2106 648 2311 698 Lxxvn,
2343 633 2414 686 38
2443 641 2498 687 et
2527 634 2668 687 Eccl.
2702 651 2765 704 II,
2798 634 2906 704 13).

2175 743 2202 768 ‹‹
2237 721 2520 786 Quoniam
2553 721 2899 793 placuerunt
2926 721 3106 778 servis
3135 725 3257 779 tuis
3288 723 3526 796 lapides
3557 727 3707 797 ejus.
3734 749 3759 776 ιι

2106 809 2353 881 Lapides
2385 811 2570 866 sancti
2599 815 2755 866 sunt.
2786 811 2964 868 Terra
2992 817 3210 880 autem,
3241 813 3352 868 hoc
3379 818 3498 883 est,
3566 833 3758 887 pecca-

2103 901 2278 968 tores,
2349 899 2748 956 misericordia
2800 901 3033 956 Domini
3087 901 3373 974 indigent.
3416 928 3444 951 α
3480 908 3555 958 Et
3606 910 3756 961 terra

2102 986 2227 1056 ejus
2259 988 2712 1044 miserebuntur.
2751 1013 2778 1039 ››
2839 989 2906 1045 Ut
2955 991 3210 1046 fructum
3263 991 3557 1048 exhibeat
3610 1011 3760 1050 sanc-

2102 1075 2310 1130 titatis.

2175 1188 2202 1214 ‹‹
2236 1166 2550 1222 Timebunt
2578 1171 2780 1238 gentes
2834 1184 3047 1223 nomen
3097 1169 3371 1225 Domini:
3435 1175 3500 1226 et
3565 1188 3760 1229 omnes

2103 1269 2266 1324 reges
2298 1258 2463 1310 terra:
2492 1255 2736 1326 gloriam
2768 1261 2951 1313 tuam.
2987 1279 3012 1306 ››
3036 1259 3172 1322 Qua
3205 1259 3370 1330 prius
3425 1259 3595 1314 idola
3647 1279 3764 1316 me-

2104 1342 2363 1412 tuebant,
2395 1349 2452 1398 et
2480 1345 2898 1400 daemoniorum
2924 1347 3162 1401 nomina
3180 1345 3551 1404 invocabant
3575 1367 3592 1406 :
3615 1367 3760 1406 nunc

2103 1449 2315 1488 nomen
2346 1438 2514 1489 tuum
2548 1442 2899 1491 venerentur
2929 1441 2984 1490 et
3013 1436 3284 1494 timeant.

2177 1545 2203 1571 ‹‹
2240 1522 2387 1586 Quia
2445 1524 2757 1579 zedificabit
2815 1525 3098 1580 Dominus
3155 1525 3374 1580 Sion.»
3437 1527 3758 1586 Ecclesiam

2101 1627 2270 1666 suam
2331 1629 2508 1683 super
2561 1614 3008 1670 fundamentum
3069 1615 3476 1687 apostolorum
3531 1623 3594 1672 et
3640 1634 3759 1690 pro~

2100 1700 2450 1771 phetarum:
2514 1723 2542 1751 «
2574 1703 2641 1756 Et
2686 1702 2977 1758 videbitur
3024 1702 3082 1757 in
3133 1702 3318 1776 gloria
3363 1722 3503 1761 sua.
3540 1730 3572 1756 »
3627 1707 3759 1761 Cum

2101 1805 2273 1844 omne
2345 1807 2559 1862 corpus
2653 1790 3060 1864 glorificaverit
3142 1793 3213 1848 ad
3297 1793 3759 1851 similitudinem

2101 1877 2378 1949 imaginis
2409 1879 2608 1951 gloriae
2641 1897 2781 1936 suis.

2174 1989 2200 2015 ‹‹
2235 1967 2304 2021 Et
2343 1967 2594 2038 respexit
2641 1969 2700 2023 in
2749 1969 3071 2025 orationem
3117 1969 3480 2028 humilium:
3537 1979 3598 2030 et
3647 1993 3755 2031 non

2102 2055 2320 2126 sprevit
2349 2071 2551 2127 preces
2581 2072 2802 2112 eorum.
2832 2079 2859 2106 »
2891 2058 2997 2113 Sed
3029 2059 3282 2115 adventu
3325 2077 3440 2117 suo
3497 2063 3756 2119 visitavit

2104 2145 2421 2200 mundum:
2457 2146 2555 2217 qui
2586 2145 2725 2201 olim
2759 2147 3216 2206 desiderabatur.

2173 2257 2200 2282 «
2237 2234 2582 2290 Scribantur
2631 2234 2753 2291 haec
2812 2235 2871 2290 in
2950 2237 3320 2308 generatione
3389 2240 3651 2298 altera.»
3697 2243 3755 2298 lu

2105 2323 2258 2379 Novo
2315 2327 2702 2379 Testamento.
2747 2347 2775 2374 «
2811 2329 2876 2378 Et
2932 2326 3182 2397 populus
3253 2330 3357 2400 qui
3439 2332 3756 2396 creabitur,

2101 2411 2364 2467 laudabit
2394 2413 2782 2483 Dominum.»
2818 2413 3186 2471 Christianus
3209 2418 3444 2489 utique,
3468 2423 3582 2492 qui
3606 2422 3760 2495 prius

2102 2500 2353 2572 peccatis
2383 2506 2674 2569 mortuus,
2709 2502 2769 2557 in
2800 2519 2866 2558 eo
2887 2509 2976 2558 est
3004 2508 3316 2561 recreatus.

2175 2610 2203 2639 ‹‹
2234 2589 2380 2653 Quia
2408 2589 2704 2662 prospexit
2741 2591 2810 2645 de
2842 2591 3066 2647 excelso
3097 2598 3300 2649 sancto
3351 2611 3465 2652 suo
3494 2613 3508 2650 :
3571 2598 3766 2654 Domi-

2100 2695 2212 2732 nus
2236 2679 2307 2732 de
2337 2678 2480 2733 ccelo
2511 2679 2568 2732 in
2600 2683 2815 2734 terram
2847 2681 3092 2752 aspexit.
3128 2681 3199 2736 Ut
3226 2683 3464 2741 audiret
3493 2689 3763 2759 gemitus

2100 2767 2582 2838 compeditorum,
2644 2773 2710 2823 ut
2760 2768 2944 2825 solvat
3000 2770 3151 2827 ﬁlios
3200 2771 3768 2846 interemptorum...

2102 2855 2374 2928 Respexit
2431 2861 2495 2911 ut
2553 2857 2948 2913 misereretur.
3010 2858 3322 2916 Descendit
3365 2868 3427 2918 ut
3481 2863 3767 2936 vincula,

2101 2945 2317 3017 quibus
2349 2945 2478 3001 nexi
2500 2962 2754 3015 eramus,
2786 2947 3126 3005 absolveret.
3715 3001 3726 3006 _

2173 3057 2200 3085 «
2237 3035 2308 3090 Ut
2338 3035 2688 3090 annuntient
2716 3036 2777 3090 in
2803 3036 2941 3092 Sion
2970 3053 3181 3093 nomen
3212 3039 3471 3108 Domini,
3529 3049 3591 3098 et
3639 3044 3763 3100 lau-

2103 3124 2236 3194 dem
2265 3124 2394 3194 ejus
2425 3125 2485 3179 in
2517 3124 2914 3181 Jerusalem.»
2945 3126 3188 3199 Semper
3235 3128 3430 3185 bonus
3486 3135 3762 3196 nuntius.

3582 552 3761 616 (Psal.

421 3241 451 3269 «
483 3215 629 3284 Quia
664 3214 917 3270 cinerem
962 3217 1243 3284 tanquam
1303 3225 1515 3283 panem
1574 3209 1989 3265 manducavi.»
2023 3194 2064 3261 C
2104 3230 2252 3269 nova
2281 3213 2512 3269 exhibet
2549 3214 2781 3285 gaudia,
2843 3214 2998 3270 sicut
3047 3194 3290 3288 angelus
3341 3219 3420 3273 ad
3471 3194 3761 3278 Mariam:

349 3309 412 3365 In
445 3309 700 3364 cinerem
731 3303 1092 3376 intingebam
1119 3317 1328 3374 panem
1371 3316 1596 3354 meum:
1645 3304 1703 3354 et
1751 3299 1833 3354 sic
1896 3315 1992 3354 co-

348 3397 674 3454 medebam.
707 3395 766 3449 Si
798 3410 934 3466 ergo
983 3390 1270 3464 Propheta
1323 3388 1431 3444 hoc
1479 3389 1642 3456 dicit,
1698 3405 1802 3443 nos
1851 3389 1990 3459 quid

349 3486 642 3542 iacimus?
677 3483 796 3538 «Et
826 3480 1098 3554 poculum
1148 3495 1346 3534 meum
1398 3494 1533 3534 eum
1591 3477 1729 3533 ﬂetu
1780 3477 1989 3534 misce-

343 3577 500 3629 bam.
533 3594 560 3625 »
594 3570 750 3626 Nihil
780 3571 924 3626 mihi
974 3575 1096 3626 erat
1155 3585 1352 3637 suave,
1402 3583 1592 3639 neque
1649 3565 1839 3638 panis,
1887 3583 1985 3622 ne-

341 3679 455 3734 que
485 3659 793 3734 poculum:
830 3660 927 3714 sed
959 3662 1188 3714 tantum
1223 3658 1513 3713 caelestem
1573 3673 1779 3728 panem
1831 3657 1986 3711 desi-

343 3750 641 3817 derabam,
664 3747 722 3802 id
753 3751 841 3803 est
869 3747 1187 3801 Christum.

415 3865 443 3891 ‹‹
478 3845 526 3894 Α
557 3838 701 3895 tacie
733 3836 830 3892 iraa
860 3835 1284 3907 indignationis
1321 3839 1505 3888 tuae.»
1538 3835 1606 3890 Et
1637 3835 1758 3891 haec
1789 3835 1988 3891 omnia

341 3930 648 3997 faciebam,
674 3926 1050 3984 considerans
1079 3923 1392 3979 adventum
1424 3929 1593 3977 tuum
1626 3929 1683 3978 et
1723 3925 1984 3979 futurum

336 4019 648 4093 judicium.
674 4040 702 4066 ‹‹
725 4015 872 4081 Quia
889 4013 1122 4071 elevans
1153 4011 1385 4068 allisisti
1418 4027 1525 4066 me.
1548 4034 1575 4060 ››
1625 4012 1741 4066 lloc
1791 4013 1989 4068 dicant

345 4110 446 4183 qui
477 4107 791 4179 aliquando
823 4107 1059 4161 fuerunt
1088 4102 1296 4170 sancti,
1328 4107 1387 4157 et
1414 4101 1767 4156 ceciderunt.
1818 4102 1985 4156 Exal-

341 4200 449 4254 tati
506 4198 662 4254 enim
704 4200 762 4250 in
815 4193 1152 4261 virtutibus,
1210 4195 1412 4263 postea
1461 4190 1815 4246 ceciderunt.
1896 4192 1984 4248 Si-

344 4287 578 4360 quidem
620 4284 807 4340 sancti
837 4283 1071 4338 dicunt:
1105 4281 1243 4353 quia
1296 4280 1528 4336 elevans
1587 4279 1825 4336 tenuisti
1870 4297 1980 4339 me.

415 4374 613 4432 «Dies
668 4373 780 4429 mei
839 4372 990 4428 sicut
1074 4371 1282 4426 umbra
1345 4369 1855 4425 declinaverunt.»
1925 4371 1985 4426 Si

337 4467 485 4537 dies,
518 4468 739 4537 quanto
790 4462 979 4534 magis
1037 4460 1276 4515 noctes?
1328 4458 1438 4514 hoc
1495 4463 1604 4525 est,
1661 4459 1710 4514 si
1764 4460 1983 4530 lumen,

2099 3303 2359 3373 Spiritus,
2419 3301 2630 3373 inquit,
2687 3308 2909 3357 sanctus
2954 3306 3300 3375 superveniet
3357 3309 3422 3360 in
3489 3318 3550 3364 te
3617 3313 3759 3381 (Lac.

2101 3407 2140 3460 ι,
2171 3391 2282 3458 35).
2317 3391 2386 3444 Et
2442 3389 2654 3446 iterum
2701 3392 3036 3463 pastoribus
3065 3410 3095 3447 :.
3132 3393 3265 3449 Ecce
3317 3412 3420 3466 ego
3481 3404 3762 3456 annuntio

2097 3478 2413 3534 vobishodie
2442 3478 2712 3548 gaudium
2741 3495 3040 3549 magnum:
3085 3485 3216 3553 quia
3260 3489 3438 3540 natus
3484 3498 3576 3543 es:
3618 3490 3761 3545 vobis

2102 3566 2352 3622 Salvator
2377 3567 2536 3638 (Ibid.
2573 3585 2635 3632 11,
2669 3568 2779 3638 10).
2815 3568 2909 3624 Sic
2937 3575 2994 3624 et
3049 3588 3204 3626 nunc
3256 3572 3317 3628 in
3381 3575 3528 3631 Sion
3563 3578 3656 3634 vel
3705 3581 3759 3635 in

2098 3654 2422 3710 Jerusalem
2453 3657 2789 3712 nuntiatur:
2824 3658 2965 3728 quia
2997 3663 3168 3714 natus
3226 3667 3318 3716 est
3371 3662 3436 3718 in
3483 3668 3668 3722 terris
3712 3669 3756 3721 is

2099 3745 2199 3816 qui
2231 3745 2452 3800 mundo
2484 3745 2735 3816 peccatis
2767 3751 2997 3802 mortuo
3028 3747 3205 3803 vitam
3235 3750 3500 3809 aﬂ‘erret.

2176 3854 2198 3882 α
2230 3834 2294 3889 In
2326 3834 2721 3890 conveniendo
2777 3835 3026 3907 populos
3084 3837 3142 3892 in
3202 3855 3434 3897 unum:
3485 3849 3550 3898 et
3599 3862 3755 3916 reges

2097 3928 2163 3979 ut
2192 3923 2448 3979 serviant
2478 3923 2741 3979 Domino.
2771 3947 2791 3972 ιι
2828 3924 3184 3982 Convenient
3214 3927 3271 3982 in
3321 3945 3444 3986 una
3491 3935 3754 3989 creduli-

2094 4017 2232 4082 tate,
2265 4017 2329 4068 ut
2358 4012 2613 4068 serviant
2634 4013 3027 4086 Redemptori.

2171 4122 2195 4150 ι
2230 4102 2550 4173 Respondit
2595 4101 2646 4158 ei
2729 4103 2787 4158 in
2852 4102 3084 4160 virtutis
3154 4123 3312 4163 suae:
3388 4111 3758 4180 paucitatem

2097 4189 2323 4244 dierum
2355 4205 2620 4244 meorum
2666 4190 2873 4245 nuntia
2899 4190 3064 4248 mihi.
3089 4214 3118 4243 ››
3170 4194 3485 4268 Respondit
3535 4196 3757 4255 Domi-

2097 4293 2208 4332 nus
2238 4276 2564 4332 Jerusalem
2599 4278 2658 4333 in
2689 4278 2782 4334 die
2812 4278 3062 4351 virtutis,
3097 4281 3154 4336 id
3188 4288 3298 4350 est,
3334 4299 3470 4340 cum
3497 4286 3580 4341 ad
3621 4304 3758 4360 pas-

2095 4367 2320 4423 sionem
2343 4367 2674 4423 accederet:
2709 4372 2766 4423 et
2795 4371 3168 4425 annuntiavit
3224 4373 3591 4444 paucitatem
3635 4378 3755 4432 die-

2095 4473 2226 4510 rum
2258 4473 2520 4526 suorum,
2555 4457 2780 4512 dicens:
2835 4459 2980 4526 Quia
3034 4463 3254 4516 venient
3298 4463 3416 4518 dies
3461 4481 3599 4521 cum
3646 4469 3755 4522 cir-

340 4559 560 4630 quanto
615 4552 802 4624 magis
860 4548 1158 4605 tenebrae?
1218 4569 1247 4598 ‹‹
1282 4549 1348 4603 Et
1405 4564 1510 4620 ego
1571 4548 1725 4603 sicut
1785 4549 1982 4605 fenum
2015 4564 2060 4628 D
2092 4545 2436 4600 cumdaberis
2473 4545 2539 4599 ab
2589 4547 2837 4601 inimicis
2891 4556 2946 4602 et
2993 4550 3369 4606 eradicaberis
3421 4554 3584 4623 (Luc.
3645 4573 3753 4620 xxx,

338 4645 488 4702 arui.
517 4666 546 4693 »
579 4641 864 4708 Quoniam
899 4639 1053 4694 sicut
1081 4637 1303 4704 fenum,
1335 4637 1418 4692 sic
1445 4637 1760 4708 pertransit
1785 4637 1980 4704 homo,

337 4739 398 4790 et
428 4733 683 4790 siccatur

412 4847 432 4872 σ
470 4823 556 4877 Tu
589 4833 930 4891 exsurgens,
963 4814 1329 4872 misereberis
1360 4815 1519 4871 Sion.
1546 4836 1573 4866 ››
1609 4816 1688 4869 Ex
1714 4815 1824 4870 hoc
1853 4832 1978 4870 ver-

336 4909 520 4965 siculo
552 4906 929 4964 maniiestum
961 4908 1048 4960 est
1079 4903 1229 4975 quod
1257 4918 1325 4957 ex
1345 4918 1594 4974 persona
1609 4901 1745 4956 Sion
1770 4901 1980 4957 ductus

336 5002 427 5054 est
463 4999 573 5053 iste
605 4995 902 5069 psalmus;
955 4998 1013 5049 et
1068 5009 1183 5048 non
1229 5006 1298 5046 ex
1354 5007 1602 5063 persona
1660 4990 1974 5062 prophetae.

339 5086 474 5143 Sion
508 5090 701 5141 autem
727 5089 816 5140 est
844 5100 969 5155 quae
1018 5083 1075 5137 in
1127 5079 1362 5152 specula
1411 5079 1738 5150 positaest,
1798 5083 1856 5134 et
1912 5095 1980 5135 ea

338 5191 465 5246 quis
494 5173 728 5230 venient
758 5174 828 5228 de
855 5173 1021 5244 longe
1052 5169 1433 5243 prospiciens.
1473 5170 1598 5223 Haec
1629 5184 1766 5240 ergo
1817 5169 1975 5223 Sion.

337 5279 464 5335 quis
495 5260 556 5315 in
579 5261 696 5316 alta
727 5261 918 5333 posita
971 5263 1078 5329 est,
1138 5259 1197 5312 in
1250 5256 1502 5312 sublime
1560 5256 1786 5310 cecidit.
1841 5258 1978 5326 Ergo

335 5353 432 5425 qui
457 5353 584 5415 stat,
619 5350 801 5404 videat
827 5366 896 5405 ne
942 5348 1102 5404 cadat
1154 5349 1198 5419 (Ι
1229 5347 1348 5402 Cor.
1381 5363 1436 5414 x,
1491 5345 1596 5416 12).
1655 5346 1797 5412 Quia
1839 5353 1975 5400 tem-

327 5457 434 5516 pus
454 5438 755 5497 miserendi
792 5440 935 5509 ejus:
994 5438 1127 5509 quia
1177 5437 1326 5490 venit
1383 5439 1610 5505 tempus.
1670 5435 1784 5488 Aut
1841 5450 1975 5505 pro-

332 5537 461 5606 pter
490 5526 889 5604 poenitentiam
924 5531 1159 5598 tempus
1199 5529 1287 5580 est
1333 5523 1679 5579 miserandi:
1742 5528 1844 5578 aut
1886 5540 1975 5580 se-

330 5621 590 5681 cundum
650 5618 963 5677 adventum
1003 5613 1316 5676 Salvatoris
1354 5612 1662 5686 significat.
1716 5612 1978 5671 Confidat

2092 4635 2202 4704 43),
2234 4639 2291 4689 et
2322 4633 2567 4704 reliqua.

2163 4745 2191 4773 ‹‹
2229 4724 2294 4777 Et
2312 4739 2384 4778 ne
2424 4739 2654 4779 revoces
2679 4739 2773 4780 me
2805 4725 2863 4780 in
2895 4726 3140 4786 dimidio
3168 4729 3406 4786 diorum
3443 4749 3750 4790 meorum:

2089 4811 2148 4866 in
2181 4813 2551 4884 generatione
2581 4817 2637 4868 et
2664 4815 3100 4884 generationem
3147 4819 3283 4875 anni
3336 4821 3451 4876 tui.
3474 4841 3503 4871 ι
3565 4822 3750 4895 Iniqui

2091 4918 2196 4958 nec
2227 4901 2536 4956 dimidiant
2565 4902 2690 4958 dies
2720 4905 2890 4974 (Psal.
2926 4923 3038 4974 LIV,
3061 4908 3174 4975 24).
3237 4908 3350 4963 iste
3398 4927 3556 4967 vero
3609 4920 3746 4981 orat,

2090 4995 2156 5045 ut
2193 5006 2310 5044 non
2343 4994 2643 5046 revocetur
2673 5008 2705 5047 a
2727 4992 3026 5050 domicilio
3061 4996 3316 5063 dierum,
3338 4997 3574 5055 scilicet
3597 5006 3660 5056 ut
3677 5002 3749 5056 ad

2090 5080 2411 5151 perfectum
2455 5079 2694 5136 veniens
2741 5081 2932 5138 virum
2987 5086 3351 5156 perennitate
3407 5093 3748 5162 temporum

2089 5184 2223 5222 cum
2258 5167 2499 5222 Domino
2518 5169 2875 5240 perfruatur.

2159 5255 2383 5312 «Initio
2417 5257 2790 5329 tu,Domine,
2851 5265 3066 5316 terram
3121 5264 3404 5334 fundasti,
3455 5272 3516 5322 et
3561 5283 3742 5340 opera

2088 5362 2370 5401 manuum
2402 5350 2638 5401 tuarum
2669 5353 2810 5403 sunt
2838 5348 2986 5405 caeli.
3015 5373 3043 5400 ››
3071 5352 3234 5408 Sicut
3257 5354 3420 5410 enim
3469 5356 3532 5411 in
3583 5358 3740 5430 prin-

2086 5435 2236 5507 cipio
2266 5435 2379 5490 ista
2409 5436 2616 5490 creasti
2645 5454 2657 5490 :
2701 5437 2784 5492 ita
2813 5442 2870 5493 et
2916 5456 3074 5496 nunc
3103 5441 3191 5497 vel
3221 5447 3446 5500 terram
3478 5446 3739 5519 corporis

2086 5525 2268 5580 nostri
2309 5524 2368 5579 in
2415 5540 2628 5581 novum
2676 5541 2912 5598 reparas
2961 5528 3298 5588 hominem:
3350 5533 3443 5590 vel
3513 5540 3742 5592 mentes

2085 5617 2318 5671 nostras
2339 5611 2616 5670 caalorum
2651 5613 2933 5689 dignitate
2964 5621 3289 5694 componis.
3321 5621 3442 5682 Sed
3465 5623 3538 5681 de
3570 5622 3742 5697 prio-
