3976 6188
181 376 331 437 H97

1368 381 1862 441 BREVIAHIUM
1915 383 1988 440 IN
2040 383 2414 446 PSALMOS.

3437 389 3591 448 1198

180 509 345 564 ribus
375 507 536 564 ccelis
566 507 682 565 ait:
721 531 750 561 α
781 509 897 581 Ipsi
929 509 1222 581 peribunt,
1243 513 1318 565 .tu
1349 515 1547 567 autem
1591 526 1820 584 perma-
1849 514 1906 581 Α
1935 516 2263 570 Creatorem
2297 531 2398 586 pro
2429 519 2697 571 creatura
2744 532 2852 571 sua
2899 517 3246 590 sanguinem
3297 519 3542 576 fundere
3562 520 3591 575 ?

180 614 306 654 nes.
346 618 367 648 ι
400 597 578 652 Juxta
615 596 794 654 illud:
856 597 1076 654 Caelum
1126 602 1184 654 et
1239 602 1394 655 terra
1449 601 1826 658 transibunt:

176 687 353 743 verba
380 702 516 742 vero
538 702 667 743 mea
690 704 804 742 non
852 688 1235 759 praeteribunt
1285 689 1499 760 (Matth.
1532 706 1684 759 XXIV,
1717 690 1828 760 35).

180 799 209 826 ‹‹
240 775 310 831 Et
339 791 546 830 omnes
568 775 720 831 sicut
771 777 1189 833 vestimentum
1249 781 1626 834 veterascent.
1661 779 1728 832 Et
1757 778 1831 834 si-

183 867 282 920 cut
303 863 665 936 opertorium
697 864 954 920 mutabis
977 869 1159 931 eos,et
1181 867 1568 922 mutabuntur
1593 883 1605 920 :
1639 870 1702 921 tu
1726 883 1828 922 au-

182 956 303 1010 tem
334 953 490 1010 idem
521 954 646 1025 ipse
677 969 759 1020 es,
794 959 850 1009 et
879 953 1014 1010 anni
1045 955 1130 1010 tui
1167 972 1280 1010 non
1336 955 1628 1011 deficient.
1661 977 1690 1006 »
1711 961 1829 1011 Hoc

176 1047 286 1113 est,
315 1042 416 1114 qui
441 1058 571 1098 eras
602 1042 661 1097 in
684 1043 864 1111 ccelis,
902 1043 1097 1115 ipsum
1147 1047 1202 1100 te
1233 1045 1495 1099 ostendis
1545 1044 1600 1098 in
1634 1043 1826 1099 terris.

177 1131 338 1187 Idem
369 1131 428 1187 in
457 1135 622 1187 utero
651 1131 908 1204 Virginis
934 1149 946 1188 :
981 1132 1106 1205 ipse
1154 1133 1212 1188 in
1259 1133 1555 1188 infernum
1582 1133 1828 1189 descen-

177 1220 343 1275 dens.
376 1220 537 1276 Idem
569 1237 880 1294 resurgens
909 1239 943 1276 a
973 1222 1221 1278 mortuis
1247 1238 1259 1276 :
1285 1222 1410 1294 ipse
1433 1237 1734 1294 regressus
1765 1239 1827 1278 es

177 1309 236 1364 in
265 1307 498 1364 caelum.

249 1421 278 1447 ‹‹
313 1397 443 1453 Filii
475 1403 774 1454 servorum
808 1403 1044 1455 tuorum
1079 1399 1450 1455 habitabunt.
1491 1423 1511 1447 υ
1547 1399 1692 1463 Quia
1722 1399 1826 1454 tibi

176 1501 280 1556 per
307 1485 606 1558 apostolos
645 1491 784 1543 sunt
846 1487 1050 1543 renati.
1085 1510 1113 1538 «
1147 1488 1216 1542 Et
1270 1504 1471 1544 semen
1531 1505 1733 1544 eorum
1767 1488 1825 1542 in

177 1574 458 1634 saeculum
518 1576 882 1649 dirigetur.»
945 1576 1044 1631 Vel
1095 1577 1450 1649 praedicatio,
1503 1577 1588 1632 vel
1638 1577 1826 1633 virtus

176 1681 378 1720 eorum
411 1665 471 1721 in
503 1666 662 1722 omni
693 1671 864 1739 gente
893 1667 1266 1724 distenditur.
1299 1667 1416 1723 Nos
1445 1685 1580 1723 vero
1621 1668 1825 1738 depre-

176 1771 380 1813 cemur
398 1755 734 1824 Dominum,
758 1761 822 1812 ut
845 1756 1115 1812 exaudiat
1139 1757 1432 1812 orationes
1464 1754 1822 1828 supplicum,

177 1845 473 1900 mentibus
525 1845 744 1901 nostris
797 1845 1020 1902 inserat
1075 1845 1273 1900 lumen
1333 1861 1548 1900 suum:
1601 1849 1668 1900 ut
1697 1845 1826 1915 ejus

176 1933 674 2006 magnificentiam
702 1943 1064 2001 enarrantes,
1097 1950 1430 1990 mereamur
1454 1933 1675 1989 sanctis
1695 1933 1824 2003 ejus

176 2025 473 2079 consortes
493 2023 646 2078 effici
688 2023 748 2079 in
800 2023 1134 2080 coelestibus
1165 2022 1379 2096 regnis.
1411 2022 1514 2078 Cui
1553 2020 1741 2092 gloria
1769 2025 1826 2076 et

173 2109 489 2183 imperium
521 2112 581 2167 in
613 2112 826 2168 saecula
855 2111 1225 2169 saeculorum.
1258 2112 1466 2167 Amen.

762 2268 998 2324 PSALM
1010 2269 1092 2325 US
1124 2269 1235 2324 CII.

171 2377 429 2434 Psalmus
458 2377 652 2434 David.
704 2379 816 2432 Iste
863 2375 1129 2446 psalmus
1178 2375 1430 2430 maxime
1460 2373 1614 2430 circa
1643 2373 1823 2446 pieta-

246 2453 364 2533 tem
396 2459 570 2522 atque
601 2445 1064 2504 misericordiam
1113 2447 1214 2502 Dei
1274 2445 1708 2502 commoratur:
1745 2445 1826 2500 ait

256 2539 414 2579 enim
439 2541 452 2578 ε

249 2670 279 2699 ‹‹
309 2645 577 2713 Benedic,
611 2644 810 2700 anima
836 2658 985 2710 mea,
1031 2640 1314 2697 Domino:
1367 2645 1425 2696 et
1467 2641 1665 2696 omnia
1694 2655 1822 2710 quae

171 2738 329 2794 intra
352 2751 446 2791 me
471 2737 630 2803 sunt,
657 2732 881 2788 nomini
915 2737 1113 2786 sancto
1161 2731 1310 2800 ejus.
1348 2754 1369 2781 ι
1423 2729 1648 2784 Dicitur
1676 2733 1734 2783 et
1761 2728 1820 2783 in

172 2826 287 2882 alio
344 2824 506 2880 loco:
565 2824 633 2876 Et
684 2823 893 2885 scitote,
953 2820 1219 2892 quoniam
1279 2820 1542 2874 Dominus
1599 2820 1712 2889 ipse
1747 2824 1826 2873 est

173 2917 314 2976 Deus
338 2914 508 2987 (Psal.
542 2927 690 2980 xcxx,
741 2910 816 2980 3).
851 2913 919 2964 Et
970 2924 1126 2964 nunc
1183 2907 1431 2963 dicitur:
1467 2930 1495 2957 ‹‹
1527 2907 1597 2962 Et
1625 2907 1824 2962 omnia

174 3021 302 3075 qua!
337 3003 491 3058 intra
519 3016 614 3056 me
651 3003 810 3064 sunt,
852 2997 1073 3054 nomini
1107 3002 1309 3053 sancto
1343 2997 1490 3066 eius.
1523 3017 1550 3049 η
1579 2996 1638 3051 Si
1670 2995 1824 3050 dixe-

174 3092 384 3162 rimus,
403 3113 430 3140 «
447 3087 715 3156 Benedic,
735 3087 932 3143 anima
944 3103 1074 3142 mea
1081 3086 1357 3157 ,Domino
1373 3103 1387 3154 ;
1403 3107 1430 3135 ››
1450 3084 1821 3151 etDominus,

177 3180 459 3236 Dominus
479 3183 590 3235 est.
614 3177 778 3243 Quod
800 3191 1012 3232 nomen
1036 3175 1130 3230 hie
1155 3174 1362 3247 qumrit
1407 3174 1689 3229 Dominus
1708 3172 1736 3226 ?
1763 3172 1822 3228 Si

175 3269 486 3336 Dominus,
501 3266 787 3322 Dominus
800 3263 1295 3337 appellatur,quid
1313 3263 1456 3318 dicit
1475 3281 1487 3319 :
1505 3285 1531 3313 «
1551 3259 1828 3317 Etomnia
1857 3249 1900 3315 C

175 3375 306 3429 qua
329 3357 482 3413 intra
502 3371 595 3412 me
616 3359 758 3410 sunt
774 3353 998 3409 nomini
1020 3356 1221 3408 saneto
1257 3353 1384 3422 ejus
1406 3353 1434 3406 ‘I
1463 3373 1491 3402 »
1526 3351 1828 3406 Adventus

172 3447 326 3515 Filii,
359 3461 572 3502 nomen
628 3442 819 3499 Patris
877 3447 981 3499 est.
1043 3445 1192 3497 Ante
1249 3441 1565 3496 adventum
1614 3437 1827 3495 Christi

175 3533 473 3591 sciebatur
501 3534 694 3590 Deus:
753 3531 922 3587 Pater
969 3530 1368 3603 ignorabatur.
1413 3529 1673 3600 Denique
1702 3528 1828 3600 ipse

175 3624 316 3680 dicit
344 3623 404 3679 in
463 3620 812 3694 Evangelio:
871 3623 1059 3686 Pater,
1121 3619 1358 3675 reue/avi
1414 3633 1611 3674 nomen
1673 3626 1826 3673 tuum

177 3712 494 3768 hominibus
524 3711 703 3783 (Joan.
726 3726 858 3780 xv",
883 3710 960 3780 6).
1003 3709 1129 3764 Non
1177 3725 1496 3780 possumus
1535 3707 1593 3762 in
1625 3707 1826 3778 singu-

176 3799 248 3857 lis
270 3799 578 3858 versiculis
605 3797 907 3854 immorari
933 3815 946 3852 :
978 3797 1254 3868 quoniam
1306 3796 1518 3868 longus
1554 3801 1644 3851 est
1675 3793 1826 3866 psal-

177 3889 489 3956 mus;sed
556 3887 756 3942 breves
814 3885 1197 3941 sententiolas
1249 3884 1531 3940 debemus
1576 3883 1828 3956 singulis

173 3975 485 4034 versiculis
537 3981 828 4047 coeptare,
889 3974 1078 4046 magis
1153 3988 1394 4029 sensum
1452 3976 1826 4044 exponentes,

180 4083 358 4138 quam
384 4066 560 4122 verba
583 4067 864 4120 texentes.

249 4178 279 4206 «
311 4155 581 4220 Benedic,
609 4153 809 4210 anima
829 4168 982 4221 mea,
1006 4151 1255 4207 Domino
1280 4168 1292 4207 :
1327 4157 1385 4208 et
1417 4151 1534 4208 noli
1564 4149 1825 4206 oblivisci

178 4260 382 4301 omnes
428 4242 844 4300 retributiones
891 4242 1038 4312 ejus.
1075 4263 1102 4290 η
1153 4239 1369 4296 Multas
1417 4239 1828 4296 retributiones

179 4334 350 4390 nobis
379 4330 648 4403 praestitit
678 4319 990 4384 Dominus:
1043 4330 1289 4401 grandia
1344 4329 1514 4384 nobis
1545 4327 1828 4384 beneficia

177 4421 490 4494 praestitit:
520 4418 660 4489 quia
689 4417 920 4485 cmlum,
944 4417 1082 4488 quia
1105 4423 1340 4486 terram,
1376 4418 1515 4488 quia
1542 4417 1828 4472 elementa

179 4511 380 4567 omnia
410 4525 515 4581 pro
546 4507 716 4563 nobis
748 4505 900 4561 fecit.

252 4623 281 4650 ‹‹
315 4599 425 4666 Qui
465 4596 818 4670 prepitiatur
846 4594 1123 4683 omnibus
1178 4594 1590 4665 iniquitatibus
1619 4594 1759 4649 tuis.
1797 4617 1820 4647 ι
1857 4618 1905 4683 D

180 4687 373 4744 Uteas
395 4686 562 4759 quasi
586 4685 801 4741 nubem
848 4682 1056 4739 deleat.
1116 4684 1222 4750 Qui
1266 4685 1427 4737 sanat
1469 4698 1652 4738 omnes
1671 4683 1826 4751 inﬁr-

178 4780 402 4834 mitates
445 4783 585 4832 tuas.
648 4775 887 4829 Peecata
943 4771 1161 4844 quibus
1220 4770 1558 4826 infirmaris.
1617 4770 1830 4827 Multas

179 4864 550 4922 infirmitates
582 4863 759 4918 habet
787 4862 986 4918 anima
1011 4864 1228 4915 nostra.
1262 4861 1412 4926 Quot
1451 4864 1707 4932 peccata,
1740 4864 1829 4915 tot

178 4953 570 5010 infirmitates.
605 4950 867 5022 Denique
895 4955 954 5005 et
982 4949 1082 5004 illa
1106 4947 1339 5015 mulier,
1394 4948 1451 5002 in
1494 4947 1824 5021 Evangelio,

181 5058 305 5113 qua:
331 5043 530 5098 decem
553 5045 610 5097 et
632 5044 759 5096 octo
786 5039 957 5095 annis
989 5037 1244 5092 habebat
1273 5037 1547 5109 spiritum
1578 5037 1828 5104 infirmi-

181 5132 340 5199 tatis,
371 5136 427 5187 et
455 5135 630 5203 caput
661 5144 898 5185 sursum
955 5127 1176 5200 erigere
1238 5142 1352 5182 non
1410 5130 1636 5198 poterat
1675 5127 1826 5198 (Luc.

181 5235 304 5290 xm,
338 5221 448 5292 11).
483 5220 685 5276 Videte
726 5217 867 5290 quid
909 5216 1100 5272 dicat:
1136 5215 1378 5280 Quando
1410 5213 1626 5286 aliquis
1657 5215 1832 5271 habet

183 5309 454 5379 spiritum
483 5305 862 5372 infirmitatis,
897 5307 1229 5362 contractus
1251 5308 1359 5371 est,
1384 5303 1660 5360 deorsum
1693 5321 1830 5360 con-

184 5397 376 5469 spicit,
407 5403 623 5454 terram
656 5396 937 5463 intuetur,
981 5392 1191 5450 emlum
1224 5393 1417 5449 videre
1449 5410 1564 5448 non
1617 5398 1829 5464 potest.

256 5508 284 5538 «
313 5487 420 5553 Qui
455 5483 693 5542 redimit
723 5484 793 5539 de
825 5482 1065 5539 interitu
1107 5482 1285 5538 vitam
1345 5487 1530 5537 tuam.
1562 5504 1594 5561 η»
1626 5484 1829 5550 Pretio,

186 5573 396 5648 inquit,
436 5573 703 5647 redempti
747 5574 908 5629 estis:
966 5572 1134 5627 nolite
1190 5571 1318 5642 ﬁeri
1373 5573 1520 5628 servi
1547 5572 1833 5628 hominum

185 5664 234 5740 (ι
260 5664 382 5736 Cor.
416 5679 513 5736 vn,
560 5663 673 5740 23).
697 5681 710 5700 ι
733 5661 898 5733 Quod
929 5664 1018 5718 est
1083 5660 1278 5736 majus
1337 5660 1590 5736 pretium
1650 5677 1832 5737 quam

1942 625 1969 652 «
2004 603 2109 667 Qui
2142 607 2380 659 coronat
2406 609 2460 658 te
2517 604 2578 658 in
2631 603 3024 660 misericordia
3081 611 3138 661 et
3195 607 3591 664 miserationi-

1941 692 2071 746 bus.
2106 714 2134 741 »
2164 692 2558 748 Prascurreute
2589 693 2990 750 misericordia
3021 695 3121 749 dat
3138 696 3459 765 victoriam,
3491 699 3591 753 tri-

1941 780 2068 835 buit
2098 781 2379 851 palmam.

2011 890 2040 918 «
2076 869 2182 933 Qui
2216 869 2397 941 replet
2439 871 2496 925 in
2538 871 2707 926 bonis
2749 872 3104 928 desiderium
3157 877 3346 928 tuum.
3385 898 3404 923 ιο

1931 959 2192 1030 jungens
2222 964 2277 1014 te
2307 959 2528 1015 sanctis
2558 960 2617 1015 in
2648 959 2865 1017 cmlesti
2894 961 3238 1018 Jerusalem.

2010 1070 2038 1096 «
2072 1046 2462 1103 Renovabitur
2518 1054 2582 1103 ut
2639 1049 2845 1120 aquila:
2893 1051 3174 1121 juventus
3230 1055 3351 1107 tua.

1939 1135 2114 1191 veteri
2150 1136 2206 1190 in
2237 1153 2448 1192 novum
2483 1136 2781 1192 hominem
2821 1139 3089 1194 muteris.

2011 1248 2038 1274 ‹‹
2089 1225 2328 1280 Faciens
2386 1225 2817 1281 misericordias
2874 1227 3128 1298 Domini,
3187 1233 3244 1284 et
3290 1230 3584 1301 judicium

1938 1313 2213 1369 omnibus
2270 1313 2548 1384 injuriam
2601 1315 2979 1386 patientibus.
3040 1336 3065 1366 ιι
3135 1316 3228 1383 Ut,
3288 1320 3588 1391 oppressis

1935 1401 2154 1474 impiis,
2184 1402 2371 1474 erigat
2396 1418 2681 1474 pauperes
2712 1421 2870 1459 suos.

2010 1513 2038 1541 ‹‹
2070 1491 2249 1546 Notas
2281 1491 2416 1546 fecit
2442 1492 2566 1547 vias
2597 1509 2737 1547 suas
2768 1493 2950 1564 Moysi
2978 1513 2992 1563 ;
3025 1493 3161 1549 filiis
3193 1495 3371 1551 Israel
3390 1497 3590 1552 volun-

1937 1583 2087 1635 tates
2127 1596 2288 1636 suas.
2322 1602 2348 1629 »
2377 1580 2439 1634 Ei
2471 1581 2570 1650 qui
2631 1581 2817 1653 legem
2877 1582 3262 1652 spiritualiter
3292 1584 3584 1658 intelligit,

1934 1668 2022 1725 vel
2055 1669 2105 1723 ei
2138 1669 2235 1740 qui
2269 1685 2405 1724 eum
2437 1669 2652 1725 mentis
2681 1669 2868 1726 oculis
2898 1672 3349 1744 contemplatur.

2006 1757 2398 1814 «Misericors
2447 1762 2504 1813 et
2552 1757 2859 1814 miserator
2906 1760 3226 1816 Dominus:
3280 1761 3509 1833 patiens
3534 1768 3590 1819 et

1935 1845 2190 1902 multum
2223 1846 2575 1902 misericors.
2614 1869 2642 1896 »
2672 1848 2818 1911 Quia
2846 1848 2959 1905 cito
2991 1849 3243 1906 ﬂectitur
3289 1851 3361 1907 ad
3410 1852 3587 1908 mise-

1934 1936 2270 1992 ricordiam.

2006 2047 2034 2074 «
2067 2024 2192 2080 Non
2213 2024 2270 2078 in
2297 2027 2643 2096 perpetuum
2667 2024 2974 2096 irascetur,
2998 2043 3186 2098 neque
3215 2027 3273 2082 in
3301 2033 3584 2086 aeternum

1935 2113 2410 2180 comminabitur,
2447 2137 2474 2163 ››
2506 2119 2617 2169 etc.
2649 2112 2890 2169 Meliora
2919 2114 3076 2170 enim
3115 2131 3290 2186 quam
3324 2119 3584 2174 mereba-

1936 2218 2088 2269 mur,
2122 2201 2388 2257 indulsit.

2005 2309 2032 2340 ι»
2067 2289 2352 2352 Quoniam
2411 2289 2738 2344 secundum
2770 2287 3144 2346 altitudinem
3196 2291 3324 2346 εαξΙὶ
3371 2310 3405 2348 a
3433 2296 3588 2351 terra

1935 2377 2330 2432 corroboravit
2360 2377 2827 2432 misericordiam
2874 2394 3042 2433 suam
3093 2395 3271 2450 super
3310 2381 3586 2438 timentes

1935 2482 2016 2522 se.
2052 2486 2080 2514 »
2113 2464 2302 2520 Distat
2334 2465 2589 2520 multum
2647 2465 2857 2521 emtum
2916 2483 2950 2520 a
2979 2474 3170 2536 terra;
3231 2470 3333 2524 sed
3391 2471 3588 2526 divina

1936 2553 2338 2610 misericordia
2357 2554 2579 2626 jugiter
2600 2571 2739 2609 suos
2777 2561 2834 2610 et
2863 2556 3132 2627 protegit,
3165 2561 3222 2612 et
3252 2559 3580 2615 confirmat.

2005 2666 2034 2692 «
2068 2646 2361 2709 Quantum
2392 2643 2574 2698 distat
2602 2647 2764 2699 ortus
2812 2644 2885 2698 ab
2933 2645 3251 2716 occidente,
3304 2647 3473 2721 longe
3505 2649 3585 2705 fe-

1935 2731 2067 2786 cita
2096 2732 2268 2787 nobis
2291 2731 2633 2803 iniquitates
2665 2736 2915 2787 nostras.
2955 2754 2982 2780 »
3031 2732 3138 2787 Ubi
3186 2734 3341 2790 Deus
3372 2753 3580 2808 appro-

1933 2820 2201 2892 pinquat,
2228 2819 2578 2891 elongantur
2607 2820 2855 2874 delicta:
2893 2826 2977 2890 ut,
3003 2822 3173 2891 juxta
3217 2825 3578 2895 Apostolum,

1933 2911 2030 2964 ubi
2057 2909 2305 2964 abundat
2333 2917 2640 2980 peccatum,
2679 2909 3074 2980 superabundet
3105 2914 3155 2965 et
3183 2915 3370 2981 gratia
3397 2917 3575 2982 (Rom.

1931 3015 1986 3067 v,
2017 2998 2121 3064 28).

2007 3109 2035 3136 ‹‹
2068 3088 2368 3150 Quomodo
2416 3087 2727 3142 miseretur
2786 3091 2949 3159 pater
2996 3087 3273 3156 filiorum,
3304 3091 3582 3149 misertus

1935 3181 2025 3231 est
2049 3174 2333 3231 Dominus
2364 3175 2708 3230 timentibus
2741 3191 2821 3231 se.
2857 3199 2884 3224 »
2916 3175 3222 3232 Miseretur
3251 3183 3414 3250 pater
3441 3180 3580 3251 filio,

1939 3281 2074 3320 eum
2106 3281 2240 3319 eum
2264 3263 2531 3319 verberat
2552 3269 2617 3319 ut
2647 3265 2935 3320 emendet.
2963 3267 3048 3320 Ita
3076 3270 3132 3321 et
3164 3268 3444 3324 Dominus
3466 3286 3589 3324 cor-

1937 3352 2076 3424 ripit
2105 3369 2212 3408 nos
2244 3353 2540 3408 interdum
2572 3357 2638 3408 ut
2664 3353 2856 3409 salvos
2881 3354 3088 3409 faciat:
3135 3372 3248 3410 non
3299 3362 3494 3412 tamen
3525 3358 3586 3412 in

1938 3446 2284 3514 perpetuum
2314 3441 2668 3513 derelinquit
2689 3449 2754 3496 ut
2785 3443 3006 3514 perdat.

2009 3554 2037 3580 «
2073 3531 2358 3596 Quoniam
2391 3530 2516 3601 ipse
2545 3531 2813 3602 cognovit
2845 3533 3189 3604 figmentum
3230 3539 3518 3591 nostrum.
3560 3559 3588 3586 ››

1935 3621 2053 3675 Scit
2071 3620 2230 3674 enim
2265 3619 2550 3690 Propheta
2585 3635 2773 3691 genus
2804 3620 3130 3676 humanum
3165 3627 3444 3694 tanquam
3475 3629 3588 3682 tes-

1935 3714 2053 3764 tam
2083 3708 2244 3780 figuli
2279 3709 2348 3763 de
2380 3707 2502 3762 luto
2536 3708 2866 3773 formatam,
2898 3709 2956 3764 in
3016 3711 3295 3766 honorem
3330 3712 3584 3769 filiorum

1936 3797 2186 3853 ascitum
2215 3797 2501 3867 :ideoque
2527 3797 2902 3853 considerans
2952 3798 3003 3853 ei
3042 3799 3335 3870 judicium
3379 3803 3586 3858 mortis

1936 3903 2040 3957 pro
2062 3885 2288 3941 delictis
2319 3887 2809 3958 appropinquare,
2859 3888 2940 3943 ait
2987 3884 3448 3944 misericordiam
3481 3892 3586 3945 de-

1936 3991 2182 4048 precans
2207 3992 2220 4029 :

2010 4085 2040 4115 «
2070 4063 2426 4120 Recordatus
2457 4067 2547 4118 est
2575 4063 2852 4134 quoniam
2908 4064 3098 4134 pulvis
3144 4081 3372 4130 sumus,
3407 4065 3580 4122 homo

1936 4152 2090 4207 sicut
2114 4153 2313 4208 fenum
2346 4152 2472 4207 dies
2501 4153 2650 4222 ejus.
2677 4175 2696 4200 ι)
2732 4158 2815 4206 Ac
2842 4152 2891 4207 si
2923 4152 3168 4207 diceret:
3209 4154 3333 4208 Non
3365 4154 3581 4210 irasce-

1937 4241 2037 4306 ris,
2075 4245 2136 4294 ut
2170 4245 2472 4306 conteras;
2527 4240 2627 4294 sed
2661 4240 2983 4296 recordaris
3040 4241 3194 4312 quod
3249 4258 3388 4296 vasa
3419 4242 3582 4314 figuli

1936 4345 2179 4387 sumus:
2213 4345 2341 4399 quae
2373 4326 2553 4382 semel
2613 4328 2929 4393 confracta,
2979 4330 3233 4400 reparari
3293 4347 3407 4385 non
3449 4348 3584 4403 pos-

1936 4424 2114 4484 sunt;
2149 4417 2249 4470 sed
2297 4416 2566 4486 protinus
2597 4414 2878 4470 decidunt
2924 4421 2981 4471 et
3034 4423 3325 4474 arescunt.
3360 4442 3386 4469 ‹‹
3436 4420 3587 4475 Tan-

1936 4522 2114 4577 quam
2149 4505 2255 4559 flos
2286 4503 2409 4575 agri
2442 4504 2524 4558 sic
2554 4503 2857 4559 efﬂorebit.
2894 4526 2921 4555 »
2955 4506 3040 4560 Ad
3073 4510 3326 4578 tempus.

2011 4593 2346 4656 «Quoniam
2371 4592 2614 4664 spiritus
2635 4594 2976 4664 pertransiit
3006 4594 3060 4648 in
3090 4595 3210 4660 illo,
3236 4602 3292 4651 et
3314 4613 3428 4651 non
3454 4597 3590 4652 sub-

1939 4683 2134 4738 sistit:
2169 4687 2227 4737 et
2257 4698 2372 4736 non
2422 4682 2721 4753 cognoscit
2779 4681 3034 4754 amplius
3094 4683 3286 4739 locum
3329 4701 3524 4740 suum.
3563 4709 3583 4736 ι

1940 4773 2304 4827 Transeunte
2337 4775 2529 4825 autem
2564 4770 2797 4841 spiritu,
2817 4772 3373 4842 omnisjucunditas
3396 4773 3590 4828 viridi-

1941 4861 2077 4916 tatis
2108 4861 2236 4931 ejus
2268 4859 2524 4914 traditur
2554 4859 2849 4914 oblivioni.

2011 4971 2037 4997 ‹‹
2071 4948 2468 5004 Misericordia
2489 4953 2683 5003 autem
2712 4949 2938 5004 Domini
2964 4951 3036 5005 ab
3057 4955 3289 5018 aeterno,
3314 4957 3369 5006 et
3400 4968 3587 5024 usque

1938 5039 1998 5092 in
2031 5041 2313 5092 aeternum
2343 5051 2518 5108 super
2548 5036 2820 5092 timentes
2869 5054 3024 5093 eum.
3061 5061 3088 5087 ››
3121 5039 3266 5102 Quia
3294 5057 3427 5095 cum
3460 5057 3587 5112 pec-

1940 5129 2164 5182 catores
2198 5126 2410 5198 arguit,
2427 5125 2611 5196 justis
2643 5125 3100 5182 misericordiam
3134 5129 3369 5200 praebet.

2013 5238 2041 5266 ‹‹
2074 5216 2142 5269 Et
2165 5214 2399 5286 justitia
2430 5215 2556 5284 ejus
2586 5215 2646 5270 in
2675 5214 2825 5271 filios
2873 5215 3129 5272 filiorum
3182 5217 3274 5274 his
3323 5220 3421 5290 qui
3465 5236 3587 5274 ser-

1939 5308 2077 5360 vant
2100 5307 2521 5358 testamentum
2555 5304 2704 5373 ejus,
2737 5308 2791 5358 et
2822 5319 3111 5361 memores
3158 5312 3298 5362 sunt
3346 5309 3586 5364 manda-

1940 5397 2133 5448 torum
2155 5390 2343 5463 ipsius
2364 5391 2433 5444 ad
2470 5390 2798 5446 faciendum
2831 5409 2918 5447 ea.
2950 5415 2977 5443 »
3008 5399 3071 5448 In
3095 5395 3369 5466 operibus
3389 5397 3590 5468 utique

1942 5481 2145 5536 bonis:
2171 5479 2388 5552 quibus
2407 5480 2684 5535 mandata
2713 5481 3045 5554 Deijugiter
3070 5491 3494 5554 memorantur,
3527 5488 3592 5540 ut

1943 5569 2350 5627 custodiantur
2378 5569 2450 5623 ab
2480 5569 2646 5641 ipsis.

2015 5682 2043 5712 ι(
2077 5658 2362 5717 Dominus
2390 5657 2450 5718 in
2483 5657 2624 5717 ccelo
2653 5661 2879 5736 paravit
2925 5663 3123 5725 sedem
3176 5679 3370 5734 suam,
3408 5665 3466 5719 et
3498 5676 3588 5720 re.

3442 878 3586 932 Con-

3391 1053 3590 1109 n-Uta
