3976 6188
334 391 487 448 H99

1831 389 1873 442 Α
1889 384 2170 441 PPENDI
2186 384 2254 440 X.

3588 378 3749 437 meo

332 531 512 594 gnum
543 507 732 593 ipsius
760 518 1036 576 omnibus
1065 517 1482 575 dominabitur.
1509 541 1534 569 ‹‹
1560 516 1978 573 Ascensionem
2010 516 2063 582 Α
2100 516 2217 587 ejus
2248 514 2420 584 (Psal.
2443 526 2590 580 xcvr,
2621 512 2698 580 2).
2723 509 2834 566 Sed
2867 507 3169 565 sciendum
3201 504 3340 579 quia
3397 505 3470 562 de
3503 506 3747 564 occultis

331 609 695 666 Dominicam
718 608 998 682 praedicit,
1025 625 1152 680 quae
1175 612 1308 680 post
1330 607 1755 680 reparationem
1786 604 1980 660 homi-

332 699 424 755 nis
454 699 607 755 facta
635 702 761 754 est:
794 714 897 769 per
929 713 1110 769 quam
1136 697 1404 752 Christus
1440 696 1718 752 Dominus
1749 694 1979 750 univer-

333 804 430 845 sos
462 786 669 844 mundi
699 787 846 842 ﬁnes
880 803 996 842 suae
1029 785 1411 842 dominationi
1444 785 1694 857 subegit.

405 899 433 927 «
466 874 794 932 Benedicite
823 875 1162 946 Dominum,
1188 874 1380 947 angeli
1411 875 1558 946 ejus.
1595 896 1622 924 »
1654 873 1854 928 Nuntii
1884 887 1979 927 ve-

333 964 545 1021 ritatis.
584 987 605 1015 ι
639 965 911 1021 Potentes
931 964 1163 1031 virtute,
1189 965 1465 1020 facientes
1485 965 1728 1020 verbum
1750 962 1928 1018 illius.
1952 983 1979 1009 ››

335 1053 493 1110 Illico
533 1070 660 1124 quae
697 1053 889 1110 fuerit
938 1053 1189 1124 locutus,
1223 1053 1536 1126 explentes.
1598 1053 1685 1107 Ad
1741 1050 1980 1107 audien-

334 1142 470 1198 dam
502 1158 704 1198 vocem
737 1158 1076 1198 sermonum
1109 1143 1258 1213 ejus.
1292 1165 1318 1191 »
1362 1143 1479 1198 Hoc
1522 1145 1627 1212 est,
1662 1140 1983 1212 intelligere

335 1247 464 1302 qua:
496 1230 852 1303 praeceperit.

406 1342 434 1370 ‹‹
461 1319 788 1376 Benedicite
817 1320 1085 1388 Domino,
1112 1335 1314 1376 omnes
1338 1320 1583 1376 virtutes
1623 1320 1772 1390 ejus,
1806 1316 1980 1374 mini-

335 1408 440 1465 stri
465 1409 593 1480 ejus
616 1408 719 1480 qui
743 1407 932 1464 facitis
961 1409 1320 1465 voluntatem
1354 1409 1502 1478 ejus.
1545 1427 1566 1454 ι
1600 1407 1730 1474 Qui,
1774 1407 1985 1462 virtute

335 1496 496 1553 illius
526 1497 801 1565 roborati,
835 1498 1076 1552 verbum
1109 1497 1381 1553 Ecclesiis
1409 1495 1778 1551 ministratis.

413 1606 436 1635 ι
469 1584 797 1640 Benedicite
839 1584 1105 1652 Domino,
1138 1583 1335 1639 omnia
1392 1598 1567 1654 opera
1621 1582 1769 1652 ejus.
1805 1603 1833 1629 »
1875 1579 1986 1636 Vos

335 1672 539 1744 utique
569 1672 670 1744 qui
701 1673 760 1726 in
819 1688 884 1726 eo
937 1671 1153 1727 vivitis.
1218 1672 1364 1738 Quia
1419 1687 1590 1726 omne
1651 1686 1799 1742 opus
1830 1669 1985 1740 quod

337 1763 556 1819 factum
587 1765 676 1818 est
703 1761 762 1816 in
817 1777 882 1817 eo
939 1761 1058 1817 vita
1114 1767 1203 1818 est
1262 1761 1447 1833 (Joan.
1478 1778 1518 1830 1,
1549 1761 1622 1828 4).
1659 1783 1686 1810 ‹‹
1732 1759 1794 1814 In
1826 1757 1985 1813 omni

335 1850 461 1907 loco
493 1849 911 1927 dominationis
967 1850 1175 1922 ipsius.
1212 1873 1239 1901 »
1296 1848 1454 1905 Nihil
1510 1848 1667 1904 enim
1698 1847 1988 1920 reperitur
2016 1889 2065 1954 B

337 1939 438 1994 ubi
469 1955 585 1994 non
616 1939 971 1994 dominetur.
1032 1939 1242 1994 Omnia
1274 1937 1552 2006 continet,
1589 1942 1648 1992 et
1679 1953 1740 1992 se
1771 1936 1988 2007 ubique

341 2028 638 2085 diffundit.
679 2049 701 2078 ι
734 2029 1004 2094 Benedic,
1040 2029 1238 2084 anima
1269 2045 1419 2099 mea,
1445 2028 1781 2083 Dominum.
1808 2049 1836 2076 »
1856 2029 1986 2080 Haec

339 2122 537 2174 autem
569 2117 854 2191 propheta
884 2134 1000 2175 non
1032 2119 1104 2173 de
1137 2135 1246 2174 sua
1273 2121 1504 2173 tantum
1549 2117 1767 2185 anima,
1800 2115 1898 2171 sed
1932 2119 1991 2170 et

339 2209 412 2278 ad
445 2211 674 2263 nostras
696 2223 927 2279 quoque
953 2207 1181 2263 animas
1205 2206 1487 2278 loquitur,
1514 2211 1580 2262 ut
1611 2223 1746 2262 eum
1771 2205 1991 2277 jugiter

339 2296 688 2353 benedicant
709 2297 810 2366 qui
835 2296 989 2351 bona
1010 2295 1278 2367 largitur,
1315 2296 1413 2366 qui
1437 2296 1689 2367 peccatis
1719 2294 1990 2365 propitia-

342 2388 461 2451 tur,
493 2385 594 2454 qui
625 2385 698 2438 de
729 2383 966 2438 interitu
1015 2383 1288 2448 redimit;
1348 2383 1448 2454 qui
1498 2383 1557 2436 in
1619 2383 1786 2438 bonis
1819 2397 1990 2438 omne

337 2471 692 2527 desiderium
723 2471 1013 2541 complet:
1047 2471 1148 2541 qui
1180 2487 1334 2526 nunc
1366 2471 1534 2526 nobis
1585 2471 1844 2526 misereri
1903 2471 1990 2526 di-

338 2562 550 2631 gnetur
567 2561 632 2614 ut
658 2561 824 2631 pater
846 2557 1000 2629 ﬁliis,
1025 2558 1372 2614 delictorum
1396 2559 1650 2614 molibus
1675 2559 1767 2613 hic
1791 2558 1992 2614 remis-

339 2648 422 2705 sis
451 2665 466 2716 ;
493 2646 586 2702 cui
617 2651 707 2704 est
737 2663 872 2703 cum
932 2651 1144 2703 aeterno
1202 2649 1369 2703 Patre
1425 2652 1482 2703 et
1532 2648 1754 2720 Spiritu
1788 2651 1989 2702 sancto

338 2737 524 2794 honor
553 2740 611 2792 et
639 2736 826 2810 gloria
855 2736 915 2792 in
948 2737 1162 2793 saecula
1191 2737 1536 2793 saeculorum
1566 2739 1770 2792 Amen.

927 2843 1258 2900 PSALMUS
1286 2843 1403 2899 Cll.

342 2933 614 2991 Psalmus
642 2933 836 3006 David.
858 2937 993 3006 _Iste
1042 2931 1319 3006 psalmus
1355 2932 1542 3006 ipsius
1584 2936 1858 3006 creaturae
1889 2948 1990 2987 vo-

416 3021 543 3060 cem
575 3005 831 3061 continet
857 3004 1192 3060 laudentem
1222 3020 1289 3060 ac
1309 3004 1749 3061 behedicentem
1782 3004 1988 3059 Deum.

411 3077 523 3133 Sed
558 3076 668 3133 hoc
708 3076 906 3149 ipsum
943 3075 1326 3148 spiritualiter
1355 3077 1637 3133 debemus
1669 3076 1986 3132 advertere.

413 3204 442 3232 «
476 3183 745 3253 Benedic,
779 3183 977 3238 anima
1006 3199 1155 3250 mea,
1188 3183 1456 3238 Domino.
1492 3205 1519 3232 »
1555 3183 1625 3238 Ut
1652 3184 1794 3237 dum
1824 3182 1993 3236 bene-

2094 603 2388 672 mysteriis
2412 602 2526 657 ista
2556 600 2871 655 dicuntur:
2903 612 3040 652 nam
3071 597 3142 652 de
3170 595 3345 652 istius
3382 594 3533 652 lucis
3566 595 3751 668 pleni-

2091 692 2293 747 tudine
2325 695 2449 747 tota
2478 693 2634 745 terra
2665 687 2935 759 refulget.

2165 802 2194 831 ‹‹
2223 780 2553 836 Extendens
2586 777 2796 834 ccelum
2829 776 2982 833 sicut
3038 774 3267 848 pellem.
3298 796 3327 824 »
3391 773 3458 828 In
3509 775 3750 832 modum

2090 869 2246 925 enim
2272 869 2405 924 libri
2430 869 2764 939 cujusdam,
2806 865 2924 921 sive
2954 863 3286 930 voluminis,
3342 862 3593 930 ccelum,
3624 881 3746 919 cum

2091 959 2369 1030 majestas
2389 958 2488 1013 Dei
2513 955 2780 1020 voluerit,
2805 954 2894 1010 vel
2940 951 3288 1018 extenditur,
3340 951 3430 1008 vel
3461 951 3745 1023 plicetur:

2091 1048 2243 1103 sicut
2274 1046 2606 1118 evangelica
2637 1048 2888 1100 testatur
2943 1043 3108 1098 fides.
3144 1064 3174 1091 «
3231 1041 3340 1107 Qui
3399 1041 3564 1114 tegis
3594 1045 3750 1114 aquis

2092 1136 2394 1208 superiora
2442 1136 2651 1206 ejus.»
2687 1133 3001 1204 Superiora
3056 1130 3406 1200 cmli,juxta
3458 1131 3751 1198 Genesim,

2094 1227 2165 1280 ab
2198 1224 2366 1296 aquis
2391 1228 2685 1295 teguntur,
2710 1222 2852 1293 quia
2873 1237 3055 1292 aquas
3086 1236 3263 1291 super
3300 1220 3751 1276 ﬁrmamentum

2095 1314 2314 1386 positas
2337 1313 2477 1368 dicit
2503 1312 2655 1381 (Gen.
2693 1311 2856 1382 1,9):
2909 1326 3055 1382 quas
3105 1308 3540 1365 mulitudinem
3595 1325 3758 1382 ange-

2093 1404 2285 1458 lorum
2319 1401 2723 1474 intelligimus,
2750 1401 2922 1471 juxta
2950 1398 3131 1454 illud:
3191 1399 3370 1469 Aquae
3437 1413 3580 1469 qua
3607 1415 3757 1470 super

2093 1493 2254 1549 caelos
2272 1491 2650 1547 suntlaudent
2675 1504 2878 1545 nomen
2915 1489 3134 1544 Domini
3180 1487 3354 1558 (Psal.
3413 1503 3655 1557 CXLVIII,
3688 1490 3755 1556 4}.

2167 1604 2194 1631 ‹‹
2228 1581 2335 1645 Qui
2369 1579 2538 1652 ponis
2569 1579 2786 1634 nubem
2817 1591 3128 1633 ascensum
3155 1581 3352 1631 tuum.
3392 1598 3424 1626 ι)
3474 1577 3756 1632 Dominus

2095 1671 2253 1725 enim
2283 1671 2478 1736 Jesus,
2513 1666 2834 1724 benedictis
2865 1664 3191 1737 discipulis,
3252 1664 3528 1722 elevatus
3575 1672 3686 1736 est,
3712 1673 3760 1721 et

2098 1761 2281 1815 nubes
2313 1758 2573 1830 suscepit
2602 1757 2793 1823 illum,
2819 1760 2875 1812 et
2901 1756 3283 1811 intuebantur
3309 1772 3452 1810 eum
3523 1762 3753 1812 euntem

2096 1849 2154 1904 in
2183 1847 2393 1903 coelum
2422 1849 2560 1917 (Act.
2597 1865 2634 1918 ι,
2652 1847 2707 1913 9,
2734 1847 2843 1917 10).
2867 1867 2896 1896 ‹‹
2921 1844 3028 1910 Qui
3047 1843 3318 1900 ambulas
3337 1861 3758 1918 superpennu

2097 1942 2425 1993 ventorum.
2466 1960 2485 1985 υ
2521 1937 2710 2008 Super
2739 1950 2980 2002 omnem
3032 1934 3402 1990 alacritatem
3454 1940 3756 1990 ventorum

2099 2027 2382 2082 Dominus
2415 2026 2654 2081 incedit.
2689 2025 2801 2080 Sed
2833 2029 2888 2079 et
2919 2039 3096 2096 super
3149 2028 3502 2080 sanctorum
3533 2025 3756 2080 animas

2099 2134 2226 2189 quae
2249 2117 2321 2171 ad
2355 2115 2613 2171 coelestia
2644 2115 2912 2183 tendunt,
2936 2117 2992 2168 et
3019 2111 3355 2168 inambulat
3390 2118 3450 2168 et
3490 2114 3754 2184 quiescit.

2171 2229 2199 2255 «
2232 2205 2338 2268 Qui
2366 2205 2508 2260 facis
2539 2202 2779 2276 angelos
2808 2207 2941 2268 tuos
2979 2201 3243 2274 spiritus.
3278 2225 3306 2251 »
3368 2202 3446 2257 Ut
3473 2203 3756 2275 inspirant

2101 2293 2439 2350 hominibus
2471 2294 2599 2364 ejus
2631 2293 2818 2347 facere
2847 2290 3207 2346 voluntatem
3233 2307 3247 2346 :
3308 2290 3458 2362 quia
3511 2291 3756 2347 carnalis

2100 2383 2275 2440 homo
2309 2400 2422 2438 non
2455 2383 2608 2454 capit
2641 2398 2709 2436 ea
2757 2397 2884 2452 quae
2934 2385 3074 2436 sunt
3127 2380 3244 2434 Dei.
3279 2403 3309 2429 ‹‹
3339 2381 3415 2435 Et
3459 2381 3757 2437 ministros

2100 2476 2234 2528 tuos
2263 2473 2459 2544 ignem
2494 2476 2780 2526 urentem.
2815 2492 2844 2520 «
2878 2469 2951 2524 Ut
2984 2469 3042 2522 in
3075 2468 3204 2524 aliis
3262 2468 3472 2525 lumen
3506 2470 3761 2525 veritatis

2105 2560 2421 2616 infundant
2446 2579 2457 2615 :
2491 2559 2549 2615 in
2581 2559 2712 2614 aliis
2742 2563 2980 2630 peccata
3009 2563 3387 2613 consumant.

2189 2674 2209 2699 α
2243 2650 2349 2713 Qui
2374 2649 2634 2704 fundasti
2655 2652 2869 2704 terram
2892 2663 3070 2718 super
3089 2645 3478 2702 stabilitatem
3505 2663 3704 2712 suam,
3736 2671 3763 2695 ιι

2101 2741 2210 2793 etc.
2241 2739 2583 2793 Discordare
2622 2737 2893 2792 videntur
2948 2735 3073 2791 hac
3129 2752 3265 2791 cum
3321 2735 3446 2803 illo,
3509 2737 3614 2791 ubi
3645 2737 3762 2791 ait:

2099 2826 2309 2885 Caelum
2339 2835 2389 2881 et
2419 2832 2570 2882 terra
2627 2826 2940 2881 transibunt
2993 2825 3212 2898 (Matth.
3274 2841 3426 2892 xxxv,
3481 2825 3604 2893 35}.
3640 2824 3765 2881 Sed

2100 2916 2221 2970 haec
2251 2915 2502 2970 visibilis
2538 2919 2686 2971 terra
2723 2905 3029 2986 praeterit:
3090 2915 3350 2986 corporis
3403 2928 3536 2968 vero
3595 2917 3772 2969 terra

2100 3021 2227 3077 quae
2259 3005 2512 3060 fructum
2543 3004 2777 3060 exhibet
2807 3002 3158 3070 sanctitatis,
3191 3003 3617 3076 mysteriorum
3646 3018 3769 3060 co-

2099 3094 2335 3150 lestium
2367 3094 2543 3167 pallio
2573 3094 2993 3150 circumdatur.

2176 3206 2204 3232 «
2238 3184 2424 3255 Super
2454 3187 2682 3238 montes
2715 3182 2955 3238 stabunt
2971 3199 3155 3253 aquae.
3187 3204 3215 3233 η
3247 3182 3440 3254 Super
3471 3181 3761 3238 excelsam

342 3269 489 3328 dicis
512 3269 700 3341 illum,
724 3276 788 3327 tu
821 3271 1184 3327 benedicaris
1215 3272 1287 3327 ab
1319 3271 1440 3328 illo.
1473 3272 1752 3327 Provocat
1782 3274 1990 3326 semet—
2020 3259 2062 3325 C
2101 3272 2436 3344 superbiam
2469 3271 2812 3343 insipientes
2841 3270 3040 3343 populi
3103 3275 3587 3326 commorantur.
3623 3295 3650 3321 π
3681 3272 3766 3326 Ab

344 3360 541 3432 ipsum
571 3361 860 3433 Propheta
890 3361 950 3416 in
1006 3361 1402 3417 benedicendo
1463 3360 1599 3416 Deo.
1644 3359 1991 3416 Benedicere

342 3453 538 3506 autem
595 3449 862 3517 Domino,
921 3449 1029 3505 hoc
1083 3454 1192 3520 est,
1254 3449 1354 3522 qui
1413 3448 1615 3505 laudat
1653 3449 1988 3518 Dominum,

341 3538 727 3610 semetipsum
782 3539 1093 3594 benedicit.
1128 3562 1156 3589 «
1217 3538 1462 3594 Domine
1527 3538 1681 3594 Deus
1740 3553 1926 3594 meus.
1965 3559 1985 3588 »

344 3626 632 3681 Omnibus
654 3625 891 3697 quidem
914 3643 976 3682 es
1007 3632 1064 3682 et
1086 3629 1258 3696 Deus,
1291 3631 1346 3683 et
1375 3627 1657 3683 Dominus
1681 3646 1696 3694 ;
1721 3627 1822 3683 sed
1846 3626 1992 3681 mihi

340 3713 593 3786 proprie,
627 3714 764 3784 quia
794 3732 908 3770 non
941 3731 1075 3770 sum
1103 3733 1306 3773 servus
1336 3715 1576 3788 peccati.
1602 3740 1629 3766 ‹‹
1653 3715 1990 3788 Magnifica-

339 3806 438 3859 tus
469 3817 532 3858 es
585 3802 976 3859 vehementer.
1013 3826 1042 3853 »
1072 3805 1177 3859 Vel
1233 3807 1294 3860 in
1352 3823 1464 3876 me,
1517 3805 1603 3861 vel
1661 3806 1721 3860 in
1749 3804 1990 3876 reliquis
2017 3858 2030 3868 ,

341 3892 560 3950 sanctis
590 3892 729 3949 tuis.
762 3891 870 3957 Qui
903 3892 1168 3948 omnium
1223 3893 1396 3961 Deus,
1459 3911 1625 3950 meus
1665 3894 1994 3966 specialiter

343 3983 537 4040 Deus:
565 3981 706 4054 quia
726 3998 842 4037 non
864 3998 997 4038 sum
1022 3997 1223 4036 servus
1246 3982 1487 4053 peccati,
1523 3982 1660 4052 quia
1690 3982 1876 4038 merui
1898 3999 1992 4037 vo-

341 4071 460 4128 cari
491 4087 692 4128 servus
721 4075 881 4128 tuus.
915 4069 1322 4143 Magniﬁcatus
1351 4087 1414 4126 es
1442 4069 1836 4141 vehementer,

418 4182 446 4211 «
475 4161 907 4218 Coufessionem
966 4164 1024 4216 et
1051 4160 1321 4216 decorem
1378 4158 1644 4214 induisti.
1678 4183 1706 4210 »
1741 4159 1989 4216 Induisti

341 4249 768 4306 confessionem
798 4240 1032 4306 dicens:
1069 4249 1370 4321 Conﬁtebor
1427 4250 1546 4313 tibi,
1605 4249 1848 4320 Domine,
1880 4251 1986 4305 Pa—

342 4343 427 4394 ter
457 4339 578 4394 caeli
605 4344 659 4394 et
688 4347 849 4395 terra:
897 4339 1107 4412 (Matth.
1168 4357 1247 4407 χι,
1280 4338 1393 4409 25).
1453 4338 1695 4394 Induisti
1723 4338 1985 4407 decorem,

339 4426 439 4484 illo
470 4427 542 4482 de
570 4427 725 4483 nube
754 4427 1063 4500 splendida
1093 4429 1481 4500 respondente
1506 4444 1518 4481 :
1579 4429 1677 4482 Hic
1713 4433 1795 4484 est
1819 4428 1989 4482 Filius

341 4533 494 4574 meus
528 4517 757 4574 dilectus
785 4519 969 4590 inquo
1029 4519 1163 4572 bene
1216 4517 1524 4588 complacui
1571 4519 1753 4589 ipsum
1807 4517 1990 4572 audite

2102 3361 2496 3434 increpatione
2527 3364 2628 3415 tua
2657 3360 2920 3433 fugient:
2972 3377 3006 3414 a
3051 3376 3189 3416 voce
3236 3359 3487 3414 tonitrui
3521 3359 3616 3415 tui
3650 3360 3761 3414 for-

2102 3451 2430 3505 midabunt.
2472 3470 2498 3502 (ι
2529 3453 2652 3505 Vox
2683 3450 2840 3505 enim
2872 3453 2974 3505 tua
3012 3453 3101 3505 est
3153 3465 3314 3504 cum-
3344 3447 3544 3504 dicis:
3584 3449 3760 3505 Paeni-

2101 3539 2344 3595 tentiam
2376 3539 2568 3611 agite:
2629 3538 3125 3612 apprOpinquabit
3182 3554 3435 3608 regnum
3481 3539 3755 3594 caelorum

2101 3629 2308 3697 (Matth.
2344 3646 2419 3700 ιν,
2475 3631 2582 3696 17).
2633 3630 2936 3700 Tanquam
2995 3628 3323 3683 tonitruum
3383 3645 3551 3699 vero,
3611 3634 3670 3684 ul
3703 3629 3758 3682 hi

2101 3717 2371 3787 timeant,
2395 3733 2531 3772 cum
2577 3717 2841 3787 minaris,
2876 3733 3010 3772 cum
3041 3718 3164 3772 ais:
3195 3717 3318 3772 Nisi
3367 3720 3752 3788 pwnitentiam

2101 3809 2324 3877 egeritis
2353 3823 2545 3862 omnes
2575 3807 2747 3862 simul
2763 3808 3016 3877 peribitis
3045 3806 3196 3877 (Lac.
3229 3823 3353 3876 xm,
3387 3807 3470 3879 5).

2173 3918 2201 3946 ‹‹
2235 3896 2570 3952 Ascendunt
2595 3911 2822 3952 omnes.
2857 3917 2885 3945 »
2907 3895 3102 3950 Sancti
3126 3895 3184 3949 in
3217 3894 3597 3966 spiritualem
3630 3912 3752 3969 pro-

2103 3984 2307 4040 ficiunt
2356 3983 2825 4056 intelligentiam.
2863 4007 2892 4034 «
2951 3988 3017 4038 Et
3073 3984 3441 4040 descendunt
3474 3987 3693 4058 campi.
3726 4009 3752 4033 υ

2099 4075 2305 4146 Populi
2335 4089 2538 4130 eorum
2568 4073 2848 4129 doctrinis
2879 4073 3118 4140 subditi,
3167 4077 3232 4128 ut
3279 4072 3570 4129 virtutum
3604 4075 3759 4130 ﬂori-

2100 4163 2210 4219 bus
2241 4163 2593 4235 repleantur.
2630 4185 2658 4214 «
2688 4164 2752 4218 In
2795 4162 2990 4218 locum
3046 4178 3224 4234 quem
3284 4163 3535 4218 fundasti
3572 4163 3683 4217 eis.
3719 4185 3751 4214 ν)

2099 4251 2162 4306 In
2194 4256 2541 4308 conventum
2571 4251 3050 4308 ecclesiasticum.

2170 4364 2198 4391 ‹‹
2231 4341 2575 4397 Terminum
2633 4341 2881 4414 posuisti
2928 4357 3103 4414 quem
3149 4359 3266 4398 non
3321 4341 3756 4415 transgredien-

2096 4434 2212 4484 tur.
2248 4451 2274 4478 δ)
2307 4430 2660 4486 Catholicam
2695 4431 2900 4504 utique
2949 4431 3148 4497 fidem,
3205 4447 3384 4502 quam
3450 4447 3649 4505 usque
3687 4432 3752 4488 ad

2098 4519 2414 4574 terminum
2448 4521 2749 4592 pressantis
2767 4520 2896 4575 vitae
2919 4520 3287 4576 custodiunt.
3325 4544 3348 4568 α
3377 4519 3592 4593 Neque
3623 4538 3752 4576 con-

343 4607 550 4680 (Mattlr
582 4623 732 4696 xvn,
778 4607 881 4696 5).,
917 4605 1214 4696 Confessio
1245 4605 1986 4696 dupliciter”intelligitur.
2019 4631 2065 4696 D
2095 4611 2394 4663 vertentur
2418 4609 2641 4680 operire
2667 4613 2902 4665 terram.
2926 4629 2955 4658 ››
2977 4613 3039 4664 In
3071 4608 3310 4681 flagitiis
3343 4609 3571 4681 quibus
3595 4611 3751 4683 prius

345 4701 463 4753 Aut
492 4697 550 4752 in
583 4694 945 4768 pmnitentia,
979 4701 1076 4750 aut
1109 4695 1168 4749 in
1200 4693 1386 4767 gloria
1415 4695 1537 4750 Dei.
1571 4694 1689 4749 Hoc
1719 4700 1828 4766 est,
1861 4694 1988 4767 glo-
2020 4693 2054 4696 ί
2097 4697 2379 4753 vixerant.

343 4787 492 4842 riam
515 4784 799 4853 induisti;
833 4785 1335 4856 quemadmodum
1385 4785 1445 4840 in
1504 4783 1815 4856 Evangelio
1864 4784 1989 4856 ipse

339 4875 600 4933 Salvator
657 4873 834 4930 dicit:
895 4873 1225 4930 Confitebor
1276 4873 1404 4942 tibi,
1466 4874 1653 4941 Pater,
1713 4873 1821 4929 hoc
1879 4877 1986 4944 est,

339 4963 599 5036 gloriﬁco
628 4967 724 5019 te:
760 4967 861 5019 aut
917 4962 1056 5034 quia
1111 4961 1458 5018 conﬁtemur
1515 4967 1752 5034 peccata
1792 4968 1992 5018 nostra

342 5051 610 5108 Domino.
643 5051 708 5108 In
739 5069 805 5108 eo
837 5051 993 5108 enim
1027 5051 1184 5124 quod
1214 5051 1563 5106 confitemur
1594 5051 1710 5106 Deo
1755 5056 1990 5123 peccata

344 5144 565 5210 nostra,
590 5140 990 5214 gloriﬁcamus
1009 5158 1166 5197 eum.
1192 5163 1219 5191 «
1246 5142 1316 5195 Et
1344 5141 1611 5196 decorem
1661 5139 1926 5195 induisti.
1957 5162 1985 5191 »

341 5225 541 5284 Videte
571 5230 857 5286 ordinem.
891 5231 1156 5286 Primum
1189 5229 1400 5301 aliquis
1430 5229 1762 5301 confitetur,
1815 5233 1872 5284 et
1904 5229 1990 5284 sic

343 5318 566 5389 accepit
593 5319 1119 5392 pulchritudinem,
1151 5324 1209 5376 et
1237 5320 1523 5386 decorem,
1555 5323 1612 5374 et
1659 5323 1862 5391 postea
1894 5318 1988 5374 lu-

344 5421 501 5464 men.
535 5406 653 5463 Hoc
683 5409 840 5464 enim
873 5410 1174 5481 sequitur:
1201 5430 1229 5460 «
1259 5409 1528 5464 Amictus
1578 5407 1800 5463 lumine
1839 5407 1990 5463 sicut

341 5495 711 5554 vestimento.
747 5517 774 5546 »
807 5497 1144 5555 Contrarius
1174 5498 1404 5553 videtur
1434 5497 1526 5553 hic
1557 5496 1884 5553 versiculus
1904 5495 1987 5550 illi

341 5587 442 5661 qui
466 5587 585 5644 ait:
618 5587 814 5642 Posuit
844 5588 1090 5643 tenebras
1120 5588 1413 5643 latibulum
1437 5603 1600 5642 suum
1636 5584 1811 5658 (Psal.
1848 5603 1986 5651 xvu,

341 5678 452 5753 12).
484 5677 582 5738 V'el
631 5676 714 5736 illi
757 5675 859 5752 qui
908 5674 1084 5736 dicit:
1140 5675 1316 5734 Nubes
1371 5680 1424 5732 et
1451 5676 1630 5748 caligo
1661 5678 1718 5735 in
1750 5677 1988 5733 circuitu

2171 4809 2199 4838 ‹‹
2229 4787 2336 4852 Qui
2358 4786 2576 4842 emittis
2599 4787 2790 4843 fontes
2812 4787 2870 4842 in
2893 4786 3276 4843 convallibus.
3301 4808 3330 4834 »
3362 4787 3532 4844 Inter
3558 4790 3752 4846 deser-

2100 4879 2161 4930 ta
2189 4876 2476 4947 gentium,
2518 4875 2796 4948 baptismi
2835 4876 3085 4948 gratiam
3117 4875 3343 4931 tribuit.
3378 4899 3409 4927 ‹‹
3446 4879 3613 4934 Inter
3641 4894 3749 4934 meo

2100 4964 2262 5019 dium
2294 4964 2606 5020 montium.
2645 4986 2672 5012 »
2706 4964 2765 5020 Id
2797 4969 2906 5031 est,
2941 4964 3356 5022 Ecclesiarum.
3385 4990 3418 5016 ‹‹
3461 4967 3752 5024 Pertrans-

2097 5053 2269 5108 ibunt
2317 5069 2500 5124 aquae.
2537 5075 2564 5102 »
2610 5052 2800 5124 Ipsius
2847 5053 3064 5110 lavacri
3112 5053 3234 5111 sive
3272 5054 3576 5112 doctoris:
3631 5055 3749 5112 irri-

2098 5142 2288 5214 gando
2319 5141 2489 5197 donis
2521 5141 2851 5198 coelestibus
2883 5143 3186 5214 populum.

2172 5253 2198 5281 α
2229 5231 2298 5285 Et
2328 5232 2614 5302 potabunt
2641 5247 2843 5287 omnes
2893 5232 3094 5287 bestias
3145 5233 3290 5305 agri,
3326 5233 3750 5306 exspectabunt

2098 5319 2299 5390 onagri
2330 5317 2388 5374 in
2421 5318 2514 5374 siti
2547 5336 2675 5374 sua.
2708 5342 2738 5369 (τ
2773 5319 2845 5375 Ut
2875 5320 3152 5376 omnibus
3182 5320 3302 5376 haec
3333 5322 3531 5395 gratia
3558 5338 3750 5394 aqua-

2096 5407 2228 5464 liter
2257 5407 2662 5465 ministretur:
2697 5409 2852 5464 sicut
2880 5409 2964 5465 ait
3000 5409 3216 5465 Paulus
3243 5427 3255 5466 :
3316 5410 3678 5484 Sapientibus
3700 5417 3752 5465 ἄ

2097 5498 2488 5570 insipientibus
2517 5497 2726 5553 debitor
2753 5514 2875 5553 sum
2907 5500 3087 5571 (Rom.
3120 5516 3161 5570 ι,
3197 5500 3304 5571 14).

2171 5611 2199 5637 ››
2231 5588 2418 5660 Super
2445 5604 2512 5643 ea
2539 5586 2804 5644 volucres
2834 5588 2961 5644 coeli
2991 5589 3362 5646 habitabant.
3399 5612 3429 5640 η
3484 5591 3594 5657 Qui
3647 5607 3738 5647 ex-

2098 5676 2401 5734 celsiore'n
2432 5677 2503 5734 ad
2535 5670 2979 5751 intelligendum
3011 5684 3360 5738 meruerunt
3381 5696 3639 5738 sensum.
