3976 6188
227 387 392 449 -1201

242 615 392 670 bunt
422 628 621 668 vocem
653 629 844 669 suam.
881 635 908 661 »
939 613 1024 667 Ad
1059 610 1514 668 collandandum
1541 611 1748 668 Deum.

315 726 342 752 ‹‹
377 703 598 775 Rigans
627 707 876 758 montes.
915 724 936 749 ι
972 702 1089 756 Hoc
1117 705 1228 766 est,
1261 699 1575 772 apostolos.
1610 723 1639 750 «
1677 702 1751 756 De
1799 718 1892 756 su-

242 791 574 866 perioribus
607 791 750 847 suis.
797 812 819 842 ι
859 792 936 847 De
966 789 1324 857 caelestibus,
1359 791 1668 846 effundens
1717 805 1896 862 super

241 898 342 939 eos
372 881 655 954 Spiritum
684 884 972 936 sanctum.
991 903 1019 929 «
1053 885 1132 935 De
1162 880 1355 936 fructu
1385 896 1627 952 operum
1658 882 1892 935 tuorum

243 970 560 1047 satiabitur
589 973 762 1026 terra.
791 991 818 1019 »ι
853 969 933 1025 De
961 969 1261 1025 beneficiis
1284 969 1611 1041 largitionis
1641 973 1774 1024 tuae.

316 1083 344 1110 ‹‹
376 1060 712 1115 Producens
743 1059 941 1114 fenum
965 1057 1278 1131 jumentis,
1302 1063 1360 1114 et
1379 1059 1622 1114 herbam
1655 1057 1894 1112 servitu-

246 1150 290 1204 ti
321 1148 652 1204 hominum.
688 1171 717 1198 ››
745 1148 1071 1220 Unicuique
1103 1147 1428 1204 secundum
1461 1147 1757 1220 propriam
1791 1145 1893 1201 tri-

251 1238 438 1294 buens
467 1237 894 1294 necessitatem.

313 1350 341 1378 «
376 1327 447 1384 Ut
471 1327 684 1384 educas
715 1343 926 1399 panem
973 1327 1044 1382 de
1094 1331 1269 1393 terra,
1303 1330 1361 1383 et
1411 1327 1611 1381 vinum
1643 1325 1896 1380 laetiticet

240 1432 343 1473 cor
373 1415 649 1472 hominis.
690 1439 710 1465 ι
747 1419 791 1472 Α
822 1415 1036 1472 terreni
1067 1416 1327 1487 corporis
1358 1431 1498 1487 agro
1529 1431 1701 1486 quem
1736 1432 1769 1469 a
1789 1431 1890 1470 no-

237 1504 332 1561 bis
358 1504 704 1576 assumpsit,
729 1505 1075 1577 mysterium
1108 1505 1409 1576 proferens
1438 1503 1691 1559 caelestis
1726 1503 1894 1574 panis

239 1609 307 1650 ac
335 1593 526 1666 poculi
559 1593 855 1666 salutaris,
889 1611 1004 1666 quo
1036 1593 1329 1650 reficiatur
1358 1593 1632 1649 Ecclesia.

316 1704 343 1732 «
376 1683 447 1738 Ut
473 1682 758 1740 exhilaret
789 1683 996 1740 faciem
1023 1684 1153 1755 ejus
1183 1682 1240 1738 in
1275 1681 1420 1738 oleo.
1454 1704 1480 1731 ››
1529 1680 1896 1737 Exhilaratur

237 1771 396 1828 enim
445 1770 572 1827 oleo
621 1771 1056 1839 misericordiae,
1098 1773 1399 1842 justorum
1463 1771 1638 1826 facies
1695 1785 1892 1825 coram

238 1860 376 1918 Deo.
412 1883 440 1909 ‹‹
472 1865 540 1917 Et
567 1861 736 1933 panis
768 1878 867 1918 cor
905 1859 1160 1917 hominis
1210 1861 1535 1916 conﬁrmat.
1571 1883 1599 1909 »
1633 1860 1761 1932 Ipse
1791 1876 1894 1930 pa-

239 1949 359 2005 nis'
388 1950 517 2022 ipsa
560 1950 736 2006 corda
784 1955 984 2007 nostra
1008 1951 1316 2006 confirmat
1347 1965 1360 2004 :
1396 1948 1496 2021 qui
1529 1949 1892 2006 descendens

239 2038 311 2094 de
340 2038 483 2095 ccelo
513 2038 692 2096 vitam
724 2038 932 2096 tribuit
961 2040 1205 2095 mundo.

312 2151 340 2178 «
373 2129 809 2186 Saturabuntur
837 2129 999 2201 ligna
1028 2128 1240 2200 campi.
1271 2150 1299 2177 ››
1331 2127 1463 2183 Sive
1494 2128 1891 2187 rationabiles.

238 2217 358 2273 sive
390 2217 824 2273 irrationabiles
850 2217 1139 2282 homines,
1174 2216 1328 2271 sicut
1356 2215 1630 2288 superius
1656 2217 1727 2271 de
1764 2217 1892 2271 bes-

238 2305 337 2362 tiis
367 2309 544 2377 atque
576 2305 812 2377 onagris
841 2305 1240 2376 exposuimus.
1268 2328 1288 2354 ι
1325 2305 1393 2360 Et
1427 2305 1583 2360 cedri
1618 2305 1890 2360 Libani.»

241 2393 596 2449 Excelsiores
646 2393 852 2448 merito
898 2393 1108 2449 sancti.
1159 2417 1186 2443 ‹‹
1239 2395 1394 2458 Quas
1423 2393 1724 2464 plantavit.
1769 2417 1796 2443 ››
1831 2396 1892 2448 In

241 2481 466 2538 unitate
495 2481 896 2538 ecclesiasticae
928 2482 1081 2538 fidei.
1123 2505 1142 2530 ι
1181 2481 1303 2538 Illic
1332 2499 1598 2554 passeres
1630 2483 1892 2538 nidifica-

242 2569 411 2624 bunt.
446 2592 474 2620 »
505 2570 810 2642 Sapientes
839 2570 1147 2627 aedificant.

319 2678 346 2710 α
377 2658 568 2714 Erodii
598 2660 810 2715 domus
841 2659 955 2715 dux
989 2663 1078 2716 est
1106 2676 1330 2716 eorum.
1368 2682 1394 2707 ››
1430 2660 1676 2716 Erodius
1705 2662 1894 2733 major

242 2750 332 2802 est
359 2747 636 2804 omnibus
668 2747 1021 2817 volatilibus,
1057 2749 1156 2820 qui
1187 2748 1446 2821 aquilam
1479 2749 1659 2804 vincit
1700 2755 1758 2804 et
1797 2767 1889 2806 co-

239 2835 634 2908 medit.1gitur
664 2836 798 2892 talis
825 2837 1023 2904 homo,
1057 2839 1156 2910 qui
1189 2838 1248 2893 in
1281 2839 1455 2894 domo
1500 2838 1597 2894 Dei
1642 2839 1890 2904 habitat,

239 2924 518 2981 ducatum
568 2927 823 2997 praebeat
869 2927 940 2982 ad
988 2927 1340 2983 vincendum
1385 2927 1706 2994 diabolum,
1755 2928 1894 3000 quia

243 3013 444 3085 aquila
473 3030 627 3087 saepe
655 3031 758 3086 pro
786 3014 1019 3071 diabolo
1046 3015 1300 3087 ponitur.
1337 3038 1365 3065 «
1407 3017 1634 3072 Montes
1682 3004 1892 3072 excelsi

188 3126 194 3130 -
240 3103 443 3159 cervis.
482 3125 510 3152 ››
549 3107 670 3160 Hoc
716 3103 937 3159 animal
991 3109 1290 3176 serpentes
1340 3105 1574 3172 occidit,
1627 3110 1684 3161 et
1732 3105 1890 3177 ipsos

239 3193 511 3248 comedit.
545 3197 692 3266 Ergo
724 3193 870 3249 bene
897 3193 956 3248 in
989 3193 1290 3249 montibus
1319 3193 1561 3265 habitat,
1587 3195 1687 3266 qui
1719 3195 1892 3250 inter-

240 3281 363 3337 ﬁcit
390 3262 819 3354 intelligibilem
865 3286 1197 3353 serpentem
1231 3298 1244 3338 :
1281 3283 1381 3355 qui
1415 3262 1737 3355 sapientior
1770 3289 1894 3341 erat
1922 3262 1965 3329 (ἶ

235 3369 296 3425 in
324 3371 597 3442 paradiso
627 3388 743 3442 prae
775 3371 1051 3427 omnibus
1084 3370 1310 3438 bestiis,
1335 3372 1435 3443 qui
1465 3373 1694 3445 decepit
1713 3375 1887 3430 Evam

238 3459 394 3530 (Gen.
431 3477 515 3527 nr,
553 3461 576 3514 1
608 3461 802 3531 seqq).
837 3483 865 3511 ‹‹
908 3464 1078 3516 Petra
1127 3462 1420 3534 refugium
1471 3461 1807 3519 herinaciis.
1861 3485 1889 3512 »

237 3550 342 3615 Qui
387 3549 634 3610 timidus
690 3553 798 3618 est,
835 3549 1125 3622 refugium
1174 3550 1351 3606 habet
1399 3554 1622 3622 petram
1667 3569 1680 3608 :
1729 3556 1893 3623 petra

239 3641 436 3694 autem
467 3637 734 3694 Christus
765 3641 874 3694 est.

315 3751 336 3776 α
375 3727 532 3782 Fecit
560 3726 762 3782 lunam
793 3728 853 3782 in
886 3731 1164 3800 tempore.
1202 3751 1230 3776 »
1260 3728 1440 3784 Aiunt
1491 3730 1726 3800 quando
1769 3745 1890 3786 cre-

240 3816 351 3871 scit
379 3817 538 3882 luna,
571 3831 830 3871 crescere
862 3815 1087 3872 fructus
1116 3832 1342 3884 omnes,
1393 3823 1450 3873 et
1499 3819 1734 3889 quando
1781 3819 1888 3874 mi-

239 3903 462 3973 nuitur,
498 3903 712 3958 iterum
748 3904 974 3959 fructus
1025 3905 1232 3961 minui.
1290 3907 1439 3978 Ergo
1490 3907 1636 3962 bene
1683 3907 1827 3962 dixit
1872 3923 1886 3962 :

245 4014 266 4039 ι
301 3990 454 4047 Fecit
500 3990 701 4047 lunam
733 3993 792 4046 in
832 3996 1116 4064 tempore.
1157 4017 1177 4043 ι
1213 3998 1331 4050 Aut
1383 3994 1552 4050 aliter
1601 3995 1891 4070 intelliga-

239 4097 372 4136 mus
403 4078 607 4136 lunam
639 4079 978 4137 Ecclesiam.
1022 4083 1087 4137 In
1118 4082 1472 4154 proﬁciendo
1512 4083 1668 4138 enim
1699 4083 1890 4140 Eccle-

240 4169 413 4240 siam,
445 4169 786 4242 proﬁcimus
834 4174 891 4226 et
938 4186 1073 4225 cum
1107 4171 1256 4242 ipsa,
1289 4175 1502 4226 etcum
1534 4172 1891 4243 persecutio-

241 4275 373 4315 nem
404 4259 645 4331 patitur,
678 4263 735 4314 et
765 4258 1072 4330 minuitur,
1105 4265 1162 4316 et
1193 4276 1300 4316 nos
1345 4277 1480 4316 cum
1528 4260 1628 4316 illa
1676 4261 1888 4317 minui-

239 4363 395 4412 mur,
427 4350 485 4401 et
522 4346 984 4416 persecutionem
1017 4349 1296 4420 patimur.
1331 4372 1359 4398 ‹‹
1391 4349 1485 4406 Sol
1508 4351 1776 4422 cognovit
1802 4367 1893 4407 oc-

240 4450 441 4490 casum
487 4449 684 4488 suum.
719 4454 748 4483 »
780 4435 836 4487 Si
879 4435 964 4490 sol
1010 4437 1221 4492 occidit
1253 4455 1266 4492 :
1299 4453 1405 4493 nos
1453 4443 1731 4509 putamus
1764 4457 1890 4497 nos-

241 4522 525 4596 metipsos
556 4522 945 4594 sempiternos
974 4524 1141 4578 esse?
1174 4525 1237 4579 In
1279 4523 1389 4580 hoc
1434 4531 1630 4582 autem
1665 4527 1887 4582 miran-

1443 389 1488 447 B
1502 387 1942 450 REVIARIUM
1988 388 2066 448 IN
2113 385 2494 448 PSALMOS.

245 543 267 574 ι
303 527 384 580 De
413 520 604 579 medio
633 525 952 595 petrarum.
986 544 1015 575 »
1047 522 1106 579 Id
1138 524 1246 590 est,
1279 519 1686 578 Ecclesiarum.
1721 544 1749 571 «
1783 525 1888 577 Da-
1917 523 1971 590 Α

3497 392 3651 454 1202

2075 543 2103 571 ‹‹
2136 519 2323 577 Catuli
2354 519 2590 578 leonum
2620 519 2939 594 rugientes,
2975 525 3039 578 ut
3067 521 3300 596 rapiant
3319 527 3376 581 et
3395 527 3656 598 quaraut

2004 629 2039 667 a
2077 611 2192 667 Deo
2221 628 2416 668 escam
2475 611 2606 666 sibi.
2662 634 2690 661 »
2739 612 2890 668 Bene
2937 611 3100 680 dixit,
3131 629 3167 669 a
3194 616 3321 682 Deo,
3373 615 3652 687 quoniam

2004 705 2238 757 sanctos
2270 701 2432 773 cupit
2460 701 2724 774 decipere
2757 718 2769 755 :
2805 718 2871 757 ac
2903 701 2954 756 si
2983 701 3156 772 dicat,
3179 703 3415 772 Judam,
3448 707 3653 773 David,

2005 789 2398 858 Salomonem,
2433 794 2669 846 Petrum
2697 792 2882 847 :sicut
2915 791 3199 863 scriptum
3221 796 3310 848 est
3332 810 3345 848 :
3370 796 3522 853 Escae
3539 797 3654 868 ejus

2006 880 2186 936 electa
2215 880 2438 949 (Habac.
2474 898 2512 949 ι,
2547 880 2655 949 16).

2076 991 2103 1018 ‹‹
2138 968 2313 1024 Ortus
2343 973 2431 1024 est
2464 967 2572 1034 sol,
2599 973 2656 1024 et
2686 970 3019 1042 congregati
3051 972 3246 1026 sunt.»
3277 971 3360 1027 Ne
3387 971 3653 1030 tristetur

2004 1057 2101 1114 ille
2141 1058 2243 1129 qui
2292 1057 2521 1124 cecidit,
2573 1059 2673 1114 sed
2725 1057 3123 1131 penitentiam
3155 1064 3310 1132 agat.
3338 1060 3537 1117 Oritur
3567 1061 3653 1118 illi

2004 1147 2091 1203 sol
2116 1146 2380 1216 justitiae,
2413 1151 2471 1202 et
2501 1147 2737 1220 fugiunt
2757 1148 2830 1204 ab
2862 1164 2928 1204 eo
2954 1163 3159 1206 omnes
3188 1148 3386 1206 bestiae
3415 1153 3473 1207 et
3513 1165 3652 1223 peo-

2003 1241 2150 1303 cata,
2184 1241 2241 1292 et
2271 1235 2522 1292 efﬁcitur
2550 1236 2708 1304 talis,
2740 1237 2932 1308 qualis
2965 1242 3022 1293 et
3050 1242 3223 1295 antea
3253 1239 3384 1296 fuit.
3437 1240 3652 1298 Iterum

2005 1326 2162 1382 enim
2197 1330 2360 1382 ortus
2390 1331 2479 1381 est
2507 1326 2590 1382 sol
2617 1326 2886 1398 justitiaa.

2082 1435 2110 1467 ιι
2139 1415 2330 1470 Exibit
2360 1415 2534 1471 homo
2566 1416 2638 1470 ad
2669 1433 2818 1488 opus
2847 1433 3022 1472 suum
3052 1420 3110 1473 et
3151 1417 3224 1473 ad
3251 1417 3651 1490 operationem

2004 1520 2173 1559 suam
2204 1519 2391 1575 usque
2421 1505 2492 1560 ad
2523 1520 2853 1576 vesperum.
2895 1528 2922 1556 »
2955 1508 3272 1578 Postquam
3316 1509 3512 1563 autem
3561 1523 3654 1563 or-

2004 1597 2100 1648 tus
2133 1593 2308 1648 fuerit
2336 1593 2423 1648 sol
2446 1593 2717 1664 justitiae,
2751 1594 2964 1650 iterum
2990 1595 3217 1651 eximus
3263 1595 3334 1650 ad
3366 1595 3653 1668 operatio-

2004 1699 2137 1737 nem
2172 1687 2433 1738 nostram
2465 1699 2655 1754 usque
2699 1683 2772 1738 ad
2821 1698 3152 1756 vesperum,
3184 1683 3294 1740 hoc
3323 1688 3436 1750 est,
3467 1701 3655 1758 usque

2003 1771 2075 1826 ad
2105 1770 2695 1828 consummationem.
2730 1771 2969 1844 Oportet
2998 1788 3133 1844 ergo
3165 1788 3273 1828 nos
3319 1772 3478 1828 omni
3505 1776 3652 1831 tem-

2003 1876 2142 1932 pore
2171 1859 2395 1931 operari
2417 1859 2735 1931 justitiam.
3535 1915 3539 1920 .

2075 1972 2103 1999 ‹‹
2137 1949 2323 2013 Quam
2356 1949 2732 2021 magniﬁcata
2763 1952 2904 2005 sunt
2931 1965 3108 2022 opera
3135 1954 3258 2021 tua,
3301 1951 3566 2009 Domine.
3623 1974 3647 2004 ο

2007 2040 2069 2093 In
2100 2053 2404 2094 excessum
2435 2038 2650 2093 mentis
2681 2037 2838 2092 venit
2862 2039 3166 2110 Propheta.
3193 2039 3319 2095 Non
3348 2039 3653 2096 inveniens

2005 2128 2300 2199 quomodo
2331 2127 2599 2182 laudaret
2645 2126 2986 2195 Dominum,
3018 2127 3162 2184 dixit
3193 2145 3206 2183 ε
3246 2149 3272 2180 α
3301 2129 3485 2193 Quam
3529 2145 3652 2184 ma-

2005 2216 2283 2289 gnilicata
2311 2219 2451 2271 sunt
2479 2230 2656 2288 opera
2686 2220 2809 2280 tua,
2842 2216 3104 2272 Domine.
3140 2239 3168 2265 »
3198 2218 3496 2274 Excedunt
3542 2217 3652 2274 hu-

2007 2321 2250 2361 manum
2281 2321 2519 2360 sensum
2543 2309 2644 2359 tua
2663 2305 3114 2376 opera.«Omnia
3133 2305 3191 2361 in
3215 2305 3506 2378 sapientia
3524 2303 3657 2364 feci-

2004 2395 2101 2450 sti.
2131 2417 2158 2443 »
2178 2395 2240 2449 In
2273 2393 2518 2450 Domino
2549 2398 2748 2450 nostro
2775 2393 2918 2450 Jesu
2947 2393 3198 2450 Christo.
3230 2395 3359 2468 Ipse
3387 2395 3545 2452 enim
3567 2400 3656 2454 est

2003 2482 2294 2555 sapientia
2322 2482 2423 2538 Dei
2451 2483 2775 2538 secundum
2809 2482 3152 2555 Apostolum
3185 2483 3475 2541 dicentem
3497 2485 3654 2556 quod

2002 2574 2061 2628 in
2093 2572 2221 2644 ipso
2251 2575 2444 2628 creata
2476 2576 2616 2627 sunt
2643 2571 2842 2628 omnia
2871 2573 3043 2644 (Rom.
3075 2590 3155 2640 x1,
3203 2574 3315 2642 36).
3353 2596 3374 2624 ι
3412 2574 3659 2648 Impleta

2001 2665 2091 2717 est
2114 2666 2269 2716 terra
2298 2659 2670 2732 possessione
2701 2664 2822 2715 tua.
2858 2681 2886 2708 »
2919 2660 2985 2714 Et
3015 2676 3213 2716 revera
3243 2661 3444 2717 omnia
3480 2677 3658 2734 opera

2001 2749 2232 2807 Domini
2265 2749 2436 2821 plena
2473 2753 2613 2804 sunt
2643 2747 2951 2820 sapientia.
3002 2750 3246 2814 Quando
3293 2748 3450 2806 enim
3497 2750 3654 2807 vide-

2003 2857 2137 2895 mus
2171 2838 2475 2894 formicam
2510 2837 2659 2892 scire
2703 2837 2938 2908 quando
2967 2836 3159 2895 hiems
3187 2838 3371 2906 venit;
3403 2843 3460 2895 et
3488 2856 3654 2912 repo-

2002 2928 2089 2983 nit
2119 2926 2230 2982 sibi
2261 2942 2478 2990 eseam,
2512 2929 2568 2981 et
2599 2926 2813 2982 iterum
2863 2925 3112 2982 culicem
3159 2931 3283 2983 tam
3331 2926 3652 2994 minutum,

2001 3017 2218 3072 habere
2243 3015 2462 3086 oculos,
2494 3017 2752 3070 ventrem
2787 3018 2844 3070 et
2874 3014 3149 3072 universa
3191 3015 3457 3074 membra
3503 3016 3657 3074 sicut

2002 3109 2060 3160 et
2089 3121 2196 3160 nos
2229 3104 2600 3170 habemus,et
2617 3103 2866 3176 pulicem
2899 3108 2957 3160 et
2985 3103 3120 3160 alia.
3153 3103 3437 3162 Videmus
3458 3109 3654 3164 autem

2002 3193 2368 3267 elephantem
2402 3197 2521 3248 tam
2555 3209 2832 3264 magnam
2867 3193 3119 3250 bestiam
3167 3193 3384 3252 habere
3431 3194 3653 3266 oculos,

2003 3300 2195 3346 nares.
2226 3283 2423 3354 pedes,
2457 3286 2719 3338 ventrem
2766 3282 2921 3338 sicut
2968 3286 3024 3338 et
3066 3299 3173 3340 nos
3200 3283 3262 3338 in
3293 3283 3441 3356 ipsis
3487 3282 3652 3342 locis.

2001 3371 2282 3429 Similiter
2311 3375 2507 3427 autem
2557 3374 2614 3426 et
2663 3387 2853 3443 apem,
2886 3373 3177 3442 quomodo
3225 3371 3401 3428 faciat
3447 3373 3562 3430 mel
3600 3376 3658 3428 et

2002 3477 2217 3517 ceram.
2277 3460 2480 3515 Nonne
2527 3463 2667 3515 sunt
2713 3459 2835 3515 haec
2888 3460 3199 3517 miratione
3247 3460 3444 3533 digna,
3476 3465 3535 3518 et
3563 3478 3656 3518 sa-

2003 3550 2223 3622 pientia
2253 3549 2461 3621 plena?

2079 3662 2099 3688 «ι
2138 3639 2257 3694 Hoc
2306 3653 2465 3692 mare
2510 3653 2792 3711 magnum
2837 3642 2894 3692 et
2941 3637 3270 3710 spatiosum
3319 3638 3598 3696 manibus
3637 3654 3652 3693 :

2002 3727 2124 3782 illic
2163 3726 2393 3799 reptilia
2439 3742 2690 3798 quorum
2735 3742 2851 3781 non
2900 3729 2989 3781 est
3027 3741 3333 3782 numerus.
3363 3725 3658 3786 Animalia

2003 3815 2221 3889 pusilla
2248 3832 2383 3872 cum
2415 3815 2667 3887 magnis.
2692 3839 2714 3867 ι
2745 3815 2949 3872 Nonne
2979 3819 3068 3872 est
3097 3815 3207 3872 hoc
3237 3814 3398 3871 mirae
3431 3815 3659 3889 sapien-

2003 3905 2097 3961 tiae
2128 3904 2422 3976 quomodo
2472 3904 2531 3959 in
2581 3904 2728 3959 mari
2775 3907 2916 3960 sunt
2957 3903 3208 3976 reptilia,
3241 3919 3492 3975 quorum
3534 3921 3652 3960 non

2003 3998 2092 4050 est
2123 3993 2444 4049 numerus?
2473 3994 2539 4048 Et
2569 3993 2760 4066 pisces
2793 3997 2916 4048 tam
2947 3994 3201 4064 majores
3231 4007 3410 4064 quam
3458 3991 3652 4048 mino-

2004 4099 2096 4140 res
2131 4101 2143 4138 :
2179 4083 2472 4156 quomodo
2516 4082 2637 4137 sint
2666 4083 2725 4136 in
2758 4082 3066 4154 profundo,
3102 4084 3160 4136 et
3189 4080 3324 4136 inde
3354 4083 3660 4136 resumant

2002 4172 2203 4239 vitam,
2253 4172 2352 4227 ubi
2404 4171 2452 4227 si
2505 4170 2679 4226 homo
2727 4169 3020 4235 ceciderit,
3075 4169 3340 4239 moritur,
3369 4173 3426 4225 et
3454 4168 3567 4241 ipsi
3605 4170 3657 4226 si

2001 4260 2268 4318 venerint
2296 4260 2354 4315 in
2387 4264 2562 4330 terra,
2597 4257 2970 4314 moriuntur?
3003 4257 3160 4313 «Illic
3189 4273 3368 4314 naves
3397 4261 3659 4330 pertran-

2003 4351 2225 4407 sibunt.
2263 4371 2290 4398 »
2322 4349 2465 4413 Quis
2497 4364 2564 4404 ex
2595 4346 2762 4403 nobis
2794 4349 2883 4402 est
2913 4345 3078 4402 navis
3109 4345 3274 4404 fortis
3323 4346 3424 4421 qui
3472 4347 3661 4421 possit

2003 4438 2164 4494 istud
2198 4436 2482 4493 saeculum
2515 4436 2715 4507 fugere
2745 4439 2802 4492 et
2833 4451 2947 4490 non
2978 4434 3393 4508 submergatur
3421 4438 3525 4492 aut
3570 4435 3656 4491 of-

2004 4527 2204 4583 fendat
2233 4526 2292 4581 in
2326 4529 2551 4596 petram
2585 4542 2598 4580 :
2632 4525 2733 4581 sed
2769 4522 2982 4580 habeat
3011 4540 3252 4581 sensum
3274 4523 3376 4596 qui
3395 4540 3530 4581 eum
3551 4539 3657 4596 gu-

239 4613 381 4669 dum
414 4616 503 4669 est
534 4629 547 4668 :
580 4612 874 4684 quomodo
907 4615 1141 4668 tantum
1171 4612 1392 4680 lumen,
1425 4618 1482 4668 et
1513 4619 1673 4671 tanta
1716 4615 1889 4671 clari-
1920 4634 1969 4699 D
2002 4617 2227 4682 bernet,
2259 4618 2324 4669 ut
2353 4614 2540 4687 possit
2573 4611 2771 4670 salvus
2800 4612 2944 4669 ﬁeri.

238 4706 330 4758 tas
360 4718 487 4774 qua:
518 4700 706 4774 operit
737 4699 1076 4758 universum
1109 4701 1394 4758 mundum
1420 4701 1642 4758 lumine
1674 4721 1802 4772 suo,
1831 4705 1889 4760 in

241 4794 536 4848 momento
567 4789 798 4847 occidit.
831 4790 1081 4848 Oremus
1112 4796 1308 4848 autem
1341 4796 1406 4848 ut
1437 4809 1552 4849 non
1588 4793 1756 4848 nobis
1793 4809 1888 4850 oc-

241 4880 396 4936 cidat
423 4878 509 4936 sol
534 4880 804 4952 justitim.

314 4991 344 5018 «
377 4969 630 5026 Posuisti
661 4969 930 5026 tenebras
958 4973 1014 5025 et
1044 4969 1195 5026 facta
1225 4974 1314 5026 est
1345 4988 1478 5036 nox,
1513 4972 1569 5026 in
1603 4972 1730 5044 ipsa
1760 4989 1890 5045 per-

241 5059 581 5116 transibunt
611 5073 816 5116 omnes
849 5058 1046 5116 bestiae
1074 5059 1249 5116 silvae.
1284 5080 1313 5110 »
1344 5061 1414 5116 Et
1443 5063 1766 5117 secundum
1802 5061 1892 5117 lit-

237 5152 427 5204 teram
481 5146 750 5203 ordinem
808 5146 983 5202 habet
1028 5165 1040 5202 :
1084 5146 1362 5218 quoniam
1417 5147 1544 5203 ideo
1594 5149 1744 5204 facta
1803 5153 1893 5204 est

239 5255 372 5310 nox,
405 5242 472 5294 ut
498 5236 768 5293 homines
797 5236 1225 5308 requiescerent
1255 5238 1327 5292 ab
1357 5237 1632 5310 operibus
1663 5237 1810 5305 suis,
1832 5243 1891 5294 et

239 5326 438 5384 bestiae
470 5326 885 5400 egrederentur
913 5327 983 5381 ad
1016 5326 1367 5397 pastionem.
1402 5328 1737 5383 Secundum
1771 5333 1886 5382 tro-

239 5415 530 5489 pologiam
553 5420 746 5471 autem
771 5431 783 5468 :
815 5415 1050 5486 quando
1081 5415 1249 5472 nobis
1279 5416 1617 5472 occubuerit
1647 5415 1730 5471 sol
1755 5418 1888 5487 jus-

238 5504 435 5571 stitie,
465 5503 666 5560 omnia
694 5502 862 5559 nobis
892 5504 1202 5561 tenebrosa
1245 5508 1403 5570 sunt,
1436 5510 1493 5560 et
1521 5508 1660 5560 tunc
1691 5504 1749 5558 in
1784 5521 1890 5561 nos

242 5597 660 5668 pertranseunt
690 5591 887 5649 bestia
920 5609 934 5648 :
968 5597 1025 5650 et
1054 5593 1142 5650 leo
1169 5594 1428 5665 rugiens,
1460 5593 1660 5650 volens
1690 5609 1888 5666 rapere

239 5688 298 5742 et
324 5683 599 5743 devorare
625 5698 752 5740 nos.

2079 4728 2098 4754 ι
2135 4705 2319 4760 Draco
2352 4703 2460 4760 iste
2491 4718 2664 4775 quem
2695 4702 2961 4759 formasti
2992 4703 3065 4758 ad
3113 4701 3482 4760 illudendum
3513 4702 3588 4759 ei.
3617 4721 3646 4754 ι

2000 4793 2188 4851 Judaei
2222 4792 2448 4858 dicunt,
2481 4793 2791 4848 draconem
2821 4807 3102 4864 magnum
3149 4791 3286 4848 fecit
3333 4791 3508 4859 Deus,
3551 4790 3652 4864 qui

2000 4883 2217 4939 dicitur
2263 4881 2590 4947 Leviathan,
2650 4885 2707 4936 et
2762 4885 2851 4938 est
2904 4879 2964 4936 in
3021 4879 3170 4937 mari
3222 4897 3235 4934 :
3287 4884 3345 4936 et
3393 4880 3650 4952 quando,

2001 4971 2186 5038 aiunt,
2219 4971 2438 5027 recedit
2483 4971 2774 5038 Oceanus,
2800 4970 2974 5026 draco
3021 4967 3285 5026 vertitur.
3315 4967 3430 5025 Nos
3455 4972 3651 5027 autem

1999 5062 2267 5117 dicamus
2300 5079 2313 5116 :
2350 5063 2464 5117 lste
2495 5064 2585 5116 est
2610 5060 2805 5130 draco,
2856 5059 2957 5131 qui
3001 5059 3075 5114 de
3116 5057 3386 5130 paradiso
3428 5059 3654 5129 ejectus

1999 5156 2107 5218 est,
2141 5151 2238 5222 qui
2272 5149 2501 5222 decepit
2530 5150 2707 5205 Evam
2741 5165 2753 5205 :
2788 5152 2845 5204 et
2869 5149 3043 5204 datus
3072 5151 3162 5204 est
3189 5147 3248 5204 in
3280 5147 3389 5204 hoc
3429 5149 3650 5205 mundo

2000 5241 2071 5294 ad
2117 5239 2487 5295 illudendum
2520 5238 2708 5294 nobis.
2742 5239 3001 5302 Quantos
3039 5237 3196 5294 enim
3247 5237 3568 5294 monachos
3595 5241 3654 5294 et

1998 5328 2240 5384 clericos
2282 5326 2682 5400 praecipitavit.
2717 5351 2742 5376 α
2777 5327 2987 5382 Omnia
3032 5344 3066 5380 a
3117 5330 3172 5381 te
3219 5329 3557 5398 exspectant
3585 5330 3650 5382 ut

2000 5418 2101 5473 des
2135 5417 2249 5473 illis
2275 5434 2468 5473 escam
2502 5416 2558 5471 in
2588 5420 2866 5488 tempore,
2897 5439 2924 5463 ››
2955 5419 3066 5471 etc.
3111 5415 3258 5480 Quia
3304 5415 3503 5472 omnia
3547 5414 3646 5471 Dei

1999 5511 2146 5562 nutu
2178 5506 2398 5561 vivunt.

2071 5618 2098 5643 ‹‹
2130 5595 2370 5649 Auferes
2401 5593 2674 5666 spiritum
2724 5593 2986 5666 ipsorum
3036 5597 3093 5650 et
3139 5593 3429 5661 deficient,
3481 5594 3538 5647 et
3583 5589 3643 5646 in

1999 5683 2296 5755 pulverem
2341 5699 2516 5741 suum
2567 5686 2946 5742 revertentur.
2983 5702 3012 5738 ιι
3066 5680 3644 5743 Consummationom
