  <div class='ocr_page' id='page_1' title='image "/cluster/home/n/w/nwhite01/storage/ocr_20150623/26/hvd.32044052772472/633.png"; bbox 0 0 3976 6188; ppageno 0'>
   <div class='ocr_carea' id='block_1_1' title="bbox 329 388 488 450">
    <p class='ocr_par' dir='ltr' id='par_1_1' title="bbox 329 388 488 450">
     <span class='ocr_line' id='line_1_1' title="bbox 329 388 488 450; baseline 0 0"><span class='ocrx_word' id='word_1_1' title='bbox 329 388 488 450; x_wconf 71' lang='grc'><strong>1203</strong></span> 
     </span>
    </p>
   </div>
   <div class='ocr_carea' id='block_1_2' title="bbox 1828 382 2241 445">
    <p class='ocr_par' dir='ltr' id='par_1_2' title="bbox 1828 382 2241 445">
     <span class='ocr_line' id='line_1_2' title="bbox 1828 382 2241 445; baseline -0.007 0"><span class='ocrx_word' id='word_1_2' title='bbox 1828 382 2241 445; x_wconf 76' lang='lat' dir='ltr'><strong>APPENDIX.</strong></span> 
     </span>
    </p>
   </div>
   <div class='ocr_carea' id='block_1_3' title="bbox 3579 385 3746 446">
    <p class='ocr_par' dir='ltr' id='par_1_3' title="bbox 3579 385 3746 446">
     <span class='ocr_line' id='line_1_3' title="bbox 3579 385 3746 446; baseline 0.018 -3"><span class='ocrx_word' id='word_1_3' title='bbox 3579 385 3746 446; x_wconf 68' lang='lat' dir='ltr'><strong>i204</strong></span> 
     </span>
    </p>
   </div>
   <div class='ocr_carea' id='block_1_4' title="bbox 335 512 3743 597">
    <p class='ocr_par' dir='ltr' id='par_1_4' title="bbox 335 512 3743 597">
     <span class='ocr_line' id='line_1_4' title="bbox 335 512 3743 597; baseline -0.003 -15"><span class='ocrx_word' id='word_1_4' title='bbox 335 523 540 582; x_wconf 90' lang='lat' dir='ltr'><strong>mundi</strong></span> <span class='ocrx_word' id='word_1_5' title='bbox 572 521 867 597; x_wconf 88' lang='lat' dir='ltr'><strong>signiﬁcat</strong></span> <span class='ocrx_word' id='word_1_6' title='bbox 898 539 910 578; x_wconf 90' lang='lat'><strong>:</strong></span> <span class='ocrx_word' id='word_1_7' title='bbox 945 521 1177 594; x_wconf 83' lang='lat' dir='ltr'><strong>quando</strong></span> <span class='ocrx_word' id='word_1_8' title='bbox 1208 523 1494 593; x_wconf 83' lang='lat' dir='ltr'><strong>praecepto</strong></span> <span class='ocrx_word' id='word_1_9' title='bbox 1525 519 1626 576; x_wconf 90' lang='lat' dir='ltr'><strong>Dei</strong></span> <span class='ocrx_word' id='word_1_10' title='bbox 1659 517 1858 576; x_wconf 86' lang='lat' dir='ltr'>omnia</span> <span class='ocrx_word' id='word_1_11' title='bbox 1888 535 1978 574; x_wconf 90' lang='lat' dir='ltr'><strong>ex-</strong></span> <span class='ocrx_word' id='word_1_12' title='bbox 2006 519 2061 585; x_wconf 85' lang='grc' dir='ltr'><strong>Α</strong></span> <span class='ocrx_word' id='word_1_13' title='bbox 2091 533 2197 574; x_wconf 88' lang='lat' dir='ltr'><strong>nos</strong></span> <span class='ocrx_word' id='word_1_14' title='bbox 2227 518 2545 590; x_wconf 75' lang='lat' dir='ltr'><strong>tempestas</strong></span> <span class='ocrx_word' id='word_1_15' title='bbox 2575 512 2866 590; x_wconf 79' lang='lat' dir='ltr'><strong>opprimat</strong></span> <span class='ocrx_word' id='word_1_16' title='bbox 2896 532 2911 572; x_wconf 90' lang='lat'><strong>:</strong></span> <span class='ocrx_word' id='word_1_17' title='bbox 2944 531 3052 574; x_wconf 89' lang='lat' dir='ltr'><strong>nec</strong></span> <span class='ocrx_word' id='word_1_18' title='bbox 3078 515 3138 573; x_wconf 89' lang='lat' dir='ltr'><strong>in</strong></span> <span class='ocrx_word' id='word_1_19' title='bbox 3168 518 3395 588; x_wconf 87' lang='lat' dir='ltr'><strong>petram</strong></span> <span class='ocrx_word' id='word_1_20' title='bbox 3423 513 3743 573; x_wconf 74' lang='lat' dir='ltr'><strong>oﬁenderi-</strong></span> 
     </span>
    </p>
   </div>
   <div class='ocr_carea' id='block_1_5' title="bbox 334 611 1977 682">
    <p class='ocr_par' dir='ltr' id='par_1_5' title="bbox 334 611 1977 682">
     <span class='ocr_line' id='line_1_5' title="bbox 334 611 1977 682; baseline -0.004 -12"><span class='ocrx_word' id='word_1_21' title='bbox 334 612 918 680; x_wconf 89' lang='lat' dir='ltr'><strong>terminantur,sicut</strong></span> <span class='ocrx_word' id='word_1_22' title='bbox 948 611 1232 682; x_wconf 88' lang='lat' dir='ltr'><strong>scriptum</strong></span> <span class='ocrx_word' id='word_1_23' title='bbox 1263 614 1352 666; x_wconf 91' lang='lat' dir='ltr'><strong>est</strong></span> <span class='ocrx_word' id='word_1_24' title='bbox 1383 627 1394 665; x_wconf 86' lang='lat'><strong>:</strong></span> <span class='ocrx_word' id='word_1_25' title='bbox 1430 612 1592 665; x_wconf 81' lang='lat' dir='ltr'><strong>Terra</strong></span> <span class='ocrx_word' id='word_1_26' title='bbox 1619 625 1676 665; x_wconf 85' lang='lat' dir='ltr'><strong>es</strong></span> <span class='ocrx_word' id='word_1_27' title='bbox 1703 614 1753 665; x_wconf 85' lang='lat' dir='ltr'><strong>et</strong></span> <span class='ocrx_word' id='word_1_28' title='bbox 1784 611 1845 664; x_wconf 84' lang='lat' dir='ltr'><strong>in</strong></span> <span class='ocrx_word' id='word_1_29' title='bbox 1871 616 1977 664; x_wconf 86' lang='lat' dir='ltr'><strong>ter-</strong></span> 
     </span>
    </p>
   </div>
   <div class='ocr_carea' id='block_1_6' title="bbox 334 700 1035 775">
    <p class='ocr_par' dir='ltr' id='par_1_6' title="bbox 334 700 1035 775">
     <span class='ocr_line' id='line_1_6' title="bbox 334 700 1035 775; baseline -0.009 -16"><span class='ocrx_word' id='word_1_30' title='bbox 334 720 458 759; x_wconf 82' lang='lat' dir='ltr'><strong>ram</strong></span> <span class='ocrx_word' id='word_1_31' title='bbox 488 705 594 758; x_wconf 85' lang='lat' dir='ltr'><strong>ibis</strong></span> <span class='ocrx_word' id='word_1_32' title='bbox 623 702 775 775; x_wconf 83' lang='lat' dir='ltr'><strong>(Gen.</strong></span> <span class='ocrx_word' id='word_1_33' title='bbox 808 719 892 770; x_wconf 81' lang='lat' dir='ltr'><strong>III,</strong></span> <span class='ocrx_word' id='word_1_34' title='bbox 928 700 1035 770; x_wconf 85' lang='grc'>19).</span> 
     </span>
    </p>
   </div>
   <div class='ocr_carea' id='block_1_7' title="bbox 414 787 1982 861">
    <p class='ocr_par' dir='ltr' id='par_1_7' title="bbox 414 787 1982 861">
     <span class='ocr_line' id='line_1_7' title="bbox 414 787 1982 861; baseline 0.001 -19"><span class='ocrx_word' id='word_1_35' title='bbox 414 816 434 842; x_wconf 76' lang='grc' dir='ltr'>α</span> <span class='ocrx_word' id='word_1_36' title='bbox 472 791 679 848; x_wconf 80' lang='lat' dir='ltr'><strong>Emitte</strong></span> <span class='ocrx_word' id='word_1_37' title='bbox 707 789 978 861; x_wconf 84' lang='lat' dir='ltr'><strong>spiritum</strong></span> <span class='ocrx_word' id='word_1_38' title='bbox 1010 794 1178 844; x_wconf 90' lang='lat' dir='ltr'><strong>tuum</strong></span> <span class='ocrx_word' id='word_1_39' title='bbox 1211 793 1267 844; x_wconf 88' lang='lat' dir='ltr'><strong>et</strong></span> <span class='ocrx_word' id='word_1_40' title='bbox 1297 788 1673 845; x_wconf 88' lang='lat' dir='ltr'><strong>creabuntur.</strong></span> <span class='ocrx_word' id='word_1_41' title='bbox 1715 810 1743 838; x_wconf 86' lang='lat'>»</span> <span class='ocrx_word' id='word_1_42' title='bbox 1781 789 1841 843; x_wconf 91' lang='lat' dir='ltr'><strong>In</strong></span> <span class='ocrx_word' id='word_1_43' title='bbox 1886 787 1982 844; x_wconf 90' lang='lat' dir='ltr'><strong>die</strong></span> 
     </span>
    </p>
   </div>
   <div class='ocr_carea' id='block_1_8' title="bbox 334 876 1977 950">
    <p class='ocr_par' dir='ltr' id='par_1_8' title="bbox 334 876 1977 950">
     <span class='ocr_line' id='line_1_8' title="bbox 334 876 1977 950; baseline -0.004 -12"><span class='ocrx_word' id='word_1_44' title='bbox 334 878 878 938; x_wconf 81' lang='lat' dir='ltr'><strong>consummationis.</strong></span> <span class='ocrx_word' id='word_1_45' title='bbox 913 879 970 933; x_wconf 89' lang='lat' dir='ltr'><strong>Si</strong></span> <span class='ocrx_word' id='word_1_46' title='bbox 1004 878 1246 950; x_wconf 79' lang='lat' dir='ltr'><strong>spiritds</strong></span> <span class='ocrx_word' id='word_1_47' title='bbox 1279 881 1434 933; x_wconf 91' lang='lat' dir='ltr'><strong>creat</strong></span> <span class='ocrx_word' id='word_1_48' title='bbox 1463 893 1475 932; x_wconf 92' lang='lat'><strong>:</strong></span> <span class='ocrx_word' id='word_1_49' title='bbox 1513 893 1648 949; x_wconf 86' lang='lat' dir='ltr'><strong>ergo</strong></span> <span class='ocrx_word' id='word_1_50' title='bbox 1679 876 1834 932; x_wconf 88' lang='lat' dir='ltr'><strong>Deus</strong></span> <span class='ocrx_word' id='word_1_51' title='bbox 1870 881 1977 932; x_wconf 88' lang='lat' dir='ltr'><strong>est.</strong></span> 
     </span>
    </p>
   </div>
   <div class='ocr_carea' id='block_1_9' title="bbox 332 966 1433 1039">
    <p class='ocr_par' dir='ltr' id='par_1_9' title="bbox 332 966 1433 1039">
     <span class='ocr_line' id='line_1_9' title="bbox 332 966 1433 1039; baseline -0.004 -14"><span class='ocrx_word' id='word_1_52' title='bbox 332 971 416 1025; x_wconf 89' lang='lat' dir='ltr'><strong>Ita</strong></span> <span class='ocrx_word' id='word_1_53' title='bbox 446 969 601 1024; x_wconf 90' lang='lat' dir='ltr'><strong>enim</strong></span> <span class='ocrx_word' id='word_1_54' title='bbox 633 971 810 1035; x_wconf 84' lang='lat' dir='ltr'><strong>creat,</strong></span> <span class='ocrx_word' id='word_1_55' title='bbox 843 967 1136 1039; x_wconf 89' lang='lat' dir='ltr'><strong>quomodo</strong></span> <span class='ocrx_word' id='word_1_56' title='bbox 1166 969 1224 1021; x_wconf 91' lang='lat' dir='ltr'><strong>et</strong></span> <span class='ocrx_word' id='word_1_57' title='bbox 1248 966 1433 1022; x_wconf 89' lang='lat' dir='ltr'><strong>Pater.</strong></span> 
     </span>
    </p>
   </div>
   <div class='ocr_carea' id='block_1_10' title="bbox 401 1055 1978 1130">
    <p class='ocr_par' dir='ltr' id='par_1_10' title="bbox 401 1055 1978 1130">
     <span class='ocr_line' id='line_1_10' title="bbox 401 1055 1978 1130; baseline -0.003 -17"><span class='ocrx_word' id='word_1_58' title='bbox 401 1082 428 1108; x_wconf 88' lang='grc'><strong>‹‹</strong></span> <span class='ocrx_word' id='word_1_59' title='bbox 461 1058 549 1114; x_wconf 86' lang='lat' dir='ltr'><strong>Sit</strong></span> <span class='ocrx_word' id='word_1_60' title='bbox 594 1057 779 1130; x_wconf 85' lang='lat' dir='ltr'><strong>gloria</strong></span> <span class='ocrx_word' id='word_1_61' title='bbox 825 1057 1056 1112; x_wconf 88' lang='lat' dir='ltr'><strong>Domini</strong></span> <span class='ocrx_word' id='word_1_62' title='bbox 1103 1057 1162 1110; x_wconf 91' lang='lat' dir='ltr'><strong>in</strong></span> <span class='ocrx_word' id='word_1_63' title='bbox 1212 1055 1514 1112; x_wconf 69' lang='lat' dir='ltr'><strong>saeculum.</strong></span> <span class='ocrx_word' id='word_1_64' title='bbox 1551 1077 1578 1103; x_wconf 89' lang='grc'><strong>››</strong></span> <span class='ocrx_word' id='word_1_65' title='bbox 1610 1059 1756 1128; x_wconf 91' lang='lat' dir='ltr'><strong>Ergo</strong></span> <span class='ocrx_word' id='word_1_66' title='bbox 1787 1059 1844 1110; x_wconf 90' lang='lat' dir='ltr'><strong>et</strong></span> <span class='ocrx_word' id='word_1_67' title='bbox 1874 1071 1978 1110; x_wconf 90' lang='lat' dir='ltr'><strong>nos</strong></span> 
     </span>
    </p>
   </div>
   <div class='ocr_carea' id='block_1_11' title="bbox 330 1143 1982 1220">
    <p class='ocr_par' dir='ltr' id='par_1_11' title="bbox 330 1143 1982 1220">
     <span class='ocr_line' id='line_1_11' title="bbox 330 1143 1982 1220; baseline -0.002 -17"><span class='ocrx_word' id='word_1_68' title='bbox 330 1148 430 1220; x_wconf 92' lang='lat' dir='ltr'><strong>qui</strong></span> <span class='ocrx_word' id='word_1_69' title='bbox 462 1147 880 1220; x_wconf 89' lang='lat' dir='ltr'><strong>gloriﬁcamus,</strong></span> <span class='ocrx_word' id='word_1_70' title='bbox 932 1144 1274 1217; x_wconf 88' lang='lat' dir='ltr'><strong>sempiterni</strong></span> <span class='ocrx_word' id='word_1_71' title='bbox 1320 1143 1560 1200; x_wconf 87' lang='lat' dir='ltr'><strong>erimus.</strong></span> <span class='ocrx_word' id='word_1_72' title='bbox 1601 1165 1628 1193; x_wconf 87' lang='grc'><strong>‹‹</strong></span> <span class='ocrx_word' id='word_1_73' title='bbox 1670 1144 1982 1199; x_wconf 69' lang='lat' dir='ltr'><strong>Laetabitur</strong></span> 
     </span>
    </p>
   </div>
   <div class='ocr_carea' id='block_1_12' title="bbox 325 1232 1978 1306">
    <p class='ocr_par' dir='ltr' id='par_1_12' title="bbox 325 1232 1978 1306">
     <span class='ocr_line' id='line_1_12' title="bbox 325 1232 1978 1306; baseline -0.002 -14"><span class='ocrx_word' id='word_1_74' title='bbox 325 1235 606 1293; x_wconf 87' lang='lat' dir='ltr'><strong>Dominus</strong></span> <span class='ocrx_word' id='word_1_75' title='bbox 637 1237 695 1290; x_wconf 92' lang='lat' dir='ltr'><strong>in</strong></span> <span class='ocrx_word' id='word_1_76' title='bbox 728 1234 1002 1306; x_wconf 90' lang='lat' dir='ltr'><strong>cperibus</strong></span> <span class='ocrx_word' id='word_1_77' title='bbox 1034 1233 1180 1289; x_wconf 86' lang='lat' dir='ltr'><strong>suis.</strong></span> <span class='ocrx_word' id='word_1_78' title='bbox 1216 1256 1242 1282; x_wconf 83' lang='grc'><strong>››</strong></span> <span class='ocrx_word' id='word_1_79' title='bbox 1280 1232 1505 1288; x_wconf 71' lang='lat' dir='ltr'><strong>Laetitia</strong></span> <span class='ocrx_word' id='word_1_80' title='bbox 1543 1236 1633 1293; x_wconf 77' lang='lat' dir='ltr'><strong>est.</strong></span> <span class='ocrx_word' id='word_1_81' title='bbox 1679 1232 1836 1288; x_wconf 89' lang='lat' dir='ltr'><strong>enim</strong></span> <span class='ocrx_word' id='word_1_82' title='bbox 1869 1236 1978 1288; x_wconf 88' lang='lat' dir='ltr'><strong>Do-</strong></span> 
     </span>
    </p>
   </div>
   <div class='ocr_carea' id='block_1_13' title="bbox 325 1321 1979 1396">
    <p class='ocr_par' dir='ltr' id='par_1_13' title="bbox 325 1321 1979 1396">
     <span class='ocr_line' id='line_1_13' title="bbox 325 1321 1979 1396; baseline -0.002 -16"><span class='ocrx_word' id='word_1_83' title='bbox 325 1326 514 1394; x_wconf 44' lang='lat' dir='ltr'><strong>mini,</strong></span> <span class='ocrx_word' id='word_1_84' title='bbox 545 1325 779 1396; x_wconf 83' lang='lat' dir='ltr'><strong>quando</strong></span> <span class='ocrx_word' id='word_1_85' title='bbox 828 1340 932 1379; x_wconf 91' lang='lat' dir='ltr'><strong>nos</strong></span> <span class='ocrx_word' id='word_1_86' title='bbox 981 1327 1246 1378; x_wconf 87' lang='lat' dir='ltr'><strong>creatura</strong></span> <span class='ocrx_word' id='word_1_87' title='bbox 1303 1321 1514 1394; x_wconf 87' lang='lat' dir='ltr'><strong>ipsius,</strong></span> <span class='ocrx_word' id='word_1_88' title='bbox 1575 1321 1979 1378; x_wconf 91' lang='lat' dir='ltr'><strong>benedicimus</strong></span> 
     </span>
    </p>
   </div>
   <div class='ocr_carea' id='block_1_14' title="bbox 321 1411 1166 1470">
    <p class='ocr_par' dir='ltr' id='par_1_14' title="bbox 321 1411 1166 1470">
     <span class='ocr_line' id='line_1_14' title="bbox 321 1411 1166 1470; baseline -0.006 -1"><span class='ocrx_word' id='word_1_89' title='bbox 321 1431 455 1470; x_wconf 91' lang='lat' dir='ltr'><strong>eum</strong></span> <span class='ocrx_word' id='word_1_90' title='bbox 487 1415 549 1469; x_wconf 92' lang='lat' dir='ltr'><strong>in</strong></span> <span class='ocrx_word' id='word_1_91' title='bbox 581 1414 673 1469; x_wconf 92' lang='lat' dir='ltr'><strong>die</strong></span> <span class='ocrx_word' id='word_1_92' title='bbox 704 1411 1166 1469; x_wconf 82' lang='lat' dir='ltr'><strong>resurrectionis.</strong></span> 
     </span>
    </p>
   </div>
   <div class='ocr_carea' id='block_1_15' title="bbox 397 1500 1976 1574">
    <p class='ocr_par' dir='ltr' id='par_1_15' title="bbox 397 1500 1976 1574">
     <span class='ocr_line' id='line_1_15' title="bbox 397 1500 1976 1574; baseline -0.003 -17"><span class='ocrx_word' id='word_1_93' title='bbox 397 1526 425 1554; x_wconf 91' lang='grc'><strong>‹‹</strong></span> <span class='ocrx_word' id='word_1_94' title='bbox 458 1502 565 1566; x_wconf 88' lang='lat' dir='ltr'><strong>Qui</strong></span> <span class='ocrx_word' id='word_1_95' title='bbox 597 1501 834 1574; x_wconf 85' lang='lat' dir='ltr'><strong>respicit</strong></span> <span class='ocrx_word' id='word_1_96' title='bbox 880 1506 1117 1568; x_wconf 87' lang='lat' dir='ltr'><strong>terram,</strong></span> <span class='ocrx_word' id='word_1_97' title='bbox 1165 1505 1222 1555; x_wconf 89' lang='lat' dir='ltr'><strong>et</strong></span> <span class='ocrx_word' id='word_1_98' title='bbox 1268 1500 1407 1554; x_wconf 85' lang='lat' dir='ltr'><strong>facit</strong></span> <span class='ocrx_word' id='word_1_99' title='bbox 1455 1515 1583 1555; x_wconf 91' lang='lat' dir='ltr'><strong>eam</strong></span> <span class='ocrx_word' id='word_1_100' title='bbox 1632 1503 1900 1555; x_wconf 90' lang='lat' dir='ltr'><strong>tremere.</strong></span> <span class='ocrx_word' id='word_1_101' title='bbox 1949 1523 1976 1548; x_wconf 88' lang='grc'><strong>››</strong></span> 
     </span>
    </p>
   </div>
   <div class='ocr_carea' id='block_1_16' title="bbox 328 1588 1981 1662">
    <p class='ocr_par' dir='ltr' id='par_1_16' title="bbox 328 1588 1981 1662">
     <span class='ocr_line' id='line_1_16' title="bbox 328 1588 1981 1662; baseline -0.002 -14"><span class='ocrx_word' id='word_1_102' title='bbox 328 1593 563 1648; x_wconf 90' lang='lat' dir='ltr'><strong>Tremet</strong></span> <span class='ocrx_word' id='word_1_103' title='bbox 592 1591 750 1647; x_wconf 90' lang='lat' dir='ltr'><strong>enim</strong></span> <span class='ocrx_word' id='word_1_104' title='bbox 781 1596 934 1646; x_wconf 90' lang='lat' dir='ltr'><strong>terra</strong></span> <span class='ocrx_word' id='word_1_105' title='bbox 975 1593 1174 1645; x_wconf 88' lang='lat' dir='ltr'><strong>nostra</strong></span> <span class='ocrx_word' id='word_1_106' title='bbox 1203 1589 1260 1644; x_wconf 91' lang='lat' dir='ltr'><strong>in</strong></span> <span class='ocrx_word' id='word_1_107' title='bbox 1294 1589 1388 1644; x_wconf 89' lang='lat' dir='ltr'><strong>die</strong></span> <span class='ocrx_word' id='word_1_108' title='bbox 1411 1588 1641 1658; x_wconf 90' lang='lat' dir='ltr'><strong>judicii.</strong></span> <span class='ocrx_word' id='word_1_109' title='bbox 1675 1589 1981 1662; x_wconf 89' lang='lat' dir='ltr'><strong>Signiﬁcat</strong></span> 
     </span>
    </p>
   </div>
   <div class='ocr_carea' id='block_1_17' title="bbox 330 1677 1982 1752">
    <p class='ocr_par' dir='ltr' id='par_1_17' title="bbox 330 1677 1982 1752">
     <span class='ocr_line' id='line_1_17' title="bbox 330 1677 1982 1752; baseline -0.003 -14"><span class='ocrx_word' id='word_1_110' title='bbox 330 1687 528 1738; x_wconf 89' lang='lat' dir='ltr'><strong>autem</strong></span> <span class='ocrx_word' id='word_1_111' title='bbox 560 1683 890 1752; x_wconf 85' lang='lat' dir='ltr'><strong>peccatores</strong></span> <span class='ocrx_word' id='word_1_112' title='bbox 919 1682 1199 1732; x_wconf 88' lang='lat' dir='ltr'><strong>terrenos.</strong></span> <span class='ocrx_word' id='word_1_113' title='bbox 1241 1699 1261 1728; x_wconf 78' lang='grc' dir='ltr'>ι</span> <span class='ocrx_word' id='word_1_114' title='bbox 1295 1677 1402 1740; x_wconf 89' lang='lat' dir='ltr'><strong>Qui</strong></span> <span class='ocrx_word' id='word_1_115' title='bbox 1434 1677 1622 1749; x_wconf 87' lang='lat' dir='ltr'><strong>tangit</strong></span> <span class='ocrx_word' id='word_1_116' title='bbox 1652 1683 1881 1733; x_wconf 84' lang='lat' dir='ltr'><strong>montes</strong></span> <span class='ocrx_word' id='word_1_117' title='bbox 1924 1682 1982 1733; x_wconf 86' lang='lat' dir='ltr'><strong>et</strong></span> 
     </span>
    </p>
   </div>
   <div class='ocr_carea' id='block_1_18' title="bbox 330 1766 1982 1840">
    <p class='ocr_par' dir='ltr' id='par_1_18' title="bbox 330 1766 1982 1840">
     <span class='ocr_line' id='line_1_18' title="bbox 330 1766 1982 1840; baseline -0.002 -15"><span class='ocrx_word' id='word_1_118' title='bbox 330 1769 640 1840; x_wconf 85' lang='lat' dir='ltr'><strong>fumigant.</strong></span> <span class='ocrx_word' id='word_1_119' title='bbox 670 1789 689 1818; x_wconf 81' lang='grc' dir='ltr'><strong><em>ι</em></strong></span> <span class='ocrx_word' id='word_1_120' title='bbox 727 1767 785 1822; x_wconf 90' lang='lat' dir='ltr'><strong>Si</strong></span> <span class='ocrx_word' id='word_1_121' title='bbox 820 1772 1048 1822; x_wconf 88' lang='lat' dir='ltr'><strong>montes</strong></span> <span class='ocrx_word' id='word_1_122' title='bbox 1080 1766 1388 1837; x_wconf 86' lang='lat' dir='ltr'><strong>fumigant,</strong></span> <span class='ocrx_word' id='word_1_123' title='bbox 1415 1771 1632 1838; x_wconf 90' lang='lat' dir='ltr'><strong>quanto</strong></span> <span class='ocrx_word' id='word_1_124' title='bbox 1657 1767 1854 1838; x_wconf 88' lang='lat' dir='ltr'><strong>magis</strong></span> <span class='ocrx_word' id='word_1_125' title='bbox 1872 1771 1982 1822; x_wconf 91' lang='lat' dir='ltr'><strong>ter-</strong></span> 
     </span>
    </p>
   </div>
   <div class='ocr_carea' id='block_1_19' title="bbox 331 1856 2058 1953">
    <p class='ocr_par' dir='ltr' id='par_1_19' title="bbox 331 1856 2058 1953">
     <span class='ocr_line' id='line_1_19' title="bbox 331 1856 2058 1953; baseline -0.001 -39"><span class='ocrx_word' id='word_1_126' title='bbox 331 1859 434 1914; x_wconf 90' lang='lat' dir='ltr'><strong>ra?</strong></span> <span class='ocrx_word' id='word_1_127' title='bbox 463 1858 658 1912; x_wconf 86' lang='lat' dir='ltr'><strong>Sancti</strong></span> <span class='ocrx_word' id='word_1_128' title='bbox 717 1856 1008 1928; x_wconf 88' lang='lat' dir='ltr'><strong>fumigant</strong></span> <span class='ocrx_word' id='word_1_129' title='bbox 1040 1873 1052 1910; x_wconf 92' lang='lat'>:</span> <span class='ocrx_word' id='word_1_130' title='bbox 1087 1856 1364 1926; x_wconf 88' lang='lat' dir='ltr'><strong>quoniam</strong></span> <span class='ocrx_word' id='word_1_131' title='bbox 1396 1871 1599 1911; x_wconf 89' lang='lat' dir='ltr'><strong>omnes</strong></span> <span class='ocrx_word' id='word_1_132' title='bbox 1631 1871 1733 1928; x_wconf 91' lang='lat' dir='ltr'><strong>per</strong></span> <span class='ocrx_word' id='word_1_133' title='bbox 1781 1857 1976 1928; x_wconf 87' lang='lat' dir='ltr'><strong>ignem</strong></span> <span class='ocrx_word' id='word_1_134' title='bbox 2010 1888 2058 1953; x_wconf 83' lang='lat' dir='ltr'><strong>B</strong></span> 
     </span>
    </p>
   </div>
   <div class='ocr_carea' id='block_1_20' title="bbox 329 1941 1980 2017">
    <p class='ocr_par' dir='ltr' id='par_1_20' title="bbox 329 1941 1980 2017">
     <span class='ocr_line' id='line_1_20' title="bbox 329 1941 1980 2017; baseline -0.001 -14"><span class='ocrx_word' id='word_1_135' title='bbox 329 1941 706 2003; x_wconf 88' lang='lat' dir='ltr'><strong>salvabimur.</strong></span> <span class='ocrx_word' id='word_1_136' title='bbox 738 1946 863 2001; x_wconf 91' lang='lat' dir='ltr'><strong>Non</strong></span> <span class='ocrx_word' id='word_1_137' title='bbox 895 1945 1051 2000; x_wconf 90' lang='lat' dir='ltr'><strong>enim</strong></span> <span class='ocrx_word' id='word_1_138' title='bbox 1084 1945 1366 2001; x_wconf 89' lang='lat' dir='ltr'><strong>haberent</strong></span> <span class='ocrx_word' id='word_1_139' title='bbox 1396 1945 1647 2016; x_wconf 91' lang='lat' dir='ltr'><strong>fumum,</strong></span> <span class='ocrx_word' id='word_1_140' title='bbox 1682 1945 1794 2001; x_wconf 90' lang='lat' dir='ltr'><strong>nisi</strong></span> <span class='ocrx_word' id='word_1_141' title='bbox 1827 1945 1980 2017; x_wconf 88' lang='lat' dir='ltr'><strong>ignis</strong></span> 
     </span>
    </p>
   </div>
   <div class='ocr_carea' id='block_1_21' title="bbox 329 2040 504 2093">
    <p class='ocr_par' dir='ltr' id='par_1_21' title="bbox 329 2040 504 2093">
     <span class='ocr_line' id='line_1_21' title="bbox 329 2040 504 2093; baseline -0.006 -1"><span class='ocrx_word' id='word_1_142' title='bbox 329 2040 504 2093; x_wconf 88' lang='lat' dir='ltr'><strong>esset.</strong></span> 
     </span>
    </p>
   </div>
   <div class='ocr_carea' id='block_1_22' title="bbox 401 2123 1982 2195">
    <p class='ocr_par' dir='ltr' id='par_1_22' title="bbox 401 2123 1982 2195">
     <span class='ocr_line' id='line_1_22' title="bbox 401 2123 1982 2195; baseline 0.002 -20"><span class='ocrx_word' id='word_1_143' title='bbox 401 2148 430 2175; x_wconf 88' lang='grc'><strong>‹‹</strong></span> <span class='ocrx_word' id='word_1_144' title='bbox 477 2125 740 2181; x_wconf 88' lang='lat' dir='ltr'><strong>Cantabo</strong></span> <span class='ocrx_word' id='word_1_145' title='bbox 792 2124 1038 2180; x_wconf 91' lang='lat' dir='ltr'><strong>Domino</strong></span> <span class='ocrx_word' id='word_1_146' title='bbox 1088 2125 1146 2179; x_wconf 91' lang='lat' dir='ltr'><strong>in</strong></span> <span class='ocrx_word' id='word_1_147' title='bbox 1195 2123 1310 2179; x_wconf 88' lang='lat' dir='ltr'><strong>vita</strong></span> <span class='ocrx_word' id='word_1_148' title='bbox 1359 2140 1508 2194; x_wconf 90' lang='lat' dir='ltr'><strong>mea,</strong></span> <span class='ocrx_word' id='word_1_149' title='bbox 1558 2123 1812 2195; x_wconf 87' lang='lat' dir='ltr'><strong>psallam</strong></span> <span class='ocrx_word' id='word_1_150' title='bbox 1867 2123 1982 2178; x_wconf 93' lang='lat' dir='ltr'><strong>Deo</strong></span> 
     </span>
    </p>
   </div>
   <div class='ocr_carea' id='block_1_23' title="bbox 332 2212 1980 2286">
    <p class='ocr_par' dir='ltr' id='par_1_23' title="bbox 332 2212 1980 2286">
     <span class='ocr_line' id='line_1_23' title="bbox 332 2212 1980 2286; baseline -0.003 -15"><span class='ocrx_word' id='word_1_151' title='bbox 332 2231 460 2271; x_wconf 88' lang='lat' dir='ltr'><strong>meo</strong></span> <span class='ocrx_word' id='word_1_152' title='bbox 493 2215 753 2286; x_wconf 89' lang='lat' dir='ltr'><strong>quandiu</strong></span> <span class='ocrx_word' id='word_1_153' title='bbox 805 2231 957 2269; x_wconf 91' lang='lat' dir='ltr'><strong>sum.</strong></span> <span class='ocrx_word' id='word_1_154' title='bbox 1014 2236 1041 2264; x_wconf 88' lang='lat'>»</span> <span class='ocrx_word' id='word_1_155' title='bbox 1093 2213 1599 2279; x_wconf 87' lang='lat' dir='ltr'><strong>Quemadmodum</strong></span> <span class='ocrx_word' id='word_1_156' title='bbox 1627 2217 1684 2268; x_wconf 91' lang='lat' dir='ltr'><strong>et</strong></span> <span class='ocrx_word' id='word_1_157' title='bbox 1725 2212 1863 2268; x_wconf 90' lang='lat' dir='ltr'><strong>alibi</strong></span> <span class='ocrx_word' id='word_1_158' title='bbox 1894 2212 1980 2267; x_wconf 93' lang='lat' dir='ltr'><strong>di-</strong></span> 
     </span>
    </p>
   </div>
   <div class='ocr_carea' id='block_1_24' title="bbox 328 2303 1986 2372">
    <p class='ocr_par' dir='ltr' id='par_1_24' title="bbox 328 2303 1986 2372">
     <span class='ocr_line' id='line_1_24' title="bbox 328 2303 1986 2372; baseline -0.002 -12"><span class='ocrx_word' id='word_1_159' title='bbox 328 2305 414 2360; x_wconf 80' lang='lat' dir='ltr'><strong>xit</strong></span> <span class='ocrx_word' id='word_1_160' title='bbox 447 2320 459 2358; x_wconf 90' lang='lat'>:</span> <span class='ocrx_word' id='word_1_161' title='bbox 488 2305 713 2358; x_wconf 82' lang='lat' dir='ltr'><strong>Dimitte</strong></span> <span class='ocrx_word' id='word_1_162' title='bbox 763 2319 848 2357; x_wconf 86' lang='lat' dir='ltr'><strong>me</strong></span> <span class='ocrx_word' id='word_1_163' title='bbox 891 2305 950 2357; x_wconf 80' lang='lat' dir='ltr'><strong>ut</strong></span> <span class='ocrx_word' id='word_1_164' title='bbox 997 2305 1297 2372; x_wconf 82' lang='lat' dir='ltr'><strong>refrigerer</strong></span> <span class='ocrx_word' id='word_1_165' title='bbox 1329 2304 1658 2372; x_wconf 75' lang='lat' dir='ltr'><strong>priusquam</strong></span> <span class='ocrx_word' id='word_1_166' title='bbox 1687 2303 1899 2368; x_wconf 82' lang='lat' dir='ltr'><strong>abeam,</strong></span> <span class='ocrx_word' id='word_1_167' title='bbox 1933 2304 1986 2357; x_wconf 88' lang='lat' dir='ltr'><strong>et</strong></span> 
     </span>
    </p>
   </div>
   <div class='ocr_carea' id='block_1_25' title="bbox 333 2390 1986 2462">
    <p class='ocr_par' dir='ltr' id='par_1_25' title="bbox 333 2390 1986 2462">
     <span class='ocr_line' id='line_1_25' title="bbox 333 2390 1986 2462; baseline -0.001 -15"><span class='ocrx_word' id='word_1_168' title='bbox 333 2394 573 2462; x_wconf 79' lang='lat' dir='ltr'><strong>amplius</strong></span> <span class='ocrx_word' id='word_1_169' title='bbox 603 2407 715 2446; x_wconf 84' lang='lat' dir='ltr'><strong>non</strong></span> <span class='ocrx_word' id='word_1_170' title='bbox 745 2406 835 2445; x_wconf 78' lang='lat' dir='ltr'><strong>ero</strong></span> <span class='ocrx_word' id='word_1_171' title='bbox 867 2391 1040 2460; x_wconf 86' lang='lat' dir='ltr'><strong>(Psal.</strong></span> <span class='ocrx_word' id='word_1_172' title='bbox 1070 2407 1300 2455; x_wconf 84' lang='lat' dir='ltr'><strong>xxxvm,</strong></span> <span class='ocrx_word' id='word_1_173' title='bbox 1321 2391 1429 2461; x_wconf 83' lang='grc'><strong>14).</strong></span> <span class='ocrx_word' id='word_1_174' title='bbox 1461 2390 1691 2446; x_wconf 87' lang='lat' dir='ltr'><strong>Dimitte</strong></span> <span class='ocrx_word' id='word_1_175' title='bbox 1723 2407 1816 2446; x_wconf 90' lang='lat' dir='ltr'><strong>me</strong></span> <span class='ocrx_word' id='word_1_176' title='bbox 1847 2407 1986 2462; x_wconf 90' lang='lat' dir='ltr'><strong>pau-</strong></span> 
     </span>
    </p>
   </div>
   <div class='ocr_carea' id='block_1_26' title="bbox 337 2478 1986 2551">
    <p class='ocr_par' dir='ltr' id='par_1_26' title="bbox 337 2478 1986 2551">
     <span class='ocr_line' id='line_1_26' title="bbox 337 2478 1986 2551; baseline 0.001 -17"><span class='ocrx_word' id='word_1_177' title='bbox 337 2478 527 2535; x_wconf 91' lang='lat' dir='ltr'><strong>lulum</strong></span> <span class='ocrx_word' id='word_1_178' title='bbox 557 2478 858 2548; x_wconf 88' lang='lat' dir='ltr'><strong>temporis,</strong></span> <span class='ocrx_word' id='word_1_179' title='bbox 889 2483 1142 2549; x_wconf 88' lang='lat' dir='ltr'><strong>utagam</strong></span> <span class='ocrx_word' id='word_1_180' title='bbox 1167 2479 1565 2549; x_wconf 80' lang='lat' dir='ltr'><strong>pcenitentiam</strong></span> <span class='ocrx_word' id='word_1_181' title='bbox 1600 2496 1702 2551; x_wconf 91' lang='lat' dir='ltr'><strong>pro</strong></span> <span class='ocrx_word' id='word_1_182' title='bbox 1736 2478 1986 2550; x_wconf 88' lang='lat' dir='ltr'><strong>peccatis</strong></span> 
     </span>
    </p>
   </div>
   <div class='ocr_carea' id='block_1_27' title="bbox 343 2564 1988 2638">
    <p class='ocr_par' dir='ltr' id='par_1_27' title="bbox 343 2564 1988 2638">
     <span class='ocr_line' id='line_1_27' title="bbox 343 2564 1988 2638; baseline 0.001 -16"><span class='ocrx_word' id='word_1_183' title='bbox 343 2566 490 2622; x_wconf 82' lang='lat' dir='ltr'><strong>meis</strong></span> <span class='ocrx_word' id='word_1_184' title='bbox 524 2583 537 2619; x_wconf 89' lang='lat'><strong>:</strong></span> <span class='ocrx_word' id='word_1_185' title='bbox 573 2565 851 2636; x_wconf 89' lang='lat' dir='ltr'><strong>quoniam</strong></span> <span class='ocrx_word' id='word_1_186' title='bbox 879 2564 936 2618; x_wconf 90' lang='lat' dir='ltr'><strong>in</strong></span> <span class='ocrx_word' id='word_1_187' title='bbox 968 2565 1193 2620; x_wconf 84' lang='lat' dir='ltr'><strong>inferno</strong></span> <span class='ocrx_word' id='word_1_188' title='bbox 1217 2582 1331 2620; x_wconf 88' lang='lat' dir='ltr'><strong>non</strong></span> <span class='ocrx_word' id='word_1_189' title='bbox 1365 2571 1454 2621; x_wconf 89' lang='lat' dir='ltr'><strong>est</strong></span> <span class='ocrx_word' id='word_1_190' title='bbox 1473 2567 1571 2634; x_wconf 91' lang='lat' dir='ltr'><strong>qui</strong></span> <span class='ocrx_word' id='word_1_191' title='bbox 1605 2567 1791 2638; x_wconf 90' lang='lat' dir='ltr'><strong>possit</strong></span> <span class='ocrx_word' id='word_1_192' title='bbox 1813 2568 1988 2623; x_wconf 84' lang='lat' dir='ltr'><strong>conﬁ-</strong></span> 
     </span>
    </p>
   </div>
   <div class='ocr_carea' id='block_1_28' title="bbox 341 2655 880 2727">
    <p class='ocr_par' dir='ltr' id='par_1_28' title="bbox 341 2655 880 2727">
     <span class='ocr_line' id='line_1_28' title="bbox 341 2655 880 2727; baseline -0.004 -16"><span class='ocrx_word' id='word_1_193' title='bbox 341 2655 448 2711; x_wconf 89' lang='lat' dir='ltr'><strong>teri</strong></span> <span class='ocrx_word' id='word_1_194' title='bbox 480 2657 720 2727; x_wconf 91' lang='lat' dir='ltr'><strong>peccata</strong></span> <span class='ocrx_word' id='word_1_195' title='bbox 752 2670 880 2709; x_wconf 89' lang='lat' dir='ltr'><strong>sua.</strong></span> 
     </span>
    </p>
   </div>
   <div class='ocr_carea' id='block_1_29' title="bbox 416 2741 1986 2816">
    <p class='ocr_par' dir='ltr' id='par_1_29' title="bbox 416 2741 1986 2816">
     <span class='ocr_line' id='line_1_29' title="bbox 416 2741 1986 2816; baseline 0.001 -17"><span class='ocrx_word' id='word_1_196' title='bbox 416 2768 443 2795; x_wconf 88' lang='grc'><strong>‹‹</strong></span> <span class='ocrx_word' id='word_1_197' title='bbox 475 2744 815 2800; x_wconf 90' lang='lat' dir='ltr'><strong>Jucundum</strong></span> <span class='ocrx_word' id='word_1_198' title='bbox 849 2743 928 2798; x_wconf 90' lang='lat' dir='ltr'><strong>sit</strong></span> <span class='ocrx_word' id='word_1_199' title='bbox 957 2741 1008 2798; x_wconf 93' lang='lat' dir='ltr'><strong>ei</strong></span> <span class='ocrx_word' id='word_1_200' title='bbox 1040 2743 1340 2816; x_wconf 88' lang='lat' dir='ltr'><strong>eloquium</strong></span> <span class='ocrx_word' id='word_1_201' title='bbox 1371 2760 1624 2800; x_wconf 83' lang='lat' dir='ltr'><strong>meum.»</strong></span> <span class='ocrx_word' id='word_1_202' title='bbox 1647 2745 1986 2801; x_wconf 89' lang='lat' dir='ltr'><strong>Jucundum</strong></span> 
     </span>
    </p>
   </div>
   <div class='ocr_carea' id='block_1_30' title="bbox 341 2831 1984 2905">
    <p class='ocr_par' dir='ltr' id='par_1_30' title="bbox 341 2831 1984 2905">
     <span class='ocr_line' id='line_1_30' title="bbox 341 2831 1984 2905; baseline 0 -15"><span class='ocrx_word' id='word_1_203' title='bbox 341 2834 418 2891; x_wconf 89' lang='lat' dir='ltr'><strong>sit.</strong></span> <span class='ocrx_word' id='word_1_204' title='bbox 443 2833 495 2889; x_wconf 90' lang='lat' dir='ltr'><strong>ei</strong></span> <span class='ocrx_word' id='word_1_205' title='bbox 526 2837 591 2888; x_wconf 92' lang='lat' dir='ltr'><strong>ut</strong></span> <span class='ocrx_word' id='word_1_206' title='bbox 620 2832 828 2888; x_wconf 90' lang='lat' dir='ltr'><strong>merito</strong></span> <span class='ocrx_word' id='word_1_207' title='bbox 861 2831 1074 2904; x_wconf 85' lang='lat' dir='ltr'><strong>aliquis</strong></span> <span class='ocrx_word' id='word_1_208' title='bbox 1107 2834 1292 2905; x_wconf 88' lang='lat' dir='ltr'><strong>possit</strong></span> <span class='ocrx_word' id='word_1_209' title='bbox 1319 2832 1557 2888; x_wconf 88' lang='lat' dir='ltr'><strong>laudare</strong></span> <span class='ocrx_word' id='word_1_210' title='bbox 1586 2839 1644 2888; x_wconf 89' lang='lat' dir='ltr'><strong>et</strong></span> <span class='ocrx_word' id='word_1_211' title='bbox 1682 2833 1984 2890; x_wconf 88' lang='lat' dir='ltr'><strong>benedice-</strong></span> 
     </span>
    </p>
   </div>
   <div class='ocr_carea' id='block_1_31' title="bbox 339 2920 1984 2994">
    <p class='ocr_par' dir='ltr' id='par_1_31' title="bbox 339 2920 1984 2994">
     <span class='ocr_line' id='line_1_31' title="bbox 339 2920 1984 2994; baseline 0 -16"><span class='ocrx_word' id='word_1_212' title='bbox 339 2939 400 2978; x_wconf 91' lang='lat' dir='ltr'><strong>re</strong></span> <span class='ocrx_word' id='word_1_213' title='bbox 441 2922 648 2977; x_wconf 92' lang='lat' dir='ltr'><strong>Deum.</strong></span> <span class='ocrx_word' id='word_1_214' title='bbox 681 2920 946 2993; x_wconf 87' lang='lat' dir='ltr'><strong>Optativo</strong></span> <span class='ocrx_word' id='word_1_215' title='bbox 1003 2922 1176 2977; x_wconf 89' lang='lat' dir='ltr'><strong>modo</strong></span> <span class='ocrx_word' id='word_1_216' title='bbox 1229 2921 1397 2991; x_wconf 84' lang='lat' dir='ltr'><strong>dixit,</strong></span> <span class='ocrx_word' id='word_1_217' title='bbox 1447 2939 1563 2977; x_wconf 92' lang='lat' dir='ltr'><strong>non</strong></span> <span class='ocrx_word' id='word_1_218' title='bbox 1622 2922 1984 2994; x_wconf 89' lang='lat' dir='ltr'><strong>imperativo.</strong></span> 
     </span>
    </p>
   </div>
   <div class='ocr_carea' id='block_1_32' title="bbox 346 3009 1991 3084">
    <p class='ocr_par' dir='ltr' id='par_1_32' title="bbox 346 3009 1991 3084">
     <span class='ocr_line' id='line_1_32' title="bbox 346 3009 1991 3084; baseline 0.004 -22"><span class='ocrx_word' id='word_1_219' title='bbox 346 3031 366 3062; x_wconf 77' lang='grc' dir='ltr'>α</span> <span class='ocrx_word' id='word_1_220' title='bbox 401 3012 520 3084; x_wconf 90' lang='lat' dir='ltr'><strong>Ego</strong></span> <span class='ocrx_word' id='word_1_221' title='bbox 549 3027 683 3066; x_wconf 89' lang='lat' dir='ltr'><strong>vero</strong></span> <span class='ocrx_word' id='word_1_222' title='bbox 714 3009 1046 3066; x_wconf 88' lang='lat' dir='ltr'><strong>delectabor</strong></span> <span class='ocrx_word' id='word_1_223' title='bbox 1074 3011 1132 3065; x_wconf 92' lang='lat' dir='ltr'><strong>in</strong></span> <span class='ocrx_word' id='word_1_224' title='bbox 1164 3011 1430 3068; x_wconf 90' lang='lat' dir='ltr'><strong>Domino.</strong></span> <span class='ocrx_word' id='word_1_225' title='bbox 1464 3034 1491 3062; x_wconf 85' lang='grc'><strong>››</strong></span> <span class='ocrx_word' id='word_1_226' title='bbox 1529 3012 1688 3068; x_wconf 87' lang='lat' dir='ltr'><strong>Beati</strong></span> <span class='ocrx_word' id='word_1_227' title='bbox 1729 3011 1830 3083; x_wconf 91' lang='lat' dir='ltr'><strong>qui</strong></span> <span class='ocrx_word' id='word_1_228' title='bbox 1858 3015 1991 3083; x_wconf 90' lang='lat' dir='ltr'><strong>post</strong></span> 
     </span>
    </p>
   </div>
   <div class='ocr_carea' id='block_1_33' title="bbox 332 3099 1021 3172">
    <p class='ocr_par' dir='ltr' id='par_1_33' title="bbox 332 3099 1021 3172">
     <span class='ocr_line' id='line_1_33' title="bbox 332 3099 1021 3172; baseline 0 -16"><span class='ocrx_word' id='word_1_229' title='bbox 332 3100 625 3172; x_wconf 83' lang='lat' dir='ltr'><strong>judicium</strong></span> <span class='ocrx_word' id='word_1_230' title='bbox 657 3099 768 3155; x_wconf 91' lang='lat' dir='ltr'><strong>hoc</strong></span> <span class='ocrx_word' id='word_1_231' title='bbox 798 3099 1021 3156; x_wconf 87' lang='lat' dir='ltr'><strong>dicunt.</strong></span> 
     </span>
    </p>
   </div>
   <div class='ocr_carea' id='block_1_34' title="bbox 415 3189 1990 3260">
    <p class='ocr_par' dir='ltr' id='par_1_34' title="bbox 415 3189 1990 3260">
     <span class='ocr_line' id='line_1_34' title="bbox 415 3189 1990 3260; baseline 0.001 -17"><span class='ocrx_word' id='word_1_232' title='bbox 415 3213 443 3239; x_wconf 91' lang='grc'><strong>‹‹</strong></span> <span class='ocrx_word' id='word_1_233' title='bbox 479 3189 761 3245; x_wconf 86' lang='lat' dir='ltr'><strong>Deliciant</strong></span> <span class='ocrx_word' id='word_1_234' title='bbox 817 3197 1145 3260; x_wconf 90' lang='lat' dir='ltr'><strong>peccatores</strong></span> <span class='ocrx_word' id='word_1_235' title='bbox 1226 3205 1258 3244; x_wconf 88' lang='lat' dir='ltr'><strong>a</strong></span> <span class='ocrx_word' id='word_1_236' title='bbox 1314 3192 1487 3244; x_wconf 89' lang='lat' dir='ltr'><strong>terra.</strong></span> <span class='ocrx_word' id='word_1_237' title='bbox 1526 3211 1553 3239; x_wconf 88' lang='lat'><strong>»</strong></span> <span class='ocrx_word' id='word_1_238' title='bbox 1593 3190 1717 3246; x_wconf 91' lang='lat' dir='ltr'><strong>Non</strong></span> <span class='ocrx_word' id='word_1_239' title='bbox 1750 3189 1896 3246; x_wconf 81' lang='lat' dir='ltr'><strong>dixit</strong></span> <span class='ocrx_word' id='word_1_240' title='bbox 1927 3192 1990 3244; x_wconf 91' lang='lat' dir='ltr'><strong>ut</strong></span> 
     </span>
    </p>
   </div>
   <div class='ocr_carea' id='block_1_35' title="bbox 341 3255 2062 3353">
    <p class='ocr_par' dir='ltr' id='par_1_35' title="bbox 341 3255 2062 3353">
     <span class='ocr_line' id='line_1_35' title="bbox 341 3255 2062 3353; baseline -0.001 -18"><span class='ocrx_word' id='word_1_241' title='bbox 341 3283 674 3353; x_wconf 88' lang='lat' dir='ltr'><strong>peccatores</strong></span> <span class='ocrx_word' id='word_1_242' title='bbox 704 3283 962 3350; x_wconf 88' lang='lat' dir='ltr'><strong>pereant,</strong></span> <span class='ocrx_word' id='word_1_243' title='bbox 1015 3278 1115 3334; x_wconf 89' lang='lat' dir='ltr'><strong>sed</strong></span> <span class='ocrx_word' id='word_1_244' title='bbox 1165 3277 1360 3350; x_wconf 90' lang='lat' dir='ltr'><strong>ipsum</strong></span> <span class='ocrx_word' id='word_1_245' title='bbox 1410 3283 1734 3350; x_wconf 89' lang='lat' dir='ltr'><strong>peccatum,</strong></span> <span class='ocrx_word' id='word_1_246' title='bbox 1769 3284 1834 3334; x_wconf 91' lang='lat' dir='ltr'><strong>ut</strong></span> <span class='ocrx_word' id='word_1_247' title='bbox 1870 3295 1987 3334; x_wconf 89' lang='lat' dir='ltr'><strong>non</strong></span> <span class='ocrx_word' id='word_1_248' title='bbox 2019 3255 2062 3323; x_wconf 67' lang='grc' dir='ltr'><strong>(ἶ</strong></span> 
     </span>
    </p>
   </div>
   <div class='ocr_carea' id='block_1_36' title="bbox 342 3368 1990 3441">
    <p class='ocr_par' dir='ltr' id='par_1_36' title="bbox 342 3368 1990 3441">
     <span class='ocr_line' id='line_1_36' title="bbox 342 3368 1990 3441; baseline -0.001 -17"><span class='ocrx_word' id='word_1_249' title='bbox 342 3372 639 3441; x_wconf 86' lang='lat' dir='ltr'><strong>appareat.</strong></span> <span class='ocrx_word' id='word_1_250' title='bbox 674 3369 908 3424; x_wconf 90' lang='lat' dir='ltr'><strong>Peccato</strong></span> <span class='ocrx_word' id='word_1_251' title='bbox 935 3372 1129 3422; x_wconf 90' lang='lat' dir='ltr'><strong>autem</strong></span> <span class='ocrx_word' id='word_1_252' title='bbox 1162 3384 1276 3423; x_wconf 90' lang='lat' dir='ltr'><strong>non</strong></span> <span class='ocrx_word' id='word_1_253' title='bbox 1308 3368 1850 3439; x_wconf 87' lang='lat' dir='ltr'><strong>apparente,utique</strong></span> <span class='ocrx_word' id='word_1_254' title='bbox 1862 3369 1990 3438; x_wconf 87' lang='lat' dir='ltr'><strong>jam</strong></span> 
     </span>
    </p>
   </div>
   <div class='ocr_carea' id='block_1_37' title="bbox 346 3456 1988 3528">
    <p class='ocr_par' dir='ltr' id='par_1_37' title="bbox 346 3456 1988 3528">
     <span class='ocr_line' id='line_1_37' title="bbox 346 3456 1988 3528; baseline -0.001 -14"><span class='ocrx_word' id='word_1_255' title='bbox 346 3475 462 3514; x_wconf 88' lang='lat' dir='ltr'><strong>non</strong></span> <span class='ocrx_word' id='word_1_256' title='bbox 495 3461 634 3513; x_wconf 88' lang='lat' dir='ltr'><strong>sunt</strong></span> <span class='ocrx_word' id='word_1_257' title='bbox 663 3461 995 3528; x_wconf 80' lang='lat' dir='ltr'><strong>peccatores</strong></span> <span class='ocrx_word' id='word_1_258' title='bbox 1024 3473 1036 3510; x_wconf 92' lang='lat'><strong>:</strong></span> <span class='ocrx_word' id='word_1_259' title='bbox 1061 3457 1160 3511; x_wconf 88' lang='lat' dir='ltr'><strong>sed</strong></span> <span class='ocrx_word' id='word_1_260' title='bbox 1195 3473 1398 3512; x_wconf 90' lang='lat' dir='ltr'><strong>omnes</strong></span> <span class='ocrx_word' id='word_1_261' title='bbox 1419 3456 1564 3527; x_wconf 90' lang='lat' dir='ltr'><strong>justi</strong></span> <span class='ocrx_word' id='word_1_262' title='bbox 1601 3456 1988 3512; x_wconf 88' lang='lat' dir='ltr'><strong>invenientur.</strong></span> 
     </span>
    </p>
   </div>
   <div class='ocr_carea' id='block_1_38' title="bbox 343 3545 1965 3618">
    <p class='ocr_par' dir='ltr' id='par_1_38' title="bbox 343 3545 1965 3618">
     <span class='ocr_line' id='line_1_38' title="bbox 343 3545 1965 3618; baseline -0.001 -17"><span class='ocrx_word' id='word_1_263' title='bbox 343 3549 406 3601; x_wconf 84' lang='lat' dir='ltr'><strong>Et</strong></span> <span class='ocrx_word' id='word_1_264' title='bbox 438 3547 618 3618; x_wconf 81' lang='lat' dir='ltr'><strong>iniqui</strong></span> <span class='ocrx_word' id='word_1_265' title='bbox 646 3548 721 3600; x_wconf 75' lang='lat' dir='ltr'><strong>ita</strong></span> <span class='ocrx_word' id='word_1_266' title='bbox 751 3554 809 3600; x_wconf 88' lang='lat' dir='ltr'><strong>ut</strong></span> <span class='ocrx_word' id='word_1_267' title='bbox 838 3562 949 3601; x_wconf 82' lang='lat' dir='ltr'><strong>non</strong></span> <span class='ocrx_word' id='word_1_268' title='bbox 976 3547 1108 3601; x_wconf 85' lang='lat' dir='ltr'><strong>sint.</strong></span> <span class='ocrx_word' id='word_1_269' title='bbox 1143 3545 1374 3601; x_wconf 88' lang='lat' dir='ltr'><strong>Scilicet</strong></span> <span class='ocrx_word' id='word_1_270' title='bbox 1403 3545 1610 3617; x_wconf 91' lang='lat' dir='ltr'><strong>iniqui,</strong></span> <span class='ocrx_word' id='word_1_271' title='bbox 1641 3546 1741 3601; x_wconf 90' lang='lat' dir='ltr'><strong>sed</strong></span> <span class='ocrx_word' id='word_1_272' title='bbox 1774 3545 1935 3616; x_wconf 83' lang='lat' dir='ltr'><strong>iusti.</strong></span> <span class='ocrx_word' id='word_1_273' title='bbox 1962 3614 1965 3616; x_wconf 96' lang='lat'><em>_</em></span> 
     </span>
    </p>
   </div>
   <div class='ocr_carea' id='block_1_39' title="bbox 916 3669 1419 3726">
    <p class='ocr_par' dir='ltr' id='par_1_39' title="bbox 916 3669 1419 3726">
     <span class='ocr_line' id='line_1_39' title="bbox 916 3669 1419 3726; baseline 0.008 -4"><span class='ocrx_word' id='word_1_274' title='bbox 916 3669 1241 3726; x_wconf 83' lang='lat' dir='ltr'><strong>PSALMUS</strong></span> <span class='ocrx_word' id='word_1_275' title='bbox 1281 3670 1419 3726; x_wconf 81' lang='lat' dir='ltr'><strong>CIV.</strong></span> 
     </span>
    </p>
   </div>
   <div class='ocr_carea' id='block_1_40' title="bbox 343 3756 1991 3830">
    <p class='ocr_par' dir='ltr' id='par_1_40' title="bbox 343 3756 1991 3830">
     <span class='ocr_line' id='line_1_40' title="bbox 343 3756 1991 3830; baseline 0.001 -18"><span class='ocrx_word' id='word_1_276' title='bbox 343 3758 605 3830; x_wconf 78' lang='lat' dir='ltr'><strong>Alleluia.</strong></span> <span class='ocrx_word' id='word_1_277' title='bbox 638 3757 751 3810; x_wconf 88' lang='lat' dir='ltr'><strong>Iste</strong></span> <span class='ocrx_word' id='word_1_278' title='bbox 780 3756 1045 3830; x_wconf 78' lang='lat' dir='ltr'><strong>pslamus</strong></span> <span class='ocrx_word' id='word_1_279' title='bbox 1077 3758 1329 3830; x_wconf 82' lang='lat' dir='ltr'><strong>maxime</strong></span> <span class='ocrx_word' id='word_1_280' title='bbox 1354 3759 1591 3814; x_wconf 87' lang='lat' dir='ltr'><strong>Patrum</strong></span> <span class='ocrx_word' id='word_1_281' title='bbox 1612 3759 1865 3830; x_wconf 90' lang='lat' dir='ltr'><strong>replicat</strong></span> <span class='ocrx_word' id='word_1_282' title='bbox 1902 3759 1991 3814; x_wconf 87' lang='lat' dir='ltr'><strong>hi-</strong></span> 
     </span>
    </p>
   </div>
   <div class='ocr_carea' id='block_1_41' title="bbox 414 3827 1994 3902">
    <p class='ocr_par' dir='ltr' id='par_1_41' title="bbox 414 3827 1994 3902">
     <span class='ocr_line' id='line_1_41' title="bbox 414 3827 1994 3902; baseline 0.001 -18"><span class='ocrx_word' id='word_1_283' title='bbox 414 3827 655 3902; x_wconf 87' lang='lat' dir='ltr'><strong>storiam</strong></span> <span class='ocrx_word' id='word_1_284' title='bbox 695 3845 707 3882; x_wconf 92' lang='lat'>:</span> <span class='ocrx_word' id='word_1_285' title='bbox 739 3828 840 3882; x_wconf 89' lang='lat' dir='ltr'><strong>sed</strong></span> <span class='ocrx_word' id='word_1_286' title='bbox 872 3827 1255 3902; x_wconf 79' lang='lat' dir='ltr'><strong>spiritualiter</strong></span> <span class='ocrx_word' id='word_1_287' title='bbox 1283 3831 1455 3902; x_wconf 88' lang='lat' dir='ltr'><strong>debet</strong></span> <span class='ocrx_word' id='word_1_288' title='bbox 1483 3827 1750 3902; x_wconf 82' lang='lat' dir='ltr'><strong>intelligi.</strong></span> <span class='ocrx_word' id='word_1_289' title='bbox 1783 3831 1994 3886; x_wconf 86' lang='lat' dir='ltr'><strong>Omnia</strong></span> 
     </span>
    </p>
   </div>
   <div class='ocr_carea' id='block_1_42' title="bbox 413 3899 1991 3974">
    <p class='ocr_par' dir='ltr' id='par_1_42' title="bbox 413 3899 1991 3974">
     <span class='ocr_line' id='line_1_42' title="bbox 413 3899 1991 3974; baseline 0.002 -19"><span class='ocrx_word' id='word_1_290' title='bbox 413 3900 730 3974; x_wconf 66' lang='lat' dir='ltr'><strong>enimquse</strong></span> <span class='ocrx_word' id='word_1_291' title='bbox 762 3899 1179 3974; x_wconf 78' lang='lat' dir='ltr'><strong>contingebant</strong></span> <span class='ocrx_word' id='word_1_292' title='bbox 1204 3901 1627 3974; x_wconf 75' lang='lat' dir='ltr'><strong>antiquitus,in</strong></span> <span class='ocrx_word' id='word_1_293' title='bbox 1653 3899 1842 3974; x_wconf 74' lang='lat' dir='ltr'><strong>figura</strong></span> <span class='ocrx_word' id='word_1_294' title='bbox 1860 3919 1991 3958; x_wconf 82' lang='lat' dir='ltr'><strong>con-</strong></span> 
     </span>
    </p>
   </div>
   <div class='ocr_carea' id='block_1_43' title="bbox 412 3970 1820 4043">
    <p class='ocr_par' dir='ltr' id='par_1_43' title="bbox 412 3970 1820 4043">
     <span class='ocr_line' id='line_1_43' title="bbox 412 3970 1820 4043; baseline 0.001 -16"><span class='ocrx_word' id='word_1_295' title='bbox 412 3971 737 4043; x_wconf 88' lang='lat' dir='ltr'><strong>tingebant,</strong></span> <span class='ocrx_word' id='word_1_296' title='bbox 773 3973 838 4024; x_wconf 91' lang='lat' dir='ltr'><strong>ut</strong></span> <span class='ocrx_word' id='word_1_297' title='bbox 864 3970 984 4025; x_wconf 83' lang='lat' dir='ltr'><strong>nos</strong></span> <span class='ocrx_word' id='word_1_298' title='bbox 1001 3970 1368 4024; x_wconf 90' lang='lat' dir='ltr'><strong>erudiremur</strong></span> <span class='ocrx_word' id='word_1_299' title='bbox 1397 3973 1444 4039; x_wconf 89' lang='lat' dir='ltr'><strong>(I</strong></span> <span class='ocrx_word' id='word_1_300' title='bbox 1473 3972 1592 4026; x_wconf 65' lang='lat' dir='ltr'><strong>(lor.</strong></span> <span class='ocrx_word' id='word_1_301' title='bbox 1626 3970 1820 4043; x_wconf 58' lang='lat'><strong>11,11).</strong></span> 
     </span>
    </p>
   </div>
   <div class='ocr_carea' id='block_1_44' title="bbox 415 4075 1991 4150">
    <p class='ocr_par' dir='ltr' id='par_1_44' title="bbox 415 4075 1991 4150">
     <span class='ocr_line' id='line_1_44' title="bbox 415 4075 1991 4150; baseline 0.003 -20"><span class='ocrx_word' id='word_1_302' title='bbox 415 4102 443 4130; x_wconf 75' lang='grc' dir='ltr'>α</span> <span class='ocrx_word' id='word_1_303' title='bbox 474 4077 842 4133; x_wconf 89' lang='lat' dir='ltr'><strong>Conﬁtemini</strong></span> <span class='ocrx_word' id='word_1_304' title='bbox 874 4077 1142 4145; x_wconf 90' lang='lat' dir='ltr'><strong>Domino,</strong></span> <span class='ocrx_word' id='word_1_305' title='bbox 1177 4079 1234 4131; x_wconf 88' lang='lat' dir='ltr'><strong>et</strong></span> <span class='ocrx_word' id='word_1_306' title='bbox 1264 4075 1523 4132; x_wconf 87' lang='lat' dir='ltr'><strong>invocate</strong></span> <span class='ocrx_word' id='word_1_307' title='bbox 1555 4094 1766 4134; x_wconf 88' lang='lat' dir='ltr'><strong>nomen</strong></span> <span class='ocrx_word' id='word_1_308' title='bbox 1797 4079 1991 4150; x_wconf 85' lang='lat' dir='ltr'><strong>ejus.»</strong></span> 
     </span>
    </p>
   </div>
   <div class='ocr_carea' id='block_1_45' title="bbox 341 4164 1990 4236">
    <p class='ocr_par' dir='ltr' id='par_1_45' title="bbox 341 4164 1990 4236">
     <span class='ocr_line' id='line_1_45' title="bbox 341 4164 1990 4236; baseline 0 -14"><span class='ocrx_word' id='word_1_309' title='bbox 341 4165 713 4224; x_wconf 85' lang='lat' dir='ltr'><strong>Conlitemini</strong></span> <span class='ocrx_word' id='word_1_310' title='bbox 745 4170 802 4220; x_wconf 84' lang='lat' dir='ltr'><strong>et</strong></span> <span class='ocrx_word' id='word_1_311' title='bbox 829 4164 1003 4220; x_wconf 88' lang='lat' dir='ltr'><strong>dicite</strong></span> <span class='ocrx_word' id='word_1_312' title='bbox 1036 4181 1048 4218; x_wconf 91' lang='lat'><strong>:</strong></span> <span class='ocrx_word' id='word_1_313' title='bbox 1083 4164 1360 4236; x_wconf 82' lang='lat' dir='ltr'><strong>quoniam</strong></span> <span class='ocrx_word' id='word_1_314' title='bbox 1391 4168 1721 4236; x_wconf 88' lang='lat' dir='ltr'><strong>peccatores</strong></span> <span class='ocrx_word' id='word_1_315' title='bbox 1761 4182 1990 4222; x_wconf 86' lang='lat' dir='ltr'><strong>sumus.</strong></span> 
     </span>
    </p>
   </div>
   <div class='ocr_carea' id='block_1_46' title="bbox 343 4253 1994 4322">
    <p class='ocr_par' dir='ltr' id='par_1_46' title="bbox 343 4253 1994 4322">
     <span class='ocr_line' id='line_1_46' title="bbox 343 4253 1994 4322; baseline 0 -10"><span class='ocrx_word' id='word_1_316' title='bbox 343 4257 431 4312; x_wconf 90' lang='lat' dir='ltr'><strong>Tu</strong></span> <span class='ocrx_word' id='word_1_317' title='bbox 465 4260 661 4310; x_wconf 89' lang='lat' dir='ltr'><strong>autem</strong></span> <span class='ocrx_word' id='word_1_318' title='bbox 696 4253 1046 4322; x_wconf 88' lang='lat' dir='ltr'><strong>misericors,</strong></span> <span class='ocrx_word' id='word_1_319' title='bbox 1090 4258 1145 4309; x_wconf 87' lang='lat' dir='ltr'><strong>et</strong></span> <span class='ocrx_word' id='word_1_320' title='bbox 1193 4253 1486 4309; x_wconf 85' lang='lat' dir='ltr'><strong>misereris</strong></span> <span class='ocrx_word' id='word_1_321' title='bbox 1527 4253 1714 4310; x_wconf 90' lang='lat' dir='ltr'><strong>nobis.</strong></span> <span class='ocrx_word' id='word_1_322' title='bbox 1750 4278 1776 4304; x_wconf 89' lang='grc'><strong>‹‹</strong></span> <span class='ocrx_word' id='word_1_323' title='bbox 1811 4256 1880 4310; x_wconf 90' lang='lat' dir='ltr'><strong>Et</strong></span> <span class='ocrx_word' id='word_1_324' title='bbox 1912 4257 1994 4312; x_wconf 91' lang='lat' dir='ltr'><strong>in-</strong></span> 
     </span>
    </p>
   </div>
   <div class='ocr_carea' id='block_1_47' title="bbox 342 4342 1992 4415">
    <p class='ocr_par' dir='ltr' id='par_1_47' title="bbox 342 4342 1992 4415">
     <span class='ocr_line' id='line_1_47' title="bbox 342 4342 1992 4415; baseline 0.001 -17"><span class='ocrx_word' id='word_1_325' title='bbox 342 4347 543 4398; x_wconf 88' lang='lat' dir='ltr'><strong>vocate</strong></span> <span class='ocrx_word' id='word_1_326' title='bbox 589 4359 801 4398; x_wconf 91' lang='lat' dir='ltr'><strong>nomen</strong></span> <span class='ocrx_word' id='word_1_327' title='bbox 853 4343 1001 4413; x_wconf 89' lang='lat' dir='ltr'><strong>ejus.</strong></span> <span class='ocrx_word' id='word_1_328' title='bbox 1047 4363 1073 4391; x_wconf 84' lang='grc'><strong>››</strong></span> <span class='ocrx_word' id='word_1_329' title='bbox 1107 4342 1180 4397; x_wconf 92' lang='lat' dir='ltr'><strong>Ut</strong></span> <span class='ocrx_word' id='word_1_330' title='bbox 1230 4359 1342 4397; x_wconf 91' lang='lat' dir='ltr'><strong>non</strong></span> <span class='ocrx_word' id='word_1_331' title='bbox 1394 4343 1686 4415; x_wconf 89' lang='lat' dir='ltr'><strong>ﬁngamus</strong></span> <span class='ocrx_word' id='word_1_332' title='bbox 1735 4343 1888 4400; x_wconf 90' lang='lat' dir='ltr'><strong>idola</strong></span> <span class='ocrx_word' id='word_1_333' title='bbox 1932 4345 1992 4400; x_wconf 91' lang='lat' dir='ltr'><strong>in</strong></span> 
     </span>
    </p>
   </div>
   <div class='ocr_carea' id='block_1_48' title="bbox 342 4430 1989 4497">
    <p class='ocr_par' dir='ltr' id='par_1_48' title="bbox 342 4430 1989 4497">
     <span class='ocr_line' id='line_1_48' title="bbox 342 4430 1989 4497; baseline 0.001 -10"><span class='ocrx_word' id='word_1_334' title='bbox 342 4430 619 4487; x_wconf 89' lang='lat' dir='ltr'><strong>cordibus</strong></span> <span class='ocrx_word' id='word_1_335' title='bbox 638 4431 876 4496; x_wconf 89' lang='lat' dir='ltr'><strong>nostris,</strong></span> <span class='ocrx_word' id='word_1_336' title='bbox 893 4432 992 4485; x_wconf 90' lang='lat' dir='ltr'><strong>sed</strong></span> <span class='ocrx_word' id='word_1_337' title='bbox 1014 4430 1328 4486; x_wconf 90' lang='lat' dir='ltr'><strong>Dominum</strong></span> <span class='ocrx_word' id='word_1_338' title='bbox 1349 4434 1612 4486; x_wconf 88' lang='lat' dir='ltr'><strong>nostrum</strong></span> <span class='ocrx_word' id='word_1_339' title='bbox 1635 4433 1989 4497; x_wconf 89' lang='lat' dir='ltr'><strong>invocemus,</strong></span> 
     </span>
    </p>
   </div>
   <div class='ocr_carea' id='block_1_49' title="bbox 339 4519 1994 4592">
    <p class='ocr_par' dir='ltr' id='par_1_49' title="bbox 339 4519 1994 4592">
     <span class='ocr_line' id='line_1_49' title="bbox 339 4519 1994 4592; baseline 0 -15"><span class='ocrx_word' id='word_1_340' title='bbox 339 4525 396 4577; x_wconf 89' lang='lat' dir='ltr'><strong>et</strong></span> <span class='ocrx_word' id='word_1_341' title='bbox 426 4521 551 4592; x_wconf 89' lang='lat' dir='ltr'><strong>ipse</strong></span> <span class='ocrx_word' id='word_1_342' title='bbox 581 4519 690 4576; x_wconf 89' lang='lat' dir='ltr'><strong>erit</strong></span> <span class='ocrx_word' id='word_1_343' title='bbox 722 4520 1042 4591; x_wconf 87' lang='lat' dir='ltr'><strong>redemptio</strong></span> <span class='ocrx_word' id='word_1_344' title='bbox 1095 4524 1312 4574; x_wconf 89' lang='lat' dir='ltr'><strong>nostra.</strong></span> <span class='ocrx_word' id='word_1_345' title='bbox 1365 4542 1392 4569; x_wconf 69' lang='grc' dir='ltr'><strong>ς.</strong></span> <span class='ocrx_word' id='word_1_346' title='bbox 1445 4521 1801 4577; x_wconf 84' lang='lat' dir='ltr'><strong>Annuntiate</strong></span> <span class='ocrx_word' id='word_1_347' title='bbox 1844 4523 1994 4578; x_wconf 88' lang='lat' dir='ltr'><strong>inter</strong></span> 
     </span>
    </p>
   </div>
   <div class='ocr_carea' id='block_1_50' title="bbox 2091 609 3747 680">
    <p class='ocr_par' dir='ltr' id='par_1_50' title="bbox 2091 609 3747 680">
     <span class='ocr_line' id='line_1_50' title="bbox 2091 609 3747 680; baseline 0 -18"><span class='ocrx_word' id='word_1_348' title='bbox 2091 624 2224 663; x_wconf 91' lang='lat' dir='ltr'><strong>mus</strong></span> <span class='ocrx_word' id='word_1_349' title='bbox 2252 611 2308 662; x_wconf 91' lang='lat' dir='ltr'><strong>et</strong></span> <span class='ocrx_word' id='word_1_350' title='bbox 2339 609 2674 680; x_wconf 87' lang='lat' dir='ltr'><strong>frangamus</strong></span> <span class='ocrx_word' id='word_1_351' title='bbox 2705 622 2911 663; x_wconf 89' lang='lat' dir='ltr'><strong>navem</strong></span> <span class='ocrx_word' id='word_1_352' title='bbox 2943 610 3227 678; x_wconf 88' lang='lat' dir='ltr'><strong>nostram,</strong></span> <span class='ocrx_word' id='word_1_353' title='bbox 3253 622 3597 678; x_wconf 82' lang='lat' dir='ltr'><strong>possumus</strong></span> <span class='ocrx_word' id='word_1_354' title='bbox 3618 623 3747 662; x_wconf 71' lang='lat' dir='ltr'><strong>nar-</strong></span> 
     </span>
    </p>
   </div>
   <div class='ocr_carea' id='block_1_51' title="bbox 2089 694 3743 769">
    <p class='ocr_par' dir='ltr' id='par_1_51' title="bbox 2089 694 3743 769">
     <span class='ocr_line' id='line_1_51' title="bbox 2089 694 3743 769; baseline 0.001 -18"><span class='ocrx_word' id='word_1_355' title='bbox 2089 712 2217 752; x_wconf 89' lang='lat' dir='ltr'><strong>rare</strong></span> <span class='ocrx_word' id='word_1_356' title='bbox 2244 695 2535 752; x_wconf 88' lang='lat' dir='ltr'><strong>mirabilia</strong></span> <span class='ocrx_word' id='word_1_357' title='bbox 2562 695 2757 751; x_wconf 88' lang='lat' dir='ltr'><strong>Dei.Et</strong></span> <span class='ocrx_word' id='word_1_358' title='bbox 2787 711 2981 751; x_wconf 89' lang='lat' dir='ltr'><strong>revera</strong></span> <span class='ocrx_word' id='word_1_359' title='bbox 3001 695 3220 769; x_wconf 77' lang='lat' dir='ltr'><strong>grande</strong></span> <span class='ocrx_word' id='word_1_360' title='bbox 3245 694 3612 750; x_wconf 86' lang='lat' dir='ltr'><strong>miraculum</strong></span> <span class='ocrx_word' id='word_1_361' title='bbox 3636 702 3743 764; x_wconf 81' lang='lat' dir='ltr'><strong>est,</strong></span> 
     </span>
    </p>
   </div>
   <div class='ocr_carea' id='block_1_52' title="bbox 2090 783 3745 842">
    <p class='ocr_par' dir='ltr' id='par_1_52' title="bbox 2090 783 3745 842">
     <span class='ocr_line' id='line_1_52' title="bbox 2090 783 3745 842; baseline 0 -1"><span class='ocrx_word' id='word_1_362' title='bbox 2090 785 2338 842; x_wconf 89' lang='lat' dir='ltr'><strong>transire</strong></span> <span class='ocrx_word' id='word_1_363' title='bbox 2368 785 2655 841; x_wconf 91' lang='lat' dir='ltr'><strong>mundum</strong></span> <span class='ocrx_word' id='word_1_364' title='bbox 2684 784 2866 840; x_wconf 89' lang='lat' dir='ltr'><strong>istum</strong></span> <span class='ocrx_word' id='word_1_365' title='bbox 2907 784 3032 840; x_wconf 88' lang='lat' dir='ltr'><strong>sine</strong></span> <span class='ocrx_word' id='word_1_366' title='bbox 3063 783 3311 841; x_wconf 85' lang='lat' dir='ltr'><strong>macula.</strong></span> <span class='ocrx_word' id='word_1_367' title='bbox 3350 807 3382 834; x_wconf 78' lang='grc' dir='ltr'>ι(</span> <span class='ocrx_word' id='word_1_368' title='bbox 3423 784 3745 841; x_wconf 84' lang='lat' dir='ltr'><strong>Laudami-</strong></span> 
     </span>
    </p>
   </div>
   <div class='ocr_carea' id='block_1_53' title="bbox 2090 873 3742 946">
    <p class='ocr_par' dir='ltr' id='par_1_53' title="bbox 2090 873 3742 946">
     <span class='ocr_line' id='line_1_53' title="bbox 2090 873 3742 946; baseline 0.001 -17"><span class='ocrx_word' id='word_1_369' title='bbox 2090 875 2149 929; x_wconf 90' lang='lat' dir='ltr'><strong>ni</strong></span> <span class='ocrx_word' id='word_1_370' title='bbox 2180 875 2240 929; x_wconf 92' lang='lat' dir='ltr'><strong>in</strong></span> <span class='ocrx_word' id='word_1_371' title='bbox 2271 873 2506 930; x_wconf 88' lang='lat' dir='ltr'><strong>nomine</strong></span> <span class='ocrx_word' id='word_1_372' title='bbox 2537 879 2737 930; x_wconf 89' lang='lat' dir='ltr'><strong>sancto</strong></span> <span class='ocrx_word' id='word_1_373' title='bbox 2769 875 2917 946; x_wconf 90' lang='lat' dir='ltr'><strong>ejus.</strong></span> <span class='ocrx_word' id='word_1_374' title='bbox 2945 896 2971 923; x_wconf 94' lang='grc'><strong>››</strong></span> <span class='ocrx_word' id='word_1_375' title='bbox 2996 873 3307 946; x_wconf 85' lang='lat' dir='ltr'><strong>Prophetat</strong></span> <span class='ocrx_word' id='word_1_376' title='bbox 3337 873 3507 929; x_wconf 89' lang='lat' dir='ltr'><strong>enim</strong></span> <span class='ocrx_word' id='word_1_377' title='bbox 3539 874 3609 930; x_wconf 86' lang='lat' dir='ltr'><strong>de</strong></span> <span class='ocrx_word' id='word_1_378' title='bbox 3639 892 3742 946; x_wconf 81' lang='lat' dir='ltr'><strong>po-</strong></span> 
     </span>
    </p>
   </div>
   <div class='ocr_carea' id='block_1_54' title="bbox 2089 962 3741 1037">
    <p class='ocr_par' dir='ltr' id='par_1_54' title="bbox 2089 962 3741 1037">
     <span class='ocr_line' id='line_1_54' title="bbox 2089 962 3741 1037; baseline 0.001 -19"><span class='ocrx_word' id='word_1_379' title='bbox 2089 963 2226 1036; x_wconf 91' lang='lat' dir='ltr'><strong>pulo</strong></span> <span class='ocrx_word' id='word_1_380' title='bbox 2255 963 2585 1037; x_wconf 90' lang='lat' dir='ltr'><strong>gentilium.</strong></span> <span class='ocrx_word' id='word_1_381' title='bbox 2610 964 2728 1019; x_wconf 90' lang='lat' dir='ltr'><strong>Hoc</strong></span> <span class='ocrx_word' id='word_1_382' title='bbox 2758 967 2938 1031; x_wconf 89' lang='lat' dir='ltr'><strong>est,ut</strong></span> <span class='ocrx_word' id='word_1_383' title='bbox 2967 962 3156 1019; x_wconf 90' lang='lat' dir='ltr'><strong>simus</strong></span> <span class='ocrx_word' id='word_1_384' title='bbox 3186 967 3242 1018; x_wconf 88' lang='lat' dir='ltr'><strong>et</strong></span> <span class='ocrx_word' id='word_1_385' title='bbox 3269 977 3563 1017; x_wconf 87' lang='lat' dir='ltr'><strong>vocemur</strong></span> <span class='ocrx_word' id='word_1_386' title='bbox 3584 963 3741 1019; x_wconf 85' lang='lat' dir='ltr'><strong>Chri-</strong></span> 
     </span>
    </p>
   </div>
   <div class='ocr_carea' id='block_1_55' title="bbox 2089 1051 3586 1119">
    <p class='ocr_par' dir='ltr' id='par_1_55' title="bbox 2089 1051 3586 1119">
     <span class='ocr_line' id='line_1_55' title="bbox 2089 1051 3586 1119; baseline 0 -11"><span class='ocrx_word' id='word_1_387' title='bbox 2089 1053 2292 1119; x_wconf 82' lang='lat' dir='ltr'><strong>stiani,</strong></span> <span class='ocrx_word' id='word_1_388' title='bbox 2323 1069 2393 1108; x_wconf 87' lang='lat' dir='ltr'><strong>ex</strong></span> <span class='ocrx_word' id='word_1_389' title='bbox 2423 1052 2659 1109; x_wconf 83' lang='lat' dir='ltr'><strong>nomine</strong></span> <span class='ocrx_word' id='word_1_390' title='bbox 2687 1051 2922 1109; x_wconf 91' lang='lat' dir='ltr'><strong>Domini</strong></span> <span class='ocrx_word' id='word_1_391' title='bbox 2955 1051 3139 1107; x_wconf 89' lang='lat' dir='ltr'><strong>nostri</strong></span> <span class='ocrx_word' id='word_1_392' title='bbox 3166 1053 3301 1108; x_wconf 82' lang='lat' dir='ltr'><strong>Jesu</strong></span> <span class='ocrx_word' id='word_1_393' title='bbox 3331 1051 3586 1108; x_wconf 87' lang='lat' dir='ltr'><strong>Christi.</strong></span> 
     </span>
    </p>
   </div>
   <div class='ocr_carea' id='block_1_56' title="bbox 2162 1139 3745 1214">
    <p class='ocr_par' dir='ltr' id='par_1_56' title="bbox 2162 1139 3745 1214">
     <span class='ocr_line' id='line_1_56' title="bbox 2162 1139 3745 1214; baseline -0.001 -17"><span class='ocrx_word' id='word_1_394' title='bbox 2162 1164 2190 1193; x_wconf 88' lang='grc'><strong>‹‹</strong></span> <span class='ocrx_word' id='word_1_395' title='bbox 2224 1143 2475 1198; x_wconf 65' lang='lat' dir='ltr'><strong>Laetetur</strong></span> <span class='ocrx_word' id='word_1_396' title='bbox 2499 1159 2597 1198; x_wconf 93' lang='lat' dir='ltr'><strong>cor</strong></span> <span class='ocrx_word' id='word_1_397' title='bbox 2623 1139 3005 1214; x_wconf 72' lang='lat' dir='ltr'><strong>quaerentium</strong></span> <span class='ocrx_word' id='word_1_398' title='bbox 3036 1140 3414 1196; x_wconf 83' lang='lat' dir='ltr'><strong>Dominum.»</strong></span> <span class='ocrx_word' id='word_1_399' title='bbox 3436 1140 3745 1197; x_wconf 79' lang='lat' dir='ltr'><strong>Gaudeant</strong></span> 
     </span>
    </p>
   </div>
   <div class='ocr_carea' id='block_1_57' title="bbox 2089 1228 3747 1303">
    <p class='ocr_par' dir='ltr' id='par_1_57' title="bbox 2089 1228 3747 1303">
     <span class='ocr_line' id='line_1_57' title="bbox 2089 1228 3747 1303; baseline -0.001 -17"><span class='ocrx_word' id='word_1_400' title='bbox 2089 1231 2391 1288; x_wconf 89' lang='lat' dir='ltr'><strong>monachi:</strong></span> <span class='ocrx_word' id='word_1_401' title='bbox 2412 1231 2691 1303; x_wconf 89' lang='lat' dir='ltr'><strong>quoniam</strong></span> <span class='ocrx_word' id='word_1_402' title='bbox 2714 1229 3099 1302; x_wconf 74' lang='lat' dir='ltr'><strong>quaerentium</strong></span> <span class='ocrx_word' id='word_1_403' title='bbox 3124 1230 3442 1285; x_wconf 89' lang='lat' dir='ltr'><strong>Dominum</strong></span> <span class='ocrx_word' id='word_1_404' title='bbox 3473 1228 3747 1285; x_wconf 70' lang='lat' dir='ltr'><strong>laetantur</strong></span> 
     </span>
    </p>
   </div>
   <div class='ocr_carea' id='block_1_58' title="bbox 2089 1318 3748 1392">
    <p class='ocr_par' dir='ltr' id='par_1_58' title="bbox 2089 1318 3748 1392">
     <span class='ocr_line' id='line_1_58' title="bbox 2089 1318 3748 1392; baseline -0.001 -16"><span class='ocrx_word' id='word_1_405' title='bbox 2089 1321 2285 1377; x_wconf 89' lang='lat' dir='ltr'><strong>corda.</strong></span> <span class='ocrx_word' id='word_1_406' title='bbox 2318 1320 2379 1376; x_wconf 82' lang='lat' dir='ltr'><strong>Si</strong></span> <span class='ocrx_word' id='word_1_407' title='bbox 2411 1320 2796 1392; x_wconf 75' lang='lat' dir='ltr'><strong>quaerentium</strong></span> <span class='ocrx_word' id='word_1_408' title='bbox 2831 1336 2844 1374; x_wconf 88' lang='lat'><strong>:</strong></span> <span class='ocrx_word' id='word_1_409' title='bbox 2878 1323 3098 1392; x_wconf 89' lang='lat' dir='ltr'><strong>quanto</strong></span> <span class='ocrx_word' id='word_1_410' title='bbox 3153 1318 3338 1389; x_wconf 85' lang='lat' dir='ltr'><strong>magis</strong></span> <span class='ocrx_word' id='word_1_411' title='bbox 3389 1335 3607 1375; x_wconf 91' lang='lat' dir='ltr'><strong>eorum</strong></span> <span class='ocrx_word' id='word_1_412' title='bbox 3649 1321 3748 1392; x_wconf 87' lang='lat' dir='ltr'><strong>qui</strong></span> 
     </span>
    </p>
   </div>
   <div class='ocr_carea' id='block_1_59' title="bbox 2089 1407 3753 1477">
    <p class='ocr_par' dir='ltr' id='par_1_59' title="bbox 2089 1407 3753 1477">
     <span class='ocr_line' id='line_1_59' title="bbox 2089 1407 3753 1477; baseline 0 -13"><span class='ocrx_word' id='word_1_413' title='bbox 2089 1409 2398 1465; x_wconf 91' lang='lat' dir='ltr'><strong>inveniunt</strong></span> <span class='ocrx_word' id='word_1_414' title='bbox 2425 1409 2600 1465; x_wconf 89' lang='lat' dir='ltr'><strong>eum?</strong></span> <span class='ocrx_word' id='word_1_415' title='bbox 2628 1409 2736 1474; x_wconf 92' lang='lat' dir='ltr'><strong>Qui</strong></span> <span class='ocrx_word' id='word_1_416' title='bbox 2767 1408 2924 1464; x_wconf 89' lang='lat' dir='ltr'><strong>enim</strong></span> <span class='ocrx_word' id='word_1_417' title='bbox 2955 1424 3090 1464; x_wconf 90' lang='lat' dir='ltr'><strong>eum</strong></span> <span class='ocrx_word' id='word_1_418' title='bbox 3119 1407 3448 1477; x_wconf 88' lang='lat' dir='ltr'><strong>inveniunt,</strong></span> <span class='ocrx_word' id='word_1_419' title='bbox 3477 1408 3753 1464; x_wconf 86' lang='lat' dir='ltr'><strong>immobi-</strong></span> 
     </span>
    </p>
   </div>
   <div class='ocr_carea' id='block_1_60' title="bbox 2089 1497 3747 1562">
    <p class='ocr_par' dir='ltr' id='par_1_60' title="bbox 2089 1497 3747 1562">
     <span class='ocr_line' id='line_1_60' title="bbox 2089 1497 3747 1562; baseline -0.003 -10"><span class='ocrx_word' id='word_1_420' title='bbox 2089 1497 2174 1554; x_wconf 91' lang='lat' dir='ltr'><strong>les</strong></span> <span class='ocrx_word' id='word_1_421' title='bbox 2207 1502 2364 1553; x_wconf 89' lang='lat' dir='ltr'><strong>sunt.</strong></span> <span class='ocrx_word' id='word_1_422' title='bbox 2408 1518 2439 1548; x_wconf 75' lang='grc' dir='ltr'><strong>α</strong></span> <span class='ocrx_word' id='word_1_423' title='bbox 2488 1498 2735 1562; x_wconf 67' lang='lat' dir='ltr'><strong>Quaerite</strong></span> <span class='ocrx_word' id='word_1_424' title='bbox 2765 1497 3082 1554; x_wconf 90' lang='lat' dir='ltr'><strong>Dominum</strong></span> <span class='ocrx_word' id='word_1_425' title='bbox 3112 1501 3170 1553; x_wconf 90' lang='lat' dir='ltr'><strong>et</strong></span> <span class='ocrx_word' id='word_1_426' title='bbox 3200 1497 3673 1553; x_wconf 82' lang='lat' dir='ltr'><strong>conﬁrmamini.</strong></span> <span class='ocrx_word' id='word_1_427' title='bbox 3726 1520 3747 1547; x_wconf 80' lang='grc' dir='ltr'>ι</span> 
     </span>
    </p>
   </div>
   <div class='ocr_carea' id='block_1_61' title="bbox 2089 1586 3751 1658">
    <p class='ocr_par' dir='ltr' id='par_1_61' title="bbox 2089 1586 3751 1658">
     <span class='ocr_line' id='line_1_61' title="bbox 2089 1586 3751 1658; baseline 0 -18"><span class='ocrx_word' id='word_1_428' title='bbox 2089 1591 2420 1658; x_wconf 85' lang='lat' dir='ltr'><strong>Antequam</strong></span> <span class='ocrx_word' id='word_1_429' title='bbox 2471 1603 2800 1658; x_wconf 74' lang='lat' dir='ltr'><strong>quaeremus</strong></span> <span class='ocrx_word' id='word_1_430' title='bbox 2844 1586 3180 1652; x_wconf 90' lang='lat' dir='ltr'><strong>Dominum,</strong></span> <span class='ocrx_word' id='word_1_431' title='bbox 3211 1586 3434 1646; x_wconf 85' lang='lat' dir='ltr'><strong>inﬁrmi</strong></span> <span class='ocrx_word' id='word_1_432' title='bbox 3489 1603 3751 1643; x_wconf 78' lang='lat' dir='ltr'><strong>eramus.</strong></span> 
     </span>
    </p>
   </div>
   <div class='ocr_carea' id='block_1_62' title="bbox 2087 1675 3750 1748">
    <p class='ocr_par' dir='ltr' id='par_1_62' title="bbox 2087 1675 3750 1748">
     <span class='ocr_line' id='line_1_62' title="bbox 2087 1675 3750 1748; baseline 0 -17"><span class='ocrx_word' id='word_1_433' title='bbox 2087 1675 2253 1732; x_wconf 90' lang='lat' dir='ltr'><strong>Nunc</strong></span> <span class='ocrx_word' id='word_1_434' title='bbox 2283 1681 2476 1732; x_wconf 88' lang='lat' dir='ltr'><strong>autem</strong></span> <span class='ocrx_word' id='word_1_435' title='bbox 2509 1680 2854 1748; x_wconf 66' lang='lat' dir='ltr'><strong>quaerentes,</strong></span> <span class='ocrx_word' id='word_1_436' title='bbox 2887 1675 3042 1732; x_wconf 87' lang='lat' dir='ltr'><strong>ﬁrmi</strong></span> <span class='ocrx_word' id='word_1_437' title='bbox 3088 1680 3146 1731; x_wconf 91' lang='lat' dir='ltr'><strong>et</strong></span> <span class='ocrx_word' id='word_1_438' title='bbox 3198 1677 3379 1732; x_wconf 85' lang='lat' dir='ltr'><strong>fortes</strong></span> <span class='ocrx_word' id='word_1_439' title='bbox 3419 1693 3669 1733; x_wconf 88' lang='lat' dir='ltr'><strong>sumus.</strong></span> <span class='ocrx_word' id='word_1_440' title='bbox 3696 1677 3750 1732; x_wconf 89' lang='lat' dir='ltr'><strong>Si</strong></span> 
     </span>
    </p>
   </div>
   <div class='ocr_carea' id='block_1_63' title="bbox 2087 1765 3749 1838">
    <p class='ocr_par' dir='ltr' id='par_1_63' title="bbox 2087 1765 3749 1838">
     <span class='ocr_line' id='line_1_63' title="bbox 2087 1765 3749 1838; baseline 0.001 -17"><span class='ocrx_word' id='word_1_441' title='bbox 2087 1769 2286 1821; x_wconf 89' lang='lat' dir='ltr'><strong>autem</strong></span> <span class='ocrx_word' id='word_1_442' title='bbox 2343 1770 2400 1821; x_wconf 90' lang='lat' dir='ltr'><strong>et</strong></span> <span class='ocrx_word' id='word_1_443' title='bbox 2457 1765 2852 1821; x_wconf 87' lang='lat' dir='ltr'><strong>invenerimus</strong></span> <span class='ocrx_word' id='word_1_444' title='bbox 2900 1781 2912 1819; x_wconf 89' lang='lat'><strong>:</strong></span> <span class='ocrx_word' id='word_1_445' title='bbox 2973 1769 3192 1837; x_wconf 87' lang='lat' dir='ltr'><strong>quanto</strong></span> <span class='ocrx_word' id='word_1_446' title='bbox 3251 1765 3447 1838; x_wconf 78' lang='lat' dir='ltr'><strong>magis</strong></span> <span class='ocrx_word' id='word_1_447' title='bbox 3514 1766 3749 1837; x_wconf 75' lang='lat' dir='ltr'><strong>perfecti</strong></span> 
     </span>
    </p>
   </div>
   <div class='ocr_carea' id='block_1_64' title="bbox 2088 1853 3748 1927">
    <p class='ocr_par' dir='ltr' id='par_1_64' title="bbox 2088 1853 3748 1927">
     <span class='ocr_line' id='line_1_64' title="bbox 2088 1853 3748 1927; baseline 0.001 -17"><span class='ocrx_word' id='word_1_448' title='bbox 2088 1855 2348 1911; x_wconf 79' lang='lat' dir='ltr'><strong>erimus?</strong></span> <span class='ocrx_word' id='word_1_449' title='bbox 2385 1878 2413 1904; x_wconf 85' lang='lat'><strong>«</strong></span> <span class='ocrx_word' id='word_1_450' title='bbox 2447 1854 2694 1918; x_wconf 78' lang='lat' dir='ltr'><strong>Quaerite</strong></span> <span class='ocrx_word' id='word_1_451' title='bbox 2725 1853 2930 1910; x_wconf 88' lang='lat' dir='ltr'><strong>faciem</strong></span> <span class='ocrx_word' id='word_1_452' title='bbox 2963 1855 3092 1927; x_wconf 90' lang='lat' dir='ltr'><strong>ejus</strong></span> <span class='ocrx_word' id='word_1_453' title='bbox 3121 1870 3376 1927; x_wconf 89' lang='lat' dir='ltr'><strong>semper.</strong></span> <span class='ocrx_word' id='word_1_454' title='bbox 3414 1877 3442 1904; x_wconf 81' lang='lat'><strong>»</strong></span> <span class='ocrx_word' id='word_1_455' title='bbox 3491 1855 3748 1911; x_wconf 64' lang='lat' dir='ltr'><strong>Hebreis</strong></span> 
     </span>
    </p>
   </div>
   <div class='ocr_carea' id='block_1_65' title="bbox 2089 1943 3753 2016">
    <p class='ocr_par' dir='ltr' id='par_1_65' title="bbox 2089 1943 3753 2016">
     <span class='ocr_line' id='line_1_65' title="bbox 2089 1943 3753 2016; baseline 0.001 -17"><span class='ocrx_word' id='word_1_456' title='bbox 2089 1944 2326 2016; x_wconf 89' lang='lat' dir='ltr'><strong>quidem</strong></span> <span class='ocrx_word' id='word_1_457' title='bbox 2359 1944 2643 2016; x_wconf 89' lang='lat' dir='ltr'><strong>scriptum</strong></span> <span class='ocrx_word' id='word_1_458' title='bbox 2674 1948 2782 2011; x_wconf 90' lang='lat' dir='ltr'><strong>est,</strong></span> <span class='ocrx_word' id='word_1_459' title='bbox 2821 1948 2883 1999; x_wconf 88' lang='lat' dir='ltr'><strong>ut</strong></span> <span class='ocrx_word' id='word_1_460' title='bbox 2912 1948 3001 2000; x_wconf 91' lang='lat' dir='ltr'><strong>ter</strong></span> <span class='ocrx_word' id='word_1_461' title='bbox 3028 1943 3088 1999; x_wconf 93' lang='lat' dir='ltr'><strong>in</strong></span> <span class='ocrx_word' id='word_1_462' title='bbox 3119 1961 3271 2000; x_wconf 89' lang='lat' dir='ltr'><strong>anno</strong></span> <span class='ocrx_word' id='word_1_463' title='bbox 3301 1950 3636 2016; x_wconf 84' lang='lat' dir='ltr'><strong>appareant</strong></span> <span class='ocrx_word' id='word_1_464' title='bbox 3663 1961 3753 2000; x_wconf 61' lang='lat' dir='ltr'><strong>eoo</strong></span> 
     </span>
    </p>
   </div>
   <div class='ocr_carea' id='block_1_66' title="bbox 2091 2031 3749 2104">
    <p class='ocr_par' dir='ltr' id='par_1_66' title="bbox 2091 2031 3749 2104">
     <span class='ocr_line' id='line_1_66' title="bbox 2091 2031 3749 2104; baseline 0.001 -16"><span class='ocrx_word' id='word_1_465' title='bbox 2091 2051 2218 2090; x_wconf 89' lang='lat' dir='ltr'><strong>ram</strong></span> <span class='ocrx_word' id='word_1_466' title='bbox 2248 2033 2490 2090; x_wconf 90' lang='lat' dir='ltr'><strong>Domino</strong></span> <span class='ocrx_word' id='word_1_467' title='bbox 2518 2031 2710 2104; x_wconf 79' lang='lat' dir='ltr'><strong>(Exod.</strong></span> <span class='ocrx_word' id='word_1_468' title='bbox 2742 2049 2903 2102; x_wconf 84' lang='lat' dir='ltr'><strong>xxm,</strong></span> <span class='ocrx_word' id='word_1_469' title='bbox 2937 2033 3046 2104; x_wconf 89' lang='grc'><strong>17).</strong></span> <span class='ocrx_word' id='word_1_470' title='bbox 3079 2036 3145 2088; x_wconf 87' lang='lat' dir='ltr'><strong>Et</strong></span> <span class='ocrx_word' id='word_1_471' title='bbox 3172 2048 3301 2104; x_wconf 62' lang='lat' dir='ltr'><strong>qua</strong></span> <span class='ocrx_word' id='word_1_472' title='bbox 3340 2033 3589 2104; x_wconf 85' lang='lat' dir='ltr'><strong>justitia</strong></span> <span class='ocrx_word' id='word_1_473' title='bbox 3632 2035 3749 2090; x_wconf 70' lang='lat' dir='ltr'><strong>hec</strong></span> 
     </span>
    </p>
   </div>
   <div class='ocr_carea' id='block_1_67' title="bbox 2091 2120 3750 2194">
    <p class='ocr_par' dir='ltr' id='par_1_67' title="bbox 2091 2120 3750 2194">
     <span class='ocr_line' id='line_1_67' title="bbox 2091 2120 3750 2194; baseline -0.001 -16"><span class='ocrx_word' id='word_1_474' title='bbox 2091 2127 2217 2178; x_wconf 89' lang='lat' dir='ltr'><strong>erat</strong></span> <span class='ocrx_word' id='word_1_475' title='bbox 2247 2139 2260 2177; x_wconf 84' lang='lat'><strong>:</strong></span> <span class='ocrx_word' id='word_1_476' title='bbox 2296 2121 2435 2194; x_wconf 91' lang='lat' dir='ltr'><strong>quid</strong></span> <span class='ocrx_word' id='word_1_477' title='bbox 2466 2125 2663 2178; x_wconf 90' lang='lat' dir='ltr'><strong>autem</strong></span> <span class='ocrx_word' id='word_1_478' title='bbox 2694 2121 2912 2194; x_wconf 88' lang='lat' dir='ltr'><strong>grande</strong></span> <span class='ocrx_word' id='word_1_479' title='bbox 2941 2120 3163 2192; x_wconf 90' lang='lat' dir='ltr'><strong>aliquid</strong></span> <span class='ocrx_word' id='word_1_480' title='bbox 3194 2120 3520 2191; x_wconf 81' lang='lat' dir='ltr'><strong>faciebant,</strong></span> <span class='ocrx_word' id='word_1_481' title='bbox 3561 2127 3649 2177; x_wconf 84' lang='lat' dir='ltr'><strong>ter</strong></span> <span class='ocrx_word' id='word_1_482' title='bbox 3691 2123 3750 2177; x_wconf 91' lang='lat' dir='ltr'><strong>in</strong></span> 
     </span>
    </p>
   </div>
   <div class='ocr_carea' id='block_1_68' title="bbox 2093 2209 3749 2284">
    <p class='ocr_par' dir='ltr' id='par_1_68' title="bbox 2093 2209 3749 2284">
     <span class='ocr_line' id='line_1_68' title="bbox 2093 2209 3749 2284; baseline -0.001 -16"><span class='ocrx_word' id='word_1_483' title='bbox 2093 2229 2244 2268; x_wconf 88' lang='lat' dir='ltr'><strong>anno</strong></span> <span class='ocrx_word' id='word_1_484' title='bbox 2272 2227 2547 2284; x_wconf 85' lang='lat' dir='ltr'><strong>apparere</strong></span> <span class='ocrx_word' id='word_1_485' title='bbox 2575 2211 2635 2265; x_wconf 91' lang='lat' dir='ltr'><strong>in</strong></span> <span class='ocrx_word' id='word_1_486' title='bbox 2666 2213 2982 2283; x_wconf 90' lang='lat' dir='ltr'><strong>conspectu</strong></span> <span class='ocrx_word' id='word_1_487' title='bbox 3014 2209 3156 2265; x_wconf 90' lang='lat' dir='ltr'><strong>Dei?</strong></span> <span class='ocrx_word' id='word_1_488' title='bbox 3205 2209 3292 2266; x_wconf 91' lang='lat' dir='ltr'><strong>Ibi</strong></span> <span class='ocrx_word' id='word_1_489' title='bbox 3346 2211 3428 2266; x_wconf 85' lang='lat' dir='ltr'><strong>ad</strong></span> <span class='ocrx_word' id='word_1_490' title='bbox 3479 2211 3749 2283; x_wconf 76' lang='lat' dir='ltr'><strong>parvulos</strong></span> 
     </span>
    </p>
   </div>
   <div class='ocr_carea' id='block_1_69' title="bbox 2094 2298 3752 2373">
    <p class='ocr_par' dir='ltr' id='par_1_69' title="bbox 2094 2298 3752 2373">
     <span class='ocr_line' id='line_1_69' title="bbox 2094 2298 3752 2373; baseline 0.001 -19"><span class='ocrx_word' id='word_1_491' title='bbox 2094 2300 2441 2373; x_wconf 89' lang='lat' dir='ltr'><strong>loquebatur</strong></span> <span class='ocrx_word' id='word_1_492' title='bbox 2471 2316 2484 2354; x_wconf 89' lang='lat'>:</span> <span class='ocrx_word' id='word_1_493' title='bbox 2514 2299 2609 2354; x_wconf 90' lang='lat' dir='ltr'><strong>hic</strong></span> <span class='ocrx_word' id='word_1_494' title='bbox 2640 2304 2832 2355; x_wconf 88' lang='lat' dir='ltr'><strong>autem</strong></span> <span class='ocrx_word' id='word_1_495' title='bbox 2865 2299 3154 2371; x_wconf 88' lang='lat' dir='ltr'><strong>Propheta</strong></span> <span class='ocrx_word' id='word_1_496' title='bbox 3182 2298 3325 2354; x_wconf 90' lang='lat' dir='ltr'><strong>dicit</strong></span> <span class='ocrx_word' id='word_1_497' title='bbox 3369 2299 3752 2357; x_wconf 81' lang='lat' dir='ltr'><strong>credentibus</strong></span> 
     </span>
    </p>
   </div>
   <div class='ocr_carea' id='block_1_70' title="bbox 2093 2387 3756 2458">
    <p class='ocr_par' dir='ltr' id='par_1_70' title="bbox 2093 2387 3756 2458">
     <span class='ocr_line' id='line_1_70' title="bbox 2093 2387 3756 2458; baseline 0.002 -16"><span class='ocrx_word' id='word_1_498' title='bbox 2093 2387 2153 2442; x_wconf 92' lang='lat' dir='ltr'><strong>in</strong></span> <span class='ocrx_word' id='word_1_499' title='bbox 2183 2387 2389 2455; x_wconf 91' lang='lat' dir='ltr'><strong>Deum,</strong></span> <span class='ocrx_word' id='word_1_500' title='bbox 2420 2403 2651 2458; x_wconf 88' lang='lat' dir='ltr'><strong>semper</strong></span> <span class='ocrx_word' id='word_1_501' title='bbox 2679 2403 2813 2442; x_wconf 89' lang='lat' dir='ltr'><strong>eum</strong></span> <span class='ocrx_word' id='word_1_502' title='bbox 2845 2403 3120 2457; x_wconf 70' lang='lat' dir='ltr'><strong>quaerere,</strong></span> <span class='ocrx_word' id='word_1_503' title='bbox 3155 2387 3677 2458; x_wconf 88' lang='lat' dir='ltr'><strong>quemadmodum</strong></span> <span class='ocrx_word' id='word_1_504' title='bbox 3705 2394 3756 2445; x_wconf 82' lang='lat' dir='ltr'><strong>et</strong></span> 
     </span>
    </p>
   </div>
   <div class='ocr_carea' id='block_1_71' title="bbox 2094 2475 3758 2549">
    <p class='ocr_par' dir='ltr' id='par_1_71' title="bbox 2094 2475 3758 2549">
     <span class='ocr_line' id='line_1_71' title="bbox 2094 2475 3758 2549; baseline 0.002 -18"><span class='ocrx_word' id='word_1_505' title='bbox 2094 2477 2154 2532; x_wconf 92' lang='lat' dir='ltr'><strong>in</strong></span> <span class='ocrx_word' id='word_1_506' title='bbox 2188 2475 2495 2549; x_wconf 89' lang='lat' dir='ltr'><strong>Evangelio</strong></span> <span class='ocrx_word' id='word_1_507' title='bbox 2529 2476 2811 2548; x_wconf 90' lang='lat' dir='ltr'><strong>scriptum</strong></span> <span class='ocrx_word' id='word_1_508' title='bbox 2833 2479 2924 2532; x_wconf 88' lang='lat' dir='ltr'><strong>est</strong></span> <span class='ocrx_word' id='word_1_509' title='bbox 2955 2493 2967 2530; x_wconf 92' lang='lat'>:</span> <span class='ocrx_word' id='word_1_510' title='bbox 3004 2475 3134 2531; x_wconf 79' lang='lat' dir='ltr'><strong>Sine</strong></span> <span class='ocrx_word' id='word_1_511' title='bbox 3160 2477 3590 2533; x_wconf 69' lang='lat' dir='ltr'><strong>intermissione</strong></span> <span class='ocrx_word' id='word_1_512' title='bbox 3617 2483 3758 2534; x_wconf 73' lang='lat' dir='ltr'><strong>orate</strong></span> 
     </span>
    </p>
   </div>
   <div class='ocr_carea' id='block_1_72' title="bbox 2096 2564 2589 2637">
    <p class='ocr_par' dir='ltr' id='par_1_72' title="bbox 2096 2564 2589 2637">
     <span class='ocr_line' id='line_1_72' title="bbox 2096 2564 2589 2637; baseline -0.002 -17"><span class='ocrx_word' id='word_1_513' title='bbox 2096 2565 2141 2637; x_wconf 96' lang='lat' dir='ltr'><strong>(I</strong></span> <span class='ocrx_word' id='word_1_514' title='bbox 2177 2565 2359 2621; x_wconf 85' lang='lat' dir='ltr'><strong>Thess.</strong></span> <span class='ocrx_word' id='word_1_515' title='bbox 2391 2581 2447 2632; x_wconf 92' lang='lat' dir='ltr'><strong>v,</strong></span> <span class='ocrx_word' id='word_1_516' title='bbox 2478 2564 2589 2636; x_wconf 73' lang='lat' dir='ltr'><strong>l7).</strong></span> 
     </span>
    </p>
   </div>
   <div class='ocr_carea' id='block_1_73' title="bbox 2167 2652 3758 2726">
    <p class='ocr_par' dir='ltr' id='par_1_73' title="bbox 2167 2652 3758 2726">
     <span class='ocr_line' id='line_1_73' title="bbox 2167 2652 3758 2726; baseline 0.002 -18"><span class='ocrx_word' id='word_1_517' title='bbox 2167 2677 2196 2704; x_wconf 90' lang='lat'><strong>«</strong></span> <span class='ocrx_word' id='word_1_518' title='bbox 2226 2657 2573 2711; x_wconf 87' lang='lat' dir='ltr'><strong>Mementote</strong></span> <span class='ocrx_word' id='word_1_519' title='bbox 2621 2652 2976 2709; x_wconf 87' lang='lat' dir='ltr'><strong>mirabilium</strong></span> <span class='ocrx_word' id='word_1_520' title='bbox 3032 2654 3161 2725; x_wconf 90' lang='lat' dir='ltr'><strong>ejus</strong></span> <span class='ocrx_word' id='word_1_521' title='bbox 3209 2670 3340 2726; x_wconf 67' lang='lat' dir='ltr'><strong>quae</strong></span> <span class='ocrx_word' id='word_1_522' title='bbox 3397 2654 3564 2711; x_wconf 78' lang='lat' dir='ltr'><strong>fecit.</strong></span> <span class='ocrx_word' id='word_1_523' title='bbox 3627 2679 3648 2704; x_wconf 75' lang='grc' dir='ltr'>ι</span> <span class='ocrx_word' id='word_1_524' title='bbox 3700 2657 3758 2712; x_wconf 90' lang='lat' dir='ltr'><strong>In</strong></span> 
     </span>
    </p>
   </div>
   <div class='ocr_carea' id='block_1_74' title="bbox 2095 2742 3436 2816">
    <p class='ocr_par' dir='ltr' id='par_1_74' title="bbox 2095 2742 3436 2816">
     <span class='ocr_line' id='line_1_74' title="bbox 2095 2742 3436 2816; baseline 0 -17"><span class='ocrx_word' id='word_1_525' title='bbox 2095 2744 2358 2816; x_wconf 70' lang='lat' dir='ltr'><strong>IEgypto,</strong></span> <span class='ocrx_word' id='word_1_526' title='bbox 2391 2745 2447 2798; x_wconf 90' lang='lat' dir='ltr'><strong>et</strong></span> <span class='ocrx_word' id='word_1_527' title='bbox 2476 2743 2533 2796; x_wconf 91' lang='lat' dir='ltr'><strong>in</strong></span> <span class='ocrx_word' id='word_1_528' title='bbox 2569 2742 2717 2799; x_wconf 89' lang='lat' dir='ltr'><strong>mari</strong></span> <span class='ocrx_word' id='word_1_529' title='bbox 2750 2743 2968 2814; x_wconf 87' lang='lat' dir='ltr'><strong>Rubro,</strong></span> <span class='ocrx_word' id='word_1_530' title='bbox 2999 2746 3055 2799; x_wconf 90' lang='lat' dir='ltr'><strong>et</strong></span> <span class='ocrx_word' id='word_1_531' title='bbox 3084 2742 3144 2798; x_wconf 92' lang='lat' dir='ltr'><strong>in</strong></span> <span class='ocrx_word' id='word_1_532' title='bbox 3175 2743 3436 2807; x_wconf 86' lang='lat' dir='ltr'><strong>deserto.</strong></span> 
     </span>
    </p>
   </div>
   <div class='ocr_carea' id='block_1_75' title="bbox 2169 2831 3763 2903">
    <p class='ocr_par' dir='ltr' id='par_1_75' title="bbox 2169 2831 3763 2903">
     <span class='ocr_line' id='line_1_75' title="bbox 2169 2831 3763 2903; baseline 0.005 -21"><span class='ocrx_word' id='word_1_533' title='bbox 2169 2855 2196 2882; x_wconf 86' lang='lat'>«</span> <span class='ocrx_word' id='word_1_534' title='bbox 2227 2836 2432 2888; x_wconf 90' lang='lat' dir='ltr'><strong>Semen</strong></span> <span class='ocrx_word' id='word_1_535' title='bbox 2465 2831 2764 2888; x_wconf 87' lang='lat' dir='ltr'><strong>Abraham</strong></span> <span class='ocrx_word' id='word_1_536' title='bbox 2795 2831 2948 2888; x_wconf 89' lang='lat' dir='ltr'><strong>servi</strong></span> <span class='ocrx_word' id='word_1_537' title='bbox 2980 2833 3107 2903; x_wconf 89' lang='lat' dir='ltr'><strong>ejus</strong></span> <span class='ocrx_word' id='word_1_538' title='bbox 3139 2849 3153 2887; x_wconf 90' lang='lat'><strong>:</strong></span> <span class='ocrx_word' id='word_1_539' title='bbox 3188 2831 3294 2887; x_wconf 90' lang='lat' dir='ltr'><strong>ﬁlii</strong></span> <span class='ocrx_word' id='word_1_540' title='bbox 3343 2832 3543 2901; x_wconf 86' lang='lat' dir='ltr'><strong>Jacob,</strong></span> <span class='ocrx_word' id='word_1_541' title='bbox 3577 2834 3763 2891; x_wconf 80' lang='lat' dir='ltr'><strong>electi</strong></span> 
     </span>
    </p>
   </div>
   <div class='ocr_carea' id='block_1_76' title="bbox 2096 2920 3768 2993">
    <p class='ocr_par' dir='ltr' id='par_1_76' title="bbox 2096 2920 3768 2993">
     <span class='ocr_line' id='line_1_76' title="bbox 2096 2920 3768 2993; baseline 0.001 -15"><span class='ocrx_word' id='word_1_542' title='bbox 2096 2923 2245 2993; x_wconf 90' lang='lat' dir='ltr'><strong>ejus.</strong></span> <span class='ocrx_word' id='word_1_543' title='bbox 2280 2943 2308 2971; x_wconf 86' lang='lat'>»</span> <span class='ocrx_word' id='word_1_544' title='bbox 2340 2920 2401 2976; x_wconf 91' lang='lat' dir='ltr'><strong>Si</strong></span> <span class='ocrx_word' id='word_1_545' title='bbox 2431 2920 2566 2993; x_wconf 90' lang='lat' dir='ltr'><strong>quis</strong></span> <span class='ocrx_word' id='word_1_546' title='bbox 2613 2925 2704 2976; x_wconf 91' lang='lat' dir='ltr'><strong>est</strong></span> <span class='ocrx_word' id='word_1_547' title='bbox 2752 2936 2974 2986; x_wconf 88' lang='lat' dir='ltr'><strong>semen,</strong></span> <span class='ocrx_word' id='word_1_548' title='bbox 3007 2938 3122 2977; x_wconf 92' lang='lat' dir='ltr'><strong>non</strong></span> <span class='ocrx_word' id='word_1_549' title='bbox 3163 2921 3292 2991; x_wconf 87' lang='lat' dir='ltr'><strong>jam</strong></span> <span class='ocrx_word' id='word_1_550' title='bbox 3324 2921 3498 2988; x_wconf 85' lang='lat' dir='ltr'><strong>ﬁlius,</strong></span> <span class='ocrx_word' id='word_1_551' title='bbox 3532 2939 3768 2980; x_wconf 85' lang='lat' dir='ltr'><strong>secun-</strong></span> 
     </span>
    </p>
   </div>
   <div class='ocr_carea' id='block_1_77' title="bbox 2097 3009 3765 3082">
    <p class='ocr_par' dir='ltr' id='par_1_77' title="bbox 2097 3009 3765 3082">
     <span class='ocr_line' id='line_1_77' title="bbox 2097 3009 3765 3082; baseline 0.002 -16"><span class='ocrx_word' id='word_1_552' title='bbox 2097 3012 2240 3066; x_wconf 92' lang='lat' dir='ltr'><strong>dum</strong></span> <span class='ocrx_word' id='word_1_553' title='bbox 2273 3011 2430 3082; x_wconf 86' lang='lat' dir='ltr'><strong>quod</strong></span> <span class='ocrx_word' id='word_1_554' title='bbox 2461 3010 2521 3065; x_wconf 90' lang='lat' dir='ltr'><strong>in</strong></span> <span class='ocrx_word' id='word_1_555' title='bbox 2554 3009 2863 3082; x_wconf 91' lang='lat' dir='ltr'><strong>Evangelio</strong></span> <span class='ocrx_word' id='word_1_556' title='bbox 2891 3009 3175 3081; x_wconf 88' lang='lat' dir='ltr'><strong>scriptum</strong></span> <span class='ocrx_word' id='word_1_557' title='bbox 3201 3015 3325 3066; x_wconf 89' lang='lat' dir='ltr'><strong>est:</strong></span> <span class='ocrx_word' id='word_1_558' title='bbox 3348 3011 3545 3080; x_wconf 76' lang='lat' dir='ltr'><strong>Siﬁlii</strong></span> <span class='ocrx_word' id='word_1_559' title='bbox 3579 3014 3765 3069; x_wconf 76' lang='lat' dir='ltr'><strong>Abra-</strong></span> 
     </span>
    </p>
   </div>
   <div class='ocr_carea' id='block_1_78' title="bbox 2099 3099 3759 3170">
    <p class='ocr_par' dir='ltr' id='par_1_78' title="bbox 2099 3099 3759 3170">
     <span class='ocr_line' id='line_1_78' title="bbox 2099 3099 3759 3170; baseline 0.002 -16"><span class='ocrx_word' id='word_1_560' title='bbox 2099 3101 2227 3155; x_wconf 87' lang='lat' dir='ltr'><strong>ham</strong></span> <span class='ocrx_word' id='word_1_561' title='bbox 2255 3101 2458 3167; x_wconf 82' lang='lat' dir='ltr'><strong>essetis,</strong></span> <span class='ocrx_word' id='word_1_562' title='bbox 2489 3116 2657 3170; x_wconf 84' lang='lat' dir='ltr'><strong>opera</strong></span> <span class='ocrx_word' id='word_1_563' title='bbox 2688 3100 2870 3170; x_wconf 81' lang='lat' dir='ltr'><strong>patris</strong></span> <span class='ocrx_word' id='word_1_564' title='bbox 2901 3099 3067 3154; x_wconf 77' lang='lat' dir='ltr'><strong>vestri</strong></span> <span class='ocrx_word' id='word_1_565' title='bbox 3091 3101 3346 3170; x_wconf 78' lang='lat' dir='ltr'><strong>faceretis</strong></span> <span class='ocrx_word' id='word_1_566' title='bbox 3393 3103 3590 3168; x_wconf 72' lang='lat' dir='ltr'><strong>(Joan.</strong></span> <span class='ocrx_word' id='word_1_567' title='bbox 3640 3120 3759 3170; x_wconf 65' lang='grc' dir='ltr'><strong>πη,</strong></span> 
     </span>
    </p>
   </div>
   <div class='ocr_carea' id='block_1_79' title="bbox 2098 3187 3760 3260">
    <p class='ocr_par' dir='ltr' id='par_1_79' title="bbox 2098 3187 3760 3260">
     <span class='ocr_line' id='line_1_79' title="bbox 2098 3187 3760 3260; baseline 0.003 -17"><span class='ocrx_word' id='word_1_568' title='bbox 2098 3190 2209 3257; x_wconf 90' lang='lat'><strong>30).</strong></span> <span class='ocrx_word' id='word_1_569' title='bbox 2244 3189 2393 3260; x_wconf 89' lang='lat' dir='ltr'><strong>Ergo</strong></span> <span class='ocrx_word' id='word_1_570' title='bbox 2432 3189 2587 3260; x_wconf 91' lang='lat' dir='ltr'><strong>quod</strong></span> <span class='ocrx_word' id='word_1_571' title='bbox 2637 3187 2963 3260; x_wconf 87' lang='lat' dir='ltr'><strong>gloriantur</strong></span> <span class='ocrx_word' id='word_1_572' title='bbox 3018 3203 3134 3242; x_wconf 89' lang='lat' dir='ltr'><strong>non</strong></span> <span class='ocrx_word' id='word_1_573' title='bbox 3183 3192 3342 3252; x_wconf 90' lang='lat' dir='ltr'><strong>sunt,</strong></span> <span class='ocrx_word' id='word_1_574' title='bbox 3377 3193 3441 3244; x_wconf 88' lang='lat' dir='ltr'><strong>et</strong></span> <span class='ocrx_word' id='word_1_575' title='bbox 3470 3191 3524 3245; x_wconf 89' lang='lat' dir='ltr'><strong>si</strong></span> <span class='ocrx_word' id='word_1_576' title='bbox 3561 3208 3760 3248; x_wconf 83' lang='lat' dir='ltr'><strong>semen</strong></span> 
     </span>
    </p>
   </div>
   <div class='ocr_carea' id='block_1_80' title="bbox 2100 3275 3762 3348">
    <p class='ocr_par' dir='ltr' id='par_1_80' title="bbox 2100 3275 3762 3348">
     <span class='ocr_line' id='line_1_80' title="bbox 2100 3275 3762 3348; baseline 0.002 -15"><span class='ocrx_word' id='word_1_577' title='bbox 2100 3281 2257 3334; x_wconf 91' lang='lat' dir='ltr'><strong>sunt.</strong></span> <span class='ocrx_word' id='word_1_578' title='bbox 2290 3276 2449 3333; x_wconf 88' lang='lat' dir='ltr'><strong>Servi</strong></span> <span class='ocrx_word' id='word_1_579' title='bbox 2480 3281 2621 3332; x_wconf 89' lang='lat' dir='ltr'><strong>sunt</strong></span> <span class='ocrx_word' id='word_1_580' title='bbox 2644 3277 2754 3332; x_wconf 89' lang='lat' dir='ltr'><strong>sub</strong></span> <span class='ocrx_word' id='word_1_581' title='bbox 2784 3277 2994 3332; x_wconf 89' lang='lat' dir='ltr'><strong>timore</strong></span> <span class='ocrx_word' id='word_1_582' title='bbox 3023 3275 3345 3348; x_wconf 87' lang='lat' dir='ltr'><strong>constituti,</strong></span> <span class='ocrx_word' id='word_1_583' title='bbox 3379 3294 3507 3334; x_wconf 87' lang='lat' dir='ltr'><strong>non</strong></span> <span class='ocrx_word' id='word_1_584' title='bbox 3539 3279 3762 3337; x_wconf 85' lang='lat' dir='ltr'><strong>haben-</strong></span> 
     </span>
    </p>
   </div>
   <div class='ocr_carea' id='block_1_81' title="bbox 2100 3365 3760 3438">
    <p class='ocr_par' dir='ltr' id='par_1_81' title="bbox 2100 3365 3760 3438">
     <span class='ocr_line' id='line_1_81' title="bbox 2100 3365 3760 3438; baseline 0.003 -17"><span class='ocrx_word' id='word_1_585' title='bbox 2100 3369 2187 3422; x_wconf 90' lang='lat' dir='ltr'><strong>tes</strong></span> <span class='ocrx_word' id='word_1_586' title='bbox 2219 3366 2531 3438; x_wconf 86' lang='lat' dir='ltr'><strong>perfectam</strong></span> <span class='ocrx_word' id='word_1_587' title='bbox 2562 3365 2902 3422; x_wconf 90' lang='lat' dir='ltr'><strong>charitatem</strong></span> <span class='ocrx_word' id='word_1_588' title='bbox 2928 3382 3058 3438; x_wconf 67' lang='lat' dir='ltr'><strong>quae</strong></span> <span class='ocrx_word' id='word_1_589' title='bbox 3085 3366 3236 3422; x_wconf 76' lang='lat' dir='ltr'><strong>foras</strong></span> <span class='ocrx_word' id='word_1_590' title='bbox 3267 3367 3459 3423; x_wconf 85' lang='lat' dir='ltr'><strong>mittit</strong></span> <span class='ocrx_word' id='word_1_591' title='bbox 3485 3369 3760 3429; x_wconf 74' lang='lat' dir='ltr'><strong>timorem</strong></span> 
     </span>
    </p>
   </div>
   <div class='ocr_carea' id='block_1_82' title="bbox 2101 3452 3760 3532">
    <p class='ocr_par' dir='ltr' id='par_1_82' title="bbox 2101 3452 3760 3532">
     <span class='ocr_line' id='line_1_82' title="bbox 2101 3452 3760 3532; baseline 0.002 -21"><span class='ocrx_word' id='word_1_592' title='bbox 2101 3456 2146 3526; x_wconf 90' lang='lat' dir='ltr'><strong>(l</strong></span> <span class='ocrx_word' id='word_1_593' title='bbox 2173 3457 2330 3510; x_wconf 86' lang='lat' dir='ltr'><strong>Joan.</strong></span> <span class='ocrx_word' id='word_1_594' title='bbox 2389 3471 2462 3522; x_wconf 85' lang='lat' dir='ltr'><strong>1v,</strong></span> <span class='ocrx_word' id='word_1_595' title='bbox 2507 3455 2614 3527; x_wconf 90' lang='grc'><strong>18).</strong></span> <span class='ocrx_word' id='word_1_596' title='bbox 2647 3454 2765 3510; x_wconf 88' lang='lat' dir='ltr'><strong>Nos</strong></span> <span class='ocrx_word' id='word_1_597' title='bbox 2813 3452 2918 3508; x_wconf 87' lang='lat' dir='ltr'><strong>ﬁlii</strong></span> <span class='ocrx_word' id='word_1_598' title='bbox 2968 3470 3174 3510; x_wconf 89' lang='lat' dir='ltr'><strong>sumus</strong></span> <span class='ocrx_word' id='word_1_599' title='bbox 3218 3455 3428 3526; x_wconf 87' lang='lat' dir='ltr'><strong>Jacob,</strong></span> <span class='ocrx_word' id='word_1_600' title='bbox 3479 3458 3620 3529; x_wconf 82' lang='lat' dir='ltr'><strong>ejus</strong></span> <span class='ocrx_word' id='word_1_601' title='bbox 3668 3459 3760 3532; x_wconf 85' lang='lat' dir='ltr'><strong>qui</strong></span> 
     </span>
    </p>
   </div>
   <div class='ocr_carea' id='block_1_83' title="bbox 2101 3542 3762 3620">
    <p class='ocr_par' dir='ltr' id='par_1_83' title="bbox 2101 3542 3762 3620">
     <span class='ocr_line' id='line_1_83' title="bbox 2101 3542 3762 3620; baseline 0.002 -20"><span class='ocrx_word' id='word_1_602' title='bbox 2101 3543 2501 3616; x_wconf 86' lang='lat' dir='ltr'><strong>supplantavit</strong></span> <span class='ocrx_word' id='word_1_603' title='bbox 2555 3544 2793 3600; x_wconf 84' lang='lat' dir='ltr'><strong>fratrem</strong></span> <span class='ocrx_word' id='word_1_604' title='bbox 2824 3560 3022 3615; x_wconf 85' lang='lat' dir='ltr'><strong>suum,</strong></span> <span class='ocrx_word' id='word_1_605' title='bbox 3053 3547 3111 3600; x_wconf 88' lang='lat' dir='ltr'><strong>et</strong></span> <span class='ocrx_word' id='word_1_606' title='bbox 3133 3542 3271 3599; x_wconf 89' lang='lat' dir='ltr'><strong>tulit</strong></span> <span class='ocrx_word' id='word_1_607' title='bbox 3295 3543 3614 3616; x_wconf 82' lang='lat' dir='ltr'><strong>primitiva</strong></span> <span class='ocrx_word' id='word_1_608' title='bbox 3641 3549 3762 3620; x_wconf 84' lang='lat' dir='ltr'><strong>ejus</strong></span> 
     </span>
    </p>
   </div>
   <div class='ocr_carea' id='block_1_84' title="bbox 2101 3631 3758 3708">
    <p class='ocr_par' dir='ltr' id='par_1_84' title="bbox 2101 3631 3758 3708">
     <span class='ocr_line' id='line_1_84' title="bbox 2101 3631 3758 3708; baseline 0.001 -19"><span class='ocrx_word' id='word_1_609' title='bbox 2101 3634 2264 3705; x_wconf 82' lang='lat' dir='ltr'><strong>(Gen.</strong></span> <span class='ocrx_word' id='word_1_610' title='bbox 2311 3650 2489 3701; x_wconf 81' lang='lat' dir='ltr'><strong>xxvu,</strong></span> <span class='ocrx_word' id='word_1_611' title='bbox 2518 3634 2582 3687; x_wconf 83' lang='grc'><strong>21</strong></span> <span class='ocrx_word' id='word_1_612' title='bbox 2617 3636 2812 3704; x_wconf 88' lang='lat' dir='ltr'><strong>seqq.).</strong></span> <span class='ocrx_word' id='word_1_613' title='bbox 2860 3631 3026 3688; x_wconf 89' lang='lat' dir='ltr'><strong>Multi</strong></span> <span class='ocrx_word' id='word_1_614' title='bbox 3074 3637 3270 3688; x_wconf 88' lang='lat' dir='ltr'><strong>autem</strong></span> <span class='ocrx_word' id='word_1_615' title='bbox 3321 3639 3547 3706; x_wconf 82' lang='lat' dir='ltr'><strong>vocati,</strong></span> <span class='ocrx_word' id='word_1_616' title='bbox 3594 3637 3758 3708; x_wconf 82' lang='lat' dir='ltr'><strong>pauci</strong></span> 
     </span>
    </p>
   </div>
   <div class='ocr_carea' id='block_1_85' title="bbox 2099 3719 2946 3794">
    <p class='ocr_par' dir='ltr' id='par_1_85' title="bbox 2099 3719 2946 3794">
     <span class='ocr_line' id='line_1_85' title="bbox 2099 3719 2946 3794; baseline -0.004 -17"><span class='ocrx_word' id='word_1_617' title='bbox 2099 3737 2231 3778; x_wconf 90' lang='lat' dir='ltr'><strong>vero</strong></span> <span class='ocrx_word' id='word_1_618' title='bbox 2261 3719 2425 3777; x_wconf 87' lang='lat' dir='ltr'><strong>electi</strong></span> <span class='ocrx_word' id='word_1_619' title='bbox 2455 3722 2680 3794; x_wconf 81' lang='lat' dir='ltr'><strong>(Matth.</strong></span> <span class='ocrx_word' id='word_1_620' title='bbox 2712 3738 2805 3789; x_wconf 80' lang='lat' dir='ltr'><strong>xx,</strong></span> <span class='ocrx_word' id='word_1_621' title='bbox 2837 3721 2946 3792; x_wconf 87' lang='lat' dir='ltr'><strong>l6).</strong></span> 
     </span>
    </p>
   </div>
   <div class='ocr_carea' id='block_1_86' title="bbox 2173 3809 3756 3883">
    <p class='ocr_par' dir='ltr' id='par_1_86' title="bbox 2173 3809 3756 3883">
     <span class='ocr_line' id='line_1_86' title="bbox 2173 3809 3756 3883; baseline 0.005 -23"><span class='ocrx_word' id='word_1_622' title='bbox 2173 3833 2201 3860; x_wconf 84' lang='lat'><strong>«</strong></span> <span class='ocrx_word' id='word_1_623' title='bbox 2234 3811 2304 3866; x_wconf 88' lang='lat' dir='ltr'><strong>Et</strong></span> <span class='ocrx_word' id='word_1_624' title='bbox 2341 3809 2809 3882; x_wconf 87' lang='lat' dir='ltr'><strong>pertransierunt</strong></span> <span class='ocrx_word' id='word_1_625' title='bbox 2838 3811 2908 3866; x_wconf 92' lang='lat' dir='ltr'><strong>de</strong></span> <span class='ocrx_word' id='word_1_626' title='bbox 2937 3813 3108 3883; x_wconf 88' lang='lat' dir='ltr'><strong>gente</strong></span> <span class='ocrx_word' id='word_1_627' title='bbox 3136 3809 3195 3865; x_wconf 92' lang='lat' dir='ltr'><strong>in</strong></span> <span class='ocrx_word' id='word_1_628' title='bbox 3227 3814 3492 3882; x_wconf 82' lang='lat' dir='ltr'><strong>gentem.</strong></span> <span class='ocrx_word' id='word_1_629' title='bbox 3529 3837 3562 3861; x_wconf 83' lang='grc'><strong>››</strong></span> <span class='ocrx_word' id='word_1_630' title='bbox 3596 3813 3756 3870; x_wconf 79' lang='lat' dir='ltr'><strong>Multi</strong></span> 
     </span>
    </p>
   </div>
   <div class='ocr_carea' id='block_1_87' title="bbox 2101 3898 3752 3972">
    <p class='ocr_par' dir='ltr' id='par_1_87' title="bbox 2101 3898 3752 3972">
     <span class='ocr_line' id='line_1_87' title="bbox 2101 3898 3752 3972; baseline 0.001 -16"><span class='ocrx_word' id='word_1_631' title='bbox 2101 3903 2311 3972; x_wconf 87' lang='lat' dir='ltr'><strong>putant</strong></span> <span class='ocrx_word' id='word_1_632' title='bbox 2340 3901 2494 3972; x_wconf 87' lang='lat' dir='ltr'><strong>quod</strong></span> <span class='ocrx_word' id='word_1_633' title='bbox 2550 3899 2622 3955; x_wconf 91' lang='lat' dir='ltr'><strong>de</strong></span> <span class='ocrx_word' id='word_1_634' title='bbox 2669 3898 3001 3970; x_wconf 85' lang='lat' dir='ltr'><strong>captivitate</strong></span> <span class='ocrx_word' id='word_1_635' title='bbox 3031 3898 3185 3954; x_wconf 88' lang='lat' dir='ltr'><strong>dicat</strong></span> <span class='ocrx_word' id='word_1_636' title='bbox 3226 3899 3603 3957; x_wconf 78' lang='lat' dir='ltr'><strong>Judaeorum.</strong></span> <span class='ocrx_word' id='word_1_637' title='bbox 3637 3903 3752 3958; x_wconf 78' lang='lat' dir='ltr'><strong>Non</strong></span> 
     </span>
    </p>
   </div>
   <div class='ocr_carea' id='block_1_88' title="bbox 2101 3987 3758 4047">
    <p class='ocr_par' dir='ltr' id='par_1_88' title="bbox 2101 3987 3758 4047">
     <span class='ocr_line' id='line_1_88' title="bbox 2101 3987 3758 4047; baseline 0.002 -3"><span class='ocrx_word' id='word_1_638' title='bbox 2101 3994 2191 4044; x_wconf 89' lang='lat' dir='ltr'><strong>est</strong></span> <span class='ocrx_word' id='word_1_639' title='bbox 2247 3989 2347 4044; x_wconf 91' lang='lat' dir='ltr'><strong>ita.</strong></span> <span class='ocrx_word' id='word_1_640' title='bbox 2399 3989 2477 4044; x_wconf 91' lang='lat' dir='ltr'><strong>De</strong></span> <span class='ocrx_word' id='word_1_641' title='bbox 2527 3987 2818 4043; x_wconf 88' lang='lat' dir='ltr'><strong>Abraham</strong></span> <span class='ocrx_word' id='word_1_642' title='bbox 2874 3988 3030 4044; x_wconf 90' lang='lat' dir='ltr'><strong>enim</strong></span> <span class='ocrx_word' id='word_1_643' title='bbox 3078 3987 3267 4043; x_wconf 91' lang='lat' dir='ltr'><strong>dicit:</strong></span> <span class='ocrx_word' id='word_1_644' title='bbox 3305 3988 3462 4044; x_wconf 79' lang='lat' dir='ltr'><strong>Exiit</strong></span> <span class='ocrx_word' id='word_1_645' title='bbox 3490 3990 3568 4046; x_wconf 86' lang='lat' dir='ltr'><strong>de</strong></span> <span class='ocrx_word' id='word_1_646' title='bbox 3609 3996 3758 4047; x_wconf 85' lang='lat' dir='ltr'><strong>terra</strong></span> 
     </span>
    </p>
   </div>
   <div class='ocr_carea' id='block_1_89' title="bbox 2101 4076 3761 4148">
    <p class='ocr_par' dir='ltr' id='par_1_89' title="bbox 2101 4076 3761 4148">
     <span class='ocr_line' id='line_1_89' title="bbox 2101 4076 3761 4148; baseline 0.001 -14"><span class='ocrx_word' id='word_1_647' title='bbox 2101 4077 2524 4147; x_wconf 63' lang='lat' dir='ltr'><strong>Chaldaeorum,</strong></span> <span class='ocrx_word' id='word_1_648' title='bbox 2556 4081 2613 4133; x_wconf 91' lang='lat' dir='ltr'><strong>et</strong></span> <span class='ocrx_word' id='word_1_649' title='bbox 2641 4076 2798 4132; x_wconf 89' lang='lat' dir='ltr'><strong>venit</strong></span> <span class='ocrx_word' id='word_1_650' title='bbox 2825 4077 2884 4132; x_wconf 93' lang='lat' dir='ltr'><strong>in</strong></span> <span class='ocrx_word' id='word_1_651' title='bbox 2915 4077 3420 4148; x_wconf 87' lang='lat' dir='ltr'><strong>Mesapotamiam,</strong></span> <span class='ocrx_word' id='word_1_652' title='bbox 3449 4082 3504 4134; x_wconf 83' lang='lat' dir='ltr'><strong>et</strong></span> <span class='ocrx_word' id='word_1_653' title='bbox 3541 4080 3622 4135; x_wconf 84' lang='lat' dir='ltr'><strong>de</strong></span> <span class='ocrx_word' id='word_1_654' title='bbox 3653 4085 3761 4136; x_wconf 73' lang='lat' dir='ltr'><strong>ﬂe-</strong></span> 
     </span>
    </p>
   </div>
   <div class='ocr_carea' id='block_1_90' title="bbox 2101 4164 3758 4238">
    <p class='ocr_par' dir='ltr' id='par_1_90' title="bbox 2101 4164 3758 4238">
     <span class='ocr_line' id='line_1_90' title="bbox 2101 4164 3758 4238; baseline 0.001 -15"><span class='ocrx_word' id='word_1_655' title='bbox 2101 4167 2427 4238; x_wconf 87' lang='lat' dir='ltr'><strong>sopotamia</strong></span> <span class='ocrx_word' id='word_1_656' title='bbox 2456 4167 2515 4220; x_wconf 92' lang='lat' dir='ltr'><strong>in</strong></span> <span class='ocrx_word' id='word_1_657' title='bbox 2550 4170 2760 4220; x_wconf 89' lang='lat' dir='ltr'><strong>terram</strong></span> <span class='ocrx_word' id='word_1_658' title='bbox 2794 4164 3289 4236; x_wconf 86' lang='lat' dir='ltr'><strong>repromissionis,</strong></span> <span class='ocrx_word' id='word_1_659' title='bbox 3330 4170 3384 4221; x_wconf 83' lang='lat' dir='ltr'><strong>et</strong></span> <span class='ocrx_word' id='word_1_660' title='bbox 3426 4165 3640 4223; x_wconf 86' lang='lat' dir='ltr'><strong>iterum</strong></span> <span class='ocrx_word' id='word_1_661' title='bbox 3695 4169 3758 4224; x_wconf 87' lang='lat' dir='ltr'><strong>in</strong></span> 
     </span>
    </p>
   </div>
   <div class='ocr_carea' id='block_1_91' title="bbox 2099 4253 3753 4328">
    <p class='ocr_par' dir='ltr' id='par_1_91' title="bbox 2099 4253 3753 4328">
     <span class='ocr_line' id='line_1_91' title="bbox 2099 4253 3753 4328; baseline -0.003 -18"><span class='ocrx_word' id='word_1_662' title='bbox 2099 4261 2433 4328; x_wconf 66' lang='lat' dir='ltr'><strong>Egyptum.</strong></span> <span class='ocrx_word' id='word_1_663' title='bbox 2471 4277 2499 4304; x_wconf 84' lang='lat'><strong>«</strong></span> <span class='ocrx_word' id='word_1_664' title='bbox 2533 4255 2602 4309; x_wconf 89' lang='lat' dir='ltr'><strong>Et</strong></span> <span class='ocrx_word' id='word_1_665' title='bbox 2633 4255 2703 4310; x_wconf 93' lang='lat' dir='ltr'><strong>de</strong></span> <span class='ocrx_word' id='word_1_666' title='bbox 2735 4271 2910 4327; x_wconf 90' lang='lat' dir='ltr'><strong>regno</strong></span> <span class='ocrx_word' id='word_1_667' title='bbox 2963 4255 3035 4309; x_wconf 89' lang='lat' dir='ltr'><strong>ad</strong></span> <span class='ocrx_word' id='word_1_668' title='bbox 3085 4253 3373 4326; x_wconf 90' lang='lat' dir='ltr'><strong>populum</strong></span> <span class='ocrx_word' id='word_1_669' title='bbox 3414 4253 3693 4311; x_wconf 83' lang='lat' dir='ltr'><strong>alterum.</strong></span> <span class='ocrx_word' id='word_1_670' title='bbox 3730 4280 3753 4305; x_wconf 76' lang='grc' dir='ltr'>ι</span> 
     </span>
    </p>
   </div>
   <div class='ocr_carea' id='block_1_92' title="bbox 2101 4343 3761 4417">
    <p class='ocr_par' dir='ltr' id='par_1_92' title="bbox 2101 4343 3761 4417">
     <span class='ocr_line' id='line_1_92' title="bbox 2101 4343 3761 4417; baseline 0.001 -17"><span class='ocrx_word' id='word_1_671' title='bbox 2101 4345 2284 4400; x_wconf 88' lang='lat' dir='ltr'><strong>Multa</strong></span> <span class='ocrx_word' id='word_1_672' title='bbox 2313 4360 2494 4417; x_wconf 83' lang='lat' dir='ltr'><strong>regna</strong></span> <span class='ocrx_word' id='word_1_673' title='bbox 2524 4343 2869 4412; x_wconf 88' lang='lat' dir='ltr'><strong>transimus,</strong></span> <span class='ocrx_word' id='word_1_674' title='bbox 2900 4346 2965 4399; x_wconf 90' lang='lat' dir='ltr'><strong>ut</strong></span> <span class='ocrx_word' id='word_1_675' title='bbox 2993 4343 3404 4416; x_wconf 86' lang='lat' dir='ltr'><strong>perveniamus</strong></span> <span class='ocrx_word' id='word_1_676' title='bbox 3436 4344 3510 4400; x_wconf 86' lang='lat' dir='ltr'><strong>ad</strong></span> <span class='ocrx_word' id='word_1_677' title='bbox 3537 4348 3761 4402; x_wconf 79' lang='lat' dir='ltr'><strong>terram</strong></span> 
     </span>
    </p>
   </div>
   <div class='ocr_carea' id='block_1_93' title="bbox 2101 4432 3224 4505">
    <p class='ocr_par' dir='ltr' id='par_1_93' title="bbox 2101 4432 3224 4505">
     <span class='ocr_line' id='line_1_93' title="bbox 2101 4432 3224 4505; baseline -0.003 -17"><span class='ocrx_word' id='word_1_678' title='bbox 2101 4432 2593 4505; x_wconf 87' lang='lat' dir='ltr'><strong>repromissionis.</strong></span> <span class='ocrx_word' id='word_1_679' title='bbox 3219 4443 3224 4447; x_wconf 83' lang='lat'><em>‘</em></span> 
     </span>
    </p>
   </div>
   <div class='ocr_carea' id='block_1_94' title="bbox 2175 4521 3756 4595">
    <p class='ocr_par' dir='ltr' id='par_1_94' title="bbox 2175 4521 3756 4595">
     <span class='ocr_line' id='line_1_94' title="bbox 2175 4521 3756 4595; baseline 0.004 -21"><span class='ocrx_word' id='word_1_680' title='bbox 2175 4547 2202 4575; x_wconf 89' lang='grc'><strong>‹‹</strong></span> <span class='ocrx_word' id='word_1_681' title='bbox 2232 4525 2358 4579; x_wconf 90' lang='lat' dir='ltr'><strong>Non</strong></span> <span class='ocrx_word' id='word_1_682' title='bbox 2389 4521 2658 4595; x_wconf 89' lang='lat' dir='ltr'><strong>permisit</strong></span> <span class='ocrx_word' id='word_1_683' title='bbox 2707 4521 3006 4577; x_wconf 90' lang='lat' dir='ltr'><strong>hominem</strong></span> <span class='ocrx_word' id='word_1_684' title='bbox 3057 4537 3264 4578; x_wconf 90' lang='lat' dir='ltr'><strong>nocere</strong></span> <span class='ocrx_word' id='word_1_685' title='bbox 3290 4521 3394 4578; x_wconf 90' lang='lat' dir='ltr'><strong>eis.</strong></span> <span class='ocrx_word' id='word_1_686' title='bbox 3438 4545 3469 4572; x_wconf 82' lang='grc'>››</span> <span class='ocrx_word' id='word_1_687' title='bbox 3501 4523 3756 4580; x_wconf 82' lang='lat' dir='ltr'><strong>Pharao-</strong></span> 
     </span>
    </p>
   </div>
   <div class='ocr_carea' id='block_1_95' title="bbox 337 4609 3755 4690">
    <p class='ocr_par' dir='ltr' id='par_1_95' title="bbox 337 4609 3755 4690">
     <span class='ocr_line' id='line_1_95' title="bbox 337 4609 3755 4690; baseline 0 -22"><span class='ocrx_word' id='word_1_688' title='bbox 337 4615 542 4684; x_wconf 87' lang='lat' dir='ltr'><strong>gentes</strong></span> <span class='ocrx_word' id='word_1_689' title='bbox 572 4625 749 4682; x_wconf 87' lang='lat' dir='ltr'><strong>opera</strong></span> <span class='ocrx_word' id='word_1_690' title='bbox 779 4611 926 4680; x_wconf 80' lang='lat' dir='ltr'><strong>ejus.</strong></span> <span class='ocrx_word' id='word_1_691' title='bbox 966 4630 986 4659; x_wconf 74' lang='grc' dir='ltr'><strong>»ι</strong></span> <span class='ocrx_word' id='word_1_692' title='bbox 1024 4609 1383 4664; x_wconf 90' lang='lat' dir='ltr'><strong>Erubescant</strong></span> <span class='ocrx_word' id='word_1_693' title='bbox 1409 4609 1595 4664; x_wconf 63' lang='lat' dir='ltr'><strong>Judaei</strong></span> <span class='ocrx_word' id='word_1_694' title='bbox 1643 4611 1745 4682; x_wconf 89' lang='lat' dir='ltr'><strong>qui</strong></span> <span class='ocrx_word' id='word_1_695' title='bbox 1788 4611 1990 4667; x_wconf 87' lang='lat' dir='ltr'><strong>dicunt</strong></span> <span class='ocrx_word' id='word_1_696' title='bbox 2022 4625 2067 4690; x_wconf 72' lang='grc' dir='ltr'><strong>Β</strong></span> <span class='ocrx_word' id='word_1_697' title='bbox 2099 4632 2254 4681; x_wconf 89' lang='lat' dir='ltr'><strong>nem,</strong></span> <span class='ocrx_word' id='word_1_698' title='bbox 2288 4615 2354 4668; x_wconf 87' lang='lat' dir='ltr'><strong>ut</strong></span> <span class='ocrx_word' id='word_1_699' title='bbox 2383 4615 2616 4667; x_wconf 88' lang='lat' dir='ltr'><strong>noceret</strong></span> <span class='ocrx_word' id='word_1_700' title='bbox 2666 4610 2962 4666; x_wconf 86' lang='lat' dir='ltr'><strong>Abraham</strong></span> <span class='ocrx_word' id='word_1_701' title='bbox 2995 4610 3053 4665; x_wconf 90' lang='lat' dir='ltr'><strong>in</strong></span> <span class='ocrx_word' id='word_1_702' title='bbox 3083 4614 3248 4679; x_wconf 88' lang='lat' dir='ltr'><strong>Sara,</strong></span> <span class='ocrx_word' id='word_1_703' title='bbox 3277 4626 3385 4666; x_wconf 89' lang='lat' dir='ltr'><strong>nec</strong></span> <span class='ocrx_word' id='word_1_704' title='bbox 3417 4612 3755 4670; x_wconf 80' lang='lat' dir='ltr'><strong>Abimelech</strong></span> 
     </span>
    </p>
   </div>
   <div class='ocr_carea' id='block_1_96' title="bbox 337 4697 1982 4772">
    <p class='ocr_par' dir='ltr' id='par_1_96' title="bbox 337 4697 1982 4772">
     <span class='ocr_line' id='line_1_96' title="bbox 337 4697 1982 4772; baseline 0 -17"><span class='ocrx_word' id='word_1_705' title='bbox 337 4701 396 4755; x_wconf 90' lang='lat' dir='ltr'><strong>in</strong></span> <span class='ocrx_word' id='word_1_706' title='bbox 433 4699 608 4755; x_wconf 89' lang='lat' dir='ltr'><strong>Israel</strong></span> <span class='ocrx_word' id='word_1_707' title='bbox 639 4703 869 4755; x_wconf 90' lang='lat' dir='ltr'><strong>tantum</strong></span> <span class='ocrx_word' id='word_1_708' title='bbox 903 4699 1054 4753; x_wconf 87' lang='lat' dir='ltr'><strong>facta</strong></span> <span class='ocrx_word' id='word_1_709' title='bbox 1083 4714 1211 4753; x_wconf 89' lang='lat' dir='ltr'><strong>esse</strong></span> <span class='ocrx_word' id='word_1_710' title='bbox 1242 4697 1536 4754; x_wconf 88' lang='lat' dir='ltr'><strong>mirabilia</strong></span> <span class='ocrx_word' id='word_1_711' title='bbox 1556 4703 1613 4754; x_wconf 92' lang='lat' dir='ltr'><strong>et</strong></span> <span class='ocrx_word' id='word_1_712' title='bbox 1641 4717 1816 4772; x_wconf 84' lang='lat' dir='ltr'><strong>opera</strong></span> <span class='ocrx_word' id='word_1_713' title='bbox 1836 4703 1982 4772; x_wconf 88' lang='lat' dir='ltr'><strong>ejus.</strong></span> 
     </span>
    </p>
   </div>
   <div class='ocr_carea' id='block_1_97' title="bbox 407 4785 1988 4862">
    <p class='ocr_par' dir='ltr' id='par_1_97' title="bbox 407 4785 1988 4862">
     <span class='ocr_line' id='line_1_97' title="bbox 407 4785 1988 4862; baseline 0.004 -23"><span class='ocrx_word' id='word_1_714' title='bbox 407 4814 433 4839; x_wconf 91' lang='grc'><strong>‹‹</strong></span> <span class='ocrx_word' id='word_1_715' title='bbox 469 4789 706 4844; x_wconf 87' lang='lat' dir='ltr'><strong>Cantate</strong></span> <span class='ocrx_word' id='word_1_716' title='bbox 736 4788 808 4851; x_wconf 89' lang='lat' dir='ltr'><strong>ei,</strong></span> <span class='ocrx_word' id='word_1_717' title='bbox 842 4793 898 4842; x_wconf 90' lang='lat' dir='ltr'><strong>et</strong></span> <span class='ocrx_word' id='word_1_718' title='bbox 927 4785 1156 4858; x_wconf 88' lang='lat' dir='ltr'><strong>psallite</strong></span> <span class='ocrx_word' id='word_1_719' title='bbox 1196 4787 1269 4842; x_wconf 90' lang='lat' dir='ltr'><strong>ei.</strong></span> <span class='ocrx_word' id='word_1_720' title='bbox 1321 4808 1348 4835; x_wconf 83' lang='lat'>»</span> <span class='ocrx_word' id='word_1_721' title='bbox 1399 4786 1506 4852; x_wconf 90' lang='lat' dir='ltr'><strong>Qui</strong></span> <span class='ocrx_word' id='word_1_722' title='bbox 1537 4787 1813 4862; x_wconf 87' lang='lat' dir='ltr'><strong>intelligit</strong></span> <span class='ocrx_word' id='word_1_723' title='bbox 1854 4807 1988 4846; x_wconf 88' lang='lat' dir='ltr'><strong>san-</strong></span> 
     </span>
    </p>
   </div>
   <div class='ocr_carea' id='block_1_98' title="bbox 333 4875 1983 4952">
    <p class='ocr_par' dir='ltr' id='par_1_98' title="bbox 333 4875 1983 4952">
     <span class='ocr_line' id='line_1_98' title="bbox 333 4875 1983 4952; baseline -0.001 -16"><span class='ocrx_word' id='word_1_724' title='bbox 333 4884 459 4936; x_wconf 91' lang='lat' dir='ltr'><strong>ctas</strong></span> <span class='ocrx_word' id='word_1_725' title='bbox 488 4879 842 4950; x_wconf 88' lang='lat' dir='ltr'><strong>Scripturas,</strong></span> <span class='ocrx_word' id='word_1_726' title='bbox 875 4880 932 4932; x_wconf 92' lang='lat' dir='ltr'><strong>et</strong></span> <span class='ocrx_word' id='word_1_727' title='bbox 961 4877 1018 4930; x_wconf 93' lang='lat' dir='ltr'><strong>in</strong></span> <span class='ocrx_word' id='word_1_728' title='bbox 1051 4875 1177 4948; x_wconf 91' lang='lat' dir='ltr'><strong>lege</strong></span> <span class='ocrx_word' id='word_1_729' title='bbox 1208 4876 1437 4932; x_wconf 91' lang='lat' dir='ltr'><strong>Domini</strong></span> <span class='ocrx_word' id='word_1_730' title='bbox 1471 4876 1786 4933; x_wconf 89' lang='lat' dir='ltr'><strong>meditatur</strong></span> <span class='ocrx_word' id='word_1_731' title='bbox 1824 4879 1983 4952; x_wconf 88' lang='lat' dir='ltr'><strong>jugi-</strong></span> 
     </span>
    </p>
   </div>
   <div class='ocr_carea' id='block_1_99' title="bbox 335 4963 1988 5036">
    <p class='ocr_par' dir='ltr' id='par_1_99' title="bbox 335 4963 1988 5036">
     <span class='ocr_line' id='line_1_99' title="bbox 335 4963 1988 5036; baseline 0.001 -14"><span class='ocrx_word' id='word_1_732' title='bbox 335 4973 424 5024; x_wconf 89' lang='lat' dir='ltr'><strong>ter</strong></span> <span class='ocrx_word' id='word_1_733' title='bbox 453 4971 510 5023; x_wconf 87' lang='lat' dir='ltr'><strong>et</strong></span> <span class='ocrx_word' id='word_1_734' title='bbox 563 4984 730 5023; x_wconf 89' lang='lat' dir='ltr'><strong>mens</strong></span> <span class='ocrx_word' id='word_1_735' title='bbox 762 4967 890 5036; x_wconf 89' lang='lat' dir='ltr'><strong>ejus</strong></span> <span class='ocrx_word' id='word_1_736' title='bbox 923 4963 1353 5036; x_wconf 87' lang='lat' dir='ltr'><strong>contemplatur</strong></span> <span class='ocrx_word' id='word_1_737' title='bbox 1398 4964 1676 5033; x_wconf 75' lang='lat' dir='ltr'><strong>cmlestia,</strong></span> <span class='ocrx_word' id='word_1_738' title='bbox 1708 4967 1802 5022; x_wconf 91' lang='lat' dir='ltr'><strong>hic</strong></span> <span class='ocrx_word' id='word_1_739' title='bbox 1833 4969 1988 5023; x_wconf 89' lang='lat' dir='ltr'><strong>canit</strong></span> 
     </span>
    </p>
   </div>
   <div class='ocr_carea' id='block_1_100' title="bbox 336 5054 1986 5123">
    <p class='ocr_par' dir='ltr' id='par_1_100' title="bbox 336 5054 1986 5123">
     <span class='ocr_line' id='line_1_100' title="bbox 336 5054 1986 5123; baseline 0.001 -12"><span class='ocrx_word' id='word_1_740' title='bbox 336 5057 470 5111; x_wconf 93' lang='lat' dir='ltr'><strong>Deo.</strong></span> <span class='ocrx_word' id='word_1_741' title='bbox 524 5057 631 5120; x_wconf 92' lang='lat' dir='ltr'><strong>Qui</strong></span> <span class='ocrx_word' id='word_1_742' title='bbox 690 5059 885 5112; x_wconf 88' lang='lat' dir='ltr'><strong>autem</strong></span> <span class='ocrx_word' id='word_1_743' title='bbox 943 5055 1118 5109; x_wconf 85' lang='lat' dir='ltr'><strong>habet</strong></span> <span class='ocrx_word' id='word_1_744' title='bbox 1148 5054 1206 5108; x_wconf 92' lang='lat' dir='ltr'><strong>in</strong></span> <span class='ocrx_word' id='word_1_745' title='bbox 1239 5071 1300 5109; x_wconf 90' lang='lat' dir='ltr'><strong>se</strong></span> <span class='ocrx_word' id='word_1_746' title='bbox 1330 5071 1533 5110; x_wconf 90' lang='lat' dir='ltr'><strong>omnes</strong></span> <span class='ocrx_word' id='word_1_747' title='bbox 1562 5054 1826 5123; x_wconf 87' lang='lat' dir='ltr'><strong>virtutes,</strong></span> <span class='ocrx_word' id='word_1_748' title='bbox 1877 5057 1986 5112; x_wconf 93' lang='lat' dir='ltr'><strong>hoc</strong></span> 
     </span>
    </p>
   </div>
   <div class='ocr_carea' id='block_1_101' title="bbox 337 5143 1984 5217">
    <p class='ocr_par' dir='ltr' id='par_1_101' title="bbox 337 5143 1984 5217">
     <span class='ocr_line' id='line_1_101' title="bbox 337 5143 1984 5217; baseline 0.001 -18"><span class='ocrx_word' id='word_1_749' title='bbox 337 5148 447 5210; x_wconf 89' lang='lat' dir='ltr'><strong>est,</strong></span> <span class='ocrx_word' id='word_1_750' title='bbox 479 5145 780 5217; x_wconf 88' lang='lat' dir='ltr'><strong>operarius</strong></span> <span class='ocrx_word' id='word_1_751' title='bbox 811 5148 899 5200; x_wconf 88' lang='lat' dir='ltr'><strong>est</strong></span> <span class='ocrx_word' id='word_1_752' title='bbox 927 5145 1063 5199; x_wconf 89' lang='lat' dir='ltr'><strong>boni</strong></span> <span class='ocrx_word' id='word_1_753' title='bbox 1097 5143 1309 5215; x_wconf 89' lang='lat' dir='ltr'><strong>operis,</strong></span> <span class='ocrx_word' id='word_1_754' title='bbox 1343 5143 1436 5199; x_wconf 92' lang='lat' dir='ltr'><strong>hic</strong></span> <span class='ocrx_word' id='word_1_755' title='bbox 1467 5145 1637 5216; x_wconf 87' lang='lat' dir='ltr'><strong>quasi</strong></span> <span class='ocrx_word' id='word_1_756' title='bbox 1685 5145 1984 5217; x_wconf 84' lang='lat' dir='ltr'><strong>cytharam</strong></span> 
     </span>
    </p>
   </div>
   <div class='ocr_carea' id='block_1_102' title="bbox 337 5232 1986 5304">
    <p class='ocr_par' dir='ltr' id='par_1_102' title="bbox 337 5232 1986 5304">
     <span class='ocr_line' id='line_1_102' title="bbox 337 5232 1986 5304; baseline 0.001 -17"><span class='ocrx_word' id='word_1_757' title='bbox 337 5248 694 5304; x_wconf 89' lang='lat' dir='ltr'><strong>componens</strong></span> <span class='ocrx_word' id='word_1_758' title='bbox 741 5234 1044 5300; x_wconf 90' lang='lat' dir='ltr'><strong>virtutum,</strong></span> <span class='ocrx_word' id='word_1_759' title='bbox 1095 5232 1294 5304; x_wconf 87' lang='lat' dir='ltr'><strong>psallit</strong></span> <span class='ocrx_word' id='word_1_760' title='bbox 1339 5233 1605 5289; x_wconf 90' lang='lat' dir='ltr'><strong>Domino.</strong></span> <span class='ocrx_word' id='word_1_761' title='bbox 1666 5256 1692 5288; x_wconf 75' lang='grc' dir='ltr'>ιι</span> <span class='ocrx_word' id='word_1_762' title='bbox 1746 5234 1986 5289; x_wconf 82' lang='lat' dir='ltr'><strong>Narrate</strong></span> 
     </span>
    </p>
   </div>
   <div class='ocr_carea' id='block_1_103' title="bbox 338 5322 1986 5394">
    <p class='ocr_par' dir='ltr' id='par_1_103' title="bbox 338 5322 1986 5394">
     <span class='ocr_line' id='line_1_103' title="bbox 338 5322 1986 5394; baseline 0.001 -17"><span class='ocrx_word' id='word_1_763' title='bbox 338 5322 536 5377; x_wconf 89' lang='lat' dir='ltr'><strong>omnia</strong></span> <span class='ocrx_word' id='word_1_764' title='bbox 564 5322 857 5378; x_wconf 89' lang='lat' dir='ltr'><strong>mirabilia</strong></span> <span class='ocrx_word' id='word_1_765' title='bbox 885 5323 1031 5393; x_wconf 80' lang='lat' dir='ltr'><strong>ejus.</strong></span> <span class='ocrx_word' id='word_1_766' title='bbox 1061 5345 1086 5372; x_wconf 88' lang='grc'><strong>››</strong></span> <span class='ocrx_word' id='word_1_767' title='bbox 1120 5323 1182 5378; x_wconf 91' lang='lat' dir='ltr'><strong>In</strong></span> <span class='ocrx_word' id='word_1_768' title='bbox 1215 5322 1534 5378; x_wconf 88' lang='lat' dir='ltr'><strong>centesimo</strong></span> <span class='ocrx_word' id='word_1_769' title='bbox 1567 5326 1726 5378; x_wconf 82' lang='lat' dir='ltr'><strong>sexto</strong></span> <span class='ocrx_word' id='word_1_770' title='bbox 1761 5325 1986 5394; x_wconf 87' lang='lat' dir='ltr'><strong>psalmo</strong></span> 
     </span>
    </p>
   </div>
   <div class='ocr_carea' id='block_1_104' title="bbox 337 5411 1988 5484">
    <p class='ocr_par' dir='ltr' id='par_1_104' title="bbox 337 5411 1988 5484">
     <span class='ocr_line' id='line_1_104' title="bbox 337 5411 1988 5484; baseline 0.001 -18"><span class='ocrx_word' id='word_1_771' title='bbox 337 5411 480 5466; x_wconf 90' lang='lat' dir='ltr'><strong>dicit</strong></span> <span class='ocrx_word' id='word_1_772' title='bbox 511 5427 524 5465; x_wconf 88' lang='lat'><strong>:</strong></span> <span class='ocrx_word' id='word_1_773' title='bbox 569 5411 675 5476; x_wconf 91' lang='lat' dir='ltr'><strong>Qui</strong></span> <span class='ocrx_word' id='word_1_774' title='bbox 719 5413 1084 5467; x_wconf 90' lang='lat' dir='ltr'><strong>descendunt</strong></span> <span class='ocrx_word' id='word_1_775' title='bbox 1131 5427 1290 5467; x_wconf 88' lang='lat' dir='ltr'><strong>mare</strong></span> <span class='ocrx_word' id='word_1_776' title='bbox 1323 5411 1379 5466; x_wconf 89' lang='lat' dir='ltr'><strong>in</strong></span> <span class='ocrx_word' id='word_1_777' title='bbox 1412 5411 1677 5484; x_wconf 89' lang='lat' dir='ltr'><strong>navibus,</strong></span> <span class='ocrx_word' id='word_1_778' title='bbox 1711 5413 1988 5468; x_wconf 88' lang='lat' dir='ltr'><strong>facientes</strong></span> 
     </span>
    </p>
   </div>
   <div class='ocr_carea' id='block_1_105' title="bbox 338 5500 1990 5573">
    <p class='ocr_par' dir='ltr' id='par_1_105' title="bbox 338 5500 1990 5573">
     <span class='ocr_line' id='line_1_105' title="bbox 338 5500 1990 5573; baseline -0.001 -16"><span class='ocrx_word' id='word_1_779' title='bbox 338 5500 734 5573; x_wconf 81' lang='lat' dir='ltr'><strong>operationem</strong></span> <span class='ocrx_word' id='word_1_780' title='bbox 768 5500 824 5554; x_wconf 91' lang='lat' dir='ltr'><strong>in</strong></span> <span class='ocrx_word' id='word_1_781' title='bbox 858 5501 1027 5571; x_wconf 87' lang='lat' dir='ltr'><strong>aquis</strong></span> <span class='ocrx_word' id='word_1_782' title='bbox 1060 5501 1284 5556; x_wconf 91' lang='lat' dir='ltr'><strong>multis.</strong></span> <span class='ocrx_word' id='word_1_783' title='bbox 1340 5501 1452 5572; x_wconf 85' lang='lat' dir='ltr'><strong>Ipsi</strong></span> <span class='ocrx_word' id='word_1_784' title='bbox 1502 5500 1774 5556; x_wconf 88' lang='lat' dir='ltr'><strong>viderunt</strong></span> <span class='ocrx_word' id='word_1_785' title='bbox 1815 5518 1990 5573; x_wconf 87' lang='lat' dir='ltr'><strong>opera</strong></span> 
     </span>
    </p>
   </div>
   <div class='ocr_carea' id='block_1_106' title="bbox 337 5588 1988 5662">
    <p class='ocr_par' dir='ltr' id='par_1_106' title="bbox 337 5588 1988 5662">
     <span class='ocr_line' id='line_1_106' title="bbox 337 5588 1988 5662; baseline -0.001 -16"><span class='ocrx_word' id='word_1_786' title='bbox 337 5589 660 5658; x_wconf 88' lang='lat' dir='ltr'><strong>Domini,et</strong></span> <span class='ocrx_word' id='word_1_787' title='bbox 692 5588 982 5644; x_wconf 89' lang='lat' dir='ltr'><strong>mirabilia</strong></span> <span class='ocrx_word' id='word_1_788' title='bbox 1031 5591 1159 5660; x_wconf 87' lang='lat' dir='ltr'><strong>ejus</strong></span> <span class='ocrx_word' id='word_1_789' title='bbox 1209 5590 1266 5644; x_wconf 90' lang='lat' dir='ltr'><strong>in</strong></span> <span class='ocrx_word' id='word_1_790' title='bbox 1320 5591 1628 5662; x_wconf 86' lang='lat' dir='ltr'><strong>profundo.</strong></span> <span class='ocrx_word' id='word_1_791' title='bbox 1662 5591 1719 5645; x_wconf 90' lang='lat' dir='ltr'><strong>Si</strong></span> <span class='ocrx_word' id='word_1_792' title='bbox 1767 5591 1825 5644; x_wconf 90' lang='lat' dir='ltr'><strong>in</strong></span> <span class='ocrx_word' id='word_1_793' title='bbox 1859 5590 1988 5646; x_wconf 91' lang='lat' dir='ltr'><strong>navi</strong></span> 
     </span>
    </p>
   </div>
   <div class='ocr_carea' id='block_1_107' title="bbox 340 5678 1986 5752">
    <p class='ocr_par' dir='ltr' id='par_1_107' title="bbox 340 5678 1986 5752">
     <span class='ocr_line' id='line_1_107' title="bbox 340 5678 1986 5752; baseline -0.001 -16"><span class='ocrx_word' id='word_1_794' title='bbox 340 5685 538 5737; x_wconf 89' lang='lat' dir='ltr'><strong>nostra</strong></span> <span class='ocrx_word' id='word_1_795' title='bbox 585 5679 868 5752; x_wconf 82' lang='lat' dir='ltr'><strong>corporali</strong></span> <span class='ocrx_word' id='word_1_796' title='bbox 921 5679 1326 5734; x_wconf 88' lang='lat' dir='ltr'><strong>transierimus</strong></span> <span class='ocrx_word' id='word_1_797' title='bbox 1376 5678 1562 5749; x_wconf 79' lang='lat' dir='ltr'><strong>illaesi,</strong></span> <span class='ocrx_word' id='word_1_798' title='bbox 1594 5684 1652 5734; x_wconf 88' lang='lat' dir='ltr'><strong>et</strong></span> <span class='ocrx_word' id='word_1_799' title='bbox 1696 5695 1986 5750; x_wconf 87' lang='lat' dir='ltr'><strong>nusquam</strong></span> 
     </span>
    </p>
   </div>
   <div class='ocr_carea' id='block_1_108' title="bbox 2100 4699 3756 4771">
    <p class='ocr_par' dir='ltr' id='par_1_108' title="bbox 2100 4699 3756 4771">
     <span class='ocr_line' id='line_1_108' title="bbox 2100 4699 3756 4771; baseline -0.002 -11"><span class='ocrx_word' id='word_1_800' title='bbox 2100 4705 2260 4760; x_wconf 87' lang='lat' dir='ltr'><strong>Isaac</strong></span> <span class='ocrx_word' id='word_1_801' title='bbox 2292 4703 2351 4757; x_wconf 91' lang='lat' dir='ltr'><strong>in</strong></span> <span class='ocrx_word' id='word_1_802' title='bbox 2380 4701 2638 4757; x_wconf 85' lang='lat' dir='ltr'><strong>Rebecca</strong></span> <span class='ocrx_word' id='word_1_803' title='bbox 2671 4699 2819 4771; x_wconf 84' lang='lat' dir='ltr'><strong>(Gen.</strong></span> <span class='ocrx_word' id='word_1_804' title='bbox 2853 4716 2958 4767; x_wconf 83' lang='lat' dir='ltr'><strong>xu,</strong></span> <span class='ocrx_word' id='word_1_805' title='bbox 2988 4699 3054 4754; x_wconf 88' lang='grc'><strong>15</strong></span> <span class='ocrx_word' id='word_1_806' title='bbox 3081 4703 3139 4754; x_wconf 90' lang='lat' dir='ltr'><strong>et</strong></span> <span class='ocrx_word' id='word_1_807' title='bbox 3162 4715 3315 4766; x_wconf 77' lang='lat' dir='ltr'><strong>xxvr,</strong></span> <span class='ocrx_word' id='word_1_808' title='bbox 3341 4700 3422 4770; x_wconf 92' lang='lat'><strong>7).</strong></span> <span class='ocrx_word' id='word_1_809' title='bbox 3472 4703 3540 4756; x_wconf 83' lang='lat' dir='ltr'><strong>Et</strong></span> <span class='ocrx_word' id='word_1_810' title='bbox 3591 4705 3756 4759; x_wconf 81' lang='lat' dir='ltr'><strong>corri-</strong></span> 
     </span>
    </p>
   </div>
   <div class='ocr_carea' id='block_1_109' title="bbox 2093 4787 3758 4866">
    <p class='ocr_par' dir='ltr' id='par_1_109' title="bbox 2093 4787 3758 4866">
     <span class='ocr_line' id='line_1_109' title="bbox 2093 4787 3758 4866; baseline -0.002 -17"><span class='ocrx_word' id='word_1_811' title='bbox 2093 4795 2220 4866; x_wconf 82' lang='lat' dir='ltr'><strong>puit</strong></span> <span class='ocrx_word' id='word_1_812' title='bbox 2245 4808 2348 4864; x_wconf 88' lang='lat' dir='ltr'><strong>pro</strong></span> <span class='ocrx_word' id='word_1_813' title='bbox 2379 4791 2457 4847; x_wconf 84' lang='lat' dir='ltr'><strong>eis</strong></span> <span class='ocrx_word' id='word_1_814' title='bbox 2488 4805 2657 4859; x_wconf 86' lang='lat' dir='ltr'><strong>reges.</strong></span> <span class='ocrx_word' id='word_1_815' title='bbox 2693 4789 2761 4844; x_wconf 93' lang='lat' dir='ltr'><strong>Et</strong></span> <span class='ocrx_word' id='word_1_816' title='bbox 2790 4787 3049 4860; x_wconf 91' lang='lat' dir='ltr'><strong>idipsum</strong></span> <span class='ocrx_word' id='word_1_817' title='bbox 3102 4788 3264 4857; x_wconf 87' lang='lat' dir='ltr'><strong>dicit,</strong></span> <span class='ocrx_word' id='word_1_818' title='bbox 3297 4787 3680 4848; x_wconf 85' lang='lat' dir='ltr'><strong>Pharaonem</strong></span> <span class='ocrx_word' id='word_1_819' title='bbox 3709 4796 3758 4848; x_wconf 83' lang='lat' dir='ltr'><strong>et</strong></span> 
     </span>
    </p>
   </div>
   <div class='ocr_carea' id='block_1_110' title="bbox 2094 4879 2448 4938">
    <p class='ocr_par' dir='ltr' id='par_1_110' title="bbox 2094 4879 2448 4938">
     <span class='ocr_line' id='line_1_110' title="bbox 2094 4879 2448 4938; baseline -0.011 0"><span class='ocrx_word' id='word_1_820' title='bbox 2094 4879 2448 4938; x_wconf 86' lang='lat' dir='ltr'><strong>Abimelech.</strong></span> 
     </span>
    </p>
   </div>
   <div class='ocr_carea' id='block_1_111' title="bbox 2170 4965 3756 5042">
    <p class='ocr_par' dir='ltr' id='par_1_111' title="bbox 2170 4965 3756 5042">
     <span class='ocr_line' id='line_1_111' title="bbox 2170 4965 3756 5042; baseline 0.004 -23"><span class='ocrx_word' id='word_1_821' title='bbox 2170 4994 2197 5020; x_wconf 90' lang='grc'><strong>‹‹</strong></span> <span class='ocrx_word' id='word_1_822' title='bbox 2231 4969 2418 5025; x_wconf 87' lang='lat' dir='ltr'><strong>Nolite</strong></span> <span class='ocrx_word' id='word_1_823' title='bbox 2446 4973 2686 5040; x_wconf 88' lang='lat' dir='ltr'><strong>tangere</strong></span> <span class='ocrx_word' id='word_1_824' title='bbox 2715 4965 2966 5023; x_wconf 85' lang='lat' dir='ltr'><strong>christos</strong></span> <span class='ocrx_word' id='word_1_825' title='bbox 3006 4983 3187 5034; x_wconf 89' lang='lat' dir='ltr'><strong>meos,</strong></span> <span class='ocrx_word' id='word_1_826' title='bbox 3235 4970 3292 5022; x_wconf 90' lang='lat' dir='ltr'><strong>et</strong></span> <span class='ocrx_word' id='word_1_827' title='bbox 3340 4966 3398 5021; x_wconf 92' lang='lat' dir='ltr'><strong>in</strong></span> <span class='ocrx_word' id='word_1_828' title='bbox 3452 4969 3756 5042; x_wconf 80' lang='lat' dir='ltr'><strong>prophetis</strong></span> 
     </span>
    </p>
   </div>
   <div class='ocr_carea' id='block_1_112' title="bbox 2096 5043 3752 5129">
    <p class='ocr_par' dir='ltr' id='par_1_112' title="bbox 2096 5043 3752 5129">
     <span class='ocr_line' id='line_1_112' title="bbox 2096 5043 3752 5129; baseline -0.002 -13"><span class='ocrx_word' id='word_1_829' title='bbox 2096 5060 2244 5116; x_wconf 84' lang='lat' dir='ltr'><strong>meis</strong></span> <span class='ocrx_word' id='word_1_830' title='bbox 2276 5057 2454 5114; x_wconf 87' lang='lat' dir='ltr'><strong>nolite</strong></span> <span class='ocrx_word' id='word_1_831' title='bbox 2485 5055 2814 5129; x_wconf 89' lang='lat' dir='ltr'><strong>malignari.</strong></span> <span class='ocrx_word' id='word_1_832' title='bbox 2851 5078 2879 5104; x_wconf 85' lang='lat'>»</span> <span class='ocrx_word' id='word_1_833' title='bbox 2913 5059 2989 5112; x_wconf 91' lang='lat' dir='ltr'><strong>De</strong></span> <span class='ocrx_word' id='word_1_834' title='bbox 3016 5055 3162 5127; x_wconf 90' lang='lat' dir='ltr'><strong>ipsis</strong></span> <span class='ocrx_word' id='word_1_835' title='bbox 3194 5043 3554 5128; x_wconf 80' lang='lat' dir='ltr'><strong>patriarchis</strong></span> <span class='ocrx_word' id='word_1_836' title='bbox 3585 5059 3752 5114; x_wconf 87' lang='lat' dir='ltr'><strong>dicit:</strong></span> 
     </span>
    </p>
   </div>
   <div class='ocr_carea' id='block_1_113' title="bbox 2094 5143 3752 5216">
    <p class='ocr_par' dir='ltr' id='par_1_113' title="bbox 2094 5143 3752 5216">
     <span class='ocr_line' id='line_1_113' title="bbox 2094 5143 3752 5216; baseline -0.001 -13"><span class='ocrx_word' id='word_1_837' title='bbox 2094 5149 2453 5203; x_wconf 89' lang='lat' dir='ltr'><strong>Erubescant</strong></span> <span class='ocrx_word' id='word_1_838' title='bbox 2501 5161 2638 5216; x_wconf 84' lang='lat' dir='ltr'><strong>ergo</strong></span> <span class='ocrx_word' id='word_1_839' title='bbox 2684 5144 2889 5214; x_wconf 75' lang='lat' dir='ltr'><strong>Judzei,</strong></span> <span class='ocrx_word' id='word_1_840' title='bbox 2940 5143 3040 5216; x_wconf 85' lang='lat' dir='ltr'><strong>qui</strong></span> <span class='ocrx_word' id='word_1_841' title='bbox 3088 5143 3313 5212; x_wconf 90' lang='lat' dir='ltr'><strong>dicunt,</strong></span> <span class='ocrx_word' id='word_1_842' title='bbox 3365 5146 3654 5216; x_wconf 84' lang='lat' dir='ltr'><strong>quoniam</strong></span> <span class='ocrx_word' id='word_1_843' title='bbox 3701 5147 3752 5202; x_wconf 85' lang='lat' dir='ltr'><strong>si</strong></span> 
     </span>
    </p>
   </div>
   <div class='ocr_carea' id='block_1_114' title="bbox 2095 5231 3752 5307">
    <p class='ocr_par' dir='ltr' id='par_1_114' title="bbox 2095 5231 3752 5307">
     <span class='ocr_line' id='line_1_114' title="bbox 2095 5231 3752 5307; baseline -0.002 -15"><span class='ocrx_word' id='word_1_844' title='bbox 2095 5254 2209 5293; x_wconf 91' lang='lat' dir='ltr'><strong>non</strong></span> <span class='ocrx_word' id='word_1_845' title='bbox 2241 5235 2453 5307; x_wconf 86' lang='lat' dir='ltr'><strong>aliquis</strong></span> <span class='ocrx_word' id='word_1_846' title='bbox 2479 5239 2736 5306; x_wconf 89' lang='lat' dir='ltr'><strong>ungatur</strong></span> <span class='ocrx_word' id='word_1_847' title='bbox 2783 5231 2961 5304; x_wconf 84' lang='lat' dir='ltr'><strong>regali</strong></span> <span class='ocrx_word' id='word_1_848' title='bbox 3012 5237 3330 5307; x_wconf 88' lang='lat' dir='ltr'><strong>unguento,</strong></span> <span class='ocrx_word' id='word_1_849' title='bbox 3384 5250 3507 5290; x_wconf 90' lang='lat' dir='ltr'><strong>non</strong></span> <span class='ocrx_word' id='word_1_850' title='bbox 3561 5238 3752 5307; x_wconf 84' lang='lat' dir='ltr'><strong>potest</strong></span> 
     </span>
    </p>
   </div>
   <div class='ocr_carea' id='block_1_115' title="bbox 2096 5322 3747 5394">
    <p class='ocr_par' dir='ltr' id='par_1_115' title="bbox 2096 5322 3747 5394">
     <span class='ocr_line' id='line_1_115' title="bbox 2096 5322 3747 5394; baseline -0.003 -12"><span class='ocrx_word' id='word_1_851' title='bbox 2096 5325 2366 5382; x_wconf 88' lang='lat' dir='ltr'><strong>Christus</strong></span> <span class='ocrx_word' id='word_1_852' title='bbox 2396 5323 2607 5380; x_wconf 89' lang='lat' dir='ltr'><strong>vocari.</strong></span> <span class='ocrx_word' id='word_1_853' title='bbox 2644 5323 2762 5378; x_wconf 86' lang='lat' dir='ltr'><strong>Hoc</strong></span> <span class='ocrx_word' id='word_1_854' title='bbox 2789 5322 2946 5378; x_wconf 88' lang='lat' dir='ltr'><strong>enim</strong></span> <span class='ocrx_word' id='word_1_855' title='bbox 2977 5322 3186 5378; x_wconf 90' lang='lat' dir='ltr'><strong>dicunt</strong></span> <span class='ocrx_word' id='word_1_856' title='bbox 3214 5322 3498 5394; x_wconf 87' lang='lat' dir='ltr'><strong>quoniam</strong></span> <span class='ocrx_word' id='word_1_857' title='bbox 3551 5324 3747 5380; x_wconf 80' lang='lat' dir='ltr'><strong>Domi-</strong></span> 
     </span>
    </p>
   </div>
   <div class='ocr_carea' id='block_1_116' title="bbox 2097 5411 3750 5484">
    <p class='ocr_par' dir='ltr' id='par_1_116' title="bbox 2097 5411 3750 5484">
     <span class='ocr_line' id='line_1_116' title="bbox 2097 5411 3750 5484; baseline 0.001 -16"><span class='ocrx_word' id='word_1_858' title='bbox 2097 5431 2209 5470; x_wconf 91' lang='lat' dir='ltr'><strong>nus</strong></span> <span class='ocrx_word' id='word_1_859' title='bbox 2241 5417 2440 5470; x_wconf 90' lang='lat' dir='ltr'><strong>noster</strong></span> <span class='ocrx_word' id='word_1_860' title='bbox 2471 5429 2582 5468; x_wconf 88' lang='lat' dir='ltr'><strong>non</strong></span> <span class='ocrx_word' id='word_1_861' title='bbox 2617 5416 2706 5467; x_wconf 89' lang='lat' dir='ltr'><strong>est</strong></span> <span class='ocrx_word' id='word_1_862' title='bbox 2733 5411 3022 5481; x_wconf 87' lang='lat' dir='ltr'><strong>Christus,</strong></span> <span class='ocrx_word' id='word_1_863' title='bbox 3058 5411 3197 5484; x_wconf 88' lang='lat' dir='ltr'><strong>quia</strong></span> <span class='ocrx_word' id='word_1_864' title='bbox 3236 5428 3350 5467; x_wconf 90' lang='lat' dir='ltr'><strong>non</strong></span> <span class='ocrx_word' id='word_1_865' title='bbox 3393 5416 3489 5468; x_wconf 90' lang='lat' dir='ltr'><strong>est</strong></span> <span class='ocrx_word' id='word_1_866' title='bbox 3535 5420 3750 5469; x_wconf 77' lang='lat' dir='ltr'><strong>unctus</strong></span> 
     </span>
    </p>
   </div>
   <div class='ocr_carea' id='block_1_117' title="bbox 2099 5497 3746 5572">
    <p class='ocr_par' dir='ltr' id='par_1_117' title="bbox 2099 5497 3746 5572">
     <span class='ocr_line' id='line_1_117' title="bbox 2099 5497 3746 5572; baseline 0 -16"><span class='ocrx_word' id='word_1_867' title='bbox 2099 5504 2396 5572; x_wconf 88' lang='lat' dir='ltr'><strong>unguento</strong></span> <span class='ocrx_word' id='word_1_868' title='bbox 2427 5499 2626 5571; x_wconf 88' lang='lat' dir='ltr'><strong>regali.</strong></span> <span class='ocrx_word' id='word_1_869' title='bbox 2661 5500 2804 5554; x_wconf 89' lang='lat' dir='ltr'><strong>Ecce</strong></span> <span class='ocrx_word' id='word_1_870' title='bbox 2835 5502 2967 5555; x_wconf 87' lang='lat' dir='ltr'><strong>ante</strong></span> <span class='ocrx_word' id='word_1_871' title='bbox 2999 5497 3184 5572; x_wconf 87' lang='lat' dir='ltr'><strong>legem</strong></span> <span class='ocrx_word' id='word_1_872' title='bbox 3235 5499 3589 5572; x_wconf 75' lang='lat' dir='ltr'><strong>patriarchae</strong></span> <span class='ocrx_word' id='word_1_873' title='bbox 3639 5517 3746 5558; x_wconf 90' lang='lat' dir='ltr'><strong>non</strong></span> 
     </span>
    </p>
   </div>
   <div class='ocr_carea' id='block_1_118' title="bbox 2099 5587 3748 5661">
    <p class='ocr_par' dir='ltr' id='par_1_118' title="bbox 2099 5587 3748 5661">
     <span class='ocr_line' id='line_1_118' title="bbox 2099 5587 3748 5661; baseline 0 -15"><span class='ocrx_word' id='word_1_874' title='bbox 2099 5591 2258 5647; x_wconf 90' lang='lat' dir='ltr'><strong>uncti</strong></span> <span class='ocrx_word' id='word_1_875' title='bbox 2307 5589 2486 5661; x_wconf 90' lang='lat' dir='ltr'><strong>regali</strong></span> <span class='ocrx_word' id='word_1_876' title='bbox 2536 5593 2858 5660; x_wconf 87' lang='lat' dir='ltr'><strong>unguento,</strong></span> <span class='ocrx_word' id='word_1_877' title='bbox 2909 5587 3114 5645; x_wconf 88' lang='lat' dir='ltr'><strong>christi</strong></span> <span class='ocrx_word' id='word_1_878' title='bbox 3163 5587 3441 5645; x_wconf 87' lang='lat' dir='ltr'><strong>dicuntur</strong></span> <span class='ocrx_word' id='word_1_879' title='bbox 3491 5607 3505 5645; x_wconf 90' lang='lat'>:</span> <span class='ocrx_word' id='word_1_880' title='bbox 3545 5590 3748 5646; x_wconf 83' lang='lat' dir='ltr'><strong>christi</strong></span> 
     </span>
    </p>
   </div>
   <div class='ocr_carea' id='block_1_119' title="bbox 2101 5677 3746 5751">
    <p class='ocr_par' dir='ltr' id='par_1_119' title="bbox 2101 5677 3746 5751">
     <span class='ocr_line' id='line_1_119' title="bbox 2101 5677 3746 5751; baseline 0 -17"><span class='ocrx_word' id='word_1_881' title='bbox 2101 5684 2295 5736; x_wconf 89' lang='lat' dir='ltr'><strong>autem</strong></span> <span class='ocrx_word' id='word_1_882' title='bbox 2326 5681 2466 5735; x_wconf 89' lang='lat' dir='ltr'><strong>sunt</strong></span> <span class='ocrx_word' id='word_1_883' title='bbox 2495 5677 2593 5749; x_wconf 90' lang='lat' dir='ltr'><strong>qui</strong></span> <span class='ocrx_word' id='word_1_884' title='bbox 2625 5677 2847 5749; x_wconf 91' lang='lat' dir='ltr'><strong>Spiritu</strong></span> <span class='ocrx_word' id='word_1_885' title='bbox 2902 5682 3104 5734; x_wconf 89' lang='lat' dir='ltr'><strong>sancto</strong></span> <span class='ocrx_word' id='word_1_886' title='bbox 3153 5683 3485 5751; x_wconf 85' lang='lat' dir='ltr'><strong>unguntur.</strong></span> <span class='ocrx_word' id='word_1_887' title='bbox 3514 5679 3662 5751; x_wconf 79' lang='lat' dir='ltr'><strong>Ergo</strong></span> <span class='ocrx_word' id='word_1_888' title='bbox 3685 5682 3746 5734; x_wconf 82' lang='lat' dir='ltr'><strong>et</strong></span> 
     </span>
    </p>
   </div>
  </div>
