3976 6188
239 383 263 444 1
276 383 395 446 205

1417 382 1910 445 BREVIARIUM
1959 384 2038 444 ΙΝ
2085 381 2470 447 PSALMOS.

3493 383 3651 447 1206

235 515 520 575 Dominus
568 519 768 574 noster
788 515 950 589 juste
996 519 1235 574 vocatur
1281 515 1569 574 Christus.
1601 515 1763 582 Quod
1798 514 1883 572 illi
1910 516 1966 585 Α
1996 535 2130 576 nem
2161 517 2497 591 pertinebit,
2525 516 2625 590 qui
2651 513 3067 573 exterminator
3093 517 3203 584 est,
3227 529 3334 574 nec
3366 515 3438 574 ad
3469 514 3638 574 illum

234 611 471 680 negant,
504 611 712 663 euntes
743 613 943 663 contra
973 608 1327 680 Scripturas.

309 717 335 744 α
367 695 438 751 Et
467 696 691 752 vocavit
721 695 933 752 famem
967 711 1145 769 super
1173 701 1413 763 terram,
1441 719 1468 745 »
1499 697 1723 770 Saepius
1752 713 1878 752 eve-

233 785 321 842 nit
354 790 420 840 ut
447 802 576 857 quae
603 789 889 856 putantur
917 787 1212 842 contraria
1240 802 1391 853 esse,
1414 785 1533 841 haec
1564 786 1878 858 providen-

1992 609 2092 680 qui
2122 613 2353 665 tantum
2386 607 2656 681 princeps
2687 621 3006 677 coquorum
3038 608 3145 661 est.

2063 720 2091 748 «
2125 697 2440 754 Constituit
2467 713 2603 753 eum
2624 695 2938 752 Dominum
2969 695 3182 750 domus
3205 711 3343 750 suae.
3373 716 3401 744 »
3434 695 3631 773 Ecclej-

1989 788 2086 843 sia;
2117 789 2246 859 ejus
2275 786 2562 859 sanguine
2588 783 2905 856 acquisitae.
2941 806 2969 832 «
2989 783 3059 837 Et
3083 782 3404 854 principem
3437 784 3630 841 omnis

230 875 315 931 tia
335 874 438 932 Dei
469 891 572 947 pro
603 873 854 930 utilitate
875 875 1037 930 ﬁant.
1075 875 1196 931 Nisi
1227 876 1382 931 enim
1426 876 1633 931 fratres
1660 875 1877 947 Joseph
1989 876 2379 949 possessionis
2426 893 2566 931 suae.
2604 897 2632 924 »
2665 876 2851 940 Quam
2882 890 2917 927 a
2945 870 3163 928 diaboli
3213 871 3499 928 abstraxit
3529 890 3629 946 po-

229 962 408 1020 zelati
429 964 682 1020 fuissent
709 979 867 1031 eum,
891 964 940 1018 si
965 981 1080 1020 non
1107 964 1508 1021 vendidissent
1531 981 1663 1020 eum
1690 981 1704 1019 :
1738 981 1878 1036 quo-

236 1055 411 1110 modo
459 1053 836 1109 descenderet
882 1053 942 1108 in
987 1058 1302 1126 Egyptum
1342 1055 1371 1108 ?
1418 1053 1477 1108 Si
1526 1071 1638 1109 non
1690 1054 1875 1110 fames

227 1142 383 1198 facta
413 1141 641 1209 fuisset,
667 1143 962 1214 quomodo
990 1143 1335 1214 patriarchas
1363 1143 1783 1199 descenderent
1811 1143 1871 1198 in

223 1235 563 1304 Egyptum,
613 1237 670 1286 et
715 1236 1204 1305 cognoscerentur
1235 1250 1285 1288 oa
1313 1233 1491 1288 fratre
1536 1232 1690 1288 suo?
1719 1233 1872 1296 Quo-

223 1320 400 1377 modo
429 1319 652 1375 Pharao
675 1325 1074 1392 percuteretur
1093 1323 1292 1377 decem
1316 1322 1506 1394 plagis
1523 1323 1549 1376 ?
1571 1321 1869 1385 Quomodo

220 1409 447 1466 exirent
477 1410 546 1465 de
588 1414 833 1482 Egypto
855 1410 883 1464 ‘l
913 1411 1213 1475 Quomodo
1261 1412 1321 1466 in
1353 1428 1548 1467 eremo
1602 1412 1672 1466 de
1707 1415 1870 1482 petra

222 1499 449 1555 exirent
486 1516 651 1572 aquae
687 1517 699 1554 :
734 1501 1026 1571 quomodo
1067 1499 1344 1573 mysteria
1373 1518 1500 1572 qua:
1532 1501 1590 1555 in
1641 1501 1868 1555 deserto

227 1589 382 1644 facta
410 1592 552 1643 sunt
569 1588 629 1644 in
650 1589 858 1661 ﬁgura,
883 1606 990 1645 nos
1020 1605 1089 1644 ea
1110 1589 1492 1661 spiritualiter
1522 1588 1870 1661 intelligere-

223 1693 360 1733 mus
380 1677 409 1731 Ἰ
436 1677 497 1733 Si
531 1694 647 1733 non
668 1677 853 1734 Judas
884 1679 1198 1734 Dominum
1222 1678 1606 1751 prodidisset:
1628 1694 1866 1748 quomo-

221 1766 296 1822 do
328 1782 435 1822 nos
480 1765 843 1823 salvaremur
864 1768 892 1822 ?
919 1767 981 1822 Si
1015 1785 1129 1824 non
1179 1768 1366 1823 Judaei
1415 1767 1864 1836 cruciﬁxissent,

1986 970 2216 1022 testate.

2057 1077 2086 1104 «
2121 1059 2193 1111 Ut
2229 1055 2484 1110 erudiret
2524 1053 2815 1126 principes
2849 1068 2988 1108 suos
3025 1050 3178 1107 sicut
3217 1049 3623 1123 semetipsum,

1983 1148 2040 1200 et
2070 1160 2239 1201 senes
2281 1145 2411 1215 ejus
2465 1141 2837 1214 prudentiam
2887 1142 3136 1196 doceret.
3173 1162 3201 1188 »
3232 1139 3529 1212 Principes
3559 1155 3626 1196 ac

1982 1234 2238 1290 seniores
2281 1237 2447 1288 erant
2495 1231 2844 1304 populorum
2889 1229 3154 1300 apostoli,
3187 1234 3244 1284 et
3283 1229 3374 1285 sui
3407 1247 3440 1284 a
3488 1245 3623 1300 pro-

1983 1324 2226 1396 prietate
2256 1322 2420 1385 dicti,
2454 1338 2568 1378 non
2615 1339 2648 1376 a
2699 1318 3049 1392 principatu,
3082 1334 3232 1391 quos
3262 1318 3388 1390 ipse
3435 1319 3620 1374 sacris

1979 1412 2230 1468 erudivit
2260 1411 2532 1482 eloquiis.
2558 1411 2703 1465 Nam
2734 1413 2792 1464 et
2812 1409 2970 1481 ipsos
3001 1409 3371 1464 sacerdotum
3403 1407 3620 1479 princi-

1977 1519 2078 1572 pes
2111 1518 2176 1557 ac
2208 1499 2558 1572 populorum
2581 1499 2842 1555 seniores
2863 1497 3080 1569 sepius
3103 1497 3340 1562 docens,
3367 1495 3619 1552 erudivit

1977 1590 2035 1644 in
2067 1589 2308 1661 templo,
2340 1605 2474 1660 cum
2506 1589 2590 1644 eis
2622 1587 2849 1642 divinas
2881 1586 3107 1658 aperuit
3138 1587 3490 1656 Scripturas.

2046 1701 2074 1728 ‹‹
2112 1680 2178 1733 Et
2208 1677 2446 1734 intravit
2488 1675 2661 1734 Israel
2693 1675 2751 1730 in
2782 1678 3090 1748 {Egyptum
3140 1679 3197 1730 et
3223 1675 3398 1730 Jacob
3429 1674 3618 1730 incola

1973 1767 2084 1823 fuit
2114 1767 2172 1822 in
2201 1772 2357 1823 terra
2383 1766 2584 1822 Cham.
2624 1789 2642 1813 η
2679 1764 2884 1821 Omnis
2913 1763 3016 1836 qui
3047 1763 3286 1836 coeperit
3313 1763 3496 1818 Deum
3527 1763 3616 1819 vi-

219 1859 278 1954 et
307 1853 589 1954 increduli
633 1856 929 1954 fuissent:
963 1857 1258 1928 quomodo
1306 1873 1414 1912 nos
1443 1857 1864 1954 crederemus?
1896 1889 1942 1954 B
1975 1857 2109 1912 dere
2154 1857 2502 1954 mente,uvel
2552 1854 2693 1954 vitia
2739 1852 3136 1954 supplantare,
3176 1852 3236 1906 in
3284 1851 3613 1954 tribulatio-

216 1942 434 2015 Joseph
484 1961 620 2016 ergo
673 1945 774 2001 ivit
821 1946 880 2001 in
911 1951 1242 2019 Egyptum,
1290 1962 1614 2018 praeparare
1661 1945 1858 2018 hospi-

217 2031 367 2088 tium
397 2037 457 2089 et
485 2034 768 2091 alimenta
798 2036 1078 2092 fratribus
1109 2037 1256 2091 suis.

155 2121 160 2124 “
291 2144 312 2169 ι
348 2122 508 2178 Misit
553 2128 686 2179 ante
731 2139 830 2180 eos
874 2123 1085 2179 virum.
1123 2147 1150 2172 »
1185 2126 1381 2195 Ipsum
1435 2124 1575 2178 dicit
1620 2125 1857 2196 Joseph.

217 2231 246 2259 ‹‹
276 2214 342 2265 In
369 2225 604 2266 servum
633 2212 1003 2268 venundatus
1046 2216 1137 2268 est
1166 2211 1406 2284 Joseph.
1442 2233 1470 2260 »
1505 2217 1655 2268 Bene
1687 2219 1862 2268 natus

211 2301 270 2353 et
299 2302 540 2354 sanctus
570 2299 658 2354 vir
687 2299 976 2355 venditur.

292 2408 318 2437 ιι
347 2387 814 2444 Humiliaverunt
831 2389 890 2443 in
913 2388 1296 2460 compedibus
1309 2389 1484 2460 pedes
1507 2391 1557 2460 ej
1569 2407 1656 2445 us.
1675 2391 1864 2454 nQuia

210 2473 402 2530 noluit
448 2476 776 2532 consentire
823 2477 1072 2534 dominae
1103 2477 1400 2549 Egyptiae.
1447 2500 1473 2527 ‹‹
1508 2477 1860 2534 Humiliave-

217 2568 364 2619 runt
393 2563 455 2620 in
498 2565 883 2637 compedibus
931 2566 1107 2638 pedes
1132 2567 1282 2637 ejus,
1315 2588 1345 2616 ››
1377 2567 1476 2622 sed
1510 2583 1624 2622 non
1657 2572 1859 2639 potue-

213 2653 678 2724 runtjustitiam
712 2653 1064 2710 humiliare:
1099 2655 1351 2710 sedecim
1384 2655 1540 2710 enim
1571 2674 1860 2713 annorum

214 2757 352 2796 cum
382 2746 555 2814 esset,
589 2743 898 2800 adamatus
926 2747 1015 2799 est
1044 2761 1078 2798 a
1107 2744 1364 2810 domina,
1389 2749 1446 2799 et
1473 2744 1533 2799 in
1565 2745 1665 2801 tali
1695 2751 1862 2802 aetate

217 2830 598 2899 constitutus,
624 2848 752 2904 quae
783 2832 971 2904 magis
1001 2831 1285 2904 voluptati
1316 2831 1514 2888 dedita
1544 2839 1650 2899 est,
1677 2834 1864 2890 noluit

209 2919 544 2978 consentire
581 2920 898 2993 iniquitati,
933 2922 1032 2978 sed
1083 2922 1272 2994 magis
1303 2921 1504 2976 timuit
1532 2923 1860 2994 periculum

216 3007 444 3064 animas.
484 3030 512 3060 «
544 3010 782 3065 Ferrum
831 3009 1167 3081 pertransiit
1197 3011 1454 3065 animam
1485 3011 1630 3079 ejus.
1671 3035 1696 3058 ››
1729 3013 1859 3067 Fer-

215 3113 348 3153 rum
375 3098 570 3169 ipsum
603 3098 744 3153 dicit
773 3102 1103 3170 peccatum,
1134 3100 1287 3170 quod
1334 3098 1547 3154 occidit
1577 3100 1857 3155 animam.

211 3183 416 3242 Aliter.
452 3186 599 3250 Quia
630 3187 688 3242 in
722 3185 980 3258 periculo
1031 3191 1173 3255 erat,
1201 3191 1511 3244 accusatus
1559 3205 1592 3243 a
1624 3189 1862 3246 domina

1972 1961 2106 2000 nem
2137 1943 2459 2010 descendit,
2490 1949 2547 1998 et
2576 1943 2728 1998 inter
2764 1946 2967 2013 gentes
2999 1942 3270 1997 adversas
3300 1941 3613 1997 inhabitat.

2044 2056 2071 2083 «
2100 2035 2169 2089 Et
2198 2033 2358 2089 auxit
2385 2032 2667 2104 populum
2694 2047 2870 2087 suum
2901 2030 3290 2097 vehementer,
3323 2035 3383 2086 et
3412 2031 3614 2085 ﬁrma-

1969 2123 2052 2180 vit
2081 2139 2216 2178 eum
2249 2138 2427 2194 super
2446 2121 2716 2176 inimicos
2745 2121 2894 2190 ejus.
2929 2141 2955 2166 ››
2975 2118 3259 2182 Quoniam
3293 2119 3350 2173 in
3381 2122 3615 2190 septua-

1971 2211 2133 2284 ginta
2152 2211 2411 2283 quinque
2433 2209 2746 2266 animabus
2772 2208 3199 2263 descenderunt
3221 2208 3278 2262 in
3301 2209 3614 2280 {Egyptum

1972 2301 2174 2373 (Exod.
2209 2317 2250 2370 1,
2278 2302 2356 2370 5),
2382 2303 2439 2355 et
2468 2302 2739 2355 sexcenta
2761 2294 2946 2352 millia
2969 2296 3234 2352 exierunt
3257 2297 3328 2352 de
3349 2297 3613 2369 Egypto.

1971 2390 2116 2446 Vide
2134 2389 2500 2461 mysterium.
2525 2387 2631 2453 Qui
2651 2386 2950 2456 quondam
2972 2390 3399 2441 erantnumero
3422 2385 3611 2440 brevi:

1971 2497 2127 2535 nunc
2181 2478 2358 2546 aucti,
2382 2481 2447 2544 et
2477 2477 2695 2532 firmati
2737 2475 3034 2530 dicuntur.
3070 2476 3369 2545 Augentur
3397 2477 3616 2540 autem,

1971 2573 2028 2624 et
2066 2568 2492 2624 conﬁrmantur
2533 2564 2682 2635 justi
2731 2582 2765 2619 a
2811 2563 3077 2631 Domino,
3111 2578 3183 2618 ne
3230 2561 3316 2618 eis
3364 2563 3616 2618 adversa:

1971 2656 2319 2730 praevaleant
2349 2658 2689 2727 potestates.

2043 2771 2070 2795 ‹‹
2105 2743 2399 2801 Convertit
2429 2761 2527 2799 cor
2547 2757 2772 2811 eorum,
2797 2745 2861 2796 ut
2890 2740 3119 2796 odirent
3147 2740 3434 2812 populum
3464 2741 3614 2812 ejus,

1971 2839 2027 2891 et
2057 2834 2255 2890 dolum
2289 2835 2542 2888 facerent
2568 2832 2626 2886 in
2659 2830 2842 2886 servis
2863 2830 3011 2900 ejus.
3044 2851 3072 2880 »
3107 2828 3354 2897 Scilicet,
3389 2835 3452 2885 ut
3479 2847 3617 2886 con-

1969 2923 2391 2995 templarentur
2422 2919 2763 2992 iniquitates
2790 2935 3016 2975 eorum.

2044 3035 2070 3062 ‹‹
2103 3011 2264 3068 Misit
2293 3011 2528 3082 Moysen
2560 3024 2795 3064 servum
2828 3023 3026 3073 suum,
3055 3007 3247 3063 Aaron
3279 3022 3454 3080 quem
3499 3006 3616 3063 ele-

1971 3102 2056 3174 git
2086 3101 2305 3173 ipsum.
2343 3121 2369 3149 ››
2400 3098 2612 3172 Legem
2645 3096 2847 3169 utique
2879 3100 2936 3152 et
2965 3095 3380 3152 sacerdotium.

2055 3209 2076 3238 ι
2109 3189 2312 3245 Posuit
2332 3189 2391 3242 in
2423 3188 2506 3244 eis
2529 3188 2707 3243 verba
2736 3186 3040 3259 signorum
3066 3201 3309 3241 suorum
3332 3188 3390 3240 et
3420 3185 3616 3258 prodi-

210 3272 271 3329 in
303 3274 404 3330 tali
427 3257 971 3331 criminesrdebat
997 3275 1155 3331 enim
1175 3276 1414 3332 domina
1443 3277 1503 3330 in
1534 3295 1689 3344 eum,
1715 3277 1864 3334 sicut
1897 3257 1941 3324 (δ
1978 3279 2206 3352 giorum
2257 3279 2315 3332 in
2359 3290 2513 3332 terra
2558 3275 2759 3332 Cham.
2801 3257 2821 3325 ἷι
2870 3274 3135 3346 Attende,
3188 3291 3220 3330 o
3263 3257 3484 3342 Judtee,
3517 3274 3620 3347 qui

207 3361 494 3434 scriptum
545 3367 634 3419 est
668 3381 680 3418 :
715 3386 743 3413 ‹‹
778 3365 974 3420 Omnes
1017 3365 1407 3439 adulterantes,
1440 3370 1578 3423 sicut
1607 3368 1860 3422 clibanus

205 3452 371 3507 corda
401 3454 643 3524 ipsorum
676 3476 702 3501 ››
753 3452 901 3524 (Ose.
930 3471 1031 3520 vn,
1063 3456 1138 3525 7).
1182 3477 1201 3502 ι
1241 3459 1430 3512 Donec
1483 3456 1706 3512 veniret
1732 3474 1857 3512 ver-

199 3539 345 3597 bum
374 3541 526 3612 ejus.
564 3563 591 3590 »
622 3542 877 3599 Verbum
911 3541 1099 3617 ipsius
1131 3543 1364 3600 Domini
1396 3545 1562 3612 dicit,
1596 3546 1696 3617 qui
1720 3561 1855 3601 eum

196 3627 490 3686 liberavit.

279 3742 300 3768 ι
338 3718 651 3790 Eloquium
671 3721 904 3777 Domini
921 3721 1310 3778 inﬂammavit
1329 3737 1486 3778 eum.
1505 3745 1533 3771 ››
1555 3723 1677 3780 Nisi
1695 3723 1851 3778 enim

197 3806 610 3864 inﬂammatus
639 3813 793 3865 esset
813 3810 1032 3882 Spiritu
1066 3815 1289 3880 sancto,
1316 3828 1429 3866 non
1460 3815 1688 3882 poterat
1718 3812 1848 3867 libi-

195 3895 401 3952 dinem
429 3896 682 3952 vincere.
725 3897 981 3968 Spiritus
1011 3898 1168 3953 enim
1199 3899 1430 3954 Domini
1464 3900 1850 3956 inﬂammavit

195 4002 360 4053 eum,
393 3988 451 4041 et
497 3985 818 4059 exstinguit
847 3987 1042 4060 ignem
1092 3987 1376 4044 libidinis.
1415 4011 1442 4039 ‹‹
1474 3989 1631 4045 Misit
1663 4007 1761 4047 rex
1791 3996 1848 4047 et

198 4073 375 4132 solvit
403 4091 559 4131 eum.
600 4097 621 4125 ι
657 4076 991 4132 Secundum
1024 4075 1279 4133 litteram
1310 4077 1534 4134 Pharao
1568 4080 1751 4147 misit,
1791 4085 1847 4137 et

197 4161 373 4218 solvit
421 4179 577 4220 eum.
611 4164 794 4221 Aliter
825 4182 838 4220 :
869 4165 929 4220 Si
963 4165 1178 4239 aliquis
1228 4170 1488 4222 tentatur
1516 4185 1550 4222 a
1580 4166 1839 4240 libidine,

197 4251 315 4307 nisi
345 4252 628 4310 Dominus
659 4253 996 4326 apparuerit
1023 4258 1081 4310 et
1118 4254 1352 4312 solverit
1379 4272 1514 4311 eum
1550 4272 1562 4311 :
1597 4274 1709 4312 non
1740 4275 1841 4329 po-

198 4343 318 4396 test
345 4341 598 4412 effugere
630 4347 956 4412 peccatum.
989 4367 1016 4392 ‹‹
1049 4344 1210 4400 Misit
1240 4362 1356 4413 rex,
1388 4350 1445 4400 et
1474 4345 1646 4401 solvit
1664 4364 1798 4402 eum
1825 4366 1837 4403 :

191 4428 469 4502 princeps
491 4427 866 4500 populorum,
889 4434 946 4484 et
967 4430 1194 4487 dimisit
1215 4449 1370 4489 eum.
1397 4457 1424 4483 »
1448 4435 1565 4489 Rex
1587 4452 1650 4489 ac
1678 4436 1838 4507 prin-

185 4534 348 4589 ceps,
383 4521 547 4590 pater
575 4517 881 4590 accipitur,
913 4523 978 4574 ut
1007 4518 1151 4575 illud
1183 4538 1196 4575 :
1229 4521 1347 4577 Rex
1378 4539 1628 4593 magnus
1661 4541 1838 4596 super

1970 3370 2297 3426 secundum
2329 3367 2583 3422 litteram
2616 3366 2770 3421 dicta
2800 3363 3102 3436 intelligis.
3137 3363 3436 3436 Numquid
3471 3364 3624 3436 Moy-

1968 3476 2062 3515 ses
2093 3462 2149 3513 et
2177 3460 2365 3512 Aaron
2399 3457 2456 3511 in
2485 3461 2641 3510 terra
2671 3454 2852 3510 Cham
2893 3457 3244 3525 acceperunt
3271 3453 3616 3508 mandatum

1966 3547 2037 3602 de
2069 3545 2274 3618 signis,
2306 3549 2364 3600 et
2396 3561 2509 3600 non
2544 3542 2736 3614 potius
2781 3542 2839 3597 in
2888 3546 3045 3597 terra
3093 3541 3372 3597 Madian?
3401 3545 3522 3597 Aut
3548 3541 3612 3597 in

1964 3637 2119 3691 terra
2156 3634 2338 3691 Cham
2372 3634 2633 3689 fecerunt
2675 3630 2961 3704 prodigia,
2995 3635 3053 3686 et
3083 3647 3200 3686 non
3233 3630 3292 3686 in
3320 3630 3608 3704 [Ἐπριοῖ

1961 3725 2069 3780 Sed
2100 3728 2167 3779 ut
2196 3721 2488 3793 intelligas
2514 3721 2636 3776 haec
2667 3737 2770 3793 per
2797 3720 2984 3792 legem
3012 3723 3068 3775 et
3089 3720 3480 3776 sacerdotium
3513 3737 3610 3776 us-

1961 3831 2074 3885 que
2113 3811 2286 3867 hodie
2333 3811 2484 3866 inter
2513 3814 2716 3882 gentes
2767 3808 3097 3865 incredulas
3128 3810 3222 3881 agi
3257 3827 3269 3864 :
3305 3808 3435 3864 ideo
3468 3809 3606 3864 Pro-

1958 3902 2134 3975 pheta
2163 3905 2376 3956 terram
2410 3899 2607 3972 posuit
2635 3899 2838 3956 Cham.

2029 4012 2057 4039 «
2091 3989 2252 4044 Misit
2283 3989 2554 4044 tenebras
2593 3992 2651 4042 et
2696 3986 3029 4043 obscuravit
3076 4002 3194 4042 eos.
3233 4008 3259 4034 ››
3290 3985 3605 4058 Coeperunt

1956 4079 2006 4134 ei
2039 4095 2322 4151 exponere
2371 4094 2584 4132 arcana
2632 4077 3040 4148 mysteriorum
3092 4074 3212 4139 Dei,
3257 4077 3316 4129 et
3362 4073 3601 4129 claritas

1954 4167 2264 4223 mundanae
2297 4166 2596 4238 sapientiae
2627 4166 2939 4221 obscurata
2969 4167 3076 4218 est.
3107 4163 3198 4217 Sic
3227 4162 3384 4218 enim
3417 4161 3554 4217 alibi
3585 4179 3598 4218 :

1949 4256 2418 4329 Comprehendam
2464 4256 2747 4324 sapient—es
2796 4254 2857 4306 in
2903 4254 3114 4307 astutia
3159 4266 3349 4307 eorum
3393 4252 3441 4323 (ι
3475 4252 3596 4308 Cor.

1950 4364 2036 4413 ιιι,
2073 4347 2180 4416 19).
2213 4347 2278 4400 Et
2305 4343 2654 4399 exacerbavit
2697 4355 2972 4396 sermones
3001 4341 3139 4412 ejus.
3170 4340 3317 4405 Quia
3345 4341 3478 4398 duri
3507 4341 3593 4398 eis

1949 4439 2114 4491 erant
2147 4451 2160 4488 :
2198 4435 2352 4489 sicut
2384 4432 2671 4504 quosdam
2702 4430 3078 4503 Evangelium
3119 4430 3336 4487 dixisse
3368 4431 3544 4488 refert
3577 4449 3591 4487 :

1946 4527 2126 4580 Durus
2155 4527 2233 4579 est
2266 4523 2356 4578 hic
2393 4537 2574 4577 sermo
2606 4538 2624 4575 :
2656 4522 2776 4591 quis
2803 4536 2925 4576 eum
2977 4518 3174 4575 audire
3216 4521 3383 4591 possit
3414 4519 3594 4588 (Joan.

186 4621 424 4662 omnem
453 4609 693 4671 terram,
726 4609 783 4660 et
821 4604 966 4662 illud
1007 4624 1021 4662 :
1055 4608 1317 4663 Dominus
1342 4612 1599 4682 princeps
1630 4617 1834 4684 noster,
1868 4622 1914 4687 D
1944 4633 2022 4683 v1,
2054 4614 2144 4683 61)
2168 4613 2195 4667 ‘?

184 4695 458 4751 Dominus
477 4695 657 4767 judea:
684 4699 871 4753 noster
899 4696 1070 4767 (Psal.
1104 4714 1252 4769 xmx,
1284 4699 1360 4768 6).
1389 4699 1517 4771 Ipse
1556 4716 1692 4773 ergo
1725 4701 1831 4756 mi-

189 4784 270 4841 sit
307 4783 584 4858 angelum
635 4801 811 4840 suum
855 4785 956 4856 qui
999 4785 1236 4842 revolvit
1283 4786 1536 4859 lapidem
1570 4789 1642 4845 ab
1686 4791 1834 4846 ostio

195 4874 586 4944 monumenti,
611 4878 668 4929 et
689 4873 954 4930 dissolvit
976 4875 1214 4931 sudaria
1240 4876 1462 4932 funeris
1491 4879 1618 4949 ejus
1649 4880 1832 4950 (Marc.

189 4979 308 5030 xw,
333 4963 412 5032 3.)
443 4963 572 5035 Ipse
592 4979 826 5035 quoque
858 4968 1100 5034 paterna
1119 4964 1347 5034 virtute,
1377 4966 1599 5022 devicta
1629 4973 1834 5035 morte,

197 5052 270 5108 ab
301 5051 528 5108 inferno
561 5051 849 5109 remissus
877 5058 986 5109 est.
1019 5053 1169 5110 Nihil
1201 5054 1297 5110 hic
1328 5054 1690 5128 negligenter
1710 5074 1837 5114 sen-

191 5140 459 5196 tiendum
490 5142 940 5214 autputandum
977 5160 988 5196 :
1023 5143 1162 5214 quia
1177 5145 1249 5199 ab
1276 5144 1500 5216 angelis
1517 5149 1690 5215 (Psal.
1712 5165 1832 5216 vm,

188 5229 294 5301 6):
328 5245 462 5286 cum
509 5234 573 5286 ut
621 5229 796 5286 homo
845 5232 1108 5304 suscepit
1156 5238 1425 5288 mortem.
1458 5235 1602 5290 Nam
1653 5236 1712 5291 in
1745 5253 1837 5291 re-

188 5319 556 5376 surrectione
580 5323 645 5374 ut
676 5323 827 5376 Deus
860 5337 1052 5391 verus,
1075 5321 1336 5394 angelico
1369 5340 1514 5379 usus
1545 5329 1634 5380 est
1668 5325 1837 5380 mini-

187 5407 386 5464 sterio.
422 5407 688 5481 Regnum
720 5408 829 5465 hoc
857 5409 927 5464 ad
953 5409 1318 5483 principatus
1349 5429 1451 5468 nec
1483 5414 1553 5469 ad
1585 5413 1834 5471 Pharao-

261 5533 276 5567 ¹
310 5531 514 5609 Recole
543 5550 689 5609 quae
721 5533 898 5609 paulo
948 5537 1221 5609 superius
1253 5537 1311 5592 in
1364 5537 1509 5609 psal.
1546 5556 1729 5594 Lxxvu
1762 5541 1831 5595 ad

189 5605 494 5692 geminu‘m
541 5605 935 5692 istius’locum
975 5605 1382 5692 observa-mus:
1419 5611 1496 5692 De
1543 5628 1831 5692 cynornya,

191 5675 319 5750 Quae
349 5675 749 5748 subsequitur,
771 5684 945 5751 atque
974 5679 1069 5737 hic
1098 5684 1303 5738 auctor
1321 5685 1527 5739 contra
1552 5675 1671 5739 v'eri
1699 5675 1836 5742 Hie;

2022 4727 2041 4752 ε
2077 4700 2371 4759 Convertit
2401 4716 2584 4772 aquas
2617 4715 2819 4756 eorum
2851 4698 2909 4755 in
2933 4699 3306 4772 sanguinem.
3337 4719 3365 4747 »
3397 4697 3470 4753 Ut
3491 4696 3593 4769 qui

1949 4791 2282 4848 seducendo
2315 4789 2657 4859 sanguinem
2694 4788 3020 4845 effuderant
3050 4786 3446 4860 parvulorum,
3479 4785 3594 4858 ipsi

1946 4881 2220 4953 deinceps
2251 4897 2354 4950 pro
2395 4879 2565 4951 aquis
2594 4893 2863 4934 cruorem
2912 4877 3235 4934 haurirent.
3266 4876 3376 4933 Sed
3407 4874 3589 4931 maxi-

1947 4987 2041 5026 me
2072 4969 2165 5026 hic
2204 4967 2529 5024 versiculus
2575 4968 2878 5023 hzereticos
2924 4965 3181 5039 respicit.
3214 4987 3242 5015 ‹‹
3272 4966 3341 5021 Et
3377 4963 3592 5021 occidit

1947 5060 2137 5132 pisces
2161 5074 2385 5114 eorum.
2417 5079 2445 5106 ››
2477 5056 2584 5123 Qui
2616 5056 2768 5112 inter
2812 5057 3128 5111 ﬂuctuosas
3160 5054 3338 5126 hujus
3380 5053 3587 5110 mundi
3690 5092 3701 5104 .

1947 5147 2253 5202 felicitates
2284 5162 2527 5218 regnum
2559 5161 2686 5202 esse
2719 5144 3024 5217 putabant.

2020 5258 2049 5285 «
2091 5237 2156 5291 Et
2203 5235 2365 5292 dedit
2412 5238 2566 5290 terra
2610 5250 2813 5290 eorum
2861 5250 3036 5288 ranas
3083 5232 3141 5287 in
3192 5231 3586 5303 penetralibus

1947 5342 2151 5398 regum
2201 5324 2544 5396 ipsorum.»
2583 5325 2645 5377 In
2695 5321 2874 5391 ranis,
2917 5325 3220 5394 poetarum
3269 5320 3533 5378 carmina
3569 5324 3583 5357 ί

1948 5413 2352 5486 designantur,
2383 5413 2481 5484 qui
2517 5429 2549 5468 a
2596 5411 2884 5468 catholica
2932 5410 3134 5484 regula
3163 5411 3586 5484 discrepantes,

1946 5539 2170 5610 ronymi
2205 5537 2551 5594 sententiam
2585 5537 2757 5610 vertit
2786 5538 2843 5591 in
2874 5538 3135 5610 caninam
3158 5552 3426 5604 muscam,
3456 5533 3588 5589 vide

1944 5608 2073 5683 qua}
2099 5611 2158 5665 in
2190 5612 2424 5683 praeﬁxa
2455 5608 2852 5665 admonitione
2883 5609 3355 5688 perstrinximus.
