3976 6188
322 370 344 433 ί
355 368 468 426 (207

1700 426 1702 428 ,
1810 368 2226 431 APPENDIX.

3570 377 3733 442 ΗΘΒ

321 517 526 576 regum
557 506 919 560 terrenorum
960 499 1136 580 corda
1183 499 1592 573 deceptionum
1626 502 1841 561 fabulis
1873 519 1966 560 re-
1995 505 2052 572 Α
2082 506 2290 577 fontes,
2332 505 2432 578 qui
2480 509 2710 565 nostros
2751 523 2976 565 errores
3021 506 3274 568 abluunt
3323 513 3383 566 et
3423 510 3737 569 ariditatos

323 591 506 664 plent.
835 638 842 644 .

394 705 422 732 ‹‹
457 681 627 752 Dixit,
652 685 708 738 et
737 681 894 738 venit
941 698 1243 755 cynomya.
1271 705 1298 730 ››
1347 682 1409 737 In
1459 699 1758 754 cynomya,
1793 682 1850 738 id
1881 686 1970 738 est

326 771 536 826 canina
567 788 789 838 musca,
821 787 947 842 quia
982 770 1040 826 in
1071 787 1234 826 coeno
1266 787 1331 826 ac
1371 775 1622 827 stercore
1651 770 1966 841 volutatur,

323 861 618 916 luxuriam
642 860 862 916 indicat
893 877 906 914 :
937 877 1064 931 quas
1096 859 1445 932 plerumque
1472 877 1802 932 compressa
1837 860 1965 932 pul-

322 949 486 1014 lulat.
512 950 672 1005 Sicut
694 950 920 1016 Petrus,
963 949 1176 1021 inquit,
1201 949 1501 1021 apostolus
1536 965 1547 1002 :
1585 949 1748 1005 Canis
1778 966 1970 1007 rever-

323 1055 415 1094 sus
446 1039 515 1094 ad
543 1041 826 1104 vomitum,
852 1047 902 1094 el
930 1055 1022 1094 sus
1053 1039 1171 1094 lota
1200 1056 1235 1092 (ι
1264 1040 1518 1109 squalore
1546 1040 1690 1094 caeni
1718 1041 1968 1110 (ΙΙ-Ρειν.

324 1145 388 1193 ιι,
419 1129 531 1198 22).
572 1148 592 1176 ‹‹
628 1129 695 1183 Et
743 1127 947 1184 cinifes
993 1129 1053 1183 in
1087 1129 1364 1184 omnibus
1416 1128 1636 1184 ﬁnibus
1683 1145 1905 1184 eorum.
1942 1151 1970 1178 »

325 1220 386 1273 In
438 1218 611 1273 cinife
667 1217 982 1272 dialecticae
1029 1217 1172 1272 artis
1221 1216 1499 1272 stimulus
1551 1216 1901 1290 intelligitur
1954 1234 1966 1271 :

316 1324 452 1378 .quze
491 1306 627 1362 licet
659 1323 901 1378 parvum
930 1306 1198 1362 videatur
1217 1305 1430 1362 habere
1461 1306 1818 1363 seductionis
1835 1323 1972 1362 acu-

325 1396 506 1462 leum,
538 1397 883 1469 gravissime
918 1400 1114 1452 tamen
1149 1397 1372 1451 sauciat
1401 1400 1628 1450 mentes
1657 1394 1969 1453 humanas.

405 1508 425 1535 ι
454 1486 665 1541 Posuit
693 1486 920 1558 pluvias
950 1502 1149 1541 eorum
1193 1484 1559 1556 grandinem.
1593 1505 1619 1533 »
1654 1483 1728 1539 Ut
1759 1483 1974 1540 divinis

330 1579 714 1647 arguerentur
742 1574 1096 1630 verberibus.
1134 1596 1161 1622 «
1198 1576 1395 1645 Ignem
1429 1576 1696 1628 urentem
1725 1573 1785 1627 in
1821 1578 1976 1629 terra

331 1680 555 1720 eorum.
594 1687 620 1713 ››
674 1665 799 1718 Non
848 1662 1298 1729 illuminantem,
1333 1662 1432 1718 sed
1481 1666 1744 1717 urentem
1788 1680 1801 1717 :
1836 1663 1976 1733 quia

331 1757 570 1808 sanctus
600 1751 754 1822 ignis
777 1752 972 1820 justos
1002 1749 1318 1820 illuminat,
1351 1754 1681 1822 peccatores
1710 1750 1918 1807 exurit.

402 1863 430 1891 ‹‹
465 1842 532 1895 Et
559 1840 850 1912 percussit
876 1840 1074 1896 vineas
1105 1856 1328 1907 eorum,
1359 1844 1416 1895 et
1435 1839 1714 1896 ﬁculneae
1749 1857 1973 1906 eorum,

327 1933 383 1985 et
414 1929 685 1985 contrivit
706 1946 877 1986 omne
906 1930 1132 2002 lignum
1156 1930 1364 1985 ﬁnium
1386 1946 1659 1985 eorum.»
1693 1933 1757 1984 In
1786 1929 1972 1986 vineis

326 2019 708 2091 ﬁculneisque
729 2036 794 2074 ac
826 2018 1068 2091 reliquis
1091 2019 1289 2091 lignis,
1315 2034 1488 2074 omne
1518 2018 1847 2074 humanum
1875 2035 1973 2091 ge-

325 2126 437 2165 nus
488 2108 744 2165 ostendit
802 2109 992 2181 plagis
1051 2107 1391 2164 coelestibus
1448 2107 1841 2177 verberatum,
1901 2109 1972 2164 ob

325 2197 752 2254 emendationis
783 2214 1046 2254 causam.

397 2309 424 2336 α
459 2287 633 2354 Dixit,
667 2291 723 2341 et
751 2285 910 2342 venit
960 2285 1190 2341 locusta
1219 2291 1275 2341 et
1319 2285 1579 2342 bruchus
1615 2303 1627 2340 :
1661 2287 1831 2357 cujus
1860 2303 1974 2342 non

325 2379 450 2432 erat
481 2391 784 2430 numerus.
810 2376 880 2429 Et
900 2374 1155 2430 comedit
1174 2391 1347 2429 omne
1377 2374 1575 2430 fenum
1606 2374 1666 2429 in
1699 2380 1849 2430 terra
1880 2391 1974 2430 eo-

327 2479 480 2529 rum,
514 2467 572 2518 et
611 2463 866 2518 comedit
911 2479 1143 2517 omnem
1191 2463 1451 2518 fructum
1495 2468 1659 2519 terrae
1689 2480 1910 2519 eorum.
1945 2488 1972 2513 ››

326 2553 390 2607 In
424 2552 554 2606 feno
577 2551 897 2622 fructuque
929 2551 1152 2622 reliquo
1195 2555 1360 2607 terrae
1391 2552 1833 2623 castigationem
1865 2553 1974 2609 hu-

330 2656 568 2694 manam
598 2639 786 2695 docet.
820 2640 1001 2695 Datur
1040 2640 1194 2696 enim
1227 2642 1484 2711 potestas
1513 2641 1764 2696 adversas
1797 2642 1971 2712 parti,

331 2733 395 2784 ut
441 2731 647 2784 noceat
692 2727 1034 2784 hominibus
1077 2729 1174 2798 qui
1232 2727 1439 2784 nolunt
1469 2745 1640 2801 agere
1690 2731 1974 2801 poeniten-

327 2818 493 2884 tiam,
520 2817 673 2874 sicut
700 2817 1077 2890 Apocalypsis
1107 2819 1273 2874 docet
1298 2818 1486 2890 (Apoc.
1524 2836 1601 2887 1x,
1637 2821 1711 2888 4).

401 2930 428 2956 (ί
463 2908 530 2962 Et
558 2907 850 2978 percussit
879 2923 1050 2963 omne
1099 2907 1558 2979 primogenitum
1591 2907 1648 2963 in
1699 2913 1853 2964 terra
1881 2909 1973 2963 2E-

325 2996 507 3070 gypti,
541 2996 831 3068 primitias
861 2997 1054 3052 omnis
1075 2995 1292 3052 laboris
1313 3014 1537 3053 eorum.
1565 3019 1592 3046 »
1626 2996 1974 3069 Principalia

329 3085 469 3141 vitia
502 3101 514 3140 :
549 3103 674 3157 quae
704 3085 974 3141 homines
1004 3102 1108 3141 ceu
1138 3086 1560 3157 primogenitos
1593 3085 1934 3157 diligebant.

398 3198 426 3225 ‹‹
461 3177 531 3230 Et
561 3175 760 3230 eduxit
788 3191 886 3230 eos
917 3175 972 3229 in
1025 3179 1265 3247 argento
1297 3179 1353 3230 et
1403 3192 1565 3245 auro,
1598 3180 1656 3230 et
1704 3192 1818 3231 non
1853 3179 1977 3232 erat

319 3263 379 3319 in
413 3263 688 3318 tribubus
718 3280 920 3319 eorum
942 3262 1396 3319 infirmus.»His
1427 3262 1615 3336 plagis
1636 3265 1972 3337 IEgyptum,
2003 3251 2048 3315 C

315 3352 374 3408 id
424 3356 531 3420 est,
582 3351 671 3408 vel
723 3352 833 3410 hoc
885 3351 1190 3420 saeculum,
1231 3353 1318 3408 vel
1368 3353 1690 3408 humanam
1740 3370 1971 3410 carnem

314 3445 597 3498 verberat.
629 3443 742 3498 Sed
775 3443 1220 3498 educuntuntur
1249 3442 1460 3497 animae
1481 3441 1540 3496 in
1573 3447 1813 3514 argento
1845 3459 1975 3498 con-

318 3531 594 3588 fessionis
643 3531 874 3594 lucidzn,
907 3537 965 3587 et
997 3549 1146 3588 auro
1201 3531 1471 3603 puritatis
1501 3530 1840 3603 splendidae,
1874 3549 1974 3588 su-

317 3618 474 3674 blata
504 3619 663 3674 omni
692 3619 1034 3677 infirmitate
1065 3621 1307 3692 peccati.

373 3730 427 3756 -«
462 3707 680 3762 Laetata
737 3711 824 3762 est
870 3709 1154 3780 Egyptus
1206 3710 1264 3764 in
1298 3709 1658 3782 proiectione
1703 3726 1904 3766 eorum
1957 3729 1968 3766 :

325 3795 464 3867 quia
492 3795 760 3851 incubuit
779 3795 956 3852 timor
986 3812 1186 3852 eorum
1212 3815 1386 3869 super
1415 3817 1534 3855 eos.
1562 3821 1590 3848 »
1622 3799 1970 3856 Cohabitan-

324 3890 380 3940 te
410 3884 565 3940 enim
597 3884 744 3952 luce,
782 3901 896 3940 non
929 3890 1196 3957 poterant
1217 3903 1392 3957 opera
1421 3889 1794 3943 tenebrarum
1817 3905 1974 3945 exer-

321 3990 451 4029 cere
484 3991 497 4028 :
531 3973 672 4045 quia
701 3973 892 4030 omnis
924 3974 1024 4046 qui
1058 3973 1212 4030 male
1242 3974 1380 4046 agit,
1417 3977 1540 4031 odit
1569 3976 1759 4032 lucem
1791 3978 1968 4047 (Joan.

319 4080 404 4132 In,
437 4063 551 4134 20).

396 4175 417 4202 ι
458 4151 749 4224 Expandit
797 4153 1012 4208 nubem
1066 4151 1126 4207 in
1177 4152 1597 4224 protectionem
1647 4169 1871 4222 eorum,
1916 4157 1970 4210 et

324 4242 520 4312 ignem
562 4245 626 4296 ut
670 4241 889 4297 luceret
917 4240 1001 4297 eis
1050 4258 1152 4313 per
1183 4245 1431 4298 noctem.
1471 4265 1490 4290 υ
1543 4242 1771 4298 Nubem
1805 4247 1862 4298 et
1891 4243 1972 4315 ig-

325 4345 462 4384 nem
491 4329 770 4400 Spiritum
821 4334 1094 4386 sanctum
1145 4330 1287 4386 dicit
1318 4348 1329 4385 :
1366 4331 1467 4401 qui
1499 4348 1606 4387 nos
1637 4336 1693 4387 et
1723 4332 1794 4387 ab
1825 4337 1970 4388 aestu

317 4417 431 4472 diei
463 4417 743 4483 defendit,
775 4422 833 4473 et
865 4419 924 4474 in
954 4421 1259 4476 nocturnis
1290 4419 1544 4476 tenebris
1581 4419 1897 4476 illuminat.

2077 594 2345 667 irrigant.

2151 707 2180 736 α
2213 684 2498 750 Quoniam
2531 703 2758 744 memor
2779 687 2891 743 fuit
2917 687 3076 744 verbi
3102 689 3291 746 sancti
3316 689 3411 745 sui
3444 691 3603 760 quod
3637 691 3738 747 ha-

2079 774 2206 830 buit
2237 775 2309 830 ad
2343 775 2634 832 Abraham
2666 765 2912 849 puerum
2962 795 3158 834 suum.
3193 803 3216 831 ι
3256 779 3536 852 Implevit
3583 782 3739 836 enim

2079 880 2194 920 non
2236 864 2309 920 de
2355 865 2704 933 seminibus,
2739 867 2840 922 sed
2872 866 2945 922 de
2997 867 3220 923 semine
3251 868 3404 938 ejus,
3441 868 3508 923 id
3556 871 3743 926 estde

2079 950 2327 1021 Christo,
2361 954 2814 1025 promissionem
2845 971 3035 1010 suam.
3071 956 3215 1012 Nam
3246 957 3427 1026 Deus,
3466 961 3648 1013 natus
3669 975 3738 1013 ex

2078 1040 2335 1113 Virgine,
2397 1060 2507 1099 sua
2563 1047 2750 1100 morte
2807 1043 3016 1100 devicit
3073 1050 3344 1116 mortem,
3398 1062 3513 1118 per
3567 1063 3738 1117 quam

2080 1147 2237 1186 nunc
2263 1132 2420 1203 quod
2450 1132 2696 1188 Abrahaa
2729 1133 3086 1205 promissum
3117 1139 3244 1190 erat
3271 1135 3332 1190 in
3369 1151 3502 1207 spe,
3542 1136 3738 1192 Eccle-

2081 1219 2169 1274 sia
2200 1221 2458 1292 suscepit
2485 1221 2544 1277 in
2577 1223 2788 1294 specie.
3120 1218 3128 1225 ’

2155 1331 2182 1358 ‹‹
2217 1310 2287 1364 Et
2330 1309 2530 1366 eduxit
2575 1311 2860 1383 populum
2911 1328 3088 1368 suum
3139 1312 3199 1367 in
3231 1313 3661 1381 exsultatione,
3691 1320 3746 1370 et

2083 1397 2299 1454 electos
2329 1415 2468 1456 suos
2498 1399 2556 1455 in
2590 1399 2808 1457 laetitia.
2846 1423 2875 1451 »
2907 1402 3152 1474 Semper
3195 1403 3356 1458 enim
3390 1403 3654 1460 victores
3684 1421 3743 1458 ac

2084 1486 2276 1556 liberi,
2311 1488 2604 1545 canticum
2635 1489 2694 1544 in
2726 1489 2927 1546 laetitia
2955 1499 3013 1546 et
3039 1491 3439 1548 exsultatione
3477 1493 3742 1548 concele-

2084 1574 2294 1645 brant;
2327 1576 2481 1632 sicut
2512 1578 2762 1650 Moyses,
2795 1578 3000 1644 Maria,
3026 1579 3115 1634 vel
3148 1580 3432 1636 Debbora.

2156 1687 2182 1714 ‹‹
2216 1665 2287 1720 Et
2318 1665 2476 1721 dedit
2500 1665 2584 1722 eis
2613 1666 2880 1739 regiones
2901 1668 3188 1739 gentium,
3215 1673 3273 1724 et
3293 1669 3540 1725 labores
3561 1686 3742 1742 popu-

2084 1751 2274 1808 lorum
2324 1755 2732 1824 possederunt.
2767 1777 2796 1805 »
2826 1756 3069 1811 Animas
3117 1762 3356 1813 sanctas
3385 1761 3446 1812 et
3477 1773 3739 1830 corpora,

2085 1839 2144 1896 in
2177 1841 2393 1912 quibus
2423 1842 2588 1914 prius
2617 1848 2920 1914 peccatum
2951 1845 3249 1916 regnabat.

2154 1949 2185 1982 ι
2217 1930 2290 1985 Ut
2311 1931 2644 1988 custodiant
2654 1933 3113 2002 justiﬁcationes
3142 1935 3291 2006 ejus,
3307 1938 3374 1990 et
3399 1934 3598 2007 legem
3620 1937 3741 2007 ejus

2083 2018 2404 2090 requirant.
2442 2042 2463 2068 ι
2500 2020 2575 2076 Ut
2604 2037 2738 2076 cum
2763 2022 2996 2093 justitia
3013 2023 3230 2089 vivant,
3262 2028 3321 2078 et
3355 2025 3649 2096 mysteria
3669 2025 3742 2080 le-

2083 2108 2172 2179 gis
2202 2107 2516 2180 diligenter
2562 2109 2913 2183 intelligant.
2947 2113 3016 2167 Et
3049 2129 3154 2168 nos
3185 2112 3518 2169 Dominum
3550 2114 3739 2186 depre-

2085 2212 2304 2267 cemur,
2339 2201 2422 2263 ut,
2455 2196 2661 2254 deletis
2690 2199 2964 2271 gentibus
2995 2201 3185 2257 noxiis
3222 2217 3432 2258 coram
3462 2203 3614 2257 facie
3638 2219 3736 2257 no-

2084 2289 2224 2350 stra,
2259 2285 2385 2357 ipse
2416 2287 2533 2341 dux
2560 2287 2742 2343 nostri
2771 2289 2874 2344 fiat
2901 2288 3126 2346 itineris
3159 2306 3171 2344 :
3204 2294 3291 2357 ut,
3325 2291 3390 2346 in
3425 2307 3500 2346 eo
3524 2292 3742 2364 jugiter

2084 2373 2466 2440 exsultantes,
2498 2375 2557 2431 in
2606 2380 2822 2434 terram
2871 2379 3374 2451 repromissiomis
3409 2396 3743 2436 mereamur

2082 2462 2306 2530 induci,
2338 2469 2395 2520 et
2421 2464 2480 2519 in
2513 2481 2690 2539 regno
2719 2467 2847 2538 ejus
2879 2467 3066 2535 asciti,
3097 2467 3406 2525 valeamus
3439 2486 3584 2525 cum
3616 2485 3744 2526 san-

2084 2553 2195 2608 ctis
2223 2554 2350 2624 ejus
2381 2553 2579 2610 laetitia
2609 2555 2969 2628 sempiterna
2996 2559 3253 2630 gaudere
3285 2574 3299 2612 :
3331 2559 3482 2630 quia
3514 2559 3634 2631 ipsi
3661 2566 3744 2616 est

2084 2657 2219 2697 cum
2249 2645 2462 2698 aeterno
2495 2643 2661 2700 Patre
2690 2650 2748 2700 et
2775 2645 2998 2717 Spiritu
3025 2650 3224 2703 sancto
3255 2647 3449 2704 honor
3473 2654 3538 2704 et
3562 2648 3746 2721 gloria

2083 2729 2143 2785 in
2176 2730 2389 2786 sacula
2417 2731 2770 2789 saeculorum
2796 2739 3002 2790 Amen.

2664 2822 2998 2880 PSALMUS
3037 2823 3150 2879 CV.

2083 2907 2350 2984 Alleluia,
2383 2910 2632 2966 alleluia.
2666 2912 2782 2984 Iste
2811 2913 3076 2984 psalmus
3099 2911 3443 2983 pcenitentes
3471 2914 3744 2982 roborat,

2158 2980 2518 3057 negligentes
2569 2983 2786 3057 arguit,
2811 2980 3306 3040 'miserico'rdiam
3329 3056 3333 3057 ί
3356 2980 3744 3057 repromittit;

2156 3051 2607 3129 Hanc’regulam
2640 3051 2942 3129 Tdebemus
2990 3060 3206 3129 tenere,
3237 3051 3590 3129 ubicunque
3631 3059 3745 3114 duo

2157 3124 2394 3199 alleluia
2420 3124 2987 3199 praescribunturrin
3038 3126 3287 3199 psalmo,
3322 3132 3391 3182 ut
3440 3124 3636 3184 unum
3680 3131 3746 3185 de

2158 3195 2274 3273 ﬁne
2303 3195 2560 3273 sciamus
2580 3213 2708 3252 esse
2737 3198 2949 3269 prioris
2981 3195 3212 3271 psalmi,
3236 3195 3292 3254 et
3324 3199 3588 3257 alterum
3622 3204 3744 3273 ejus

2160 3266 2259 3336 qui
2289 3267 2575 3339 sequitur.

2157 3377 2184 3404 «
2219 3355 2589 3412 Conﬁtemini
2619 3357 2890 3429 Domino,
2925 3358 3200 3428 quoniam
3248 3359 3470 3417 bonus.
3507 3385 3534 3412 ι
3574 3361 3622 3417 Ο
3652 3378 3744 3417 vos

2084 3444 2182 3514 qui
2215 3444 2470 3516 graviter
2494 3446 2772 3518 peccatis,
2807 3451 2865 3502 et
2894 3447 3213 3520 desperatis
3244 3448 3318 3504 de
3345 3453 3555 3506 vestra
3581 3451 3744 3507 salu-

2083 3536 2159 3596 te,
2193 3538 2249 3587 et
2279 3534 2498 3605 putatis
2532 3535 2811 3607 queniam
2839 3542 3076 3608 propter
3107 3537 3594 3610 magnitudinem
3624 3556 3741 3612 pec-

2082 3624 2346 3676 catorum
2377 3638 2493 3677 non
2541 3625 2785 3695 potestis
2831 3624 3060 3681 veniam
3091 3625 3337 3698 adispici
3372 3644 3387 3680 :
3418 3644 3532 3700 ego
3582 3629 3740 3684 vobis

2082 3709 2374 3781 praecipio,
2408 3710 2516 3766 hoc
2557 3717 2649 3767 est
2691 3713 2973 3786 propheto
3009 3731 3021 3770 :
3055 3737 3084 3764 ‹‹
3115 3715 3501 3773 Conﬁtemini
3530 3719 3737 3786 ,Domi-

2080 3815 2178 3864 no,
2207 3798 2481 3872 quoniam
2501 3801 2714 3858 bonus.
2743 3823 2771 3851 ››
2795 3801 3057 3858 Grandia
3075 3806 3215 3858 sunt
3238 3808 3485 3875 peccata
3509 3811 3735 3862 vestra:

2082 3889 2184 3944 sed
2209 3905 2458 3962 magnus
2481 3893 2571 3946 est
2591 3890 3008 3963 Dominus,qui
3029 3891 3343 3948 miseretur
3365 3894 3574 3950 vestri.
3600 3900 3734 3952 Con-

2082 3976 2328 4032 fitemini
2370 3993 2503 4050 ergo
2557 3977 2824 4034 Domino.
2859 3979 3267 4035 Pcenitentiam
3324 3981 3524 4054 agite:
3563 3983 3739 4039 nolite

2082 4065 2390 4137 desperare
2419 4065 2491 4122 de
2521 4066 2710 4123 salute
2729 4071 2958 4123 vestra:
2990 4068 3284 4141 benignus
3316 4074 3405 4125 est
3430 4071 3734 4127 Dominus.

2084 4175 2112 4203 «
2144 4154 2512 4216 Conﬁtemini
2544 4155 2816 4222 Domino,
2839 4179 2866 4205 ››
2884 4157 2986 4228 qui
3007 4157 3242 4214 habetis
3261 4159 3503 4230 grandia
3526 4173 3736 4229 pecca-

2081 4246 2157 4296 ta.
2193 4241 2380 4298 Nolite
2411 4244 2701 4300 confidere
2739 4243 2799 4300 in
2830 4250 3022 4302 vestra
3063 4244 3302 4315 virtute,
3335 4249 3431 4304 sed
3457 4247 3515 4302 in
3543 4246 3731 4305 mise-

2081 4329 2334 4386 ricordia
2348 4330 2930 4398 Domini.«Quoniam
2947 4334 3005 4390 in
3025 4335 3307 4391 saeculum
3329 4336 3737 4394 misericordia

2079 4421 2229 4489 ejus.
2264 4441 2292 4471 »
2327 4420 2530 4478 Videte
2554 4423 2694 4493 quid
2724 4424 2946 4490 dicat,«
2966 4425 3025 4480 in
3059 4425 3411 4482 seculum.»
3426 4428 3493 4483 In
3514 4428 3738 4501 inferno

387 4530 419 4558 .«
454 4506 753 4563 Petierunt
783 4524 1039 4574 carnem,
1073 4513 1129 4564 et
1158 4509 1314 4564 venit
1363 4510 1653 4565 coturnix.
1691 4534 1712 4562 η
1751 4511 1832 4565 Ex
1861 4509 1970 4566 hac
2077 4517 2258 4564 autem
2290 4513 2412 4582 quis
2450 4510 2802 4584 conﬁtebitur
2831 4513 3068 4569 Domino
3110 4514 3281 4586 (Psal.
3306 4533 3388 4584 v1,
3416 4516 3528 4588 6)?
3557 4517 3734 4573 Nemo

323 4597 479 4653 enim
503 4597 800 4653 coturnice
823 4597 1071 4652 satiatus
1096 4597 1271 4653 Israel
1302 4603 1564 4654 nauseat.
1591 4599 1752 4654 Unde
1770 4616 1971 4656 caven-
2004 4616 2049 4680 D
2083 4604 2172 4654 est
2202 4599 2359 4654 enim
2392 4601 2490 4672 qui
2524 4601 2715 4673 possit
2745 4601 2804 4657 in
2845 4601 3073 4659 inferno
3103 4619 3272 4675 agere
3303 4605 3733 4677 paenitentiam.

326 4687 468 4742 dum
501 4691 591 4742 est
621 4703 693 4743 ne
725 4686 823 4758 qui
856 4703 917 4742 se
946 4687 1126 4742 sentit
1159 4686 1409 4742 liberum
1440 4704 1509 4742 ex
1539 4689 1805 4760 zEgypto,
1841 4688 1972 4744 illu-

329 4775 622 4832 minatum
652 4793 686 4831 a
716 4775 936 4847 Spiritu
988 4779 1207 4846 sancto,
1242 4793 1477 4832 rursum
1513 4777 1801 4832 desideret
1831 4777 1975 4833 ollas

330 4866 577 4939 lEgypti,
611 4865 668 4920 id
700 4869 790 4921 est
839 4865 1341 4936 concupiscentias
1390 4866 1602 4934 carnis,
1637 4883 1764 4938 quae
1795 4867 1846 4922 ei
1878 4881 1973 4937 ge-

331 4960 538 5010 nerant
567 4955 894 5011 fatuitatem
925 4955 1012 5010 vel
1044 4954 1201 5010 vitia.
1235 4955 1380 5018 Quia
1410 4972 1579 5011 nemo
1612 4972 1835 5027 ponens
1857 4972 1976 5010 ma-

333 5057 475 5096 num
506 5041 564 5096 in
599 5046 814 5110 aratro,
839 5047 895 5097 et
925 5041 1245 5114 respiciens
1276 5047 1451 5109 retro,
1476 5047 1648 5115 aptus
1681 5047 1768 5100 est
1799 5059 1975 5116 regno

331 5128 431 5184 Dei
465 5131 615 5200 (Luc.
650 5149 728 5197 1x,
757 5132 869 5204 6'2).
904 5155 932 5181 «
963 5132 1117 5188 Pane
1147 5131 1272 5187 coeli
1305 5132 1584 5188 saturavit
1613 5149 1776 5189 eos.»
1814 5133 1977 5190 Sicut

331 5219 485 5275 enim
516 5219 600 5275 illi
644 5221 715 5278 de
749 5220 910 5276 ccelis
941 5221 1156 5277 fluente
1199 5238 1418 5276 manna
1445 5223 1641 5278 refecti
1680 5227 1818 5279 sunt
1849 5240 1861 5278 :
1896 5222 1976 5277 ita

333 5324 436 5363 nos
467 5309 637 5366 hodie
686 5310 745 5366 in
777 5310 1033 5368 Ecclesia
1081 5326 1319 5383 corpore
1349 5311 1499 5383 Agni
1527 5316 1762 5385 accepto
1795 5312 1976 5367 refici-

328 5413 484 5452 mur.

401 5510 429 5537 ‹‹
463 5484 723 5558 Disrupit
747 5492 994 5559 petram,
1016 5494 1072 5544 et
1103 5491 1392 5546 fluxerunt
1415 5507 1598 5562 aquae,
1620 5493 1675 5544 et
1706 5490 1976 5546 abierunt

328 5575 384 5631 in
419 5575 572 5631 sicco
624 5574 888 5631 flumina.
928 5600 953 5626 »
1005 5579 1324 5635 Percussus
1373 5586 1462 5636 est
1491 5580 1649 5636 enim
1697 5578 1793 5635 ille
1825 5578 1972 5651 lapis

328 5666 616 5735 pretiosus
665 5664 982 5737 angularia,
1026 5671 1082 5721 ct
1135 5667 1451 5724 immensos
1503 5668 1671 5723 nobis
1733 5667 1974 5740 protulit

2082 4693 2224 4743 Cum
2256 4689 2396 4745 estis
2415 4690 2472 4745 in
2504 4689 2613 4746 hoc
2643 4691 2875 4776 saeculo,
2895 4691 3095 4748 hortor
3121 4709 3224 4750 vos
3249 4709 3427 4766 agere
3457 4696 3737 4767 pmniten.

2085 4777 2248 4833 tiam.
2282 4779 2650 4835 Confitemini
2700 4795 2836 4852 ergo
2883 4781 3152 4848 Domino,
3186 4783 3472 4853 quoniam
3524 4785 3590 4840 in
3632 4786 3734 4841 isto

2087 4870 2314 4923 tantum
2357 4868 2570 4924 saeculo
2601 4869 2935 4926 misericors
2964 4875 3074 4926 est.
3111 4871 3210 4927 Hic
3246 4871 3519 4928 misereri
3549 4877 3737 4947 potest

2087 4957 2385 5027 poenitenti
2423 4974 2434 5012 :
2471 4958 2612 5029 quia
2643 4959 2723 5015 ibi
2744 4959 2930 5030 judex
2957 4965 3066 5030 est,
3101 4977 3215 5016 non
3255 4965 3346 5016 est
3374 4961 3732 5020 misericors.

2085 5046 2190 5101 Hic
2243 5046 2574 5104 misericors
2603 5053 2711 5118 est,
2753 5047 2833 5104 ibi
2856 5049 3037 5119 judex
3061 5055 3168 5106 est.
3199 5049 3305 5106 Hic
3331 5051 3586 5127 porrigit
3614 5067 3732 5108 me.

2087 5152 2227 5190 num
2281 5135 2512 5191 cadenti
2547 5153 2559 5192 :
2594 5136 2672 5192 ibi
2712 5137 2874 5193 sedet
2896 5139 3096 5209 judex.
3130 5139 3248 5195 Hoc
3297 5145 3500 5197 autem
3549 5147 3729 5198 totum

2087 5222 2205 5278 dixi
2254 5224 2325 5278 ad
2379 5241 2478 5281 eos
2527 5225 2626 5296 qui
2671 5225 2895 5295 dicunt,
2927 5227 3207 5300 quoniam
3257 5228 3316 5284 in
3366 5229 3599 5287 inferno
3645 5233 3735 5286 est

2086 5313 2445 5384 poenitentia.

2166 5421 2183 5448 ι
2218 5402 2358 5468 Quis
2379 5402 2652 5474 loquetur
2674 5405 2961 5476 potentias
2988 5405 3259 5463 Domini?
3279 5408 3729 5480 »Nemodign'us

2083 5494 2173 5545 est
2221 5491 2534 5562 praedicare
2587 5493 2874 5564 potentias
2907 5494 3118 5566 Patris,
3154 5496 3266 5552 nisi
3317 5496 3522 5552 Filius.
3553 5497 3725 5555 Nemo

2083 5584 2273 5651 potest
2304 5581 2620 5651 potentiam
2652 5582 2844 5638 Patris
2882 5581 3065 5656 loqui,
3099 5583 3211 5640 nisi
3244 5584 3339 5642 ille
3370 5585 3472 5658 qui
3506 5591 3563 5644 et
3609 5587 3723 5659 ipse

2083 5671 2288 5739 potens
2331 5674 2440 5739 est,
2475 5671 2766 5742 potentias
2796 5673 3053 5744 potentis
3089 5673 3216 5747 ipse
3244 5675 3347 5746 qui
3381 5679 3590 5749 potens
3613 5678 3715 5739 est,
