  <div class='ocr_page' id='page_1' title='image "/cluster/home/n/w/nwhite01/storage/ocr_20150623/26/hvd.32044052772472/636.png"; bbox 0 0 3976 6188; ppageno 0'>
   <div class='ocr_carea' id='block_1_1' title="bbox 250 378 404 449">
    <p class='ocr_par' dir='ltr' id='par_1_1' title="bbox 250 378 404 449">
     <span class='ocr_line' id='line_1_1' title="bbox 250 378 404 449; baseline 0.071 -11"><span class='ocrx_word' id='word_1_1' title='bbox 250 378 404 449; x_wconf 72' lang='grc'><strong>1209</strong></span> 
     </span>
    </p>
   </div>
   <div class='ocr_carea' id='block_1_2' title="bbox 1421 378 2475 443">
    <p class='ocr_par' dir='ltr' id='par_1_2' title="bbox 1421 378 2475 443">
     <span class='ocr_line' id='line_1_2' title="bbox 1421 378 2475 443; baseline -0.001 -5"><span class='ocrx_word' id='word_1_2' title='bbox 1421 378 1919 442; x_wconf 60' lang='grc' dir='ltr'><strong>ΒΒΕἽΑΗῈῸΜ</strong></span> <span class='ocrx_word' id='word_1_3' title='bbox 1964 380 2043 441; x_wconf 81' lang='grc' dir='ltr'><strong>ΙΝ</strong></span> <span class='ocrx_word' id='word_1_4' title='bbox 2091 381 2475 443; x_wconf 84' lang='lat' dir='ltr'><strong>PSALMOS.</strong></span> 
     </span>
    </p>
   </div>
   <div class='ocr_carea' id='block_1_3' title="bbox 3498 375 3656 439">
    <p class='ocr_par' dir='ltr' id='par_1_3' title="bbox 3498 375 3656 439">
     <span class='ocr_line' id='line_1_3' title="bbox 3498 375 3656 439; baseline 0.006 -3"><span class='ocrx_word' id='word_1_5' title='bbox 3498 375 3656 439; x_wconf 70' lang='lat'><strong>1210</strong></span> 
     </span>
    </p>
   </div>
   <div class='ocr_carea' id='block_1_4' title="bbox 243 511 3655 591">
    <p class='ocr_par' dir='ltr' id='par_1_4' title="bbox 243 511 3655 591">
     <span class='ocr_line' id='line_1_4' title="bbox 243 511 3655 591; baseline -0.001 -17"><span class='ocrx_word' id='word_1_6' title='bbox 243 517 437 590; x_wconf 77' lang='lat' dir='ltr'><strong>potest</strong></span> <span class='ocrx_word' id='word_1_7' title='bbox 465 512 780 588; x_wconf 74' lang='lat' dir='ltr'><strong>praedicare</strong></span> <span class='ocrx_word' id='word_1_8' title='bbox 807 516 866 570; x_wconf 93' lang='lat' dir='ltr'><strong>et</strong></span> <span class='ocrx_word' id='word_1_9' title='bbox 904 511 1084 586; x_wconf 80' lang='lat' dir='ltr'><strong>loqui.</strong></span> <span class='ocrx_word' id='word_1_10' title='bbox 1121 536 1148 563; x_wconf 91' lang='grc'><strong>‹‹</strong></span> <span class='ocrx_word' id='word_1_11' title='bbox 1196 513 1442 571; x_wconf 90' lang='lat' dir='ltr'><strong>Auditas</strong></span> <span class='ocrx_word' id='word_1_12' title='bbox 1487 514 1658 572; x_wconf 84' lang='lat' dir='ltr'><strong>faciet</strong></span> <span class='ocrx_word' id='word_1_13' title='bbox 1686 531 1890 572; x_wconf 90' lang='lat' dir='ltr'><strong>omnes</strong></span> <span class='ocrx_word' id='word_1_14' title='bbox 1917 521 1973 588; x_wconf 72' lang='grc' dir='ltr'><strong>Α</strong></span> <span class='ocrx_word' id='word_1_15' title='bbox 2003 518 2286 576; x_wconf 89' lang='lat' dir='ltr'><strong>fecerunt.</strong></span> <span class='ocrx_word' id='word_1_16' title='bbox 2337 517 2554 576; x_wconf 87' lang='lat' dir='ltr'><strong>Omnes</strong></span> <span class='ocrx_word' id='word_1_17' title='bbox 2601 516 2760 575; x_wconf 88' lang='lat' dir='ltr'><strong>enim</strong></span> <span class='ocrx_word' id='word_1_18' title='bbox 2802 515 2912 576; x_wconf 97' lang='lat' dir='ltr'><strong>sub</strong></span> <span class='ocrx_word' id='word_1_19' title='bbox 2960 519 3196 591; x_wconf 89' lang='lat' dir='ltr'><strong>peccato</strong></span> <span class='ocrx_word' id='word_1_20' title='bbox 3243 511 3551 580; x_wconf 80' lang='lat' dir='ltr'><strong>conclusit,</strong></span> <span class='ocrx_word' id='word_1_21' title='bbox 3583 517 3655 570; x_wconf 88' lang='lat' dir='ltr'><strong>ut</strong></span> 
     </span>
    </p>
   </div>
   <div class='ocr_carea' id='block_1_5' title="bbox 245 604 1890 676">
    <p class='ocr_par' dir='ltr' id='par_1_5' title="bbox 245 604 1890 676">
     <span class='ocr_line' id='line_1_5' title="bbox 245 604 1890 676; baseline -0.001 -13"><span class='ocrx_word' id='word_1_22' title='bbox 245 605 450 664; x_wconf 88' lang='lat' dir='ltr'><strong>laudes</strong></span> <span class='ocrx_word' id='word_1_23' title='bbox 472 606 620 674; x_wconf 84' lang='lat' dir='ltr'><strong>ejus.</strong></span> <span class='ocrx_word' id='word_1_24' title='bbox 658 627 684 652; x_wconf 85' lang='lat'><strong>»</strong></span> <span class='ocrx_word' id='word_1_25' title='bbox 714 608 1046 676; x_wconf 81' lang='lat' dir='ltr'><strong>Antequam</strong></span> <span class='ocrx_word' id='word_1_26' title='bbox 1078 604 1362 660; x_wconf 88' lang='lat' dir='ltr'><strong>Dominus</strong></span> <span class='ocrx_word' id='word_1_27' title='bbox 1395 609 1592 661; x_wconf 83' lang='lat' dir='ltr'><strong>noster</strong></span> <span class='ocrx_word' id='word_1_28' title='bbox 1619 604 1678 660; x_wconf 92' lang='lat' dir='ltr'><strong>in</strong></span> <span class='ocrx_word' id='word_1_29' title='bbox 1709 606 1890 663; x_wconf 89' lang='lat' dir='ltr'><strong>Evan-</strong></span> 
     </span>
    </p>
   </div>
   <div class='ocr_carea' id='block_1_6' title="bbox 246 693 1891 768">
    <p class='ocr_par' dir='ltr' id='par_1_6' title="bbox 246 693 1891 768">
     <span class='ocr_line' id='line_1_6' title="bbox 246 693 1891 768; baseline 0 -18"><span class='ocrx_word' id='word_1_30' title='bbox 246 694 397 768; x_wconf 85' lang='lat' dir='ltr'><strong>gelia</strong></span> <span class='ocrx_word' id='word_1_31' title='bbox 427 693 785 766; x_wconf 64' lang='lat' dir='ltr'><strong>praedicaret,</strong></span> <span class='ocrx_word' id='word_1_32' title='bbox 814 693 1018 750; x_wconf 90' lang='lat' dir='ltr'><strong>laudes</strong></span> <span class='ocrx_word' id='word_1_33' title='bbox 1042 693 1226 750; x_wconf 84' lang='lat' dir='ltr'><strong>Patris</strong></span> <span class='ocrx_word' id='word_1_34' title='bbox 1258 710 1374 749; x_wconf 91' lang='lat' dir='ltr'><strong>non</strong></span> <span class='ocrx_word' id='word_1_35' title='bbox 1405 698 1571 750; x_wconf 85' lang='lat' dir='ltr'><strong>erant</strong></span> <span class='ocrx_word' id='word_1_36' title='bbox 1599 695 1812 750; x_wconf 65' lang='lat' dir='ltr'><strong>auditae</strong></span> <span class='ocrx_word' id='word_1_37' title='bbox 1832 696 1891 750; x_wconf 91' lang='lat' dir='ltr'><strong>in</strong></span> 
     </span>
    </p>
   </div>
   <div class='ocr_carea' id='block_1_7' title="bbox 247 783 1896 855">
    <p class='ocr_par' dir='ltr' id='par_1_7' title="bbox 247 783 1896 855">
     <span class='ocr_line' id='line_1_7' title="bbox 247 783 1896 855; baseline -0.001 -14"><span class='ocrx_word' id='word_1_38' title='bbox 247 784 492 841; x_wconf 90' lang='lat' dir='ltr'><strong>mundo.</strong></span> <span class='ocrx_word' id='word_1_39' title='bbox 541 783 724 840; x_wconf 85' lang='lat' dir='ltr'><strong>Omne</strong></span> <span class='ocrx_word' id='word_1_40' title='bbox 781 783 935 854; x_wconf 90' lang='lat' dir='ltr'><strong>quod</strong></span> <span class='ocrx_word' id='word_1_41' title='bbox 987 783 1045 838; x_wconf 90' lang='lat' dir='ltr'><strong>in</strong></span> <span class='ocrx_word' id='word_1_42' title='bbox 1095 783 1220 855; x_wconf 88' lang='lat' dir='ltr'><strong>lege</strong></span> <span class='ocrx_word' id='word_1_43' title='bbox 1275 784 1451 839; x_wconf 81' lang='lat' dir='ltr'><strong>veteri</strong></span> <span class='ocrx_word' id='word_1_44' title='bbox 1501 784 1798 851; x_wconf 85' lang='lat' dir='ltr'><strong>scribitur,</strong></span> <span class='ocrx_word' id='word_1_45' title='bbox 1845 786 1896 841; x_wconf 91' lang='lat' dir='ltr'><strong>si</strong></span> 
     </span>
    </p>
   </div>
   <div class='ocr_carea' id='block_1_8' title="bbox 249 871 1893 947">
    <p class='ocr_par' dir='ltr' id='par_1_8' title="bbox 249 871 1893 947">
     <span class='ocr_line' id='line_1_8' title="bbox 249 871 1893 947; baseline -0.001 -16"><span class='ocrx_word' id='word_1_46' title='bbox 249 871 634 947; x_wconf 90' lang='lat' dir='ltr'><strong>spiritualiter</strong></span> <span class='ocrx_word' id='word_1_47' title='bbox 681 871 1059 944; x_wconf 89' lang='lat' dir='ltr'><strong>intelligatur,</strong></span> <span class='ocrx_word' id='word_1_48' title='bbox 1107 873 1214 928; x_wconf 89' lang='lat' dir='ltr'><strong>hoc</strong></span> <span class='ocrx_word' id='word_1_49' title='bbox 1263 877 1454 944; x_wconf 84' lang='lat' dir='ltr'><strong>potest</strong></span> <span class='ocrx_word' id='word_1_50' title='bbox 1492 873 1563 929; x_wconf 90' lang='lat' dir='ltr'><strong>de</strong></span> <span class='ocrx_word' id='word_1_51' title='bbox 1609 873 1776 929; x_wconf 87' lang='lat' dir='ltr'><strong>Patre</strong></span> <span class='ocrx_word' id='word_1_52' title='bbox 1806 873 1893 929; x_wconf 92' lang='lat' dir='ltr'><strong>in-</strong></span> 
     </span>
    </p>
   </div>
   <div class='ocr_carea' id='block_1_9' title="bbox 243 961 455 1034">
    <p class='ocr_par' dir='ltr' id='par_1_9' title="bbox 243 961 455 1034">
     <span class='ocr_line' id='line_1_9' title="bbox 243 961 455 1034; baseline -0.009 -15"><span class='ocrx_word' id='word_1_53' title='bbox 243 961 455 1034; x_wconf 87' lang='lat' dir='ltr'><strong>telligi.</strong></span> 
     </span>
    </p>
   </div>
   <div class='ocr_carea' id='block_1_10' title="bbox 320 1051 1900 1129">
    <p class='ocr_par' dir='ltr' id='par_1_10' title="bbox 320 1051 1900 1129">
     <span class='ocr_line' id='line_1_10' title="bbox 320 1051 1900 1129; baseline 0.006 -26"><span class='ocrx_word' id='word_1_54' title='bbox 320 1075 349 1103; x_wconf 79' lang='lat'><strong><em>«</em></strong></span> <span class='ocrx_word' id='word_1_55' title='bbox 383 1051 543 1108; x_wconf 87' lang='lat' dir='ltr'><strong>Beati</strong></span> <span class='ocrx_word' id='word_1_56' title='bbox 567 1051 664 1123; x_wconf 89' lang='lat' dir='ltr'><strong>qui</strong></span> <span class='ocrx_word' id='word_1_57' title='bbox 701 1051 1370 1124; x_wconf 91' lang='lat' dir='ltr'><strong>custodiuntjudicium,</strong></span> <span class='ocrx_word' id='word_1_58' title='bbox 1403 1058 1459 1110; x_wconf 90' lang='lat' dir='ltr'><strong>et</strong></span> <span class='ocrx_word' id='word_1_59' title='bbox 1479 1055 1703 1112; x_wconf 85' lang='lat' dir='ltr'><strong>faciunt</strong></span> <span class='ocrx_word' id='word_1_60' title='bbox 1725 1057 1900 1129; x_wconf 89' lang='lat' dir='ltr'><strong>justi-</strong></span> 
     </span>
    </p>
   </div>
   <div class='ocr_carea' id='block_1_11' title="bbox 249 1140 1901 1214">
    <p class='ocr_par' dir='ltr' id='par_1_11' title="bbox 249 1140 1901 1214">
     <span class='ocr_line' id='line_1_11' title="bbox 249 1140 1901 1214; baseline 0.002 -14"><span class='ocrx_word' id='word_1_61' title='bbox 249 1141 396 1200; x_wconf 80' lang='lat' dir='ltr'><strong>tiam</strong></span> <span class='ocrx_word' id='word_1_62' title='bbox 443 1141 504 1197; x_wconf 92' lang='lat' dir='ltr'><strong>in</strong></span> <span class='ocrx_word' id='word_1_63' title='bbox 555 1140 714 1198; x_wconf 89' lang='lat' dir='ltr'><strong>omni</strong></span> <span class='ocrx_word' id='word_1_64' title='bbox 761 1144 1040 1214; x_wconf 87' lang='lat' dir='ltr'><strong>tempore.</strong></span> <span class='ocrx_word' id='word_1_65' title='bbox 1077 1164 1104 1189; x_wconf 88' lang='grc'><strong>››</strong></span> <span class='ocrx_word' id='word_1_66' title='bbox 1154 1142 1326 1199; x_wconf 84' lang='lat' dir='ltr'><strong>Recte</strong></span> <span class='ocrx_word' id='word_1_67' title='bbox 1375 1144 1556 1200; x_wconf 86' lang='lat' dir='ltr'><strong>David</strong></span> <span class='ocrx_word' id='word_1_68' title='bbox 1605 1145 1661 1200; x_wconf 90' lang='lat' dir='ltr'><strong>id</strong></span> <span class='ocrx_word' id='word_1_69' title='bbox 1712 1146 1901 1203; x_wconf 87' lang='lat' dir='ltr'><strong>dicere</strong></span> 
     </span>
    </p>
   </div>
   <div class='ocr_carea' id='block_1_12' title="bbox 250 1231 1899 1306">
    <p class='ocr_par' dir='ltr' id='par_1_12' title="bbox 250 1231 1899 1306">
     <span class='ocr_line' id='line_1_12' title="bbox 250 1231 1899 1306; baseline 0.003 -19"><span class='ocrx_word' id='word_1_70' title='bbox 250 1235 498 1304; x_wconf 79' lang='lat' dir='ltr'><strong>poterat,</strong></span> <span class='ocrx_word' id='word_1_71' title='bbox 533 1236 591 1288; x_wconf 89' lang='lat' dir='ltr'><strong>et</strong></span> <span class='ocrx_word' id='word_1_72' title='bbox 619 1231 743 1303; x_wconf 92' lang='lat' dir='ltr'><strong>ipse</strong></span> <span class='ocrx_word' id='word_1_73' title='bbox 787 1232 1082 1302; x_wconf 89' lang='lat' dir='ltr'><strong>judicium</strong></span> <span class='ocrx_word' id='word_1_74' title='bbox 1114 1235 1326 1291; x_wconf 80' lang='lat' dir='ltr'><strong>fecerat</strong></span> <span class='ocrx_word' id='word_1_75' title='bbox 1350 1239 1408 1291; x_wconf 90' lang='lat' dir='ltr'><strong>et</strong></span> <span class='ocrx_word' id='word_1_76' title='bbox 1428 1235 1764 1306; x_wconf 86' lang='lat' dir='ltr'><strong>justitiam:</strong></span> <span class='ocrx_word' id='word_1_77' title='bbox 1799 1238 1899 1292; x_wconf 88' lang='lat' dir='ltr'><strong>sed</strong></span> 
     </span>
    </p>
   </div>
   <div class='ocr_carea' id='block_1_13' title="bbox 250 1320 1904 1397">
    <p class='ocr_par' dir='ltr' id='par_1_13' title="bbox 250 1320 1904 1397">
     <span class='ocr_line' id='line_1_13' title="bbox 250 1320 1904 1397; baseline 0.004 -22"><span class='ocrx_word' id='word_1_78' title='bbox 250 1320 530 1392; x_wconf 83' lang='lat' dir='ltr'><strong>quoniam</strong></span> <span class='ocrx_word' id='word_1_79' title='bbox 565 1337 680 1377; x_wconf 92' lang='lat' dir='ltr'><strong>non</strong></span> <span class='ocrx_word' id='word_1_80' title='bbox 712 1321 849 1378; x_wconf 88' lang='lat' dir='ltr'><strong>fecit</strong></span> <span class='ocrx_word' id='word_1_81' title='bbox 876 1323 936 1378; x_wconf 93' lang='lat' dir='ltr'><strong>in</strong></span> <span class='ocrx_word' id='word_1_82' title='bbox 967 1323 1126 1378; x_wconf 91' lang='lat' dir='ltr'><strong>omni</strong></span> <span class='ocrx_word' id='word_1_83' title='bbox 1171 1329 1452 1396; x_wconf 90' lang='lat' dir='ltr'><strong>tempore,</strong></span> <span class='ocrx_word' id='word_1_84' title='bbox 1485 1331 1788 1397; x_wconf 87' lang='lat' dir='ltr'><strong>propterea</strong></span> <span class='ocrx_word' id='word_1_85' title='bbox 1816 1342 1904 1381; x_wconf 90' lang='lat' dir='ltr'><strong>ce-</strong></span> 
     </span>
    </p>
   </div>
   <div class='ocr_carea' id='block_1_14' title="bbox 250 1411 1903 1486">
    <p class='ocr_par' dir='ltr' id='par_1_14' title="bbox 250 1411 1903 1486">
     <span class='ocr_line' id='line_1_14' title="bbox 250 1411 1903 1486; baseline 0.003 -21"><span class='ocrx_word' id='word_1_86' title='bbox 250 1411 410 1468; x_wconf 83' lang='lat' dir='ltr'><strong>cinit.</strong></span> <span class='ocrx_word' id='word_1_87' title='bbox 446 1411 595 1478; x_wconf 87' lang='lat' dir='ltr'><strong>Quid</strong></span> <span class='ocrx_word' id='word_1_88' title='bbox 626 1412 783 1468; x_wconf 90' lang='lat' dir='ltr'><strong>enim</strong></span> <span class='ocrx_word' id='word_1_89' title='bbox 823 1413 1010 1469; x_wconf 82' lang='lat' dir='ltr'><strong>dicit?</strong></span> <span class='ocrx_word' id='word_1_90' title='bbox 1040 1437 1066 1464; x_wconf 86' lang='lat'><strong>«</strong></span> <span class='ocrx_word' id='word_1_91' title='bbox 1103 1414 1259 1470; x_wconf 89' lang='lat' dir='ltr'><strong>Beati</strong></span> <span class='ocrx_word' id='word_1_92' title='bbox 1292 1414 1392 1486; x_wconf 87' lang='lat' dir='ltr'><strong>qui</strong></span> <span class='ocrx_word' id='word_1_93' title='bbox 1437 1415 1903 1485; x_wconf 89' lang='lat' dir='ltr'><strong>custodiuntju-</strong></span> 
     </span>
    </p>
   </div>
   <div class='ocr_carea' id='block_1_15' title="bbox 258 1501 1898 1576">
    <p class='ocr_par' dir='ltr' id='par_1_15' title="bbox 258 1501 1898 1576">
     <span class='ocr_line' id='line_1_15' title="bbox 258 1501 1898 1576; baseline 0 -18"><span class='ocrx_word' id='word_1_94' title='bbox 258 1501 500 1567; x_wconf 88' lang='lat' dir='ltr'><strong>dicium,</strong></span> <span class='ocrx_word' id='word_1_95' title='bbox 547 1507 604 1557; x_wconf 90' lang='lat' dir='ltr'><strong>et</strong></span> <span class='ocrx_word' id='word_1_96' title='bbox 649 1503 872 1558; x_wconf 91' lang='lat' dir='ltr'><strong>faciunt</strong></span> <span class='ocrx_word' id='word_1_97' title='bbox 910 1502 1204 1572; x_wconf 86' lang='lat' dir='ltr'><strong>justitiam</strong></span> <span class='ocrx_word' id='word_1_98' title='bbox 1255 1504 1315 1558; x_wconf 91' lang='lat' dir='ltr'><strong>in</strong></span> <span class='ocrx_word' id='word_1_99' title='bbox 1354 1505 1513 1559; x_wconf 91' lang='lat' dir='ltr'><strong>omni</strong></span> <span class='ocrx_word' id='word_1_100' title='bbox 1555 1509 1837 1576; x_wconf 89' lang='lat' dir='ltr'><strong>tempore.</strong></span> <span class='ocrx_word' id='word_1_101' title='bbox 1877 1525 1898 1552; x_wconf 75' lang='grc' dir='ltr'><strong>ι»</strong></span> 
     </span>
    </p>
   </div>
   <div class='ocr_carea' id='block_1_16' title="bbox 256 1590 1908 1666">
    <p class='ocr_par' dir='ltr' id='par_1_16' title="bbox 256 1590 1908 1666">
     <span class='ocr_line' id='line_1_16' title="bbox 256 1590 1908 1666; baseline 0.001 -20"><span class='ocrx_word' id='word_1_102' title='bbox 256 1590 404 1658; x_wconf 84' lang='lat' dir='ltr'><strong>Quid</strong></span> <span class='ocrx_word' id='word_1_103' title='bbox 439 1591 595 1648; x_wconf 89' lang='lat' dir='ltr'><strong>enim</strong></span> <span class='ocrx_word' id='word_1_104' title='bbox 631 1592 869 1663; x_wconf 88' lang='lat' dir='ltr'><strong>prodest</strong></span> <span class='ocrx_word' id='word_1_105' title='bbox 892 1593 1067 1649; x_wconf 91' lang='lat' dir='ltr'><strong>alicui</strong></span> <span class='ocrx_word' id='word_1_106' title='bbox 1094 1593 1297 1666; x_wconf 85' lang='lat' dir='ltr'><strong>viginti</strong></span> <span class='ocrx_word' id='word_1_107' title='bbox 1328 1595 1498 1649; x_wconf 91' lang='lat' dir='ltr'><strong>annis</strong></span> <span class='ocrx_word' id='word_1_108' title='bbox 1527 1610 1656 1649; x_wconf 90' lang='lat' dir='ltr'><strong>esse</strong></span> <span class='ocrx_word' id='word_1_109' title='bbox 1686 1593 1743 1648; x_wconf 92' lang='lat' dir='ltr'><strong>in</strong></span> <span class='ocrx_word' id='word_1_110' title='bbox 1776 1609 1908 1648; x_wconf 85' lang='lat' dir='ltr'><strong>con-</strong></span> 
     </span>
    </p>
   </div>
   <div class='ocr_carea' id='block_1_17' title="bbox 255 1680 1909 1754">
    <p class='ocr_par' dir='ltr' id='par_1_17' title="bbox 255 1680 1909 1754">
     <span class='ocr_line' id='line_1_17' title="bbox 255 1680 1909 1754; baseline 0 -17"><span class='ocrx_word' id='word_1_111' title='bbox 255 1680 527 1751; x_wconf 77' lang='lat' dir='ltr'><strong>tinentia,</strong></span> <span class='ocrx_word' id='word_1_112' title='bbox 561 1685 618 1737; x_wconf 90' lang='lat' dir='ltr'><strong>et</strong></span> <span class='ocrx_word' id='word_1_113' title='bbox 651 1686 854 1753; x_wconf 90' lang='lat' dir='ltr'><strong>postea</strong></span> <span class='ocrx_word' id='word_1_114' title='bbox 905 1683 1110 1739; x_wconf 87' lang='lat' dir='ltr'><strong>cadere</strong></span> <span class='ocrx_word' id='word_1_115' title='bbox 1133 1683 1162 1737; x_wconf 82' lang='lat'><strong>‘?</strong></span> <span class='ocrx_word' id='word_1_116' title='bbox 1208 1683 1532 1738; x_wconf 89' lang='lat' dir='ltr'><strong>secundum</strong></span> <span class='ocrx_word' id='word_1_117' title='bbox 1581 1683 1736 1754; x_wconf 89' lang='lat' dir='ltr'><strong>quod</strong></span> <span class='ocrx_word' id='word_1_118' title='bbox 1768 1683 1909 1738; x_wconf 84' lang='lat' dir='ltr'><strong>scri-</strong></span> 
     </span>
    </p>
   </div>
   <div class='ocr_carea' id='block_1_18' title="bbox 258 1769 1908 1843">
    <p class='ocr_par' dir='ltr' id='par_1_18' title="bbox 258 1769 1908 1843">
     <span class='ocr_line' id='line_1_18' title="bbox 258 1769 1908 1843; baseline 0 -18"><span class='ocrx_word' id='word_1_119' title='bbox 258 1773 424 1840; x_wconf 90' lang='lat' dir='ltr'><strong>ptum</strong></span> <span class='ocrx_word' id='word_1_120' title='bbox 455 1773 546 1826; x_wconf 92' lang='lat' dir='ltr'><strong>est</strong></span> <span class='ocrx_word' id='word_1_121' title='bbox 576 1769 634 1825; x_wconf 89' lang='lat' dir='ltr'><strong>in</strong></span> <span class='ocrx_word' id='word_1_122' title='bbox 685 1770 1000 1843; x_wconf 87' lang='lat' dir='ltr'><strong>propheta:</strong></span> <span class='ocrx_word' id='word_1_123' title='bbox 1052 1771 1178 1827; x_wconf 89' lang='lat' dir='ltr'><strong>Non</strong></span> <span class='ocrx_word' id='word_1_124' title='bbox 1211 1771 1468 1843; x_wconf 91' lang='lat' dir='ltr'><strong>proderit</strong></span> <span class='ocrx_word' id='word_1_125' title='bbox 1505 1770 1738 1841; x_wconf 86' lang='lat' dir='ltr'><strong>justitia</strong></span> <span class='ocrx_word' id='word_1_126' title='bbox 1763 1769 1908 1841; x_wconf 88' lang='lat' dir='ltr'><strong>justi</strong></span> 
     </span>
    </p>
   </div>
   <div class='ocr_carea' id='block_1_19' title="bbox 256 1857 1910 1930">
    <p class='ocr_par' dir='ltr' id='par_1_19' title="bbox 256 1857 1910 1930">
     <span class='ocr_line' id='line_1_19' title="bbox 256 1857 1910 1930; baseline 0.001 -17"><span class='ocrx_word' id='word_1_127' title='bbox 256 1857 316 1913; x_wconf 90' lang='lat' dir='ltr'><strong>in</strong></span> <span class='ocrx_word' id='word_1_128' title='bbox 349 1875 698 1930; x_wconf 91' lang='lat' dir='ltr'><strong>quacunque</strong></span> <span class='ocrx_word' id='word_1_129' title='bbox 724 1859 816 1915; x_wconf 87' lang='lat' dir='ltr'><strong>via</strong></span> <span class='ocrx_word' id='word_1_130' title='bbox 835 1859 1142 1916; x_wconf 89' lang='lat' dir='ltr'><strong>erraverit:</strong></span> <span class='ocrx_word' id='word_1_131' title='bbox 1171 1877 1284 1915; x_wconf 91' lang='lat' dir='ltr'><strong>non</strong></span> <span class='ocrx_word' id='word_1_132' title='bbox 1317 1875 1450 1916; x_wconf 91' lang='lat' dir='ltr'><strong>eum</strong></span> <span class='ocrx_word' id='word_1_133' title='bbox 1478 1859 1769 1929; x_wconf 83' lang='lat' dir='ltr'><strong>liberabit,</strong></span> <span class='ocrx_word' id='word_1_134' title='bbox 1803 1875 1910 1915; x_wconf 91' lang='lat' dir='ltr'><strong>nec</strong></span> 
     </span>
    </p>
   </div>
   <div class='ocr_carea' id='block_1_20' title="bbox 259 1947 1904 2022">
    <p class='ocr_par' dir='ltr' id='par_1_20' title="bbox 259 1947 1904 2022">
     <span class='ocr_line' id='line_1_20' title="bbox 259 1947 1904 2022; baseline -0.001 -16"><span class='ocrx_word' id='word_1_135' title='bbox 259 1947 509 2006; x_wconf 80' lang='lat' dir='ltr'><strong>salvebit</strong></span> <span class='ocrx_word' id='word_1_136' title='bbox 537 1949 752 2020; x_wconf 68' lang='lat' dir='ltr'><strong>(Ezech.</strong></span> <span class='ocrx_word' id='word_1_137' title='bbox 805 1966 999 2020; x_wconf 69' lang='grc' dir='ltr'><strong>χχχιιι,</strong></span> <span class='ocrx_word' id='word_1_138' title='bbox 1042 1949 1152 2021; x_wconf 71' lang='grc'><strong>42).</strong></span> <span class='ocrx_word' id='word_1_139' title='bbox 1185 1951 1255 2006; x_wconf 89' lang='lat' dir='ltr'><strong>Et</strong></span> <span class='ocrx_word' id='word_1_140' title='bbox 1302 1955 1603 2022; x_wconf 89' lang='lat' dir='ltr'><strong>peccatum</strong></span> <span class='ocrx_word' id='word_1_141' title='bbox 1635 1954 1904 2021; x_wconf 84' lang='lat' dir='ltr'><strong>peccato-</strong></span> 
     </span>
    </p>
   </div>
   <div class='ocr_carea' id='block_1_21' title="bbox 261 2038 1908 2110">
    <p class='ocr_par' dir='ltr' id='par_1_21' title="bbox 261 2038 1908 2110">
     <span class='ocr_line' id='line_1_21' title="bbox 261 2038 1908 2110; baseline 0 -18"><span class='ocrx_word' id='word_1_142' title='bbox 261 2038 342 2094; x_wconf 88' lang='lat' dir='ltr'><strong>ris</strong></span> <span class='ocrx_word' id='word_1_143' title='bbox 371 2055 489 2094; x_wconf 91' lang='lat' dir='ltr'><strong>non</strong></span> <span class='ocrx_word' id='word_1_144' title='bbox 536 2038 587 2093; x_wconf 90' lang='lat' dir='ltr'><strong>ei</strong></span> <span class='ocrx_word' id='word_1_145' title='bbox 636 2039 866 2094; x_wconf 89' lang='lat' dir='ltr'><strong>nocebit</strong></span> <span class='ocrx_word' id='word_1_146' title='bbox 914 2039 973 2094; x_wconf 90' lang='lat' dir='ltr'><strong>in</strong></span> <span class='ocrx_word' id='word_1_147' title='bbox 1018 2054 1368 2110; x_wconf 90' lang='lat' dir='ltr'><strong>quacunque</strong></span> <span class='ocrx_word' id='word_1_148' title='bbox 1421 2040 1513 2094; x_wconf 92' lang='lat' dir='ltr'><strong>die</strong></span> <span class='ocrx_word' id='word_1_149' title='bbox 1539 2042 1908 2095; x_wconf 89' lang='lat' dir='ltr'><strong>convertatur</strong></span> 
     </span>
    </p>
   </div>
   <div class='ocr_carea' id='block_1_22' title="bbox 253 2126 1905 2200">
    <p class='ocr_par' dir='ltr' id='par_1_22' title="bbox 253 2126 1905 2200">
     <span class='ocr_line' id='line_1_22' title="bbox 253 2126 1905 2200; baseline 0 -18"><span class='ocrx_word' id='word_1_150' title='bbox 253 2130 310 2182; x_wconf 88' lang='lat' dir='ltr'><strong>et</strong></span> <span class='ocrx_word' id='word_1_151' title='bbox 341 2131 475 2200; x_wconf 82' lang='lat' dir='ltr'><strong>agat</strong></span> <span class='ocrx_word' id='word_1_152' title='bbox 513 2126 938 2198; x_wconf 67' lang='lat' dir='ltr'><strong>paenitentiam.</strong></span> <span class='ocrx_word' id='word_1_153' title='bbox 983 2129 1181 2199; x_wconf 86' lang='lat' dir='ltr'><strong>Neque</strong></span> <span class='ocrx_word' id='word_1_154' title='bbox 1202 2129 1403 2198; x_wconf 85' lang='lat' dir='ltr'><strong>justus</strong></span> <span class='ocrx_word' id='word_1_155' title='bbox 1441 2129 1613 2184; x_wconf 89' lang='lat' dir='ltr'><strong>debet</strong></span> <span class='ocrx_word' id='word_1_156' title='bbox 1653 2145 1782 2184; x_wconf 90' lang='lat' dir='ltr'><strong>esse</strong></span> <span class='ocrx_word' id='word_1_157' title='bbox 1812 2145 1905 2184; x_wconf 91' lang='lat' dir='ltr'><strong>se-</strong></span> 
     </span>
    </p>
   </div>
   <div class='ocr_carea' id='block_1_23' title="bbox 258 2216 1908 2287">
    <p class='ocr_par' dir='ltr' id='par_1_23' title="bbox 258 2216 1908 2287">
     <span class='ocr_line' id='line_1_23' title="bbox 258 2216 1908 2287; baseline 0.001 -17"><span class='ocrx_word' id='word_1_158' title='bbox 258 2231 457 2283; x_wconf 89' lang='lat' dir='ltr'><strong>curus,</strong></span> <span class='ocrx_word' id='word_1_159' title='bbox 491 2231 679 2286; x_wconf 91' lang='lat' dir='ltr'><strong>neque</strong></span> <span class='ocrx_word' id='word_1_160' title='bbox 726 2220 992 2286; x_wconf 89' lang='lat' dir='ltr'><strong>peccator</strong></span> <span class='ocrx_word' id='word_1_161' title='bbox 1021 2217 1329 2287; x_wconf 89' lang='lat' dir='ltr'><strong>desperare</strong></span> <span class='ocrx_word' id='word_1_162' title='bbox 1354 2216 1526 2272; x_wconf 90' lang='lat' dir='ltr'><strong>debet</strong></span> <span class='ocrx_word' id='word_1_163' title='bbox 1570 2217 1640 2271; x_wconf 93' lang='lat' dir='ltr'><strong>de</strong></span> <span class='ocrx_word' id='word_1_164' title='bbox 1670 2233 1777 2272; x_wconf 88' lang='lat' dir='ltr'><strong>sua</strong></span> <span class='ocrx_word' id='word_1_165' title='bbox 1817 2233 1908 2273; x_wconf 81' lang='lat' dir='ltr'><strong>sa-</strong></span> 
     </span>
    </p>
   </div>
   <div class='ocr_carea' id='block_1_24' title="bbox 258 2303 1902 2377">
    <p class='ocr_par' dir='ltr' id='par_1_24' title="bbox 258 2303 1902 2377">
     <span class='ocr_line' id='line_1_24' title="bbox 258 2303 1902 2377; baseline 0.001 -20"><span class='ocrx_word' id='word_1_166' title='bbox 258 2303 398 2360; x_wconf 89' lang='lat' dir='ltr'><strong>lute.</strong></span> <span class='ocrx_word' id='word_1_167' title='bbox 436 2305 499 2358; x_wconf 88' lang='lat' dir='ltr'><strong>In</strong></span> <span class='ocrx_word' id='word_1_168' title='bbox 530 2307 775 2374; x_wconf 83' lang='lat' dir='ltr'><strong>utroque</strong></span> <span class='ocrx_word' id='word_1_169' title='bbox 805 2303 961 2359; x_wconf 90' lang='lat' dir='ltr'><strong>enim</strong></span> <span class='ocrx_word' id='word_1_170' title='bbox 991 2320 1191 2360; x_wconf 91' lang='lat' dir='ltr'><strong>eorum</strong></span> <span class='ocrx_word' id='word_1_171' title='bbox 1224 2309 1282 2360; x_wconf 91' lang='lat' dir='ltr'><strong>et</strong></span> <span class='ocrx_word' id='word_1_172' title='bbox 1312 2305 1488 2360; x_wconf 88' lang='lat' dir='ltr'><strong>timor</strong></span> <span class='ocrx_word' id='word_1_173' title='bbox 1517 2309 1626 2375; x_wconf 87' lang='lat' dir='ltr'><strong>est,</strong></span> <span class='ocrx_word' id='word_1_174' title='bbox 1659 2310 1716 2360; x_wconf 91' lang='lat' dir='ltr'><strong>et</strong></span> <span class='ocrx_word' id='word_1_175' title='bbox 1747 2321 1902 2377; x_wconf 88' lang='lat' dir='ltr'><strong>spes.</strong></span> 
     </span>
    </p>
   </div>
   <div class='ocr_carea' id='block_1_25' title="bbox 263 2393 1902 2463">
    <p class='ocr_par' dir='ltr' id='par_1_25' title="bbox 263 2393 1902 2463">
     <span class='ocr_line' id='line_1_25' title="bbox 263 2393 1902 2463; baseline 0.001 -16"><span class='ocrx_word' id='word_1_176' title='bbox 263 2393 369 2460; x_wconf 82' lang='lat' dir='ltr'><strong>Qui</strong></span> <span class='ocrx_word' id='word_1_177' title='bbox 407 2393 553 2463; x_wconf 76' lang='lat' dir='ltr'><strong>[acit</strong></span> <span class='ocrx_word' id='word_1_178' title='bbox 589 2393 893 2463; x_wconf 78' lang='lat' dir='ltr'><strong>justitiam.</strong></span> <span class='ocrx_word' id='word_1_179' title='bbox 941 2393 1180 2449; x_wconf 89' lang='lat' dir='ltr'><strong>Justitia</strong></span> <span class='ocrx_word' id='word_1_180' title='bbox 1224 2394 1510 2450; x_wconf 88' lang='lat' dir='ltr'><strong>Dominus</strong></span> <span class='ocrx_word' id='word_1_181' title='bbox 1557 2398 1755 2450; x_wconf 87' lang='lat' dir='ltr'><strong>noster</strong></span> <span class='ocrx_word' id='word_1_182' title='bbox 1795 2398 1902 2450; x_wconf 91' lang='lat' dir='ltr'><strong>est.</strong></span> 
     </span>
    </p>
   </div>
   <div class='ocr_carea' id='block_1_26' title="bbox 257 2480 1907 2550">
    <p class='ocr_par' dir='ltr' id='par_1_26' title="bbox 257 2480 1907 2550">
     <span class='ocr_line' id='line_1_26' title="bbox 257 2480 1907 2550; baseline 0.001 -14"><span class='ocrx_word' id='word_1_183' title='bbox 257 2480 498 2536; x_wconf 88' lang='lat' dir='ltr'><strong>Justitia</strong></span> <span class='ocrx_word' id='word_1_184' title='bbox 527 2480 684 2536; x_wconf 89' lang='lat' dir='ltr'><strong>‘enim</strong></span> <span class='ocrx_word' id='word_1_185' title='bbox 729 2481 981 2549; x_wconf 89' lang='lat' dir='ltr'><strong>Domini,</strong></span> <span class='ocrx_word' id='word_1_186' title='bbox 1034 2483 1318 2539; x_wconf 90' lang='lat' dir='ltr'><strong>Dominus</strong></span> <span class='ocrx_word' id='word_1_187' title='bbox 1357 2488 1558 2538; x_wconf 88' lang='lat' dir='ltr'><strong>noster</strong></span> <span class='ocrx_word' id='word_1_188' title='bbox 1586 2483 1816 2550; x_wconf 88' lang='lat' dir='ltr'><strong>dicitur,</strong></span> <span class='ocrx_word' id='word_1_189' title='bbox 1849 2487 1907 2538; x_wconf 90' lang='lat' dir='ltr'><strong>et</strong></span> 
     </span>
    </p>
   </div>
   <div class='ocr_carea' id='block_1_27' title="bbox 260 2568 1906 2643">
    <p class='ocr_par' dir='ltr' id='par_1_27' title="bbox 260 2568 1906 2643">
     <span class='ocr_line' id='line_1_27' title="bbox 260 2568 1906 2643; baseline 0.002 -18"><span class='ocrx_word' id='word_1_190' title='bbox 260 2568 542 2626; x_wconf 85' lang='lat' dir='ltr'><strong>Salvator.</strong></span> <span class='ocrx_word' id='word_1_191' title='bbox 581 2593 602 2618; x_wconf 78' lang='grc' dir='ltr'>ι</span> <span class='ocrx_word' id='word_1_192' title='bbox 640 2571 852 2626; x_wconf 87' lang='lat' dir='ltr'><strong>Beatus</strong></span> <span class='ocrx_word' id='word_1_193' title='bbox 899 2587 1034 2643; x_wconf 90' lang='lat' dir='ltr'><strong>ergo</strong></span> <span class='ocrx_word' id='word_1_194' title='bbox 1067 2571 1168 2643; x_wconf 88' lang='lat' dir='ltr'><strong>qui</strong></span> <span class='ocrx_word' id='word_1_195' title='bbox 1216 2571 1355 2627; x_wconf 86' lang='lat' dir='ltr'><strong>facit</strong></span> <span class='ocrx_word' id='word_1_196' title='bbox 1384 2572 1700 2642; x_wconf 86' lang='lat' dir='ltr'><strong>justitiam,</strong></span> <span class='ocrx_word' id='word_1_197' title='bbox 1737 2594 1765 2621; x_wconf 89' lang='grc'><strong>››</strong></span> <span class='ocrx_word' id='word_1_198' title='bbox 1797 2572 1906 2628; x_wconf 89' lang='lat' dir='ltr'><strong>hoc</strong></span> 
     </span>
    </p>
   </div>
   <div class='ocr_carea' id='block_1_28' title="bbox 257 2658 1906 2732">
    <p class='ocr_par' dir='ltr' id='par_1_28' title="bbox 257 2658 1906 2732">
     <span class='ocr_line' id='line_1_28' title="bbox 257 2658 1906 2732; baseline 0.003 -20"><span class='ocrx_word' id='word_1_199' title='bbox 257 2661 364 2725; x_wconf 88' lang='lat' dir='ltr'><strong>est,</strong></span> <span class='ocrx_word' id='word_1_200' title='bbox 416 2658 518 2729; x_wconf 88' lang='lat' dir='ltr'><strong>qui</strong></span> <span class='ocrx_word' id='word_1_201' title='bbox 568 2658 705 2714; x_wconf 89' lang='lat' dir='ltr'><strong>facit</strong></span> <span class='ocrx_word' id='word_1_202' title='bbox 753 2658 1075 2715; x_wconf 87' lang='lat' dir='ltr'><strong>Christum.</strong></span> <span class='ocrx_word' id='word_1_203' title='bbox 1135 2660 1434 2723; x_wconf 88' lang='lat' dir='ltr'><strong>Quomodo</strong></span> <span class='ocrx_word' id='word_1_204' title='bbox 1481 2677 1618 2732; x_wconf 91' lang='lat' dir='ltr'><strong>ergo</strong></span> <span class='ocrx_word' id='word_1_205' title='bbox 1657 2661 1906 2717; x_wconf 89' lang='lat' dir='ltr'><strong>facimus</strong></span> 
     </span>
    </p>
   </div>
   <div class='ocr_carea' id='block_1_29' title="bbox 256 2744 1904 2821">
    <p class='ocr_par' dir='ltr' id='par_1_29' title="bbox 256 2744 1904 2821">
     <span class='ocr_line' id='line_1_29' title="bbox 256 2744 1904 2821; baseline 0.004 -21"><span class='ocrx_word' id='word_1_206' title='bbox 256 2744 577 2816; x_wconf 81' lang='lat' dir='ltr'><strong>Christum,</strong></span> <span class='ocrx_word' id='word_1_207' title='bbox 627 2747 736 2802; x_wconf 91' lang='lat' dir='ltr'><strong>hoc</strong></span> <span class='ocrx_word' id='word_1_208' title='bbox 793 2752 884 2802; x_wconf 88' lang='lat' dir='ltr'><strong>est</strong></span> <span class='ocrx_word' id='word_1_209' title='bbox 931 2747 1275 2818; x_wconf 85' lang='lat' dir='ltr'><strong>justitiam?</strong></span> <span class='ocrx_word' id='word_1_210' title='bbox 1329 2749 1390 2805; x_wconf 92' lang='lat' dir='ltr'><strong>Si</strong></span> <span class='ocrx_word' id='word_1_211' title='bbox 1431 2751 1593 2820; x_wconf 92' lang='lat' dir='ltr'><strong>juste</strong></span> <span class='ocrx_word' id='word_1_212' title='bbox 1637 2765 1904 2821; x_wconf 83' lang='lat' dir='ltr'><strong>agamus,</strong></span> 
     </span>
    </p>
   </div>
   <div class='ocr_carea' id='block_1_30' title="bbox 261 2834 1909 2910">
    <p class='ocr_par' dir='ltr' id='par_1_30' title="bbox 261 2834 1909 2910">
     <span class='ocr_line' id='line_1_30' title="bbox 261 2834 1909 2910; baseline 0.003 -20"><span class='ocrx_word' id='word_1_213' title='bbox 261 2834 588 2907; x_wconf 83' lang='lat' dir='ltr'><strong>concipitur</strong></span> <span class='ocrx_word' id='word_1_214' title='bbox 616 2835 676 2890; x_wconf 93' lang='lat' dir='ltr'><strong>in</strong></span> <span class='ocrx_word' id='word_1_215' title='bbox 709 2835 879 2892; x_wconf 86' lang='lat' dir='ltr'><strong>nobis</strong></span> <span class='ocrx_word' id='word_1_216' title='bbox 900 2837 1155 2908; x_wconf 88' lang='lat' dir='ltr'><strong>justitia,</strong></span> <span class='ocrx_word' id='word_1_217' title='bbox 1188 2841 1245 2893; x_wconf 91' lang='lat' dir='ltr'><strong>et</strong></span> <span class='ocrx_word' id='word_1_218' title='bbox 1273 2838 1501 2910; x_wconf 90' lang='lat' dir='ltr'><strong>paritur</strong></span> <span class='ocrx_word' id='word_1_219' title='bbox 1528 2856 1596 2895; x_wconf 88' lang='lat' dir='ltr'><strong>ex</strong></span> <span class='ocrx_word' id='word_1_220' title='bbox 1625 2839 1794 2895; x_wconf 92' lang='lat' dir='ltr'><strong>nobis</strong></span> <span class='ocrx_word' id='word_1_221' title='bbox 1816 2840 1909 2910; x_wconf 85' lang='lat' dir='ltr'><strong>ju-</strong></span> 
     </span>
    </p>
   </div>
   <div class='ocr_carea' id='block_1_31' title="bbox 261 2924 1909 2997">
    <p class='ocr_par' dir='ltr' id='par_1_31' title="bbox 261 2924 1909 2997">
     <span class='ocr_line' id='line_1_31' title="bbox 261 2924 1909 2997; baseline 0.002 -17"><span class='ocrx_word' id='word_1_222' title='bbox 261 2924 442 2993; x_wconf 85' lang='lat' dir='ltr'><strong>stitia,</strong></span> <span class='ocrx_word' id='word_1_223' title='bbox 474 2929 530 2980; x_wconf 91' lang='lat' dir='ltr'><strong>et</strong></span> <span class='ocrx_word' id='word_1_224' title='bbox 559 2941 768 2981; x_wconf 89' lang='lat' dir='ltr'><strong>sumus</strong></span> <span class='ocrx_word' id='word_1_225' title='bbox 818 2935 1005 2981; x_wconf 84' lang='lat' dir='ltr'><strong>mater</strong></span> <span class='ocrx_word' id='word_1_226' title='bbox 1025 2927 1243 2997; x_wconf 71' lang='lat' dir='ltr'><strong>justice.</strong></span> <span class='ocrx_word' id='word_1_227' title='bbox 1296 2927 1450 2982; x_wconf 88' lang='lat' dir='ltr'><strong>Felix</strong></span> <span class='ocrx_word' id='word_1_228' title='bbox 1481 2933 1568 2983; x_wconf 91' lang='lat' dir='ltr'><strong>est</strong></span> <span class='ocrx_word' id='word_1_229' title='bbox 1617 2932 1674 2983; x_wconf 90' lang='lat' dir='ltr'><strong>et</strong></span> <span class='ocrx_word' id='word_1_230' title='bbox 1702 2929 1909 2984; x_wconf 89' lang='lat' dir='ltr'><strong>beatus</strong></span> 
     </span>
    </p>
   </div>
   <div class='ocr_carea' id='block_1_32' title="bbox 263 3014 1834 3088">
    <p class='ocr_par' dir='ltr' id='par_1_32' title="bbox 263 3014 1834 3088">
     <span class='ocr_line' id='line_1_32' title="bbox 263 3014 1834 3088; baseline 0.001 -18"><span class='ocrx_word' id='word_1_231' title='bbox 263 3015 364 3086; x_wconf 88' lang='lat' dir='ltr'><strong>qui</strong></span> <span class='ocrx_word' id='word_1_232' title='bbox 395 3014 555 3071; x_wconf 91' lang='lat' dir='ltr'><strong>omni</strong></span> <span class='ocrx_word' id='word_1_233' title='bbox 585 3018 845 3086; x_wconf 89' lang='lat' dir='ltr'><strong>tempore</strong></span> <span class='ocrx_word' id='word_1_234' title='bbox 874 3019 930 3070; x_wconf 92' lang='lat' dir='ltr'><strong>et</strong></span> <span class='ocrx_word' id='word_1_235' title='bbox 959 3021 1124 3086; x_wconf 87' lang='lat' dir='ltr'><strong>pater</strong></span> <span class='ocrx_word' id='word_1_236' title='bbox 1155 3020 1212 3071; x_wconf 90' lang='lat' dir='ltr'><strong>et</strong></span> <span class='ocrx_word' id='word_1_237' title='bbox 1240 3020 1428 3072; x_wconf 83' lang='lat' dir='ltr'><strong>mater</strong></span> <span class='ocrx_word' id='word_1_238' title='bbox 1459 3020 1546 3071; x_wconf 93' lang='lat' dir='ltr'><strong>est</strong></span> <span class='ocrx_word' id='word_1_239' title='bbox 1568 3017 1834 3088; x_wconf 77' lang='lat' dir='ltr'><strong>justitias.</strong></span> 
     </span>
    </p>
   </div>
   <div class='ocr_carea' id='block_1_33' title="bbox 337 3103 1908 3178">
    <p class='ocr_par' dir='ltr' id='par_1_33' title="bbox 337 3103 1908 3178">
     <span class='ocr_line' id='line_1_33' title="bbox 337 3103 1908 3178; baseline 0.003 -20"><span class='ocrx_word' id='word_1_240' title='bbox 337 3126 365 3153; x_wconf 84' lang='grc'><strong>‹‹</strong></span> <span class='ocrx_word' id='word_1_241' title='bbox 398 3103 689 3160; x_wconf 88' lang='lat' dir='ltr'><strong>Memento</strong></span> <span class='ocrx_word' id='word_1_242' title='bbox 711 3103 919 3172; x_wconf 89' lang='lat' dir='ltr'><strong>nostri,</strong></span> <span class='ocrx_word' id='word_1_243' title='bbox 951 3105 1215 3174; x_wconf 89' lang='lat' dir='ltr'><strong>Domine,</strong></span> <span class='ocrx_word' id='word_1_244' title='bbox 1240 3105 1297 3158; x_wconf 90' lang='lat' dir='ltr'><strong>in</strong></span> <span class='ocrx_word' id='word_1_245' title='bbox 1319 3105 1680 3176; x_wconf 86' lang='lat' dir='ltr'><strong>beneplacito</strong></span> <span class='ocrx_word' id='word_1_246' title='bbox 1711 3106 1908 3178; x_wconf 88' lang='lat' dir='ltr'><strong>populi</strong></span> 
     </span>
    </p>
   </div>
   <div class='ocr_carea' id='block_1_34' title="bbox 257 3193 1908 3263">
    <p class='ocr_par' dir='ltr' id='par_1_34' title="bbox 257 3193 1908 3263">
     <span class='ocr_line' id='line_1_34' title="bbox 257 3193 1908 3263; baseline 0.001 -14"><span class='ocrx_word' id='word_1_247' title='bbox 257 3193 364 3250; x_wconf 83' lang='lat' dir='ltr'><strong>tui.</strong></span> <span class='ocrx_word' id='word_1_248' title='bbox 397 3214 426 3243; x_wconf 83' lang='lat'><strong>»</strong></span> <span class='ocrx_word' id='word_1_249' title='bbox 460 3194 622 3258; x_wconf 87' lang='lat' dir='ltr'><strong>Quod</strong></span> <span class='ocrx_word' id='word_1_250' title='bbox 654 3193 797 3249; x_wconf 86' lang='lat' dir='ltr'><strong>dicit</strong></span> <span class='ocrx_word' id='word_1_251' title='bbox 839 3194 1046 3249; x_wconf 90' lang='lat' dir='ltr'><strong>beatus</strong></span> <span class='ocrx_word' id='word_1_252' title='bbox 1083 3193 1266 3250; x_wconf 89' lang='lat' dir='ltr'><strong>David</strong></span> <span class='ocrx_word' id='word_1_253' title='bbox 1316 3194 1425 3250; x_wconf 91' lang='lat' dir='ltr'><strong>hoc</strong></span> <span class='ocrx_word' id='word_1_254' title='bbox 1457 3200 1584 3251; x_wconf 91' lang='lat' dir='ltr'><strong>est:</strong></span> <span class='ocrx_word' id='word_1_255' title='bbox 1617 3195 1764 3263; x_wconf 91' lang='lat' dir='ltr'><strong>Scio,</strong></span> <span class='ocrx_word' id='word_1_256' title='bbox 1801 3200 1908 3251; x_wconf 86' lang='lat' dir='ltr'><strong>Do-</strong></span> 
     </span>
    </p>
   </div>
   <div class='ocr_carea' id='block_1_35' title="bbox 2004 606 3648 680">
    <p class='ocr_par' dir='ltr' id='par_1_35' title="bbox 2004 606 3648 680">
     <span class='ocr_line' id='line_1_35' title="bbox 2004 606 3648 680; baseline -0.001 -16"><span class='ocrx_word' id='word_1_257' title='bbox 2004 610 2280 666; x_wconf 90' lang='lat' dir='ltr'><strong>omnibus</strong></span> <span class='ocrx_word' id='word_1_258' title='bbox 2295 610 2869 678; x_wconf 84' lang='lat' dir='ltr'><strong>misereretur.(Rom.</strong></span> <span class='ocrx_word' id='word_1_259' title='bbox 2887 625 2962 676; x_wconf 77' lang='lat' dir='ltr'><strong>x1,</strong></span> <span class='ocrx_word' id='word_1_260' title='bbox 2978 609 3092 678; x_wconf 90' lang='lat'><strong>32).</strong></span> <span class='ocrx_word' id='word_1_261' title='bbox 3108 631 3135 658; x_wconf 86' lang='lat'>«</span> <span class='ocrx_word' id='word_1_262' title='bbox 3153 608 3376 678; x_wconf 87' lang='lat' dir='ltr'><strong>lnjuste</strong></span> <span class='ocrx_word' id='word_1_263' title='bbox 3388 606 3648 680; x_wconf 83' lang='lat' dir='ltr'><strong>egimus:</strong></span> 
     </span>
    </p>
   </div>
   <div class='ocr_carea' id='block_1_36' title="bbox 2005 696 3651 770">
    <p class='ocr_par' dir='ltr' id='par_1_36' title="bbox 2005 696 3651 770">
     <span class='ocr_line' id='line_1_36' title="bbox 2005 696 3651 770; baseline 0 -18"><span class='ocrx_word' id='word_1_264' title='bbox 2005 699 2374 770; x_wconf 85' lang='lat' dir='ltr'><strong>iniquitatem</strong></span> <span class='ocrx_word' id='word_1_265' title='bbox 2391 699 2656 755; x_wconf 89' lang='lat' dir='ltr'><strong>fecimus.</strong></span> <span class='ocrx_word' id='word_1_266' title='bbox 2675 720 2702 748; x_wconf 91' lang='grc'><strong>‹‹</strong></span> <span class='ocrx_word' id='word_1_267' title='bbox 2721 699 3040 770; x_wconf 89' lang='lat' dir='ltr'><strong>Diligenter</strong></span> <span class='ocrx_word' id='word_1_268' title='bbox 3051 696 3496 753; x_wconf 88' lang='lat' dir='ltr'><strong>animadvertite</strong></span> <span class='ocrx_word' id='word_1_269' title='bbox 3509 697 3651 769; x_wconf 91' lang='lat' dir='ltr'><strong>quid</strong></span> 
     </span>
    </p>
   </div>
   <div class='ocr_carea' id='block_1_37' title="bbox 2006 786 3656 860">
    <p class='ocr_par' dir='ltr' id='par_1_37' title="bbox 2006 786 3656 860">
     <span class='ocr_line' id='line_1_37' title="bbox 2006 786 3656 860; baseline -0.002 -17"><span class='ocrx_word' id='word_1_270' title='bbox 2006 788 2200 846; x_wconf 90' lang='lat' dir='ltr'><strong>dicat:</strong></span> <span class='ocrx_word' id='word_1_271' title='bbox 2233 812 2261 838; x_wconf 84' lang='lat'><strong>«</strong></span> <span class='ocrx_word' id='word_1_272' title='bbox 2297 788 2670 844; x_wconf 84' lang='lat' dir='ltr'><strong>Peccavimus</strong></span> <span class='ocrx_word' id='word_1_273' title='bbox 2699 805 2832 844; x_wconf 90' lang='lat' dir='ltr'><strong>cum</strong></span> <span class='ocrx_word' id='word_1_274' title='bbox 2867 787 3132 860; x_wconf 89' lang='lat' dir='ltr'><strong>patribus</strong></span> <span class='ocrx_word' id='word_1_275' title='bbox 3165 787 3402 856; x_wconf 88' lang='lat' dir='ltr'><strong>nostris,</strong></span> <span class='ocrx_word' id='word_1_276' title='bbox 3433 786 3656 857; x_wconf 88' lang='lat' dir='ltr'><strong>injuste</strong></span> 
     </span>
    </p>
   </div>
   <div class='ocr_carea' id='block_1_38' title="bbox 2006 875 3656 951">
    <p class='ocr_par' dir='ltr' id='par_1_38' title="bbox 2006 875 3656 951">
     <span class='ocr_line' id='line_1_38' title="bbox 2006 875 3656 951; baseline -0.004 -16"><span class='ocrx_word' id='word_1_277' title='bbox 2006 880 2257 951; x_wconf 87' lang='lat' dir='ltr'><strong>egimus,</strong></span> <span class='ocrx_word' id='word_1_278' title='bbox 2284 878 2650 951; x_wconf 85' lang='lat' dir='ltr'><strong>iniquitatem</strong></span> <span class='ocrx_word' id='word_1_279' title='bbox 2685 878 2950 934; x_wconf 60' lang='lat' dir='ltr'><strong>iecimus</strong></span> <span class='ocrx_word' id='word_1_280' title='bbox 2981 899 3009 928; x_wconf 84' lang='lat'><strong>»</strong></span> <span class='ocrx_word' id='word_1_281' title='bbox 3034 876 3331 946; x_wconf 85' lang='lat' dir='ltr'><strong>Numquid</strong></span> <span class='ocrx_word' id='word_1_282' title='bbox 3354 876 3514 943; x_wconf 83' lang='lat' dir='ltr'><strong>dixit,</strong></span> <span class='ocrx_word' id='word_1_283' title='bbox 3547 875 3656 930; x_wconf 86' lang='lat' dir='ltr'><strong>im-</strong></span> 
     </span>
    </p>
   </div>
   <div class='ocr_carea' id='block_1_39' title="bbox 2008 964 3654 1041">
    <p class='ocr_par' dir='ltr' id='par_1_39' title="bbox 2008 964 3654 1041">
     <span class='ocr_line' id='line_1_39' title="bbox 2008 964 3654 1041; baseline -0.002 -17"><span class='ocrx_word' id='word_1_284' title='bbox 2008 968 2100 1040; x_wconf 90' lang='lat' dir='ltr'><strong>pie</strong></span> <span class='ocrx_word' id='word_1_285' title='bbox 2129 969 2359 1041; x_wconf 88' lang='lat' dir='ltr'><strong>egimus</strong></span> <span class='ocrx_word' id='word_1_286' title='bbox 2377 969 2405 1022; x_wconf 90' lang='lat'><strong>?</strong></span> <span class='ocrx_word' id='word_1_287' title='bbox 2433 968 2592 1024; x_wconf 87' lang='lat' dir='ltr'><strong>aliud</strong></span> <span class='ocrx_word' id='word_1_288' title='bbox 2619 973 2709 1023; x_wconf 92' lang='lat' dir='ltr'><strong>est</strong></span> <span class='ocrx_word' id='word_1_289' title='bbox 2729 972 3087 1040; x_wconf 88' lang='lat' dir='ltr'><strong>peccatorem</strong></span> <span class='ocrx_word' id='word_1_290' title='bbox 3109 981 3238 1022; x_wconf 90' lang='lat' dir='ltr'><strong>esse</strong></span> <span class='ocrx_word' id='word_1_291' title='bbox 3265 969 3322 1019; x_wconf 92' lang='lat' dir='ltr'><strong>et</strong></span> <span class='ocrx_word' id='word_1_292' title='bbox 3339 964 3654 1035; x_wconf 85' lang='lat' dir='ltr'><strong>injustum,</strong></span> 
     </span>
    </p>
   </div>
   <div class='ocr_carea' id='block_1_40' title="bbox 2009 1053 3661 1130">
    <p class='ocr_par' dir='ltr' id='par_1_40' title="bbox 2009 1053 3661 1130">
     <span class='ocr_line' id='line_1_40' title="bbox 2009 1053 3661 1130; baseline -0.004 -17"><span class='ocrx_word' id='word_1_293' title='bbox 2009 1058 2169 1114; x_wconf 92' lang='lat' dir='ltr'><strong>aliud</strong></span> <span class='ocrx_word' id='word_1_294' title='bbox 2202 1074 2330 1115; x_wconf 90' lang='lat' dir='ltr'><strong>esse</strong></span> <span class='ocrx_word' id='word_1_295' title='bbox 2350 1059 2622 1130; x_wconf 90' lang='lat' dir='ltr'><strong>impium.</strong></span> <span class='ocrx_word' id='word_1_296' title='bbox 2659 1061 2930 1114; x_wconf 87' lang='lat' dir='ltr'><strong>Peccator</strong></span> <span class='ocrx_word' id='word_1_297' title='bbox 2951 1057 3282 1128; x_wconf 69' lang='lat' dir='ltr'><strong>ftequenter</strong></span> <span class='ocrx_word' id='word_1_298' title='bbox 3307 1053 3558 1110; x_wconf 86' lang='lat' dir='ltr'><strong>vincitur</strong></span> <span class='ocrx_word' id='word_1_299' title='bbox 3578 1053 3661 1106; x_wconf 91' lang='lat' dir='ltr'><strong>in-</strong></span> 
     </span>
    </p>
   </div>
   <div class='ocr_carea' id='block_1_41' title="bbox 2012 1141 3663 1220">
    <p class='ocr_par' dir='ltr' id='par_1_41' title="bbox 2012 1141 3663 1220">
     <span class='ocr_line' id='line_1_41' title="bbox 2012 1141 3663 1220; baseline -0.005 -17"><span class='ocrx_word' id='word_1_300' title='bbox 2012 1148 2287 1204; x_wconf 86' lang='lat' dir='ltr'><strong>ﬁrmitate</strong></span> <span class='ocrx_word' id='word_1_301' title='bbox 2309 1149 2569 1220; x_wconf 91' lang='lat' dir='ltr'><strong>corporis</strong></span> <span class='ocrx_word' id='word_1_302' title='bbox 2595 1164 2606 1203; x_wconf 90' lang='lat'><strong>:</strong></span> <span class='ocrx_word' id='word_1_303' title='bbox 2632 1148 2850 1220; x_wconf 89' lang='lat' dir='ltr'><strong>impius</strong></span> <span class='ocrx_word' id='word_1_304' title='bbox 2882 1150 3078 1202; x_wconf 91' lang='lat' dir='ltr'><strong>autem</strong></span> <span class='ocrx_word' id='word_1_305' title='bbox 3105 1148 3278 1217; x_wconf 88' lang='lat' dir='ltr'><strong>negat</strong></span> <span class='ocrx_word' id='word_1_306' title='bbox 3298 1145 3506 1212; x_wconf 91' lang='lat' dir='ltr'><strong>Deum,</strong></span> <span class='ocrx_word' id='word_1_307' title='bbox 3530 1141 3663 1195; x_wconf 84' lang='lat' dir='ltr'><strong>Pro-</strong></span> 
     </span>
    </p>
   </div>
   <div class='ocr_carea' id='block_1_42' title="bbox 2012 1233 3664 1309">
    <p class='ocr_par' dir='ltr' id='par_1_42' title="bbox 2012 1233 3664 1309">
     <span class='ocr_line' id='line_1_42' title="bbox 2012 1233 3664 1309; baseline -0.003 -18"><span class='ocrx_word' id='word_1_308' title='bbox 2012 1241 2208 1308; x_wconf 90' lang='lat' dir='ltr'><strong>pterea</strong></span> <span class='ocrx_word' id='word_1_309' title='bbox 2237 1254 2373 1309; x_wconf 90' lang='lat' dir='ltr'><strong>ergo</strong></span> <span class='ocrx_word' id='word_1_310' title='bbox 2405 1237 2681 1308; x_wconf 89' lang='lat' dir='ltr'><strong>quoniam</strong></span> <span class='ocrx_word' id='word_1_311' title='bbox 2705 1253 2809 1308; x_wconf 89' lang='lat' dir='ltr'><strong>ego</strong></span> <span class='ocrx_word' id='word_1_312' title='bbox 2841 1252 2955 1291; x_wconf 90' lang='lat' dir='ltr'><strong>non</strong></span> <span class='ocrx_word' id='word_1_313' title='bbox 2987 1251 3120 1290; x_wconf 89' lang='lat' dir='ltr'><strong>sum</strong></span> <span class='ocrx_word' id='word_1_314' title='bbox 3146 1233 3388 1305; x_wconf 90' lang='lat' dir='ltr'><strong>impius,</strong></span> <span class='ocrx_word' id='word_1_315' title='bbox 3412 1233 3512 1288; x_wconf 81' lang='lat' dir='ltr'><strong>sed</strong></span> <span class='ocrx_word' id='word_1_316' title='bbox 3535 1246 3664 1303; x_wconf 89' lang='lat' dir='ltr'><strong>pec-</strong></span> 
     </span>
    </p>
   </div>
   <div class='ocr_carea' id='block_1_43' title="bbox 2011 1321 3588 1399">
    <p class='ocr_par' dir='ltr' id='par_1_43' title="bbox 2011 1321 3588 1399">
     <span class='ocr_line' id='line_1_43' title="bbox 2011 1321 3588 1399; baseline -0.004 -19"><span class='ocrx_word' id='word_1_317' title='bbox 2011 1330 2191 1392; x_wconf 89' lang='lat' dir='ltr'><strong>cator,</strong></span> <span class='ocrx_word' id='word_1_318' title='bbox 2225 1332 2529 1399; x_wconf 87' lang='lat' dir='ltr'><strong>propterea</strong></span> <span class='ocrx_word' id='word_1_319' title='bbox 2557 1327 2742 1382; x_wconf 89' lang='lat' dir='ltr'><strong>audeo</strong></span> <span class='ocrx_word' id='word_1_320' title='bbox 2773 1341 2980 1397; x_wconf 90' lang='lat' dir='ltr'><strong>rogare</strong></span> <span class='ocrx_word' id='word_1_321' title='bbox 3010 1339 3114 1396; x_wconf 91' lang='lat' dir='ltr'><strong>pro</strong></span> <span class='ocrx_word' id='word_1_322' title='bbox 3140 1321 3391 1394; x_wconf 90' lang='lat' dir='ltr'><strong>peccatis</strong></span> <span class='ocrx_word' id='word_1_323' title='bbox 3423 1321 3588 1376; x_wconf 89' lang='lat' dir='ltr'><strong>meis.</strong></span> 
     </span>
    </p>
   </div>
   <div class='ocr_carea' id='block_1_44' title="bbox 2085 1410 3667 1486">
    <p class='ocr_par' dir='ltr' id='par_1_44' title="bbox 2085 1410 3667 1486">
     <span class='ocr_line' id='line_1_44' title="bbox 2085 1410 3667 1486; baseline -0.004 -16"><span class='ocrx_word' id='word_1_324' title='bbox 2085 1438 2113 1464; x_wconf 84' lang='grc'><strong>‹‹</strong></span> <span class='ocrx_word' id='word_1_325' title='bbox 2146 1419 2348 1470; x_wconf 88' lang='lat' dir='ltr'><strong>Patres</strong></span> <span class='ocrx_word' id='word_1_326' title='bbox 2379 1415 2564 1470; x_wconf 90' lang='lat' dir='ltr'><strong>nostri</strong></span> <span class='ocrx_word' id='word_1_327' title='bbox 2598 1414 2658 1469; x_wconf 92' lang='lat' dir='ltr'><strong>in</strong></span> <span class='ocrx_word' id='word_1_328' title='bbox 2690 1416 2931 1486; x_wconf 67' lang='lat' dir='ltr'><strong>Egypto</strong></span> <span class='ocrx_word' id='word_1_329' title='bbox 2964 1429 3080 1468; x_wconf 91' lang='lat' dir='ltr'><strong>non</strong></span> <span class='ocrx_word' id='word_1_330' title='bbox 3115 1410 3527 1467; x_wconf 83' lang='lat' dir='ltr'><strong>intellexerunt</strong></span> <span class='ocrx_word' id='word_1_331' title='bbox 3559 1410 3667 1464; x_wconf 85' lang='lat' dir='ltr'><strong>mi-</strong></span> 
     </span>
    </p>
   </div>
   <div class='ocr_carea' id='block_1_45' title="bbox 2015 1499 3665 1571">
    <p class='ocr_par' dir='ltr' id='par_1_45' title="bbox 2015 1499 3665 1571">
     <span class='ocr_line' id='line_1_45' title="bbox 2015 1499 3665 1571; baseline -0.003 -13"><span class='ocrx_word' id='word_1_332' title='bbox 2015 1503 2224 1560; x_wconf 89' lang='lat' dir='ltr'><strong>rabilia</strong></span> <span class='ocrx_word' id='word_1_333' title='bbox 2256 1512 2372 1559; x_wconf 90' lang='lat' dir='ltr'><strong>tua.</strong></span> <span class='ocrx_word' id='word_1_334' title='bbox 2413 1527 2432 1552; x_wconf 74' lang='grc' dir='ltr'>ι</span> <span class='ocrx_word' id='word_1_335' title='bbox 2468 1503 2776 1571; x_wconf 85' lang='lat' dir='ltr'><strong>Viderunt,</strong></span> <span class='ocrx_word' id='word_1_336' title='bbox 2823 1507 2880 1557; x_wconf 89' lang='lat' dir='ltr'><strong>et</strong></span> <span class='ocrx_word' id='word_1_337' title='bbox 2909 1519 3024 1557; x_wconf 89' lang='lat' dir='ltr'><strong>non</strong></span> <span class='ocrx_word' id='word_1_338' title='bbox 3053 1501 3342 1557; x_wconf 86' lang='lat' dir='ltr'><strong>viderunt.</strong></span> <span class='ocrx_word' id='word_1_339' title='bbox 3376 1499 3665 1554; x_wconf 85' lang='lat' dir='ltr'><strong>Viderunt</strong></span> 
     </span>
    </p>
   </div>
   <div class='ocr_carea' id='block_1_46' title="bbox 2016 1586 3666 1660">
    <p class='ocr_par' dir='ltr' id='par_1_46' title="bbox 2016 1586 3666 1660">
     <span class='ocr_line' id='line_1_46' title="bbox 2016 1586 3666 1660; baseline -0.005 -12"><span class='ocrx_word' id='word_1_340' title='bbox 2016 1592 2350 1649; x_wconf 88' lang='lat' dir='ltr'><strong>carnalibus</strong></span> <span class='ocrx_word' id='word_1_341' title='bbox 2382 1593 2588 1658; x_wconf 92' lang='lat' dir='ltr'><strong>oculis,</strong></span> <span class='ocrx_word' id='word_1_342' title='bbox 2619 1598 2677 1648; x_wconf 91' lang='lat' dir='ltr'><strong>et</strong></span> <span class='ocrx_word' id='word_1_343' title='bbox 2709 1591 3116 1660; x_wconf 88' lang='lat' dir='ltr'><strong>spiritualibus</strong></span> <span class='ocrx_word' id='word_1_344' title='bbox 3151 1589 3338 1645; x_wconf 91' lang='lat' dir='ltr'><strong>oculis</strong></span> <span class='ocrx_word' id='word_1_345' title='bbox 3369 1604 3484 1642; x_wconf 90' lang='lat' dir='ltr'><strong>non</strong></span> <span class='ocrx_word' id='word_1_346' title='bbox 3512 1586 3666 1642; x_wconf 89' lang='lat' dir='ltr'><strong>vide-</strong></span> 
     </span>
    </p>
   </div>
   <div class='ocr_carea' id='block_1_47' title="bbox 2018 1675 3662 1749">
    <p class='ocr_par' dir='ltr' id='par_1_47' title="bbox 2018 1675 3662 1749">
     <span class='ocr_line' id='line_1_47' title="bbox 2018 1675 3662 1749; baseline -0.005 -11"><span class='ocrx_word' id='word_1_347' title='bbox 2018 1687 2174 1738; x_wconf 82' lang='lat' dir='ltr'><strong>runt.</strong></span> <span class='ocrx_word' id='word_1_348' title='bbox 2209 1683 2333 1738; x_wconf 92' lang='lat' dir='ltr'><strong>Non</strong></span> <span class='ocrx_word' id='word_1_349' title='bbox 2365 1682 2532 1749; x_wconf 80' lang='lat' dir='ltr'><strong>dixit,</strong></span> <span class='ocrx_word' id='word_1_350' title='bbox 2563 1698 2678 1738; x_wconf 93' lang='lat' dir='ltr'><strong>non</strong></span> <span class='ocrx_word' id='word_1_351' title='bbox 2723 1682 3033 1737; x_wconf 87' lang='lat' dir='ltr'><strong>viderunt:</strong></span> <span class='ocrx_word' id='word_1_352' title='bbox 3067 1680 3190 1746; x_wconf 87' lang='lat' dir='ltr'><strong>sed,</strong></span> <span class='ocrx_word' id='word_1_353' title='bbox 3225 1702 3251 1728; x_wconf 87' lang='lat'>«</span> <span class='ocrx_word' id='word_1_354' title='bbox 3289 1693 3404 1733; x_wconf 94' lang='lat' dir='ltr'><strong>non</strong></span> <span class='ocrx_word' id='word_1_355' title='bbox 3434 1675 3662 1732; x_wconf 88' lang='lat' dir='ltr'><strong>intelle-</strong></span> 
     </span>
    </p>
   </div>
   <div class='ocr_carea' id='block_1_48' title="bbox 2017 1763 3665 1837">
    <p class='ocr_par' dir='ltr' id='par_1_48' title="bbox 2017 1763 3665 1837">
     <span class='ocr_line' id='line_1_48' title="bbox 2017 1763 3665 1837; baseline -0.005 -10"><span class='ocrx_word' id='word_1_356' title='bbox 2017 1776 2244 1827; x_wconf 86' lang='lat' dir='ltr'><strong>xerunt.</strong></span> <span class='ocrx_word' id='word_1_357' title='bbox 2283 1794 2311 1820; x_wconf 90' lang='grc'><strong>››</strong></span> <span class='ocrx_word' id='word_1_358' title='bbox 2343 1771 2430 1826; x_wconf 92' lang='lat' dir='ltr'><strong>Illi</strong></span> <span class='ocrx_word' id='word_1_359' title='bbox 2453 1771 2607 1826; x_wconf 90' lang='lat' dir='ltr'><strong>enim</strong></span> <span class='ocrx_word' id='word_1_360' title='bbox 2639 1771 2911 1826; x_wconf 90' lang='lat' dir='ltr'><strong>viderunt</strong></span> <span class='ocrx_word' id='word_1_361' title='bbox 2930 1766 3242 1837; x_wconf 89' lang='lat' dir='ltr'><strong>mirabilia,</strong></span> <span class='ocrx_word' id='word_1_362' title='bbox 3273 1771 3331 1821; x_wconf 90' lang='lat' dir='ltr'><strong>et</strong></span> <span class='ocrx_word' id='word_1_363' title='bbox 3352 1782 3466 1821; x_wconf 92' lang='lat' dir='ltr'><strong>non</strong></span> <span class='ocrx_word' id='word_1_364' title='bbox 3498 1763 3665 1820; x_wconf 86' lang='lat' dir='ltr'><strong>intel-</strong></span> 
     </span>
    </p>
   </div>
   <div class='ocr_carea' id='block_1_49' title="bbox 2021 1854 3664 1930">
    <p class='ocr_par' dir='ltr' id='par_1_49' title="bbox 2021 1854 3664 1930">
     <span class='ocr_line' id='line_1_49' title="bbox 2021 1854 3664 1930; baseline -0.004 -16"><span class='ocrx_word' id='word_1_365' title='bbox 2021 1860 2301 1916; x_wconf 85' lang='lat' dir='ltr'><strong>lexerunt.</strong></span> <span class='ocrx_word' id='word_1_366' title='bbox 2335 1862 2460 1915; x_wconf 87' lang='lat' dir='ltr'><strong>Non</strong></span> <span class='ocrx_word' id='word_1_367' title='bbox 2492 1860 2648 1915; x_wconf 91' lang='lat' dir='ltr'><strong>enim</strong></span> <span class='ocrx_word' id='word_1_368' title='bbox 2682 1877 2748 1916; x_wconf 88' lang='lat' dir='ltr'><strong>ea</strong></span> <span class='ocrx_word' id='word_1_369' title='bbox 2777 1857 3071 1930; x_wconf 83' lang='lat' dir='ltr'><strong>spirituali</strong></span> <span class='ocrx_word' id='word_1_370' title='bbox 3111 1854 3664 1927; x_wconf 89' lang='lat' dir='ltr'><strong>contemplabantur</strong></span> 
     </span>
    </p>
   </div>
   <div class='ocr_carea' id='block_1_50' title="bbox 2015 1941 3664 2005">
    <p class='ocr_par' dir='ltr' id='par_1_50' title="bbox 2015 1941 3664 2005">
     <span class='ocr_line' id='line_1_50' title="bbox 2015 1941 3664 2005; baseline -0.005 -1"><span class='ocrx_word' id='word_1_371' title='bbox 2015 1949 2252 2005; x_wconf 90' lang='lat' dir='ltr'><strong>intuitu.</strong></span> <span class='ocrx_word' id='word_1_372' title='bbox 2286 1972 2312 1998; x_wconf 85' lang='lat'><strong>«</strong></span> <span class='ocrx_word' id='word_1_373' title='bbox 2338 1951 2407 2004; x_wconf 88' lang='lat' dir='ltr'><strong>Et</strong></span> <span class='ocrx_word' id='word_1_374' title='bbox 2432 1965 2547 2005; x_wconf 91' lang='lat' dir='ltr'><strong>non</strong></span> <span class='ocrx_word' id='word_1_375' title='bbox 2570 1949 2808 2004; x_wconf 89' lang='lat' dir='ltr'><strong>fuerunt</strong></span> <span class='ocrx_word' id='word_1_376' title='bbox 2829 1963 3118 2003; x_wconf 90' lang='lat' dir='ltr'><strong>memores</strong></span> <span class='ocrx_word' id='word_1_377' title='bbox 3140 1942 3538 2001; x_wconf 87' lang='lat' dir='ltr'><strong>multitudinis</strong></span> <span class='ocrx_word' id='word_1_378' title='bbox 3560 1941 3664 1996; x_wconf 88' lang='lat' dir='ltr'><strong>mi-</strong></span> 
     </span>
    </p>
   </div>
   <div class='ocr_carea' id='block_1_51' title="bbox 2014 2031 3666 2101">
    <p class='ocr_par' dir='ltr' id='par_1_51' title="bbox 2014 2031 3666 2101">
     <span class='ocr_line' id='line_1_51' title="bbox 2014 2031 3666 2101; baseline -0.005 -8"><span class='ocrx_word' id='word_1_379' title='bbox 2014 2038 2341 2094; x_wconf 72' lang='lat' dir='ltr'><strong>sericordiae</strong></span> <span class='ocrx_word' id='word_1_380' title='bbox 2372 2042 2503 2094; x_wconf 70' lang='lat' dir='ltr'><strong>tuae.</strong></span> <span class='ocrx_word' id='word_1_381' title='bbox 2534 2060 2560 2086; x_wconf 84' lang='grc'><strong>››</strong></span> <span class='ocrx_word' id='word_1_382' title='bbox 2593 2037 2853 2101; x_wconf 91' lang='lat' dir='ltr'><strong>Qualiter</strong></span> <span class='ocrx_word' id='word_1_383' title='bbox 2881 2052 2980 2092; x_wconf 90' lang='lat' dir='ltr'><strong>eos</strong></span> <span class='ocrx_word' id='word_1_384' title='bbox 3001 2037 3073 2090; x_wconf 91' lang='lat' dir='ltr'><strong>de</strong></span> <span class='ocrx_word' id='word_1_385' title='bbox 3097 2033 3371 2090; x_wconf 88' lang='lat' dir='ltr'><strong>manibus</strong></span> <span class='ocrx_word' id='word_1_386' title='bbox 3404 2031 3666 2086; x_wconf 91' lang='lat' dir='ltr'><strong>inimico-</strong></span> 
     </span>
    </p>
   </div>
   <div class='ocr_carea' id='block_1_52' title="bbox 2015 2119 3660 2200">
    <p class='ocr_par' dir='ltr' id='par_1_52' title="bbox 2015 2119 3660 2200">
     <span class='ocr_line' id='line_1_52' title="bbox 2015 2119 3660 2200; baseline -0.005 -18"><span class='ocrx_word' id='word_1_387' title='bbox 2015 2144 2146 2182; x_wconf 91' lang='lat' dir='ltr'><strong>rum</strong></span> <span class='ocrx_word' id='word_1_388' title='bbox 2177 2126 2469 2200; x_wconf 86' lang='lat' dir='ltr'><strong>eripuisti.</strong></span> <span class='ocrx_word' id='word_1_389' title='bbox 2524 2127 2632 2181; x_wconf 89' lang='lat' dir='ltr'><strong>Sed</strong></span> <span class='ocrx_word' id='word_1_390' title='bbox 2666 2125 2837 2181; x_wconf 91' lang='lat' dir='ltr'><strong>hodie</strong></span> <span class='ocrx_word' id='word_1_391' title='bbox 2891 2139 3126 2196; x_wconf 91' lang='lat' dir='ltr'><strong>quoque</strong></span> <span class='ocrx_word' id='word_1_392' title='bbox 3173 2119 3465 2177; x_wconf 84' lang='lat' dir='ltr'><strong>mirabilia</strong></span> <span class='ocrx_word' id='word_1_393' title='bbox 3494 2119 3660 2186; x_wconf 84' lang='lat' dir='ltr'><strong>facis,</strong></span> 
     </span>
    </p>
   </div>
   <div class='ocr_carea' id='block_1_53' title="bbox 2019 2207 3665 2282">
    <p class='ocr_par' dir='ltr' id='par_1_53' title="bbox 2019 2207 3665 2282">
     <span class='ocr_line' id='line_1_53' title="bbox 2019 2207 3665 2282; baseline -0.004 -12"><span class='ocrx_word' id='word_1_394' title='bbox 2019 2217 2291 2272; x_wconf 89' lang='lat' dir='ltr'><strong>Domine:</strong></span> <span class='ocrx_word' id='word_1_395' title='bbox 2326 2233 2459 2272; x_wconf 90' lang='lat' dir='ltr'><strong>cum</strong></span> <span class='ocrx_word' id='word_1_396' title='bbox 2492 2232 2598 2271; x_wconf 90' lang='lat' dir='ltr'><strong>nos</strong></span> <span class='ocrx_word' id='word_1_397' title='bbox 2624 2233 2657 2270; x_wconf 92' lang='lat' dir='ltr'><strong>a</strong></span> <span class='ocrx_word' id='word_1_398' title='bbox 2685 2215 2940 2271; x_wconf 89' lang='lat' dir='ltr'><strong>tenebris</strong></span> <span class='ocrx_word' id='word_1_399' title='bbox 2969 2211 3174 2269; x_wconf 90' lang='lat' dir='ltr'><strong>mundi</strong></span> <span class='ocrx_word' id='word_1_400' title='bbox 3206 2214 3436 2282; x_wconf 89' lang='lat' dir='ltr'><strong>ereptos</strong></span> <span class='ocrx_word' id='word_1_401' title='bbox 3464 2207 3665 2282; x_wconf 88' lang='lat' dir='ltr'><strong>digna-</strong></span> 
     </span>
    </p>
   </div>
   <div class='ocr_carea' id='block_1_54' title="bbox 2016 2304 2479 2361">
    <p class='ocr_par' dir='ltr' id='par_1_54' title="bbox 2016 2304 2479 2361">
     <span class='ocr_line' id='line_1_54' title="bbox 2016 2304 2479 2361; baseline 0 -1"><span class='ocrx_word' id='word_1_402' title='bbox 2016 2305 2097 2361; x_wconf 88' lang='lat' dir='ltr'><strong>ris</strong></span> <span class='ocrx_word' id='word_1_403' title='bbox 2125 2304 2479 2360; x_wconf 89' lang='lat' dir='ltr'><strong>illuminare.</strong></span> 
     </span>
    </p>
   </div>
   <div class='ocr_carea' id='block_1_55' title="bbox 2090 2388 3657 2450">
    <p class='ocr_par' dir='ltr' id='par_1_55' title="bbox 2090 2388 3657 2450">
     <span class='ocr_line' id='line_1_55' title="bbox 2090 2388 3657 2450; baseline -0.004 -1"><span class='ocrx_word' id='word_1_404' title='bbox 2090 2417 2116 2443; x_wconf 79' lang='grc' dir='ltr'>α</span> <span class='ocrx_word' id='word_1_405' title='bbox 2147 2395 2217 2449; x_wconf 91' lang='lat' dir='ltr'><strong>Et</strong></span> <span class='ocrx_word' id='word_1_406' title='bbox 2245 2394 2619 2450; x_wconf 89' lang='lat' dir='ltr'><strong>irritaverunt</strong></span> <span class='ocrx_word' id='word_1_407' title='bbox 2648 2394 3028 2449; x_wconf 87' lang='lat' dir='ltr'><strong>ascendentes</strong></span> <span class='ocrx_word' id='word_1_408' title='bbox 3060 2391 3118 2446; x_wconf 91' lang='lat' dir='ltr'><strong>in</strong></span> <span class='ocrx_word' id='word_1_409' title='bbox 3155 2407 3313 2446; x_wconf 88' lang='lat' dir='ltr'><strong>mare</strong></span> <span class='ocrx_word' id='word_1_410' title='bbox 3354 2388 3616 2444; x_wconf 83' lang='lat' dir='ltr'><strong>Rubrum</strong></span> <span class='ocrx_word' id='word_1_411' title='bbox 3644 2404 3657 2442; x_wconf 91' lang='lat'><strong>:</strong></span> 
     </span>
    </p>
   </div>
   <div class='ocr_carea' id='block_1_56' title="bbox 2015 2476 3657 2549">
    <p class='ocr_par' dir='ltr' id='par_1_56' title="bbox 2015 2476 3657 2549">
     <span class='ocr_line' id='line_1_56' title="bbox 2015 2476 3657 2549; baseline -0.005 -10"><span class='ocrx_word' id='word_1_412' title='bbox 2015 2488 2074 2539; x_wconf 91' lang='lat' dir='ltr'><strong>et</strong></span> <span class='ocrx_word' id='word_1_413' title='bbox 2093 2484 2338 2539; x_wconf 89' lang='lat' dir='ltr'><strong>salvavit</strong></span> <span class='ocrx_word' id='word_1_414' title='bbox 2360 2500 2481 2549; x_wconf 90' lang='lat' dir='ltr'><strong>eos,</strong></span> <span class='ocrx_word' id='word_1_415' title='bbox 2507 2505 2534 2532; x_wconf 87' lang='lat'>»</span> <span class='ocrx_word' id='word_1_416' title='bbox 2561 2488 2669 2539; x_wconf 91' lang='lat' dir='ltr'><strong>etc.</strong></span> <span class='ocrx_word' id='word_1_417' title='bbox 2697 2483 2867 2539; x_wconf 88' lang='lat' dir='ltr'><strong>Facta</strong></span> <span class='ocrx_word' id='word_1_418' title='bbox 2893 2484 3032 2536; x_wconf 88' lang='lat' dir='ltr'><strong>sunt</strong></span> <span class='ocrx_word' id='word_1_419' title='bbox 3055 2479 3212 2535; x_wconf 90' lang='lat' dir='ltr'><strong>enim</strong></span> <span class='ocrx_word' id='word_1_420' title='bbox 3234 2479 3356 2534; x_wconf 68' lang='lat' dir='ltr'><strong>haec</strong></span> <span class='ocrx_word' id='word_1_421' title='bbox 3376 2479 3436 2533; x_wconf 90' lang='lat' dir='ltr'><strong>in</strong></span> <span class='ocrx_word' id='word_1_422' title='bbox 3460 2476 3657 2534; x_wconf 84' lang='lat' dir='ltr'><strong>Israel.</strong></span> 
     </span>
    </p>
   </div>
   <div class='ocr_carea' id='block_1_57' title="bbox 2016 2567 3661 2642">
    <p class='ocr_par' dir='ltr' id='par_1_57' title="bbox 2016 2567 3661 2642">
     <span class='ocr_line' id='line_1_57' title="bbox 2016 2567 3661 2642; baseline -0.004 -14"><span class='ocrx_word' id='word_1_423' title='bbox 2016 2572 2126 2628; x_wconf 90' lang='lat' dir='ltr'><strong>Sed</strong></span> <span class='ocrx_word' id='word_1_424' title='bbox 2159 2572 2744 2628; x_wconf 78' lang='lat' dir='ltr'><strong>animadvertendum</strong></span> <span class='ocrx_word' id='word_1_425' title='bbox 2783 2575 2872 2627; x_wconf 90' lang='lat' dir='ltr'><strong>est</strong></span> <span class='ocrx_word' id='word_1_426' title='bbox 2919 2569 3057 2642; x_wconf 90' lang='lat' dir='ltr'><strong>quia</strong></span> <span class='ocrx_word' id='word_1_427' title='bbox 3089 2569 3245 2641; x_wconf 91' lang='lat' dir='ltr'><strong>quod</strong></span> <span class='ocrx_word' id='word_1_428' title='bbox 3277 2567 3356 2624; x_wconf 92' lang='lat' dir='ltr'><strong>ibi</strong></span> <span class='ocrx_word' id='word_1_429' title='bbox 3389 2567 3501 2623; x_wconf 68' lang='lat' dir='ltr'><strong>f‘uit</strong></span> <span class='ocrx_word' id='word_1_430' title='bbox 3530 2583 3661 2622; x_wconf 89' lang='lat' dir='ltr'><strong>um-</strong></span> 
     </span>
    </p>
   </div>
   <div class='ocr_carea' id='block_1_58' title="bbox 2016 2655 3662 2730">
    <p class='ocr_par' dir='ltr' id='par_1_58' title="bbox 2016 2655 3662 2730">
     <span class='ocr_line' id='line_1_58' title="bbox 2016 2655 3662 2730; baseline -0.003 -14"><span class='ocrx_word' id='word_1_431' title='bbox 2016 2661 2140 2727; x_wconf 91' lang='lat' dir='ltr'><strong>bra,</strong></span> <span class='ocrx_word' id='word_1_432' title='bbox 2176 2662 2235 2716; x_wconf 91' lang='lat' dir='ltr'><strong>in</strong></span> <span class='ocrx_word' id='word_1_433' title='bbox 2285 2661 2538 2718; x_wconf 89' lang='lat' dir='ltr'><strong>Ecclesia</strong></span> <span class='ocrx_word' id='word_1_434' title='bbox 2585 2661 2795 2717; x_wconf 88' lang='lat' dir='ltr'><strong>veritas</strong></span> <span class='ocrx_word' id='word_1_435' title='bbox 2847 2663 2936 2716; x_wconf 91' lang='lat' dir='ltr'><strong>est</strong></span> <span class='ocrx_word' id='word_1_436' title='bbox 2982 2658 3288 2730; x_wconf 88' lang='lat' dir='ltr'><strong>completa.</strong></span> <span class='ocrx_word' id='word_1_437' title='bbox 3335 2656 3519 2729; x_wconf 89' lang='lat' dir='ltr'><strong>Igitur</strong></span> <span class='ocrx_word' id='word_1_438' title='bbox 3559 2655 3662 2711; x_wconf 88' lang='lat' dir='ltr'><strong>ba-</strong></span> 
     </span>
    </p>
   </div>
   <div class='ocr_carea' id='block_1_59' title="bbox 2017 2744 3666 2823">
    <p class='ocr_par' dir='ltr' id='par_1_59' title="bbox 2017 2744 3666 2823">
     <span class='ocr_line' id='line_1_59' title="bbox 2017 2744 3666 2823; baseline -0.005 -18"><span class='ocrx_word' id='word_1_439' title='bbox 2017 2751 2301 2823; x_wconf 90' lang='lat' dir='ltr'><strong>ptismum</strong></span> <span class='ocrx_word' id='word_1_440' title='bbox 2319 2751 2405 2806; x_wconf 90' lang='lat' dir='ltr'><strong>vel</strong></span> <span class='ocrx_word' id='word_1_441' title='bbox 2423 2767 2564 2807; x_wconf 82' lang='lat' dir='ltr'><strong>crux</strong></span> <span class='ocrx_word' id='word_1_442' title='bbox 2576 2749 2786 2806; x_wconf 89' lang='lat' dir='ltr'><strong>Christi</strong></span> <span class='ocrx_word' id='word_1_443' title='bbox 2804 2747 3183 2822; x_wconf 90' lang='lat' dir='ltr'><strong>pereuntibus</strong></span> <span class='ocrx_word' id='word_1_444' title='bbox 3194 2745 3445 2802; x_wconf 90' lang='lat' dir='ltr'><strong>stultitia</strong></span> <span class='ocrx_word' id='word_1_445' title='bbox 3460 2747 3567 2800; x_wconf 82' lang='lat' dir='ltr'><strong>est.</strong></span> <span class='ocrx_word' id='word_1_446' title='bbox 3588 2744 3666 2800; x_wconf 89' lang='lat' dir='ltr'><strong>Ir-</strong></span> 
     </span>
    </p>
   </div>
   <div class='ocr_carea' id='block_1_60' title="bbox 2017 2832 3661 2911">
    <p class='ocr_par' dir='ltr' id='par_1_60' title="bbox 2017 2832 3661 2911">
     <span class='ocr_line' id='line_1_60' title="bbox 2017 2832 3661 2911; baseline -0.005 -17"><span class='ocrx_word' id='word_1_447' title='bbox 2017 2839 2228 2894; x_wconf 88' lang='lat' dir='ltr'><strong>ritatur</strong></span> <span class='ocrx_word' id='word_1_448' title='bbox 2271 2857 2408 2911; x_wconf 89' lang='lat' dir='ltr'><strong>ergo</strong></span> <span class='ocrx_word' id='word_1_449' title='bbox 2455 2841 2528 2894; x_wconf 90' lang='lat' dir='ltr'><strong>ab</strong></span> <span class='ocrx_word' id='word_1_450' title='bbox 2576 2839 2669 2894; x_wconf 90' lang='lat' dir='ltr'><strong>his</strong></span> <span class='ocrx_word' id='word_1_451' title='bbox 2728 2843 2900 2902; x_wconf 89' lang='lat' dir='ltr'><strong>Deus,</strong></span> <span class='ocrx_word' id='word_1_452' title='bbox 2951 2852 3084 2892; x_wconf 89' lang='lat' dir='ltr'><strong>cum</strong></span> <span class='ocrx_word' id='word_1_453' title='bbox 3140 2851 3256 2890; x_wconf 91' lang='lat' dir='ltr'><strong>non</strong></span> <span class='ocrx_word' id='word_1_454' title='bbox 3306 2832 3661 2904; x_wconf 86' lang='lat' dir='ltr'><strong>intelligunt.</strong></span> 
     </span>
    </p>
   </div>
   <div class='ocr_carea' id='block_1_61' title="bbox 2015 2921 3667 2998">
    <p class='ocr_par' dir='ltr' id='par_1_61' title="bbox 2015 2921 3667 2998">
     <span class='ocr_line' id='line_1_61' title="bbox 2015 2921 3667 2998; baseline -0.005 -14"><span class='ocrx_word' id='word_1_455' title='bbox 2015 2928 2242 2984; x_wconf 90' lang='lat' dir='ltr'><strong>Eruditi</strong></span> <span class='ocrx_word' id='word_1_456' title='bbox 2271 2933 2463 2984; x_wconf 87' lang='lat' dir='ltr'><strong>autem</strong></span> <span class='ocrx_word' id='word_1_457' title='bbox 2485 2931 2626 2983; x_wconf 91' lang='lat' dir='ltr'><strong>tunc</strong></span> <span class='ocrx_word' id='word_1_458' title='bbox 2647 2929 2998 2998; x_wconf 90' lang='lat' dir='ltr'><strong>cognoscent</strong></span> <span class='ocrx_word' id='word_1_459' title='bbox 3024 2922 3343 2996; x_wconf 89' lang='lat' dir='ltr'><strong>potentiam</strong></span> <span class='ocrx_word' id='word_1_460' title='bbox 3367 2922 3486 2977; x_wconf 85' lang='lat' dir='ltr'><strong>Dei.</strong></span> <span class='ocrx_word' id='word_1_461' title='bbox 3509 2921 3667 2977; x_wconf 88' lang='lat' dir='ltr'><strong>Mare</strong></span> 
     </span>
    </p>
   </div>
   <div class='ocr_carea' id='block_1_62' title="bbox 2019 3009 3667 3088">
    <p class='ocr_par' dir='ltr' id='par_1_62' title="bbox 2019 3009 3667 3088">
     <span class='ocr_line' id='line_1_62' title="bbox 2019 3009 3667 3088; baseline -0.005 -15"><span class='ocrx_word' id='word_1_462' title='bbox 2019 3019 2214 3073; x_wconf 88' lang='lat' dir='ltr'><strong>autem</strong></span> <span class='ocrx_word' id='word_1_463' title='bbox 2245 3018 2393 3073; x_wconf 89' lang='lat' dir='ltr'><strong>duas</strong></span> <span class='ocrx_word' id='word_1_464' title='bbox 2423 3016 2598 3073; x_wconf 90' lang='lat' dir='ltr'><strong>habet</strong></span> <span class='ocrx_word' id='word_1_465' title='bbox 2628 3015 3077 3088; x_wconf 82' lang='lat' dir='ltr'><strong>intelligentiae:</strong></span> <span class='ocrx_word' id='word_1_466' title='bbox 3114 3013 3476 3086; x_wconf 88' lang='lat' dir='ltr'><strong>baptismum</strong></span> <span class='ocrx_word' id='word_1_467' title='bbox 3509 3009 3667 3066; x_wconf 86' lang='lat' dir='ltr'><strong>scili-</strong></span> 
     </span>
    </p>
   </div>
   <div class='ocr_carea' id='block_1_63' title="bbox 2018 3105 2522 3162">
    <p class='ocr_par' dir='ltr' id='par_1_63' title="bbox 2018 3105 2522 3162">
     <span class='ocr_line' id='line_1_63' title="bbox 2018 3105 2522 3162; baseline -0.004 0"><span class='ocrx_word' id='word_1_468' title='bbox 2018 3110 2108 3162; x_wconf 90' lang='lat' dir='ltr'><strong>cet</strong></span> <span class='ocrx_word' id='word_1_469' title='bbox 2135 3111 2192 3161; x_wconf 91' lang='lat' dir='ltr'><strong>et</strong></span> <span class='ocrx_word' id='word_1_470' title='bbox 2220 3105 2522 3162; x_wconf 71' lang='lat' dir='ltr'><strong>szeculum.</strong></span> 
     </span>
    </p>
   </div>
   <div class='ocr_carea' id='block_1_64' title="bbox 2090 3190 3667 3266">
    <p class='ocr_par' dir='ltr' id='par_1_64' title="bbox 2090 3190 3667 3266">
     <span class='ocr_line' id='line_1_64' title="bbox 2090 3190 3667 3266; baseline -0.004 -16"><span class='ocrx_word' id='word_1_471' title='bbox 2090 3213 2122 3246; x_wconf 74' lang='grc' dir='ltr'>ι</span> <span class='ocrx_word' id='word_1_472' title='bbox 2156 3193 2478 3266; x_wconf 90' lang='lat' dir='ltr'><strong>Increpavit</strong></span> <span class='ocrx_word' id='word_1_473' title='bbox 2506 3209 2666 3249; x_wconf 88' lang='lat' dir='ltr'><strong>mare</strong></span> <span class='ocrx_word' id='word_1_474' title='bbox 2697 3193 2987 3261; x_wconf 84' lang='lat' dir='ltr'><strong>Rubrum,</strong></span> <span class='ocrx_word' id='word_1_475' title='bbox 3017 3196 3074 3248; x_wconf 90' lang='lat' dir='ltr'><strong>et</strong></span> <span class='ocrx_word' id='word_1_476' title='bbox 3107 3190 3462 3247; x_wconf 78' lang='lat' dir='ltr'><strong>exsiccatum</strong></span> <span class='ocrx_word' id='word_1_477' title='bbox 3492 3194 3602 3245; x_wconf 89' lang='lat' dir='ltr'><strong>est.</strong></span> <span class='ocrx_word' id='word_1_478' title='bbox 3640 3211 3667 3236; x_wconf 70' lang='grc' dir='ltr'><strong>»ι</strong></span> 
     </span>
    </p>
   </div>
   <div class='ocr_carea' id='block_1_65' title="bbox 256 3266 3665 3355">
    <p class='ocr_par' dir='ltr' id='par_1_65' title="bbox 256 3266 3665 3355">
     <span class='ocr_line' id='line_1_65' title="bbox 256 3266 3665 3355; baseline -0.001 -17"><span class='ocrx_word' id='word_1_479' title='bbox 256 3281 436 3352; x_wconf 89' lang='lat' dir='ltr'><strong>mine,</strong></span> <span class='ocrx_word' id='word_1_480' title='bbox 471 3285 721 3337; x_wconf 83' lang='lat' dir='ltr'><strong>veterem</strong></span> <span class='ocrx_word' id='word_1_481' title='bbox 764 3281 992 3354; x_wconf 91' lang='lat' dir='ltr'><strong>legem:</strong></span> <span class='ocrx_word' id='word_1_482' title='bbox 1036 3283 1335 3338; x_wconf 86' lang='lat' dir='ltr'><strong>beatitudo</strong></span> <span class='ocrx_word' id='word_1_483' title='bbox 1389 3283 1643 3354; x_wconf 89' lang='lat' dir='ltr'><strong>perfecta</strong></span> <span class='ocrx_word' id='word_1_484' title='bbox 1673 3300 1789 3340; x_wconf 92' lang='lat' dir='ltr'><strong>non</strong></span> <span class='ocrx_word' id='word_1_485' title='bbox 1819 3287 1909 3340; x_wconf 87' lang='lat' dir='ltr'><strong>est</strong></span> <span class='ocrx_word' id='word_1_486' title='bbox 1938 3266 1981 3333; x_wconf 84' lang='lat' dir='ltr'><strong>C</strong></span> <span class='ocrx_word' id='word_1_487' title='bbox 2020 3283 2261 3340; x_wconf 91' lang='lat' dir='ltr'><strong>Desistit</strong></span> <span class='ocrx_word' id='word_1_488' title='bbox 2290 3301 2486 3340; x_wconf 87' lang='lat' dir='ltr'><strong>coram</strong></span> <span class='ocrx_word' id='word_1_489' title='bbox 2528 3283 2765 3355; x_wconf 91' lang='lat' dir='ltr'><strong>populo.</strong></span> <span class='ocrx_word' id='word_1_490' title='bbox 2798 3283 2898 3338; x_wconf 91' lang='lat' dir='ltr'><strong>Dei</strong></span> <span class='ocrx_word' id='word_1_491' title='bbox 2940 3281 3331 3354; x_wconf 91' lang='lat' dir='ltr'><strong>procellosum</strong></span> <span class='ocrx_word' id='word_1_492' title='bbox 3365 3278 3665 3344; x_wconf 75' lang='lat' dir='ltr'><strong>szeculum,</strong></span> 
     </span>
    </p>
   </div>
   <div class='ocr_carea' id='block_1_66' title="bbox 263 3370 1909 3445">
    <p class='ocr_par' dir='ltr' id='par_1_66' title="bbox 263 3370 1909 3445">
     <span class='ocr_line' id='line_1_66' title="bbox 263 3370 1909 3445; baseline 0.001 -19"><span class='ocrx_word' id='word_1_493' title='bbox 263 3371 326 3426; x_wconf 87' lang='lat' dir='ltr'><strong>in</strong></span> <span class='ocrx_word' id='word_1_494' title='bbox 367 3370 550 3427; x_wconf 88' lang='lat' dir='ltr'><strong>veteri</strong></span> <span class='ocrx_word' id='word_1_495' title='bbox 602 3371 771 3443; x_wconf 87' lang='lat' dir='ltr'><strong>Lege,</strong></span> <span class='ocrx_word' id='word_1_496' title='bbox 819 3371 922 3426; x_wconf 90' lang='lat' dir='ltr'><strong>sed</strong></span> <span class='ocrx_word' id='word_1_497' title='bbox 972 3371 1031 3426; x_wconf 92' lang='lat' dir='ltr'><strong>in</strong></span> <span class='ocrx_word' id='word_1_498' title='bbox 1079 3370 1410 3444; x_wconf 82' lang='lat' dir='ltr'><strong>Evangelia.</strong></span> <span class='ocrx_word' id='word_1_499' title='bbox 1463 3372 1595 3428; x_wconf 92' lang='lat' dir='ltr'><strong>Scio</strong></span> <span class='ocrx_word' id='word_1_500' title='bbox 1630 3372 1909 3445; x_wconf 88' lang='lat' dir='ltr'><strong>quoniam</strong></span> 
     </span>
    </p>
   </div>
   <div class='ocr_carea' id='block_1_67' title="bbox 259 3457 1909 3533">
    <p class='ocr_par' dir='ltr' id='par_1_67' title="bbox 259 3457 1909 3533">
     <span class='ocr_line' id='line_1_67' title="bbox 259 3457 1909 3533; baseline 0 -18"><span class='ocrx_word' id='word_1_501' title='bbox 259 3459 423 3532; x_wconf 89' lang='lat' dir='ltr'><strong>prior</strong></span> <span class='ocrx_word' id='word_1_502' title='bbox 451 3457 705 3532; x_wconf 86' lang='lat' dir='ltr'><strong>populus</strong></span> <span class='ocrx_word' id='word_1_503' title='bbox 727 3458 968 3515; x_wconf 69' lang='lat' dir='ltr'><strong>offendit</strong></span> <span class='ocrx_word' id='word_1_504' title='bbox 992 3463 1067 3530; x_wconf 86' lang='lat' dir='ltr'><strong>te,</strong></span> <span class='ocrx_word' id='word_1_505' title='bbox 1099 3464 1158 3516; x_wconf 90' lang='lat' dir='ltr'><strong>et</strong></span> <span class='ocrx_word' id='word_1_506' title='bbox 1178 3475 1363 3516; x_wconf 89' lang='lat' dir='ltr'><strong>novus</strong></span> <span class='ocrx_word' id='word_1_507' title='bbox 1385 3461 1638 3533; x_wconf 90' lang='lat' dir='ltr'><strong>populus</strong></span> <span class='ocrx_word' id='word_1_508' title='bbox 1660 3466 1909 3529; x_wconf 91' lang='lat' dir='ltr'><strong>creatur,</strong></span> 
     </span>
    </p>
   </div>
   <div class='ocr_carea' id='block_1_68' title="bbox 259 3547 1916 3621">
    <p class='ocr_par' dir='ltr' id='par_1_68' title="bbox 259 3547 1916 3621">
     <span class='ocr_line' id='line_1_68' title="bbox 259 3547 1916 3621; baseline 0.001 -18"><span class='ocrx_word' id='word_1_509' title='bbox 259 3547 366 3619; x_wconf 88' lang='lat' dir='ltr'><strong>qui</strong></span> <span class='ocrx_word' id='word_1_510' title='bbox 394 3547 606 3604; x_wconf 90' lang='lat' dir='ltr'><strong>serviat</strong></span> <span class='ocrx_word' id='word_1_511' title='bbox 637 3547 761 3604; x_wconf 91' lang='lat' dir='ltr'><strong>tibi.</strong></span> <span class='ocrx_word' id='word_1_512' title='bbox 797 3547 927 3604; x_wconf 90' lang='lat' dir='ltr'><strong>Scio</strong></span> <span class='ocrx_word' id='word_1_513' title='bbox 957 3548 1097 3620; x_wconf 90' lang='lat' dir='ltr'><strong>quia</strong></span> <span class='ocrx_word' id='word_1_514' title='bbox 1116 3549 1308 3606; x_wconf 90' lang='lat' dir='ltr'><strong>veniet</strong></span> <span class='ocrx_word' id='word_1_515' title='bbox 1336 3549 1516 3606; x_wconf 88' lang='lat' dir='ltr'><strong>Filius</strong></span> <span class='ocrx_word' id='word_1_516' title='bbox 1540 3555 1696 3621; x_wconf 90' lang='lat' dir='ltr'><strong>tuus,</strong></span> <span class='ocrx_word' id='word_1_517' title='bbox 1729 3555 1786 3606; x_wconf 91' lang='lat' dir='ltr'><strong>et</strong></span> <span class='ocrx_word' id='word_1_518' title='bbox 1805 3549 1916 3606; x_wconf 87' lang='lat' dir='ltr'><strong>sal-</strong></span> 
     </span>
    </p>
   </div>
   <div class='ocr_carea' id='block_1_69' title="bbox 260 3636 1914 3710">
    <p class='ocr_par' dir='ltr' id='par_1_69' title="bbox 260 3636 1914 3710">
     <span class='ocr_line' id='line_1_69' title="bbox 260 3636 1914 3710; baseline 0.002 -20"><span class='ocrx_word' id='word_1_519' title='bbox 260 3636 420 3692; x_wconf 85' lang='lat' dir='ltr'><strong>vabit</strong></span> <span class='ocrx_word' id='word_1_520' title='bbox 450 3651 621 3692; x_wconf 90' lang='lat' dir='ltr'><strong>omne</strong></span> <span class='ocrx_word' id='word_1_521' title='bbox 643 3653 829 3710; x_wconf 90' lang='lat' dir='ltr'><strong>genus</strong></span> <span class='ocrx_word' id='word_1_522' title='bbox 851 3637 1202 3703; x_wconf 88' lang='lat' dir='ltr'><strong>humanum,</strong></span> <span class='ocrx_word' id='word_1_523' title='bbox 1225 3643 1280 3694; x_wconf 91' lang='lat' dir='ltr'><strong>et</strong></span> <span class='ocrx_word' id='word_1_524' title='bbox 1305 3640 1538 3695; x_wconf 90' lang='lat' dir='ltr'><strong>credent</strong></span> <span class='ocrx_word' id='word_1_525' title='bbox 1565 3639 1623 3695; x_wconf 92' lang='lat' dir='ltr'><strong>in</strong></span> <span class='ocrx_word' id='word_1_526' title='bbox 1655 3655 1788 3695; x_wconf 91' lang='lat' dir='ltr'><strong>eum</strong></span> <span class='ocrx_word' id='word_1_527' title='bbox 1813 3639 1914 3710; x_wconf 92' lang='lat' dir='ltr'><strong>qui</strong></span> 
     </span>
    </p>
   </div>
   <div class='ocr_carea' id='block_1_70' title="bbox 262 3724 1914 3800">
    <p class='ocr_par' dir='ltr' id='par_1_70' title="bbox 262 3724 1914 3800">
     <span class='ocr_line' id='line_1_70' title="bbox 262 3724 1914 3800; baseline 0.001 -19"><span class='ocrx_word' id='word_1_528' title='bbox 262 3724 431 3781; x_wconf 87' lang='lat' dir='ltr'><strong>electi</strong></span> <span class='ocrx_word' id='word_1_529' title='bbox 476 3730 669 3781; x_wconf 85' lang='lat' dir='ltr'><strong>erunt.</strong></span> <span class='ocrx_word' id='word_1_530' title='bbox 728 3726 1036 3798; x_wconf 86' lang='lat' dir='ltr'><strong>Propterea</strong></span> <span class='ocrx_word' id='word_1_531' title='bbox 1091 3743 1228 3799; x_wconf 89' lang='lat' dir='ltr'><strong>ergo</strong></span> <span class='ocrx_word' id='word_1_532' title='bbox 1281 3744 1421 3800; x_wconf 90' lang='lat' dir='ltr'><strong>rogo</strong></span> <span class='ocrx_word' id='word_1_533' title='bbox 1479 3728 1759 3799; x_wconf 88' lang='lat' dir='ltr'><strong>quoniam</strong></span> <span class='ocrx_word' id='word_1_534' title='bbox 1808 3744 1914 3800; x_wconf 90' lang='lat' dir='ltr'><strong>ego</strong></span> 
     </span>
    </p>
   </div>
   <div class='ocr_carea' id='block_1_71' title="bbox 262 3813 1913 3888">
    <p class='ocr_par' dir='ltr' id='par_1_71' title="bbox 262 3813 1913 3888">
     <span class='ocr_line' id='line_1_71' title="bbox 262 3813 1913 3888; baseline 0.002 -21"><span class='ocrx_word' id='word_1_535' title='bbox 262 3813 429 3885; x_wconf 90' lang='lat' dir='ltr'><strong>prius</strong></span> <span class='ocrx_word' id='word_1_536' title='bbox 461 3817 635 3869; x_wconf 91' lang='lat' dir='ltr'><strong>natus</strong></span> <span class='ocrx_word' id='word_1_537' title='bbox 683 3830 813 3872; x_wconf 89' lang='lat' dir='ltr'><strong>sum</strong></span> <span class='ocrx_word' id='word_1_538' title='bbox 847 3815 904 3868; x_wconf 93' lang='lat' dir='ltr'><strong>in</strong></span> <span class='ocrx_word' id='word_1_539' title='bbox 945 3816 1122 3870; x_wconf 89' lang='lat' dir='ltr'><strong>veteri</strong></span> <span class='ocrx_word' id='word_1_540' title='bbox 1175 3821 1341 3888; x_wconf 86' lang='lat' dir='ltr'><strong>Lege,</strong></span> <span class='ocrx_word' id='word_1_541' title='bbox 1395 3822 1459 3871; x_wconf 90' lang='lat' dir='ltr'><strong>ut</strong></span> <span class='ocrx_word' id='word_1_542' title='bbox 1485 3817 1740 3888; x_wconf 89' lang='lat' dir='ltr'><strong>imputes</strong></span> <span class='ocrx_word' id='word_1_543' title='bbox 1769 3816 1913 3871; x_wconf 92' lang='lat' dir='ltr'><strong>mihi</strong></span> 
     </span>
    </p>
   </div>
   <div class='ocr_carea' id='block_1_72' title="bbox 263 3903 1915 3975">
    <p class='ocr_par' dir='ltr' id='par_1_72' title="bbox 263 3903 1915 3975">
     <span class='ocr_line' id='line_1_72' title="bbox 263 3903 1915 3975; baseline 0.001 -17"><span class='ocrx_word' id='word_1_544' title='bbox 263 3903 594 3958; x_wconf 80' lang='lat' dir='ltr'><strong>mercedem</strong></span> <span class='ocrx_word' id='word_1_545' title='bbox 624 3918 757 3957; x_wconf 90' lang='lat' dir='ltr'><strong>cum</strong></span> <span class='ocrx_word' id='word_1_546' title='bbox 804 3919 950 3958; x_wconf 93' lang='lat' dir='ltr'><strong>novo</strong></span> <span class='ocrx_word' id='word_1_547' title='bbox 999 3903 1233 3975; x_wconf 91' lang='lat' dir='ltr'><strong>populo.</strong></span> <span class='ocrx_word' id='word_1_548' title='bbox 1284 3904 1528 3960; x_wconf 89' lang='lat' dir='ltr'><strong>Videtur</strong></span> <span class='ocrx_word' id='word_1_549' title='bbox 1558 3910 1759 3960; x_wconf 89' lang='lat' dir='ltr'><strong>nostra</strong></span> <span class='ocrx_word' id='word_1_550' title='bbox 1788 3921 1915 3960; x_wconf 88' lang='lat' dir='ltr'><strong>esse</strong></span> 
     </span>
    </p>
   </div>
   <div class='ocr_carea' id='block_1_73' title="bbox 265 3991 1913 4064">
    <p class='ocr_par' dir='ltr' id='par_1_73' title="bbox 265 3991 1913 4064">
     <span class='ocr_line' id='line_1_73' title="bbox 265 3991 1913 4064; baseline 0.001 -17"><span class='ocrx_word' id='word_1_551' title='bbox 265 3991 561 4048; x_wconf 90' lang='lat' dir='ltr'><strong>sententia</strong></span> <span class='ocrx_word' id='word_1_552' title='bbox 589 3991 729 4046; x_wconf 65' lang='lat' dir='ltr'><strong>haec.</strong></span> <span class='ocrx_word' id='word_1_553' title='bbox 775 3991 1064 4064; x_wconf 84' lang='lat' dir='ltr'><strong>Legamus</strong></span> <span class='ocrx_word' id='word_1_554' title='bbox 1109 3993 1266 4064; x_wconf 89' lang='lat' dir='ltr'><strong>ipsos</strong></span> <span class='ocrx_word' id='word_1_555' title='bbox 1296 3993 1633 4061; x_wconf 85' lang='lat' dir='ltr'><strong>versiculos,</strong></span> <span class='ocrx_word' id='word_1_556' title='bbox 1669 3998 1725 4049; x_wconf 88' lang='lat' dir='ltr'><strong>et</strong></span> <span class='ocrx_word' id='word_1_557' title='bbox 1756 3994 1913 4049; x_wconf 89' lang='lat' dir='ltr'><strong>inve-</strong></span> 
     </span>
    </p>
   </div>
   <div class='ocr_carea' id='block_1_74' title="bbox 265 4079 1918 4154">
    <p class='ocr_par' dir='ltr' id='par_1_74' title="bbox 265 4079 1918 4154">
     <span class='ocr_line' id='line_1_74' title="bbox 265 4079 1918 4154; baseline 0.002 -19"><span class='ocrx_word' id='word_1_558' title='bbox 265 4080 498 4136; x_wconf 89' lang='lat' dir='ltr'><strong>niemus</strong></span> <span class='ocrx_word' id='word_1_559' title='bbox 527 4079 723 4152; x_wconf 89' lang='lat' dir='ltr'><strong>ipsum</strong></span> <span class='ocrx_word' id='word_1_560' title='bbox 745 4096 986 4137; x_wconf 89' lang='lat' dir='ltr'><strong>sensum</strong></span> <span class='ocrx_word' id='word_1_561' title='bbox 1009 4097 1137 4138; x_wconf 88' lang='lat' dir='ltr'><strong>esse</strong></span> <span class='ocrx_word' id='word_1_562' title='bbox 1159 4097 1335 4154; x_wconf 91' lang='lat' dir='ltr'><strong>quem</strong></span> <span class='ocrx_word' id='word_1_563' title='bbox 1368 4083 1646 4138; x_wconf 82' lang='lat' dir='ltr'><strong>diximus.</strong></span> <span class='ocrx_word' id='word_1_564' title='bbox 1679 4105 1706 4132; x_wconf 87' lang='grc'><strong>‹‹</strong></span> <span class='ocrx_word' id='word_1_565' title='bbox 1729 4082 1918 4138; x_wconf 86' lang='lat' dir='ltr'><strong>Visita</strong></span> 
     </span>
    </p>
   </div>
   <div class='ocr_carea' id='block_1_75' title="bbox 265 4169 1915 4244">
    <p class='ocr_par' dir='ltr' id='par_1_75' title="bbox 265 4169 1915 4244">
     <span class='ocr_line' id='line_1_75' title="bbox 265 4169 1915 4244; baseline 0.002 -19"><span class='ocrx_word' id='word_1_566' title='bbox 265 4186 374 4226; x_wconf 88' lang='lat' dir='ltr'><strong>nos</strong></span> <span class='ocrx_word' id='word_1_567' title='bbox 404 4169 464 4225; x_wconf 94' lang='lat' dir='ltr'><strong>in</strong></span> <span class='ocrx_word' id='word_1_568' title='bbox 496 4169 738 4227; x_wconf 87' lang='lat' dir='ltr'><strong>salutari</strong></span> <span class='ocrx_word' id='word_1_569' title='bbox 768 4174 890 4227; x_wconf 93' lang='lat' dir='ltr'><strong>tuo.</strong></span> <span class='ocrx_word' id='word_1_570' title='bbox 926 4193 955 4220; x_wconf 70' lang='grc' dir='ltr'><strong>ιο</strong></span> <span class='ocrx_word' id='word_1_571' title='bbox 987 4175 1105 4228; x_wconf 84' lang='lat' dir='ltr'><strong>Hoc</strong></span> <span class='ocrx_word' id='word_1_572' title='bbox 1136 4175 1244 4238; x_wconf 89' lang='lat' dir='ltr'><strong>est,</strong></span> <span class='ocrx_word' id='word_1_573' title='bbox 1267 4171 1324 4227; x_wconf 91' lang='lat' dir='ltr'><strong>in</strong></span> <span class='ocrx_word' id='word_1_574' title='bbox 1358 4172 1500 4228; x_wconf 89' lang='lat' dir='ltr'><strong>Filio</strong></span> <span class='ocrx_word' id='word_1_575' title='bbox 1525 4177 1647 4239; x_wconf 90' lang='lat' dir='ltr'><strong>tuo,</strong></span> <span class='ocrx_word' id='word_1_576' title='bbox 1681 4173 1915 4244; x_wconf 90' lang='lat' dir='ltr'><strong>quando</strong></span> 
     </span>
    </p>
   </div>
   <div class='ocr_carea' id='block_1_76' title="bbox 263 4259 508 4315">
    <p class='ocr_par' dir='ltr' id='par_1_76' title="bbox 263 4259 508 4315">
     <span class='ocr_line' id='line_1_76' title="bbox 263 4259 508 4315; baseline 0 -1"><span class='ocrx_word' id='word_1_577' title='bbox 263 4259 508 4315; x_wconf 84' lang='lat' dir='ltr'><strong>venerit.</strong></span> 
     </span>
    </p>
   </div>
   <div class='ocr_carea' id='block_1_77' title="bbox 339 4347 1908 4409">
    <p class='ocr_par' dir='ltr' id='par_1_77' title="bbox 339 4347 1908 4409">
     <span class='ocr_line' id='line_1_77' title="bbox 339 4347 1908 4409; baseline 0.003 -10"><span class='ocrx_word' id='word_1_578' title='bbox 339 4368 370 4397; x_wconf 86' lang='lat'><strong><em>«</em></strong></span> <span class='ocrx_word' id='word_1_579' title='bbox 395 4348 485 4400; x_wconf 76' lang='lat' dir='ltr'><strong>Ad</strong></span> <span class='ocrx_word' id='word_1_580' title='bbox 515 4347 833 4404; x_wconf 89' lang='lat' dir='ltr'><strong>videndum</strong></span> <span class='ocrx_word' id='word_1_581' title='bbox 862 4349 921 4404; x_wconf 91' lang='lat' dir='ltr'><strong>in</strong></span> <span class='ocrx_word' id='word_1_582' title='bbox 955 4351 1213 4407; x_wconf 91' lang='lat' dir='ltr'><strong>bonitate</strong></span> <span class='ocrx_word' id='word_1_583' title='bbox 1241 4351 1559 4408; x_wconf 87' lang='lat' dir='ltr'><strong>electorum</strong></span> <span class='ocrx_word' id='word_1_584' title='bbox 1592 4356 1848 4409; x_wconf 91' lang='lat' dir='ltr'><strong>tuorum.</strong></span> <span class='ocrx_word' id='word_1_585' title='bbox 1887 4376 1908 4404; x_wconf 78' lang='grc' dir='ltr'><strong>ι</strong></span> 
     </span>
    </p>
   </div>
   <div class='ocr_carea' id='block_1_78' title="bbox 261 4435 1912 4512">
    <p class='ocr_par' dir='ltr' id='par_1_78' title="bbox 261 4435 1912 4512">
     <span class='ocr_line' id='line_1_78' title="bbox 261 4435 1912 4512; baseline 0.003 -21"><span class='ocrx_word' id='word_1_586' title='bbox 261 4435 386 4492; x_wconf 82' lang='lat' dir='ltr'><strong>Hoc</strong></span> <span class='ocrx_word' id='word_1_587' title='bbox 415 4439 526 4502; x_wconf 88' lang='lat' dir='ltr'><strong>est,</strong></span> <span class='ocrx_word' id='word_1_588' title='bbox 557 4436 632 4490; x_wconf 90' lang='lat' dir='ltr'><strong>da</strong></span> <span class='ocrx_word' id='word_1_589' title='bbox 661 4436 830 4491; x_wconf 90' lang='lat' dir='ltr'><strong>nobis</strong></span> <span class='ocrx_word' id='word_1_590' title='bbox 861 4442 1084 4508; x_wconf 90' lang='lat' dir='ltr'><strong>partem</strong></span> <span class='ocrx_word' id='word_1_591' title='bbox 1118 4456 1250 4494; x_wconf 91' lang='lat' dir='ltr'><strong>cum</strong></span> <span class='ocrx_word' id='word_1_592' title='bbox 1297 4441 1597 4512; x_wconf 87' lang='lat' dir='ltr'><strong>apostolis.</strong></span> <span class='ocrx_word' id='word_1_593' title='bbox 1625 4442 1912 4506; x_wconf 86' lang='lat' dir='ltr'><strong>Quoniam</strong></span> 
     </span>
    </p>
   </div>
   <div class='ocr_carea' id='block_1_79' title="bbox 268 4524 1914 4600">
    <p class='ocr_par' dir='ltr' id='par_1_79' title="bbox 268 4524 1914 4600">
     <span class='ocr_line' id='line_1_79' title="bbox 268 4524 1914 4600; baseline 0.003 -20"><span class='ocrx_word' id='word_1_594' title='bbox 268 4541 374 4582; x_wconf 89' lang='lat' dir='ltr'><strong>nos</strong></span> <span class='ocrx_word' id='word_1_595' title='bbox 404 4524 642 4596; x_wconf 90' lang='lat' dir='ltr'><strong>quidem</strong></span> <span class='ocrx_word' id='word_1_596' title='bbox 670 4525 1095 4583; x_wconf 84' lang='lat' dir='ltr'><strong>antecessimus</strong></span> <span class='ocrx_word' id='word_1_597' title='bbox 1125 4545 1225 4584; x_wconf 92' lang='lat' dir='ltr'><strong>eos</strong></span> <span class='ocrx_word' id='word_1_598' title='bbox 1254 4529 1312 4584; x_wconf 92' lang='lat' dir='ltr'><strong>in</strong></span> <span class='ocrx_word' id='word_1_599' title='bbox 1345 4534 1606 4600; x_wconf 87' lang='lat' dir='ltr'><strong>tempore</strong></span> <span class='ocrx_word' id='word_1_600' title='bbox 1628 4546 1641 4586; x_wconf 94' lang='lat'><strong>:</strong></span> <span class='ocrx_word' id='word_1_601' title='bbox 1666 4530 1748 4585; x_wconf 91' lang='lat' dir='ltr'><strong>illi</strong></span> <span class='ocrx_word' id='word_1_602' title='bbox 1781 4548 1914 4586; x_wconf 84' lang='lat' dir='ltr'><strong>vero</strong></span> 
     </span>
    </p>
   </div>
   <div class='ocr_carea' id='block_1_80' title="bbox 2024 3367 3672 3446">
    <p class='ocr_par' dir='ltr' id='par_1_80' title="bbox 2024 3367 3672 3446">
     <span class='ocr_line' id='line_1_80' title="bbox 2024 3367 3672 3446; baseline -0.004 -18"><span class='ocrx_word' id='word_1_603' title='bbox 2024 3390 2156 3429; x_wconf 91' lang='lat' dir='ltr'><strong>cum</strong></span> <span class='ocrx_word' id='word_1_604' title='bbox 2191 3372 2524 3446; x_wconf 89' lang='lat' dir='ltr'><strong>cognoverit</strong></span> <span class='ocrx_word' id='word_1_605' title='bbox 2545 3373 2762 3428; x_wconf 87' lang='lat' dir='ltr'><strong>fontem</strong></span> <span class='ocrx_word' id='word_1_606' title='bbox 2791 3371 2976 3426; x_wconf 64' lang='lat' dir='ltr'><strong>vitam</strong></span> <span class='ocrx_word' id='word_1_607' title='bbox 3000 3370 3066 3425; x_wconf 93' lang='lat' dir='ltr'><strong>Et</strong></span> <span class='ocrx_word' id='word_1_608' title='bbox 3085 3369 3285 3425; x_wconf 84' lang='lat' dir='ltr'><strong>eduxit</strong></span> <span class='ocrx_word' id='word_1_609' title='bbox 3299 3383 3398 3424; x_wconf 90' lang='lat' dir='ltr'><strong>eos</strong></span> <span class='ocrx_word' id='word_1_610' title='bbox 3420 3367 3479 3422; x_wconf 91' lang='lat' dir='ltr'><strong>in</strong></span> <span class='ocrx_word' id='word_1_611' title='bbox 3504 3368 3672 3439; x_wconf 82' lang='lat' dir='ltr'><strong>abys-</strong></span> 
     </span>
    </p>
   </div>
   <div class='ocr_carea' id='block_1_81' title="bbox 2024 3455 3673 3532">
    <p class='ocr_par' dir='ltr' id='par_1_81' title="bbox 2024 3455 3673 3532">
     <span class='ocr_line' id='line_1_81' title="bbox 2024 3455 3673 3532; baseline -0.005 -13"><span class='ocrx_word' id='word_1_612' title='bbox 2024 3463 2107 3519; x_wconf 90' lang='lat' dir='ltr'><strong>sis</strong></span> <span class='ocrx_word' id='word_1_613' title='bbox 2164 3463 2312 3519; x_wconf 87' lang='lat' dir='ltr'><strong>sicut</strong></span> <span class='ocrx_word' id='word_1_614' title='bbox 2376 3463 2434 3516; x_wconf 91' lang='lat' dir='ltr'><strong>in</strong></span> <span class='ocrx_word' id='word_1_615' title='bbox 2512 3463 2762 3518; x_wconf 88' lang='lat' dir='ltr'><strong>deserto.</strong></span> <span class='ocrx_word' id='word_1_616' title='bbox 2816 3484 2843 3509; x_wconf 87' lang='grc'><strong>‹‹</strong></span> <span class='ocrx_word' id='word_1_617' title='bbox 2914 3459 3220 3532; x_wconf 90' lang='lat' dir='ltr'><strong>Tanquam</strong></span> <span class='ocrx_word' id='word_1_618' title='bbox 3251 3458 3299 3514; x_wconf 91' lang='lat' dir='ltr'><strong>si</strong></span> <span class='ocrx_word' id='word_1_619' title='bbox 3360 3474 3459 3530; x_wconf 91' lang='lat' dir='ltr'><strong>per</strong></span> <span class='ocrx_word' id='word_1_620' title='bbox 3519 3455 3673 3512; x_wconf 90' lang='lat' dir='ltr'><strong>sicca</strong></span> 
     </span>
    </p>
   </div>
   <div class='ocr_carea' id='block_1_82' title="bbox 2023 3547 3670 3623">
    <p class='ocr_par' dir='ltr' id='par_1_82' title="bbox 2023 3547 3670 3623">
     <span class='ocr_line' id='line_1_82' title="bbox 2023 3547 3670 3623; baseline -0.005 -14"><span class='ocrx_word' id='word_1_621' title='bbox 2023 3553 2236 3609; x_wconf 90' lang='lat' dir='ltr'><strong>deserti</strong></span> <span class='ocrx_word' id='word_1_622' title='bbox 2268 3551 2633 3623; x_wconf 87' lang='lat' dir='ltr'><strong>gradiantur,</strong></span> <span class='ocrx_word' id='word_1_623' title='bbox 2681 3551 2760 3606; x_wconf 88' lang='lat' dir='ltr'><strong>ita</strong></span> <span class='ocrx_word' id='word_1_624' title='bbox 2803 3548 2981 3605; x_wconf 93' lang='lat' dir='ltr'><strong>nullis</strong></span> <span class='ocrx_word' id='word_1_625' title='bbox 3012 3552 3149 3604; x_wconf 91' lang='lat' dir='ltr'><strong>sunt</strong></span> <span class='ocrx_word' id='word_1_626' title='bbox 3201 3547 3477 3603; x_wconf 84' lang='lat' dir='ltr'><strong>ﬂuctibus</strong></span> <span class='ocrx_word' id='word_1_627' title='bbox 3501 3562 3670 3603; x_wconf 89' lang='lat' dir='ltr'><strong>occu-</strong></span> 
     </span>
    </p>
   </div>
   <div class='ocr_carea' id='block_1_83' title="bbox 2024 3643 3428 3713">
    <p class='ocr_par' dir='ltr' id='par_1_83' title="bbox 2024 3643 3428 3713">
     <span class='ocr_line' id='line_1_83' title="bbox 2024 3643 3428 3713; baseline -0.014 -16"><span class='ocrx_word' id='word_1_628' title='bbox 2024 3643 2164 3713; x_wconf 90' lang='lat' dir='ltr'><strong>pati.</strong></span> <span class='ocrx_word' id='word_1_629' title='bbox 3399 3659 3428 3678; x_wconf 83' lang='lat'><strong><em>.</em></strong></span> 
     </span>
    </p>
   </div>
   <div class='ocr_carea' id='block_1_84' title="bbox 2098 3725 3675 3797">
    <p class='ocr_par' dir='ltr' id='par_1_84' title="bbox 2098 3725 3675 3797">
     <span class='ocr_line' id='line_1_84' title="bbox 2098 3725 3675 3797; baseline -0.002 -12"><span class='ocrx_word' id='word_1_630' title='bbox 2098 3754 2125 3779; x_wconf 89' lang='grc'><strong>‹‹</strong></span> <span class='ocrx_word' id='word_1_631' title='bbox 2163 3731 2227 3785; x_wconf 89' lang='lat' dir='ltr'><strong>Et</strong></span> <span class='ocrx_word' id='word_1_632' title='bbox 2260 3729 2502 3785; x_wconf 89' lang='lat' dir='ltr'><strong>salvavit</strong></span> <span class='ocrx_word' id='word_1_633' title='bbox 2530 3746 2629 3785; x_wconf 88' lang='lat' dir='ltr'><strong>eos</strong></span> <span class='ocrx_word' id='word_1_634' title='bbox 2659 3730 2731 3784; x_wconf 89' lang='lat' dir='ltr'><strong>de</strong></span> <span class='ocrx_word' id='word_1_635' title='bbox 2761 3745 2939 3784; x_wconf 89' lang='lat' dir='ltr'><strong>manu</strong></span> <span class='ocrx_word' id='word_1_636' title='bbox 2962 3727 3308 3797; x_wconf 90' lang='lat' dir='ltr'><strong>odientium,</strong></span> <span class='ocrx_word' id='word_1_637' title='bbox 3341 3730 3399 3782; x_wconf 90' lang='lat' dir='ltr'><strong>et</strong></span> <span class='ocrx_word' id='word_1_638' title='bbox 3428 3725 3675 3783; x_wconf 89' lang='lat' dir='ltr'><strong>redemit</strong></span> 
     </span>
    </p>
   </div>
   <div class='ocr_carea' id='block_1_85' title="bbox 2025 3815 3675 3888">
    <p class='ocr_par' dir='ltr' id='par_1_85' title="bbox 2025 3815 3675 3888">
     <span class='ocr_line' id='line_1_85' title="bbox 2025 3815 3675 3888; baseline -0.002 -14"><span class='ocrx_word' id='word_1_639' title='bbox 2025 3835 2124 3875; x_wconf 86' lang='lat' dir='ltr'><strong>eos</strong></span> <span class='ocrx_word' id='word_1_640' title='bbox 2153 3820 2223 3874; x_wconf 90' lang='lat' dir='ltr'><strong>de</strong></span> <span class='ocrx_word' id='word_1_641' title='bbox 2257 3835 2432 3874; x_wconf 88' lang='lat' dir='ltr'><strong>manu</strong></span> <span class='ocrx_word' id='word_1_642' title='bbox 2464 3818 2708 3874; x_wconf 90' lang='lat' dir='ltr'><strong>inimici.</strong></span> <span class='ocrx_word' id='word_1_643' title='bbox 2746 3842 2772 3867; x_wconf 85' lang='lat'>»</span> <span class='ocrx_word' id='word_1_644' title='bbox 2805 3816 3097 3874; x_wconf 91' lang='lat' dir='ltr'><strong>Liberatio</strong></span> <span class='ocrx_word' id='word_1_645' title='bbox 3129 3832 3195 3872; x_wconf 91' lang='lat' dir='ltr'><strong>ac</strong></span> <span class='ocrx_word' id='word_1_646' title='bbox 3224 3816 3546 3888; x_wconf 89' lang='lat' dir='ltr'><strong>redemptio</strong></span> <span class='ocrx_word' id='word_1_647' title='bbox 3577 3815 3675 3870; x_wconf 89' lang='lat' dir='ltr'><strong>ho-</strong></span> 
     </span>
    </p>
   </div>
   <div class='ocr_carea' id='block_1_86' title="bbox 2026 3906 3268 3979">
    <p class='ocr_par' dir='ltr' id='par_1_86' title="bbox 2026 3906 3268 3979">
     <span class='ocr_line' id='line_1_86' title="bbox 2026 3906 3268 3979; baseline -0.001 -17"><span class='ocrx_word' id='word_1_648' title='bbox 2026 3907 2203 3962; x_wconf 90' lang='lat' dir='ltr'><strong>minis</strong></span> <span class='ocrx_word' id='word_1_649' title='bbox 2234 3925 2334 3978; x_wconf 90' lang='lat' dir='ltr'><strong>per</strong></span> <span class='ocrx_word' id='word_1_650' title='bbox 2363 3907 2697 3979; x_wconf 88' lang='lat' dir='ltr'><strong>passionem</strong></span> <span class='ocrx_word' id='word_1_651' title='bbox 2730 3906 2946 3964; x_wconf 89' lang='lat' dir='ltr'><strong>Christi</strong></span> <span class='ocrx_word' id='word_1_652' title='bbox 2979 3907 3131 3962; x_wconf 86' lang='lat' dir='ltr'><strong>facta</strong></span> <span class='ocrx_word' id='word_1_653' title='bbox 3159 3909 3268 3962; x_wconf 89' lang='lat' dir='ltr'><strong>est.</strong></span> 
     </span>
    </p>
   </div>
   <div class='ocr_carea' id='block_1_87' title="bbox 2097 3990 3673 4068">
    <p class='ocr_par' dir='ltr' id='par_1_87' title="bbox 2097 3990 3673 4068">
     <span class='ocr_line' id='line_1_87' title="bbox 2097 3990 3673 4068; baseline -0.005 -16"><span class='ocrx_word' id='word_1_654' title='bbox 2097 4019 2123 4046; x_wconf 82' lang='grc'><strong>‹‹</strong></span> <span class='ocrx_word' id='word_1_655' title='bbox 2151 3999 2219 4052; x_wconf 88' lang='lat' dir='ltr'><strong>Et</strong></span> <span class='ocrx_word' id='word_1_656' title='bbox 2237 3995 2468 4068; x_wconf 89' lang='lat' dir='ltr'><strong>operuit</strong></span> <span class='ocrx_word' id='word_1_657' title='bbox 2489 4013 2642 4068; x_wconf 90' lang='lat' dir='ltr'><strong>aqua</strong></span> <span class='ocrx_word' id='word_1_658' title='bbox 2660 3995 3007 4051; x_wconf 89' lang='lat' dir='ltr'><strong>tribulantes</strong></span> <span class='ocrx_word' id='word_1_659' title='bbox 3026 4011 3125 4050; x_wconf 90' lang='lat' dir='ltr'><strong>eos</strong></span> <span class='ocrx_word' id='word_1_660' title='bbox 3149 4009 3161 4048; x_wconf 92' lang='lat'><strong>:</strong></span> <span class='ocrx_word' id='word_1_661' title='bbox 3192 4009 3346 4048; x_wconf 91' lang='lat' dir='ltr'><strong>unus</strong></span> <span class='ocrx_word' id='word_1_662' title='bbox 3367 4008 3435 4047; x_wconf 85' lang='lat' dir='ltr'><strong>ex</strong></span> <span class='ocrx_word' id='word_1_663' title='bbox 3451 3990 3536 4046; x_wconf 91' lang='lat' dir='ltr'><strong>eis</strong></span> <span class='ocrx_word' id='word_1_664' title='bbox 3558 4007 3673 4045; x_wconf 91' lang='lat' dir='ltr'><strong>non</strong></span> 
     </span>
    </p>
   </div>
   <div class='ocr_carea' id='block_1_88' title="bbox 2025 4079 3674 4152">
    <p class='ocr_par' dir='ltr' id='par_1_88' title="bbox 2025 4079 3674 4152">
     <span class='ocr_line' id='line_1_88' title="bbox 2025 4079 3674 4152; baseline -0.005 -11"><span class='ocrx_word' id='word_1_665' title='bbox 2025 4085 2328 4142; x_wconf 89' lang='lat' dir='ltr'><strong>remansit.</strong></span> <span class='ocrx_word' id='word_1_666' title='bbox 2363 4109 2389 4136; x_wconf 84' lang='lat'>»</span> <span class='ocrx_word' id='word_1_667' title='bbox 2419 4086 2511 4142; x_wconf 89' lang='lat' dir='ltr'><strong>Sic</strong></span> <span class='ocrx_word' id='word_1_668' title='bbox 2532 4094 2588 4141; x_wconf 91' lang='lat' dir='ltr'><strong>et</strong></span> <span class='ocrx_word' id='word_1_669' title='bbox 2623 4101 2775 4140; x_wconf 91' lang='lat' dir='ltr'><strong>nunc</strong></span> <span class='ocrx_word' id='word_1_670' title='bbox 2799 4085 2858 4140; x_wconf 90' lang='lat' dir='ltr'><strong>in</strong></span> <span class='ocrx_word' id='word_1_671' title='bbox 2892 4087 3092 4138; x_wconf 87' lang='lat' dir='ltr'><strong>nostro</strong></span> <span class='ocrx_word' id='word_1_672' title='bbox 3114 4081 3406 4152; x_wconf 88' lang='lat' dir='ltr'><strong>baptismo</strong></span> <span class='ocrx_word' id='word_1_673' title='bbox 3439 4081 3521 4134; x_wconf 84' lang='lat' dir='ltr'><strong>ﬁt.</strong></span> <span class='ocrx_word' id='word_1_674' title='bbox 3558 4079 3674 4141; x_wconf 83' lang='lat' dir='ltr'><strong>Ah-</strong></span> 
     </span>
    </p>
   </div>
   <div class='ocr_carea' id='block_1_89' title="bbox 2025 4167 3672 4247">
    <p class='ocr_par' dir='ltr' id='par_1_89' title="bbox 2025 4167 3672 4247">
     <span class='ocr_line' id='line_1_89' title="bbox 2025 4167 3672 4247; baseline -0.005 -17"><span class='ocrx_word' id='word_1_675' title='bbox 2025 4174 2208 4230; x_wconf 92' lang='lat' dir='ltr'><strong>luitur</strong></span> <span class='ocrx_word' id='word_1_676' title='bbox 2239 4175 2414 4230; x_wconf 89' lang='lat' dir='ltr'><strong>homo</strong></span> <span class='ocrx_word' id='word_1_677' title='bbox 2465 4175 2655 4247; x_wconf 88' lang='lat' dir='ltr'><strong>aquis,</strong></span> <span class='ocrx_word' id='word_1_678' title='bbox 2703 4178 2760 4229; x_wconf 92' lang='lat' dir='ltr'><strong>et</strong></span> <span class='ocrx_word' id='word_1_679' title='bbox 2803 4172 2952 4244; x_wconf 90' lang='lat' dir='ltr'><strong>perit</strong></span> <span class='ocrx_word' id='word_1_680' title='bbox 3002 4169 3269 4225; x_wconf 88' lang='lat' dir='ltr'><strong>diabolus</strong></span> <span class='ocrx_word' id='word_1_681' title='bbox 3316 4183 3451 4224; x_wconf 91' lang='lat' dir='ltr'><strong>cum</strong></span> <span class='ocrx_word' id='word_1_682' title='bbox 3499 4167 3672 4223; x_wconf 76' lang='lat' dir='ltr'><strong>satel-</strong></span> 
     </span>
    </p>
   </div>
   <div class='ocr_carea' id='block_1_90' title="bbox 2023 4262 2402 4320">
    <p class='ocr_par' dir='ltr' id='par_1_90' title="bbox 2023 4262 2402 4320">
     <span class='ocr_line' id='line_1_90' title="bbox 2023 4262 2402 4320; baseline -0.003 -1"><span class='ocrx_word' id='word_1_683' title='bbox 2023 4262 2227 4320; x_wconf 88' lang='lat' dir='ltr'><strong>litibus</strong></span> <span class='ocrx_word' id='word_1_684' title='bbox 2258 4264 2402 4320; x_wconf 91' lang='lat' dir='ltr'><strong>suis.</strong></span> 
     </span>
    </p>
   </div>
   <div class='ocr_carea' id='block_1_91' title="bbox 2096 4346 3674 4419">
    <p class='ocr_par' dir='ltr' id='par_1_91' title="bbox 2096 4346 3674 4419">
     <span class='ocr_line' id='line_1_91' title="bbox 2096 4346 3674 4419; baseline -0.004 -11"><span class='ocrx_word' id='word_1_685' title='bbox 2096 4376 2124 4402; x_wconf 87' lang='grc'>‹‹</span> <span class='ocrx_word' id='word_1_686' title='bbox 2159 4354 2226 4408; x_wconf 93' lang='lat' dir='ltr'><strong>Et</strong></span> <span class='ocrx_word' id='word_1_687' title='bbox 2253 4351 2627 4410; x_wconf 89' lang='lat' dir='ltr'><strong>crediderunt</strong></span> <span class='ocrx_word' id='word_1_688' title='bbox 2672 4350 2731 4404; x_wconf 90' lang='lat' dir='ltr'><strong>in</strong></span> <span class='ocrx_word' id='word_1_689' title='bbox 2762 4347 2953 4404; x_wconf 90' lang='lat' dir='ltr'><strong>verbis</strong></span> <span class='ocrx_word' id='word_1_690' title='bbox 2998 4348 3148 4419; x_wconf 89' lang='lat' dir='ltr'><strong>ejus,</strong></span> <span class='ocrx_word' id='word_1_691' title='bbox 3199 4351 3257 4402; x_wconf 88' lang='lat' dir='ltr'><strong>et</strong></span> <span class='ocrx_word' id='word_1_692' title='bbox 3286 4346 3674 4403; x_wconf 83' lang='lat' dir='ltr'><strong>laudaverunt</strong></span> 
     </span>
    </p>
   </div>
   <div class='ocr_carea' id='block_1_92' title="bbox 2024 4439 3178 4511">
    <p class='ocr_par' dir='ltr' id='par_1_92' title="bbox 2024 4439 3178 4511">
     <span class='ocr_line' id='line_1_92' title="bbox 2024 4439 3178 4511; baseline -0.003 -15"><span class='ocrx_word' id='word_1_693' title='bbox 2024 4442 2259 4498; x_wconf 91' lang='lat' dir='ltr'><strong>laudem</strong></span> <span class='ocrx_word' id='word_1_694' title='bbox 2292 4441 2443 4511; x_wconf 90' lang='lat' dir='ltr'><strong>ejus.</strong></span> <span class='ocrx_word' id='word_1_695' title='bbox 2478 4461 2506 4489; x_wconf 87' lang='lat'>»</span> <span class='ocrx_word' id='word_1_696' title='bbox 2541 4440 2688 4506; x_wconf 84' lang='lat' dir='ltr'><strong>Quia</strong></span> <span class='ocrx_word' id='word_1_697' title='bbox 2718 4439 2965 4494; x_wconf 89' lang='lat' dir='ltr'><strong>victores</strong></span> <span class='ocrx_word' id='word_1_698' title='bbox 2994 4440 3178 4494; x_wconf 88' lang='lat' dir='ltr'><strong>erant.</strong></span> 
     </span>
    </p>
   </div>
   <div class='ocr_carea' id='block_1_93' title="bbox 2096 4522 3670 4598">
    <p class='ocr_par' dir='ltr' id='par_1_93' title="bbox 2096 4522 3670 4598">
     <span class='ocr_line' id='line_1_93' title="bbox 2096 4522 3670 4598; baseline -0.001 -19"><span class='ocrx_word' id='word_1_699' title='bbox 2096 4553 2124 4579; x_wconf 83' lang='lat'><strong>«</strong></span> <span class='ocrx_word' id='word_1_700' title='bbox 2157 4529 2280 4584; x_wconf 90' lang='lat' dir='ltr'><strong>Cito</strong></span> <span class='ocrx_word' id='word_1_701' title='bbox 2313 4529 2594 4594; x_wconf 88' lang='lat' dir='ltr'><strong>fecerunt,</strong></span> <span class='ocrx_word' id='word_1_702' title='bbox 2626 4527 2790 4584; x_wconf 91' lang='lat' dir='ltr'><strong>obliti</strong></span> <span class='ocrx_word' id='word_1_703' title='bbox 2824 4530 2962 4582; x_wconf 86' lang='lat' dir='ltr'><strong>sunt</strong></span> <span class='ocrx_word' id='word_1_704' title='bbox 2983 4541 3225 4598; x_wconf 91' lang='lat' dir='ltr'><strong>operum</strong></span> <span class='ocrx_word' id='word_1_705' title='bbox 3256 4526 3406 4597; x_wconf 85' lang='lat' dir='ltr'><strong>ejus.</strong></span> <span class='ocrx_word' id='word_1_706' title='bbox 3442 4547 3469 4571; x_wconf 80' lang='grc'><strong>››</strong></span> <span class='ocrx_word' id='word_1_707' title='bbox 3501 4522 3670 4579; x_wconf 86' lang='lat' dir='ltr'><strong>Multi</strong></span> 
     </span>
    </p>
   </div>
   <div class='ocr_carea' id='block_1_94' title="bbox 266 4612 3670 4705">
    <p class='ocr_par' dir='ltr' id='par_1_94' title="bbox 266 4612 3670 4705">
     <span class='ocr_line' id='line_1_94' title="bbox 266 4612 3670 4705; baseline -0.001 -35"><span class='ocrx_word' id='word_1_708' title='bbox 266 4614 611 4671; x_wconf 81' lang='lat' dir='ltr'><strong>antecedent</strong></span> <span class='ocrx_word' id='word_1_709' title='bbox 637 4630 745 4670; x_wconf 90' lang='lat' dir='ltr'><strong>nos</strong></span> <span class='ocrx_word' id='word_1_710' title='bbox 775 4614 834 4670; x_wconf 93' lang='lat' dir='ltr'><strong>in</strong></span> <span class='ocrx_word' id='word_1_711' title='bbox 861 4614 1308 4686; x_wconf 89' lang='lat' dir='ltr'><strong>spiritualibus:</strong></span> <span class='ocrx_word' id='word_1_712' title='bbox 1343 4617 1453 4672; x_wconf 92' lang='lat' dir='ltr'><strong>hoc</strong></span> <span class='ocrx_word' id='word_1_713' title='bbox 1483 4622 1592 4685; x_wconf 91' lang='lat' dir='ltr'><strong>cst,</strong></span> <span class='ocrx_word' id='word_1_714' title='bbox 1627 4623 1692 4674; x_wconf 91' lang='lat' dir='ltr'><strong>ut</strong></span> <span class='ocrx_word' id='word_1_715' title='bbox 1719 4620 1913 4676; x_wconf 86' lang='lat' dir='ltr'><strong>videa-</strong></span> <span class='ocrx_word' id='word_1_716' title='bbox 1945 4639 1992 4705; x_wconf 83' lang='lat' dir='ltr'>D</span> <span class='ocrx_word' id='word_1_717' title='bbox 2024 4619 2178 4676; x_wconf 92' lang='lat' dir='ltr'><strong>enim</strong></span> <span class='ocrx_word' id='word_1_718' title='bbox 2212 4619 2270 4674; x_wconf 92' lang='lat' dir='ltr'><strong>in</strong></span> <span class='ocrx_word' id='word_1_719' title='bbox 2293 4617 2548 4674; x_wconf 86' lang='lat' dir='ltr'><strong>Ecclesia</strong></span> <span class='ocrx_word' id='word_1_720' title='bbox 2570 4616 2720 4673; x_wconf 89' lang='lat' dir='ltr'><strong>male</strong></span> <span class='ocrx_word' id='word_1_721' title='bbox 2750 4617 2991 4672; x_wconf 89' lang='lat' dir='ltr'><strong>vivendo</strong></span> <span class='ocrx_word' id='word_1_722' title='bbox 3015 4619 3073 4671; x_wconf 92' lang='lat' dir='ltr'><strong>et</strong></span> <span class='ocrx_word' id='word_1_723' title='bbox 3101 4631 3217 4670; x_wconf 91' lang='lat' dir='ltr'><strong>non</strong></span> <span class='ocrx_word' id='word_1_724' title='bbox 3241 4618 3391 4670; x_wconf 91' lang='lat' dir='ltr'><strong>recte</strong></span> <span class='ocrx_word' id='word_1_725' title='bbox 3418 4612 3670 4668; x_wconf 89' lang='lat' dir='ltr'><strong>sentien-</strong></span> 
     </span>
    </p>
   </div>
   <div class='ocr_carea' id='block_1_95' title="bbox 268 4703 1910 4776">
    <p class='ocr_par' dir='ltr' id='par_1_95' title="bbox 268 4703 1910 4776">
     <span class='ocr_line' id='line_1_95' title="bbox 268 4703 1910 4776; baseline 0.002 -16"><span class='ocrx_word' id='word_1_726' title='bbox 268 4720 402 4760; x_wconf 87' lang='lat' dir='ltr'><strong>mus</strong></span> <span class='ocrx_word' id='word_1_727' title='bbox 430 4703 752 4760; x_wconf 82' lang='lat' dir='ltr'><strong>bonitatem</strong></span> <span class='ocrx_word' id='word_1_728' title='bbox 804 4708 990 4770; x_wconf 89' lang='lat' dir='ltr'><strong>tuam,</strong></span> <span class='ocrx_word' id='word_1_729' title='bbox 1022 4721 1198 4776; x_wconf 91' lang='lat' dir='ltr'><strong>quam</strong></span> <span class='ocrx_word' id='word_1_730' title='bbox 1251 4705 1511 4766; x_wconf 86' lang='lat' dir='ltr'><strong>facturus</strong></span> <span class='ocrx_word' id='word_1_731' title='bbox 1543 4723 1604 4761; x_wconf 90' lang='lat' dir='ltr'><strong>es</strong></span> <span class='ocrx_word' id='word_1_732' title='bbox 1635 4723 1768 4766; x_wconf 89' lang='lat' dir='ltr'><strong>cum</strong></span> <span class='ocrx_word' id='word_1_733' title='bbox 1799 4708 1910 4764; x_wconf 92' lang='lat' dir='ltr'><strong>ele-</strong></span> 
     </span>
    </p>
   </div>
   <div class='ocr_carea' id='block_1_96' title="bbox 264 4790 1908 4866">
    <p class='ocr_par' dir='ltr' id='par_1_96' title="bbox 264 4790 1908 4866">
     <span class='ocr_line' id='line_1_96' title="bbox 264 4790 1908 4866; baseline -0.001 -18"><span class='ocrx_word' id='word_1_734' title='bbox 264 4793 375 4848; x_wconf 88' lang='lat' dir='ltr'><strong>ctis</strong></span> <span class='ocrx_word' id='word_1_735' title='bbox 405 4790 547 4849; x_wconf 90' lang='lat' dir='ltr'><strong>tuis.</strong></span> <span class='ocrx_word' id='word_1_736' title='bbox 586 4812 608 4841; x_wconf 75' lang='grc' dir='ltr'>ι</span> <span class='ocrx_word' id='word_1_737' title='bbox 640 4793 726 4847; x_wconf 81' lang='lat' dir='ltr'><strong>Ad</strong></span> <span class='ocrx_word' id='word_1_738' title='bbox 775 4792 1094 4848; x_wconf 67' lang='lat' dir='ltr'><strong>laetandum</strong></span> <span class='ocrx_word' id='word_1_739' title='bbox 1125 4793 1183 4848; x_wconf 92' lang='lat' dir='ltr'><strong>in</strong></span> <span class='ocrx_word' id='word_1_740' title='bbox 1230 4793 1433 4850; x_wconf 69' lang='lat' dir='ltr'><strong>laetitia</strong></span> <span class='ocrx_word' id='word_1_741' title='bbox 1480 4795 1668 4866; x_wconf 90' lang='lat' dir='ltr'><strong>gentis</strong></span> <span class='ocrx_word' id='word_1_742' title='bbox 1713 4801 1844 4852; x_wconf 70' lang='lat' dir='ltr'><strong>tuae.</strong></span> <span class='ocrx_word' id='word_1_743' title='bbox 1882 4820 1908 4846; x_wconf 85' lang='grc'><strong>››</strong></span> 
     </span>
    </p>
   </div>
   <div class='ocr_carea' id='block_1_97' title="bbox 259 4880 1910 4956">
    <p class='ocr_par' dir='ltr' id='par_1_97' title="bbox 259 4880 1910 4956">
     <span class='ocr_line' id='line_1_97' title="bbox 259 4880 1910 4956; baseline 0.003 -20"><span class='ocrx_word' id='word_1_744' title='bbox 259 4884 415 4938; x_wconf 84' lang='lat' dir='ltr'><strong>Gens</strong></span> <span class='ocrx_word' id='word_1_745' title='bbox 440 4880 670 4938; x_wconf 88' lang='lat' dir='ltr'><strong>Domini</strong></span> <span class='ocrx_word' id='word_1_746' title='bbox 705 4898 811 4938; x_wconf 89' lang='lat' dir='ltr'><strong>nos</strong></span> <span class='ocrx_word' id='word_1_747' title='bbox 841 4899 1088 4949; x_wconf 90' lang='lat' dir='ltr'><strong>sumus;</strong></span> <span class='ocrx_word' id='word_1_748' title='bbox 1120 4883 1167 4937; x_wconf 92' lang='lat' dir='ltr'><strong>si</strong></span> <span class='ocrx_word' id='word_1_749' title='bbox 1203 4888 1398 4938; x_wconf 88' lang='lat' dir='ltr'><strong>tamen</strong></span> <span class='ocrx_word' id='word_1_750' title='bbox 1431 4900 1572 4956; x_wconf 91' lang='lat' dir='ltr'><strong>gens</strong></span> <span class='ocrx_word' id='word_1_751' title='bbox 1598 4884 1786 4955; x_wconf 91' lang='lat' dir='ltr'><strong>ipsius</strong></span> <span class='ocrx_word' id='word_1_752' title='bbox 1817 4903 1910 4941; x_wconf 88' lang='lat' dir='ltr'><strong>su-</strong></span> 
     </span>
    </p>
   </div>
   <div class='ocr_carea' id='block_1_98' title="bbox 265 4970 1907 5045">
    <p class='ocr_par' dir='ltr' id='par_1_98' title="bbox 265 4970 1907 5045">
     <span class='ocr_line' id='line_1_98' title="bbox 265 4970 1907 5045; baseline 0.002 -19"><span class='ocrx_word' id='word_1_753' title='bbox 265 4987 420 5028; x_wconf 90' lang='lat' dir='ltr'><strong>mus.</strong></span> <span class='ocrx_word' id='word_1_754' title='bbox 456 4970 696 5043; x_wconf 91' lang='lat' dir='ltr'><strong>Populo,</strong></span> <span class='ocrx_word' id='word_1_755' title='bbox 727 4970 941 5044; x_wconf 89' lang='lat' dir='ltr'><strong>inquit,</strong></span> <span class='ocrx_word' id='word_1_756' title='bbox 974 4971 1075 5043; x_wconf 86' lang='lat' dir='ltr'><strong>qui</strong></span> <span class='ocrx_word' id='word_1_757' title='bbox 1101 4978 1392 5039; x_wconf 87' lang='lat' dir='ltr'><strong>nascetur,</strong></span> <span class='ocrx_word' id='word_1_758' title='bbox 1435 4989 1608 5045; x_wconf 89' lang='lat' dir='ltr'><strong>quem</strong></span> <span class='ocrx_word' id='word_1_759' title='bbox 1638 4973 1770 5029; x_wconf 77' lang='lat' dir='ltr'><strong>fecit</strong></span> <span class='ocrx_word' id='word_1_760' title='bbox 1799 4975 1907 5030; x_wconf 92' lang='lat' dir='ltr'><strong>Do-</strong></span> 
     </span>
    </p>
   </div>
   <div class='ocr_carea' id='block_1_99' title="bbox 267 5058 1910 5121">
    <p class='ocr_par' dir='ltr' id='par_1_99' title="bbox 267 5058 1910 5121">
     <span class='ocr_line' id='line_1_99' title="bbox 267 5058 1910 5121; baseline 0.002 -6"><span class='ocrx_word' id='word_1_761' title='bbox 267 5061 486 5117; x_wconf 89' lang='lat' dir='ltr'><strong>minus.</strong></span> <span class='ocrx_word' id='word_1_762' title='bbox 519 5083 547 5109; x_wconf 93' lang='grc'><strong>‹‹</strong></span> <span class='ocrx_word' id='word_1_763' title='bbox 581 5059 654 5115; x_wconf 92' lang='lat' dir='ltr'><strong>Ut</strong></span> <span class='ocrx_word' id='word_1_764' title='bbox 695 5058 1008 5116; x_wconf 90' lang='lat' dir='ltr'><strong>laudemur</strong></span> <span class='ocrx_word' id='word_1_765' title='bbox 1035 5077 1169 5117; x_wconf 92' lang='lat' dir='ltr'><strong>cum</strong></span> <span class='ocrx_word' id='word_1_766' title='bbox 1218 5061 1549 5118; x_wconf 76' lang='lat' dir='ltr'><strong>hmreditate</strong></span> <span class='ocrx_word' id='word_1_767' title='bbox 1579 5067 1698 5120; x_wconf 89' lang='lat' dir='ltr'><strong>tua.</strong></span> <span class='ocrx_word' id='word_1_768' title='bbox 1735 5086 1763 5113; x_wconf 83' lang='grc'><strong>››</strong></span> <span class='ocrx_word' id='word_1_769' title='bbox 1793 5066 1910 5121; x_wconf 82' lang='grc' dir='ltr'><strong>11οο</strong></span> 
     </span>
    </p>
   </div>
   <div class='ocr_carea' id='block_1_100' title="bbox 263 5149 1908 5226">
    <p class='ocr_par' dir='ltr' id='par_1_100' title="bbox 263 5149 1908 5226">
     <span class='ocr_line' id='line_1_100' title="bbox 263 5149 1908 5226; baseline 0.002 -20"><span class='ocrx_word' id='word_1_770' title='bbox 263 5152 375 5219; x_wconf 87' lang='lat' dir='ltr'><strong>est,</strong></span> <span class='ocrx_word' id='word_1_771' title='bbox 407 5153 476 5206; x_wconf 89' lang='lat' dir='ltr'><strong>ut</strong></span> <span class='ocrx_word' id='word_1_772' title='bbox 505 5166 640 5208; x_wconf 90' lang='lat' dir='ltr'><strong>cum</strong></span> <span class='ocrx_word' id='word_1_773' title='bbox 688 5149 998 5223; x_wconf 82' lang='lat' dir='ltr'><strong>Evangelia</strong></span> <span class='ocrx_word' id='word_1_774' title='bbox 1045 5156 1103 5208; x_wconf 89' lang='lat' dir='ltr'><strong>et</strong></span> <span class='ocrx_word' id='word_1_775' title='bbox 1140 5168 1247 5208; x_wconf 91' lang='lat' dir='ltr'><strong>nos</strong></span> <span class='ocrx_word' id='word_1_776' title='bbox 1294 5152 1616 5210; x_wconf 90' lang='lat' dir='ltr'><strong>habeamus</strong></span> <span class='ocrx_word' id='word_1_777' title='bbox 1661 5158 1908 5226; x_wconf 88' lang='lat' dir='ltr'><strong>partem,</strong></span> 
     </span>
    </p>
   </div>
   <div class='ocr_carea' id='block_1_101' title="bbox 267 5238 1912 5316">
    <p class='ocr_par' dir='ltr' id='par_1_101' title="bbox 267 5238 1912 5316">
     <span class='ocr_line' id='line_1_101' title="bbox 267 5238 1912 5316; baseline 0.001 -20"><span class='ocrx_word' id='word_1_778' title='bbox 267 5240 366 5310; x_wconf 88' lang='lat' dir='ltr'><strong>qui</strong></span> <span class='ocrx_word' id='word_1_779' title='bbox 387 5239 448 5297; x_wconf 89' lang='lat' dir='ltr'><strong>in</strong></span> <span class='ocrx_word' id='word_1_780' title='bbox 468 5238 650 5296; x_wconf 87' lang='lat' dir='ltr'><strong>veteri</strong></span> <span class='ocrx_word' id='word_1_781' title='bbox 674 5240 822 5312; x_wconf 87' lang='lat' dir='ltr'><strong>Lege</strong></span> <span class='ocrx_word' id='word_1_782' title='bbox 845 5239 982 5296; x_wconf 83' lang='lat' dir='ltr'><strong>facti</strong></span> <span class='ocrx_word' id='word_1_783' title='bbox 999 5256 1226 5298; x_wconf 88' lang='lat' dir='ltr'><strong>sumus.</strong></span> <span class='ocrx_word' id='word_1_784' title='bbox 1253 5242 1549 5298; x_wconf 83' lang='lat' dir='ltr'><strong>Abraham</strong></span> <span class='ocrx_word' id='word_1_785' title='bbox 1571 5244 1725 5300; x_wconf 91' lang='lat' dir='ltr'><strong>enim</strong></span> <span class='ocrx_word' id='word_1_786' title='bbox 1750 5247 1912 5316; x_wconf 88' lang='lat' dir='ltr'><strong>pater</strong></span> 
     </span>
    </p>
   </div>
   <div class='ocr_carea' id='block_1_102' title="bbox 269 5328 1910 5404">
    <p class='ocr_par' dir='ltr' id='par_1_102' title="bbox 269 5328 1910 5404">
     <span class='ocr_line' id='line_1_102' title="bbox 269 5328 1910 5404; baseline 0.001 -19"><span class='ocrx_word' id='word_1_787' title='bbox 269 5333 465 5387; x_wconf 88' lang='lat' dir='ltr'><strong>noster</strong></span> <span class='ocrx_word' id='word_1_788' title='bbox 493 5328 636 5385; x_wconf 92' lang='lat' dir='ltr'><strong>vidit</strong></span> <span class='ocrx_word' id='word_1_789' title='bbox 673 5329 826 5386; x_wconf 91' lang='lat' dir='ltr'><strong>diem</strong></span> <span class='ocrx_word' id='word_1_790' title='bbox 878 5334 1069 5399; x_wconf 91' lang='lat' dir='ltr'><strong>tuum,</strong></span> <span class='ocrx_word' id='word_1_791' title='bbox 1101 5336 1157 5386; x_wconf 87' lang='lat' dir='ltr'><strong>et</strong></span> <span class='ocrx_word' id='word_1_792' title='bbox 1199 5332 1436 5404; x_wconf 91' lang='lat' dir='ltr'><strong>gavisus</strong></span> <span class='ocrx_word' id='word_1_793' title='bbox 1464 5338 1552 5389; x_wconf 91' lang='lat' dir='ltr'><strong>est</strong></span> <span class='ocrx_word' id='word_1_794' title='bbox 1577 5334 1753 5404; x_wconf 84' lang='lat' dir='ltr'><strong>(Joan.</strong></span> <span class='ocrx_word' id='word_1_795' title='bbox 1785 5350 1910 5400; x_wconf 84' lang='lat' dir='ltr'><strong>vm,</strong></span> 
     </span>
    </p>
   </div>
   <div class='ocr_carea' id='block_1_103' title="bbox 265 5419 1907 5495">
    <p class='ocr_par' dir='ltr' id='par_1_103' title="bbox 265 5419 1907 5495">
     <span class='ocr_line' id='line_1_103' title="bbox 265 5419 1907 5495; baseline 0.001 -19"><span class='ocrx_word' id='word_1_796' title='bbox 265 5419 378 5491; x_wconf 81' lang='lat'><strong>56).</strong></span> <span class='ocrx_word' id='word_1_797' title='bbox 432 5419 750 5476; x_wconf 85' lang='lat' dir='ltr'><strong>Videamus</strong></span> <span class='ocrx_word' id='word_1_798' title='bbox 804 5434 943 5492; x_wconf 88' lang='lat' dir='ltr'><strong>ergo</strong></span> <span class='ocrx_word' id='word_1_799' title='bbox 972 5426 1030 5477; x_wconf 90' lang='lat' dir='ltr'><strong>et</strong></span> <span class='ocrx_word' id='word_1_800' title='bbox 1085 5437 1213 5492; x_wconf 91' lang='lat' dir='ltr'><strong>nos,</strong></span> <span class='ocrx_word' id='word_1_801' title='bbox 1271 5427 1329 5478; x_wconf 90' lang='lat' dir='ltr'><strong>et</strong></span> <span class='ocrx_word' id='word_1_802' title='bbox 1375 5423 1738 5495; x_wconf 87' lang='lat' dir='ltr'><strong>gaudeamus</strong></span> <span class='ocrx_word' id='word_1_803' title='bbox 1775 5440 1907 5477; x_wconf 89' lang='lat' dir='ltr'><strong>cum</strong></span> 
     </span>
    </p>
   </div>
   <div class='ocr_carea' id='block_1_104' title="bbox 264 5508 750 5565">
    <p class='ocr_par' dir='ltr' id='par_1_104' title="bbox 264 5508 750 5565">
     <span class='ocr_line' id='line_1_104' title="bbox 264 5508 750 5565; baseline 0 -1"><span class='ocrx_word' id='word_1_804' title='bbox 264 5508 600 5565; x_wconf 78' lang='lat' dir='ltr'><strong>haereditate</strong></span> <span class='ocrx_word' id='word_1_805' title='bbox 628 5511 750 5564; x_wconf 92' lang='lat' dir='ltr'><strong>tua.</strong></span> 
     </span>
    </p>
   </div>
   <div class='ocr_carea' id='block_1_105' title="bbox 339 5596 1911 5670">
    <p class='ocr_par' dir='ltr' id='par_1_105' title="bbox 339 5596 1911 5670">
     <span class='ocr_line' id='line_1_105' title="bbox 339 5596 1911 5670; baseline 0.005 -22"><span class='ocrx_word' id='word_1_806' title='bbox 339 5619 367 5647; x_wconf 86' lang='grc'>‹‹</span> <span class='ocrx_word' id='word_1_807' title='bbox 399 5596 774 5655; x_wconf 88' lang='lat' dir='ltr'><strong>Peccavimus</strong></span> <span class='ocrx_word' id='word_1_808' title='bbox 802 5613 935 5654; x_wconf 92' lang='lat' dir='ltr'><strong>cum</strong></span> <span class='ocrx_word' id='word_1_809' title='bbox 959 5597 1228 5670; x_wconf 87' lang='lat' dir='ltr'><strong>patribus</strong></span> <span class='ocrx_word' id='word_1_810' title='bbox 1259 5601 1494 5657; x_wconf 89' lang='lat' dir='ltr'><strong>nostris.</strong></span> <span class='ocrx_word' id='word_1_811' title='bbox 1516 5622 1537 5649; x_wconf 77' lang='grc' dir='ltr'>ι</span> <span class='ocrx_word' id='word_1_812' title='bbox 1572 5599 1698 5662; x_wconf 79' lang='lat' dir='ltr'><strong>Filii</strong></span> <span class='ocrx_word' id='word_1_813' title='bbox 1729 5601 1911 5656; x_wconf 89' lang='lat' dir='ltr'><strong>secuti</strong></span> 
     </span>
    </p>
   </div>
   <div class='ocr_carea' id='block_1_106' title="bbox 268 5686 1908 5762">
    <p class='ocr_par' dir='ltr' id='par_1_106' title="bbox 268 5686 1908 5762">
     <span class='ocr_line' id='line_1_106' title="bbox 268 5686 1908 5762; baseline 0 -18"><span class='ocrx_word' id='word_1_814' title='bbox 268 5701 478 5744; x_wconf 88' lang='lat' dir='ltr'><strong>sumus</strong></span> <span class='ocrx_word' id='word_1_815' title='bbox 509 5689 724 5758; x_wconf 88' lang='lat' dir='ltr'><strong>patres.</strong></span> <span class='ocrx_word' id='word_1_816' title='bbox 768 5687 886 5744; x_wconf 88' lang='lat' dir='ltr'><strong>Hoc</strong></span> <span class='ocrx_word' id='word_1_817' title='bbox 915 5686 1162 5745; x_wconf 86' lang='lat' dir='ltr'><strong>fecimus</strong></span> <span class='ocrx_word' id='word_1_818' title='bbox 1210 5690 1364 5760; x_wconf 89' lang='lat' dir='ltr'><strong>quod</strong></span> <span class='ocrx_word' id='word_1_819' title='bbox 1396 5694 1456 5746; x_wconf 91' lang='lat' dir='ltr'><strong>et</strong></span> <span class='ocrx_word' id='word_1_820' title='bbox 1502 5693 1696 5762; x_wconf 89' lang='lat' dir='ltr'><strong>patres</strong></span> <span class='ocrx_word' id='word_1_821' title='bbox 1726 5689 1908 5748; x_wconf 89' lang='lat' dir='ltr'><strong>nostri</strong></span> 
     </span>
    </p>
   </div>
   <div class='ocr_carea' id='block_1_107' title="bbox 2021 4700 3666 4780">
    <p class='ocr_par' dir='ltr' id='par_1_107' title="bbox 2021 4700 3666 4780">
     <span class='ocr_line' id='line_1_107' title="bbox 2021 4700 3666 4780; baseline -0.005 -16"><span class='ocrx_word' id='word_1_822' title='bbox 2021 4709 2095 4764; x_wconf 88' lang='lat' dir='ltr'><strong>do</strong></span> <span class='ocrx_word' id='word_1_823' title='bbox 2129 4709 2199 4764; x_wconf 90' lang='lat' dir='ltr'><strong>de</strong></span> <span class='ocrx_word' id='word_1_824' title='bbox 2232 4709 2362 4777; x_wconf 90' lang='lat' dir='ltr'><strong>Deo,</strong></span> <span class='ocrx_word' id='word_1_825' title='bbox 2397 4708 2650 4780; x_wconf 91' lang='lat' dir='ltr'><strong>perdunt</strong></span> <span class='ocrx_word' id='word_1_826' title='bbox 2679 4705 2953 4779; x_wconf 88' lang='lat' dir='ltr'><strong>baptismi</strong></span> <span class='ocrx_word' id='word_1_827' title='bbox 2976 4704 3245 4777; x_wconf 88' lang='lat' dir='ltr'><strong>gratiam.</strong></span> <span class='ocrx_word' id='word_1_828' title='bbox 3283 4726 3309 4752; x_wconf 89' lang='lat'>»</span> <span class='ocrx_word' id='word_1_829' title='bbox 3332 4703 3456 4758; x_wconf 91' lang='lat' dir='ltr'><strong>Non</strong></span> <span class='ocrx_word' id='word_1_830' title='bbox 3487 4700 3666 4757; x_wconf 89' lang='lat' dir='ltr'><strong>susti-</strong></span> 
     </span>
    </p>
   </div>
   <div class='ocr_carea' id='block_1_108' title="bbox 2020 4790 3664 4867">
    <p class='ocr_par' dir='ltr' id='par_1_108' title="bbox 2020 4790 3664 4867">
     <span class='ocr_line' id='line_1_108' title="bbox 2020 4790 3664 4867; baseline -0.005 -14"><span class='ocrx_word' id='word_1_831' title='bbox 2020 4803 2276 4853; x_wconf 85' lang='lat' dir='ltr'><strong>nuerunt</strong></span> <span class='ocrx_word' id='word_1_832' title='bbox 2327 4797 2635 4853; x_wconf 88' lang='lat' dir='ltr'><strong>consilium</strong></span> <span class='ocrx_word' id='word_1_833' title='bbox 2686 4797 2833 4867; x_wconf 91' lang='lat' dir='ltr'><strong>ejus.</strong></span> <span class='ocrx_word' id='word_1_834' title='bbox 2886 4817 2914 4844; x_wconf 81' lang='grc'><strong>››</strong></span> <span class='ocrx_word' id='word_1_835' title='bbox 2968 4794 3040 4851; x_wconf 91' lang='lat' dir='ltr'><strong>Ut</strong></span> <span class='ocrx_word' id='word_1_836' title='bbox 3087 4792 3449 4850; x_wconf 87' lang='lat' dir='ltr'><strong>custodirent</strong></span> <span class='ocrx_word' id='word_1_837' title='bbox 3486 4790 3664 4846; x_wconf 88' lang='lat' dir='ltr'><strong>vitam</strong></span> 
     </span>
    </p>
   </div>
   <div class='ocr_carea' id='block_1_109' title="bbox 2021 4885 2738 4959">
    <p class='ocr_par' dir='ltr' id='par_1_109' title="bbox 2021 4885 2738 4959">
     <span class='ocr_line' id='line_1_109' title="bbox 2021 4885 2738 4959; baseline -0.001 -18"><span class='ocrx_word' id='word_1_838' title='bbox 2021 4904 2196 4959; x_wconf 90' lang='lat' dir='ltr'><strong>quam</strong></span> <span class='ocrx_word' id='word_1_839' title='bbox 2229 4885 2392 4959; x_wconf 91' lang='lat' dir='ltr'><strong>prius</strong></span> <span class='ocrx_word' id='word_1_840' title='bbox 2420 4885 2738 4958; x_wconf 85' lang='lat' dir='ltr'><strong>elegerunt.</strong></span> 
     </span>
    </p>
   </div>
   <div class='ocr_carea' id='block_1_110' title="bbox 2096 4971 3660 5047">
    <p class='ocr_par' dir='ltr' id='par_1_110' title="bbox 2096 4971 3660 5047">
     <span class='ocr_line' id='line_1_110' title="bbox 2096 4971 3660 5047; baseline -0.004 -16"><span class='ocrx_word' id='word_1_841' title='bbox 2096 4998 2117 5026; x_wconf 80' lang='grc' dir='ltr'>ι</span> <span class='ocrx_word' id='word_1_842' title='bbox 2154 4977 2222 5031; x_wconf 89' lang='lat' dir='ltr'><strong>Et</strong></span> <span class='ocrx_word' id='word_1_843' title='bbox 2251 4975 2671 5047; x_wconf 88' lang='lat' dir='ltr'><strong>concupierunt</strong></span> <span class='ocrx_word' id='word_1_844' title='bbox 2715 4972 3218 5044; x_wconf 85' lang='lat' dir='ltr'><strong>concupiscentiae</strong></span> <span class='ocrx_word' id='word_1_845' title='bbox 3259 4971 3315 5025; x_wconf 93' lang='lat' dir='ltr'><strong>in</strong></span> <span class='ocrx_word' id='word_1_846' title='bbox 3347 4971 3596 5026; x_wconf 88' lang='lat' dir='ltr'><strong>deserto.</strong></span> <span class='ocrx_word' id='word_1_847' title='bbox 3633 4990 3660 5017; x_wconf 85' lang='lat'>»</span> 
     </span>
    </p>
   </div>
   <div class='ocr_carea' id='block_1_111' title="bbox 2023 5058 3662 5121">
    <p class='ocr_par' dir='ltr' id='par_1_111' title="bbox 2023 5058 3662 5121">
     <span class='ocr_line' id='line_1_111' title="bbox 2023 5058 3662 5121; baseline -0.004 -1"><span class='ocrx_word' id='word_1_848' title='bbox 2023 5066 2083 5120; x_wconf 91' lang='lat' dir='ltr'><strong>In</strong></span> <span class='ocrx_word' id='word_1_849' title='bbox 2114 5064 2428 5121; x_wconf 87' lang='lat' dir='ltr'><strong>solitudine</strong></span> <span class='ocrx_word' id='word_1_850' title='bbox 2463 5063 2631 5120; x_wconf 89' lang='lat' dir='ltr'><strong>istius</strong></span> <span class='ocrx_word' id='word_1_851' title='bbox 2675 5062 2892 5118; x_wconf 70' lang='lat' dir='ltr'><strong>saeculi.</strong></span> <span class='ocrx_word' id='word_1_852' title='bbox 2927 5086 2953 5111; x_wconf 86' lang='grc'><strong>‹‹</strong></span> <span class='ocrx_word' id='word_1_853' title='bbox 2987 5062 3055 5116; x_wconf 86' lang='lat' dir='ltr'><strong>Et</strong></span> <span class='ocrx_word' id='word_1_854' title='bbox 3087 5063 3453 5116; x_wconf 87' lang='lat' dir='ltr'><strong>tentaverunt</strong></span> <span class='ocrx_word' id='word_1_855' title='bbox 3480 5058 3662 5116; x_wconf 91' lang='lat' dir='ltr'><strong>Deum</strong></span> 
     </span>
    </p>
   </div>
   <div class='ocr_carea' id='block_1_112' title="bbox 2018 5147 3662 5226">
    <p class='ocr_par' dir='ltr' id='par_1_112' title="bbox 2018 5147 3662 5226">
     <span class='ocr_line' id='line_1_112' title="bbox 2018 5147 3662 5226; baseline -0.002 -18"><span class='ocrx_word' id='word_1_856' title='bbox 2018 5154 2078 5208; x_wconf 92' lang='lat' dir='ltr'><strong>in</strong></span> <span class='ocrx_word' id='word_1_857' title='bbox 2129 5155 2434 5226; x_wconf 92' lang='lat' dir='ltr'><strong>inaquoso.</strong></span> <span class='ocrx_word' id='word_1_858' title='bbox 2469 5175 2496 5203; x_wconf 81' lang='grc'><strong>››</strong></span> <span class='ocrx_word' id='word_1_859' title='bbox 2550 5151 2792 5226; x_wconf 88' lang='lat' dir='ltr'><strong>Siccitas</strong></span> <span class='ocrx_word' id='word_1_860' title='bbox 2841 5151 2996 5206; x_wconf 87' lang='lat' dir='ltr'><strong>enim</strong></span> <span class='ocrx_word' id='word_1_861' title='bbox 3046 5149 3129 5206; x_wconf 90' lang='lat' dir='ltr'><strong>eis</strong></span> <span class='ocrx_word' id='word_1_862' title='bbox 3173 5153 3313 5216; x_wconf 89' lang='lat' dir='ltr'><strong>erat,</strong></span> <span class='ocrx_word' id='word_1_863' title='bbox 3365 5147 3503 5219; x_wconf 89' lang='lat' dir='ltr'><strong>quia</strong></span> <span class='ocrx_word' id='word_1_864' title='bbox 3546 5165 3662 5204; x_wconf 91' lang='lat' dir='ltr'><strong>non</strong></span> 
     </span>
    </p>
   </div>
   <div class='ocr_carea' id='block_1_113' title="bbox 2019 5225 3661 5315">
    <p class='ocr_par' dir='ltr' id='par_1_113' title="bbox 2019 5225 3661 5315">
     <span class='ocr_line' id='line_1_113' title="bbox 2019 5225 3661 5315; baseline -0.004 -15"><span class='ocrx_word' id='word_1_865' title='bbox 2019 5225 2445 5315; x_wconf 83' lang='lat' dir='ltr'><strong>cognoscebant</strong></span> <span class='ocrx_word' id='word_1_866' title='bbox 2477 5225 2664 5298; x_wconf 77' lang='lat' dir='ltr'><strong>sancti</strong></span> <span class='ocrx_word' id='word_1_867' title='bbox 2711 5240 2966 5312; x_wconf 89' lang='lat' dir='ltr'><strong>Spiritus</strong></span> <span class='ocrx_word' id='word_1_868' title='bbox 3012 5238 3432 5311; x_wconf 82' lang='lat' dir='ltr'><strong>irrigationem,</strong></span> <span class='ocrx_word' id='word_1_869' title='bbox 3479 5236 3539 5292; x_wconf 91' lang='lat' dir='ltr'><strong>in</strong></span> <span class='ocrx_word' id='word_1_870' title='bbox 3567 5253 3661 5293; x_wconf 89' lang='lat' dir='ltr'><strong>co-</strong></span> 
     </span>
    </p>
   </div>
   <div class='ocr_carea' id='block_1_114' title="bbox 2021 5329 3118 5403">
    <p class='ocr_par' dir='ltr' id='par_1_114' title="bbox 2021 5329 3118 5403">
     <span class='ocr_line' id='line_1_114' title="bbox 2021 5329 3118 5403; baseline -0.004 -17"><span class='ocrx_word' id='word_1_871' title='bbox 2021 5331 2225 5387; x_wconf 89' lang='lat' dir='ltr'><strong>lumna</strong></span> <span class='ocrx_word' id='word_1_872' title='bbox 2253 5332 2423 5388; x_wconf 88' lang='lat' dir='ltr'><strong>aubis</strong></span> <span class='ocrx_word' id='word_1_873' title='bbox 2451 5349 2579 5403; x_wconf 66' lang='lat' dir='ltr'><strong>quae</strong></span> <span class='ocrx_word' id='word_1_874' title='bbox 2612 5329 2969 5402; x_wconf 68' lang='lat' dir='ltr'><strong>praecedebat</strong></span> <span class='ocrx_word' id='word_1_875' title='bbox 3000 5349 3118 5384; x_wconf 72' lang='lat' dir='ltr'><strong>cus.</strong></span> 
     </span>
    </p>
   </div>
   <div class='ocr_carea' id='block_1_115' title="bbox 2095 5416 3658 5492">
    <p class='ocr_par' dir='ltr' id='par_1_115' title="bbox 2095 5416 3658 5492">
     <span class='ocr_line' id='line_1_115' title="bbox 2095 5416 3658 5492; baseline 0 -20"><span class='ocrx_word' id='word_1_876' title='bbox 2095 5443 2122 5472; x_wconf 77' lang='grc' dir='ltr'>α</span> <span class='ocrx_word' id='word_1_877' title='bbox 2154 5423 2221 5477; x_wconf 91' lang='lat' dir='ltr'><strong>Et</strong></span> <span class='ocrx_word' id='word_1_878' title='bbox 2249 5422 2410 5478; x_wconf 90' lang='lat' dir='ltr'><strong>dedit</strong></span> <span class='ocrx_word' id='word_1_879' title='bbox 2439 5422 2524 5476; x_wconf 85' lang='lat' dir='ltr'><strong>eis</strong></span> <span class='ocrx_word' id='word_1_880' title='bbox 2556 5420 2864 5492; x_wconf 89' lang='lat' dir='ltr'><strong>petitiones</strong></span> <span class='ocrx_word' id='word_1_881' title='bbox 2908 5436 3132 5483; x_wconf 84' lang='lat' dir='ltr'><strong>eorum.</strong></span> <span class='ocrx_word' id='word_1_882' title='bbox 3163 5423 3220 5474; x_wconf 91' lang='lat' dir='ltr'><strong>et</strong></span> <span class='ocrx_word' id='word_1_883' title='bbox 3255 5418 3419 5475; x_wconf 88' lang='lat' dir='ltr'><strong>misit</strong></span> <span class='ocrx_word' id='word_1_884' title='bbox 3449 5416 3658 5474; x_wconf 86' lang='lat' dir='ltr'><strong>saturi-</strong></span> 
     </span>
    </p>
   </div>
   <div class='ocr_carea' id='block_1_116' title="bbox 2019 5506 3658 5579">
    <p class='ocr_par' dir='ltr' id='par_1_116' title="bbox 2019 5506 3658 5579">
     <span class='ocr_line' id='line_1_116' title="bbox 2019 5506 3658 5579; baseline -0.004 -13"><span class='ocrx_word' id='word_1_885' title='bbox 2019 5516 2194 5566; x_wconf 89' lang='lat' dir='ltr'><strong>tatem</strong></span> <span class='ocrx_word' id='word_1_886' title='bbox 2228 5511 2287 5566; x_wconf 91' lang='lat' dir='ltr'><strong>in</strong></span> <span class='ocrx_word' id='word_1_887' title='bbox 2335 5510 2566 5566; x_wconf 89' lang='lat' dir='ltr'><strong>animas</strong></span> <span class='ocrx_word' id='word_1_888' title='bbox 2611 5525 2834 5565; x_wconf 90' lang='lat' dir='ltr'><strong>eorum.</strong></span> <span class='ocrx_word' id='word_1_889' title='bbox 2872 5532 2898 5557; x_wconf 90' lang='grc'><strong>››</strong></span> <span class='ocrx_word' id='word_1_890' title='bbox 2943 5509 3012 5564; x_wconf 94' lang='lat' dir='ltr'><strong>Ut</strong></span> <span class='ocrx_word' id='word_1_891' title='bbox 3062 5506 3351 5579; x_wconf 86' lang='lat' dir='ltr'><strong>spirituali</strong></span> <span class='ocrx_word' id='word_1_892' title='bbox 3400 5506 3529 5563; x_wconf 90' lang='lat' dir='ltr'><strong>cibo</strong></span> <span class='ocrx_word' id='word_1_893' title='bbox 3559 5521 3658 5576; x_wconf 85' lang='lat' dir='ltr'><strong>po-</strong></span> 
     </span>
    </p>
   </div>
   <div class='ocr_carea' id='block_1_117' title="bbox 2020 5600 2692 5672">
    <p class='ocr_par' dir='ltr' id='par_1_117' title="bbox 2020 5600 2692 5672">
     <span class='ocr_line' id='line_1_117' title="bbox 2020 5600 2692 5672; baseline -0.003 -16"><span class='ocrx_word' id='word_1_894' title='bbox 2020 5600 2267 5672; x_wconf 91' lang='lat' dir='ltr'><strong>culoque</strong></span> <span class='ocrx_word' id='word_1_895' title='bbox 2298 5600 2692 5657; x_wconf 78' lang='lat' dir='ltr'><strong>reficerentur.</strong></span> 
     </span>
    </p>
   </div>
   <div class='ocr_carea' id='block_1_118' title="bbox 2093 5684 3657 5759">
    <p class='ocr_par' dir='ltr' id='par_1_118' title="bbox 2093 5684 3657 5759">
     <span class='ocr_line' id='line_1_118' title="bbox 2093 5684 3657 5759; baseline -0.001 -15"><span class='ocrx_word' id='word_1_896' title='bbox 2093 5712 2121 5739; x_wconf 90' lang='grc'><strong>‹‹</strong></span> <span class='ocrx_word' id='word_1_897' title='bbox 2151 5693 2218 5746; x_wconf 88' lang='lat' dir='ltr'><strong>Et</strong></span> <span class='ocrx_word' id='word_1_898' title='bbox 2259 5688 2634 5746; x_wconf 87' lang='lat' dir='ltr'><strong>irritaverunt</strong></span> <span class='ocrx_word' id='word_1_899' title='bbox 2688 5687 2924 5759; x_wconf 85' lang='lat' dir='ltr'><strong>Moysen</strong></span> <span class='ocrx_word' id='word_1_900' title='bbox 2981 5687 3038 5744; x_wconf 90' lang='lat' dir='ltr'><strong>in</strong></span> <span class='ocrx_word' id='word_1_901' title='bbox 3095 5684 3325 5753; x_wconf 90' lang='lat' dir='ltr'><strong>castris,</strong></span> <span class='ocrx_word' id='word_1_902' title='bbox 3370 5687 3428 5741; x_wconf 92' lang='lat' dir='ltr'><strong>et</strong></span> <span class='ocrx_word' id='word_1_903' title='bbox 3467 5684 3657 5742; x_wconf 83' lang='lat' dir='ltr'><strong>Aaron</strong></span> 
     </span>
    </p>
   </div>
  </div>
