3976 6188
281 355 433 419 1211

1774 361 2200 424 ΑΡΡΕΝΒΙΧ⁶

3536 357 3694 424 (’11!

277 493 548 548 sanctum
575 487 698 548 Dei.
733 513 756 542 ιι
783 489 991 566 Legem
1024 491 1228 566 utique
1257 497 1311 551 et
1338 493 1727 552 sacerdotium
1760 495 1924 553 stulti
1955 499 2011 567 Α
2041 495 2232 553 ruina.
2270 519 2298 547 »
2330 494 2520 554 Ruina
2549 499 2638 553 est
2665 512 2799 553 cum
2829 493 3082 568 parietes
3121 494 3430 552 domorum
3466 501 3693 553 ruunt:

278 579 546 636 irritant:
572 597 712 645 cum
741 581 844 637 Dei
874 586 1180 655 praecepta,
1217 599 1318 655 per
1357 601 1454 640 eos
1486 584 1776 654 nuntiata,
1811 603 1928 642 non

277 669 545 726 audiunt.

350 782 378 809 ‹‹
411 761 625 833 Aperta
654 764 743 816 est
772 765 945 827 terra,
977 765 1034 818 et
1085 761 1389 835 deglutivit
1419 762 1669 832 Dathan,
1706 770 1763 822 et
1793 783 1927 838 ope-

279 848 396 904 ruit
428 865 605 920 super
635 851 1146 922 congregationem
1177 851 1413 922 Abiron,
1447 858 1503 909 et
1531 855 1746 910 exarsit
1775 855 1929 928 ignis

278 937 338 994 in
373 954 669 1010 synagoga
703 954 925 1006 eorum,
959 944 1016 995 et
1038 941 1278 997 ﬂamma
1308 943 1636 999 combussit
1666 949 1926 1015 peccato-

279 1043 391 1083 res.
425 1047 453 1074 »
488 1027 661 1082 Facta
709 1031 847 1084 sunt
877 1028 999 1084 haec
1048 1033 1373 1087 secundum
1420 1032 1695 1089 litteram.
1729 1035 1839 1090 Sed
1871 1039 1930 1090 et

280 1132 435 1171 nunc
465 1133 564 1172 eos
589 1117 825 1173 devorat
846 1122 1001 1174 terra
1029 1123 1083 1174 et
1113 1121 1348 1176 exardet
1369 1121 1542 1194 ignis,
1569 1123 1666 1194 qui
1699 1127 1929 1178 terrena

279 1205 518 1276 sapiunt
550 1209 606 1261 et
634 1207 913 1262 recedunt
935 1225 969 1263 a
999 1211 1295 1266 mandatis
1318 1211 1439 1278 Dei,
1473 1228 1621 1282 quos
1653 1230 1764 1267 non
1798 1213 1930 1268 illu-

279 1295 468 1359 minat
495 1296 685 1366 gratia
715 1296 962 1368 Spiritus
993 1299 1180 1354 sancti
1205 1317 1218 1366 ;
1253 1300 1352 1355 sed
1396 1301 1660 1356 accendit
1689 1302 1929 1357 ﬂamma

281 1384 521 1456 peccati.

355 1494 382 1522 «
415 1473 483 1528 Et
515 1473 778 1530 fecerunt
807 1475 1054 1531 vitulum
1089 1477 1147 1532 in
1201 1478 1406 1545 l-loreb,
1455 1483 1511 1534 et
1539 1479 1928 1536 adoraverunt

277 1560 570 1634 sculptile,
603 1567 660 1618 et
690 1567 1063 1633 m‘utaverunt
1091 1565 1336 1638 gloriam
1360 1584 1529 1624 suam
1563 1565 1621 1624 i'n
1655 1568 1928 1624 similitu-

280 1649 478 1706 dinem
509 1651 674 1706 vituli
706 1653 1067 1710 comedentis
1091 1655 1308 1710 fenum.
1345 1678 1372 1706 »
1407 1659 1467 1712 In
1499 1657 1613 1713 Deo
1644 1657 1798 1714 enim
1831 1659 1927 1713 de-

279 1739 485 1794 buerat
511 1755 639 1796 esse
662 1740 851 1812 gloria
871 1758 1070 1798 eorum
1099 1762 1111 1811 ;
1145 1745 1245 1799 sed
1270 1744 1468 1802 relicto
1490 1763 1578 1814 eo,
1611 1746 1924 1804 simulacro

278 1828 738 1936 mutoet'surdo
783 1830 990 1887 dantes
1036 1831 1302 1903 gloriam,
1356 1835 1662 1892 dicebant:
1702 1839 1770 1892 lli
1798 1841 1926 1893 sunt
1957 1873 2004 1936 B

276 1914 361 1970 dii
389 1917 492 1986 tui,
525 1917 695 1972 Israel
725 1919 918 1989 (Exod.
969 1938 1144 1988 xxxn,
1179 1923 1251 1992 4).
1298 1924 1391 1978 Sic
1423 1927 1480 1980 et
1508 1941 1663 1980 nunc
1690 1926 1735 1982 si
1770 1926 1925 1998 quis,

278 2002 479 2060 relicta
523 2005 800 2076 Ecclesia,
835 2013 1022 2066 sortes
1069 2011 1472 2084 pythonesque
1501 2014 1773 2084 consulit,
1799 2032 1926 2070 mu-

277 2096 437 2148 tatur
465 2092 652 2166 gloria
678 2097 826 2166 ejus,
861 2101 916 2153 et
944 2098 1156 2156 similis
1186 2101 1392 2173 pecudi
1426 2102 1526 2158 fit:
1563 2103 1715 2159 sicut
1744 2120 1926 2175 quon-

278 2182 412 2237 dam
440 2182 976 2243 Nabuchodonosor
1001 2191 1162 2258 (Dan.
1196 2209 1272 2259 ιν,
1307 2193 1372 2245 30
1400 2193 1586 2264 seqq.).

351 2294 378 2319 ‹‹
415 2271 594 2327 Obliti
624 2278 760 2328 sunt
802 2275 982 2332 Deum
1036 2279 1136 2350 qui
1184 2280 1432 2336 salvavit
1483 2298 1620 2336 eos:
1659 2299 1757 2354 qun
1791 2282 1927 2338 fecit

280 2360 577 2432 magnalia
635 2362 694 2416 in
746 2363 1008 2438 Egypto.
1045 2388 1073 2416 »
1135 2367 1207 2423 Ut
1258 2385 1327 2424 ea
1381 2368 1570 2442 plagis
1625 2372 1926 2429 verberata

277 2448 562 2521 populum
593 2449 884 2508 liberaret.
921 2477 948 2503 «
981 2456 1049 2510 Et
1075 2455 1365 2513 mirabilia
1393 2459 1452 2513 in
1485 2463 1639 2515 terra
1667 2459 1868 2516 Cbam.
1898 2485 1918 2510 ιι

277 2537 424 2594 Cum
481 2538 773 2596 derelictis
829 2543 1122 2614 gentibus,
1185 2545 1345 2617 ipsos
1401 2546 1460 2602 in
1517 2561 1719 2604 eorum
1770 2555 1926 2604 terra

276 2625 576 2698 plantavit.
612 2629 727 2683 «Et
759 2631 1040 2688 terribilia
1083 2633 1142 2687 in
1174 2634 1319 2690 mari
1353 2635 1570 2691 Rubro.
1604 2659 1631 2687 »
1667 2637 1738 2693 Ut
1767 2637 1922 2694 Pha-

276 2732 453 2772 raone
484 2718 788 2785 exstincto,
811 2721 1034 2777 siccum
1057 2721 1291 2796 p0pulis
1314 2725 1596 2796 praeberet
1624 2725 1921 2783 incessum

274 2805 476 2877 (Exod.
508 2825 620 2876 x1v,
651 2809 763 2881 27).

347 2918 376 2945 «
407 2896 562 2952 Dixit
590 2901 656 2953 ut
685 2898 1046 2971 disperderet
1085 2918 1186 2958 eos
1215 2903 1265 2958 si
1297 2919 1411 2960 non
1450 2908 1674 2978 Moyses
1703 2906 1921 2964 electus

277 2985 406 3057 ejus
435 2986 694 3043 stetisset
721 2987 781 3042 in
826 2989 1218 3048 confractione
1267 2992 1324 3048 in
1365 3000 1678 3066 conspectu
1708 2997 1855 3067 ejus.
1892 3019 1919 3046 »

276 3077 385 3130 etc.
414 3076 657 3132 Attende
687 3076 830 3148 haec,
862 3094 894 3134 ο
926 3081 1196 3136 sacerdos
1223 3099 1236 3148 ;
1268 3082 1518 3153 perierat
1549 3083 1706 3139 enim
1737 3102 1920 3157 popu-

2043 603 2170 659 quae
2203 593 2340 643 tunc
2364 586 2790 658 multiplicatur
2817 602 2950 642 cum
2979 586 3196 642 fuerint
3224 603 3258 640 a
3288 585 3701 643 fundamentis

2039 677 2243 732 eversi.
2276 681 2422 749 Ergo
2481 676 2580 732 isti
2639 693 2772 730 cum
2829 675 3233 747 fundamento,
3290 674 3348 730 id
3399 680 3512 738 est,
3554 691 3698 730 cum

2039 763 2166 836 ipsa
2198 765 2344 838 legis
2376 765 2570 821 littera
2617 765 2676 820 in
2709 781 2827 836 qua
2869 779 2931 820 se
2971 763 3261 835 putabant
3297 767 3481 829 stare,
3514 763 3698 820 diruti

2039 858 2177 910 sunt
2201 872 2213 910 :
2247 855 2386 926 quia
2415 853 2662 910 stabiliti
2695 871 2811 910 non
2842 855 3080 910 fuerunt
3109 869 3286 925 super
3314 859 3574 925 petram.

2112 966 2138 991 ‹‹
2169 944 2341 998 Stetit
2364 943 2628 1010 Phinees,
2653 947 2710 998 et
2731 941 2972 1014 placuit,
2999 945 3058 998 et
3086 943 3332 998 cessavit
3361 944 3692 1014 quassatio.

2037 1033 2106 1086 Et
2135 1036 2470 1104 reputatum
2499 1036 2589 1088 est
2634 1032 2786 1088 eiad
2829 1031 3145 1104 justitiam,
3179 1053 3207 1079 »
3257 1036 3370 1087 etc.
3404 1032 3696 1103 Superius

2037 1119 2181 1175 dixit
2209 1121 2442 1193 Moysen
2492 1120 2551 1176 in
2600 1120 2994 1176 confractione
3042 1119 3309 1176 stetisse:
3357 1119 3457 1175 hic
3499 1125 3698 1176 autem

2036 1208 2292 1265 Phineen
2323 1226 2592 1266 exorasse
2637 1211 2798 1266 dicit.
2851 1210 3014 1274 Quod
3053 1208 3370 1282 diligenter
3397 1209 3700 1279 ausculta,

2036 1299 2329 1367 sacerdos,
2363 1299 2456 1355 cui
2504 1299 2710 1354 animae
2760 1299 3177 1354 commendatae
3222 1303 3403 1354 sunt:
3451 1299 3703 1370 evagina

2034 1387 2334 1460 gladium:
2398 1389 2666 1444 interimo
2727 1388 3125 1454 fornicatores,
3175 1387 3282 1442 hoc
3341 1393 3454 1452 est,
3503 1390 3706 1456 Profer

2036 1477 2280 1544 verbum,
2311 1480 2457 1534 insta
2485 1480 2815 1550 importune,
2849 1481 3148 1549 opportune
3166 1494 3186 1538 .·
3215 1492 3411 1547 argue,
3449 1481 3698 1548 increpa,

2035 1567 2255 1622 obsecra
2309 1583 2434 1621 cum
2489 1569 2644 1622 omni
2695 1569 2970 1639 patientia
3022 1571 3074 1621 et
3119 1565 3377 1622 doctrina
3433 1567 3514 1635 (ιι
3564 1567 3698 1621 Tim.

2038 1673 2111 1719 ιν,
2161 1657 2254 1726 2):
2317 1661 2382 1711 ut
2437 1656 2543 1712 tibi
2599 1661 2898 1728 reputetur
2954 1655 3024 1710 ad
3051 1655 3373 1726 justitiam.
3407 1655 3567 1718 Quia
3596 1657 3697 1727 qui

2035 1743 2354 1800 reddiderit
2382 1745 2704 1816 pretiosum
2758 1761 2827 1800 ex
2871 1743 2992 1812 vili,
3039 1744 3193 1800 sicut
3221 1760 3288 1800 os
3318 1760 3533 1800 meum
3565 1745 3694 1813 erit,

2035 1831 2116 1887 ait
2144 1833 2428 1891 Dominus
2460 1834 2633 1890 Deus.
3265 1849 3280 1854 ‘

2108 1945 2135 1972 ‹‹
2173 1922 2239 1977 Et
2270 1921 2643 1979 irritaverunt
2672 1939 2808 1978 eum
2855 1924 2928 1978 ad
2967 1939 3152 1994 aquas
3182 1922 3686 1990 contradictionis,

2035 2015 2092 2066 et
2120 2017 2358 2068 vexatus
2387 2016 2477 2068 est
2502 2017 2726 2086 Moyses
2771 2017 3009 2085 propter
3056 2028 3172 2081 eos,
3204 2011 3347 2082 quia
3379 2013 3694 2068 exat-oeba-

2033 2105 2240 2156 verunt
2261 2101 2532 2172 spiritum
2555 2103 2703 2172 ejus.
2737 2122 2764 2151 »
2788 2104 2966 2172 Aquas
2989 2099 3506 2166 contradictionis,
3535 2117 3693 2172 aqua

2035 2188 2311 2260 baptismi
2360 2189 2762 2262 accipiuntur:
2796 2190 2867 2246 ad
2919 2205 3068 2261 quas
3112 2188 3344 2244 diabolo
3397 2189 3690 2244 contradi-

2018 2277 2188 2334 citur
2218 2282 2274 2333 et
2305 2278 2580 2349 operibus
2616 2279 2765 2348 eius.
2817 2278 2955 2334 Post
2979 2295 3128 2348 quas
3178 2279 3224 2334 si
3265 2277 3407 2349 quis
3440 2294 3508 2333 se
3537 2278 3692 2333 coin-

2034 2367 2362 2438 quinaverit
2406 2367 2582 2434 vitiis,
2627 2371 2870 2423 vexatur
2915 2367 3208 2432 sacerdos,
3258 2383 3366 2438 pro
3418 2383 3489 2422 eo
3543 2368 3696 2437 quod

2033 2455 2460 2512 exacerbaverit
2478 2455 2760 2526 Spiritum
2792 2456 2892 2512 Dei
2916 2473 3019 2528 per
3037 2472 3212 2528 quem
3241 2454 3342 2510 ille
3365 2455 3658 2528 praedicat
3683 2474 3698 2511 :

2033 2544 2187 2600 sicut
2210 2543 2426 2601 Paulus
2475 2544 2741 2600 dicebat:
2776 2547 2909 2613 Quis
2959 2547 3164 2612 uritur,
3206 2549 3257 2600 et
3283 2561 3380 2615 ego
3411 2562 3528 2600 non
3559 2563 3698 2600 uror

2033 2634 2105 2704 (II
2134 2633 2362 2700 Cor.x1,
2411 2634 2552 2704 29)?
2597 2633 2677 2689 De
2726 2633 2834 2690 hoc
2879 2633 3058 2689 etiam
3102 2633 3318 2706 Spiritu
3356 2634 3698 2690 testabatur

2031 2721 2269 2778 dicens:
2320 2723 2498 2778 Nolite
2552 2725 2878 2779 contristare
2925 2723 3197 2795 Spiritum
3239 2727 3498 2778 sanctum
3549 2724 3655 2778 Dei
3674 2742 3695 2777 :

2029 2811 2091 2866 in
2146 2827 2250 2882 quo
2301 2813 2507 2882 signati
2561 2813 2688 2868 estis
2744 2813 2807 2868 in
2861 2811 2952 2867 die
3020 2811 3406 2883 redemptionis
3456 2811 3678 2882 ('Eplies.

2029 2917 2105 2966 1v,
2136 2900 2249 2969 30).

2107 3011 2127 3037 α
2162 2990 2232 3044 Et
2257 2989 2524 3045 distinxit
2552 2990 2611 3046 in
2641 2989 2812 3046 labiis
2864 2990 3009 3045 suis.
3049 3011 3069 3040 ι
3105 2990 3178 3045 Ut
3197 2989 3424 3062 jugiter
3452 2989 3696 3062 suppli-

2030 3083 2187 3133 caret
2218 3095 2320 3151 pro
2365 3079 2470 3134 eis.
2503 3101 2532 3128 «
2583 3079 2709 3134 Non
2762 3079 3239 3151 disperdiderunt
3291 3082 3498 3150 gentes
3544 3096 3695 3150 quas

275 3161 390 3233 lus,
449 3163 562 3220 nisi
614 3165 840 3238 Moyses
883 3168 1265 3242 confregisset
1311 3171 1458 3228 iram
1503 3173 1922 3246 omnipotentis
1967 3238 2000 3246 _
2033 3167 2258 3222 dixerat
2282 3164 2569 3224 Dominus
2599 3166 2735 3223 illis.
2771 3189 2800 3217 ››
2827 3166 3221 3224 Idololatriam
3246 3166 3334 3223 vel
3355 3166 3601 3224 diversa
3620 3167 3702 3223 fa-

279 3251 379 3307 Dei
408 3257 499 3309 :et
529 3257 614 3324 tu,
640 3271 774 3310 cum
795 3257 1010 3313 videris
1031 3238 1313 3330 populum
1337 3261 1436 3316 Dei
1463 3238 1922 3334 delinquentem.
1957 3238 2000 3305 (ἶ
2037 3254 2253 3311 CiDOI‘a-

278 3357 421 3398 cane
451 3343 614 3411 tuba,
673 3346 962 3402 annuntia
1009 3347 1093 3404 eis
1143 3348 1354 3406 delicta
1394 3366 1619 3420 eorum,
1662 3355 1720 3408 et
1749 3357 1839 3408 sta
1868 3353 1926 3408 in

280 3433 676 3490 contractione
736 3436 808 3490 ad
867 3440 1073 3505 Deum,
1118 3441 1183 3494 ut
1238 3442 1534 3495 avertatur
1594 3440 1753 3496 furor
1801 3442 1930 3512 ejus

281 3521 353 3577 ab
383 3521 487 3578 eis.

353 3632 380 3659 ‹‹
405 3611 475 3666 Et
496 3627 598 3682 pro
621 3611 805 3668 nihilo
824 3612 1157 3672 habuerunt
1174 3620 1390 3674 terram
1409 3617 1877 3674 desiderabilem.
1899 3641 1928 3669 ››

283 3696 430 3762 Quia
460 3697 633 3754 istam
663 3699 1062 3758 transitoriam
1113 3705 1452 3778 diligebant.
1489 3728 1517 3757 «
1562 3709 1630 3762 Et
1659 3725 1772 3763 non
1806 3724 1928 3764 cre-

283 3784 560 3842 diderunt
595 3786 657 3842 in
703 3789 894 3844 verbis
943 3792 1091 3860 ejus.
1128 3815 1156 3842 »
1182 3794 1404 3858 Quibus
1455 3797 1726 3867 promisit
1753 3813 1932 3869 regna

283 3873 559 3931 caelorum
571 3919 584 3930 .

291 4016 298 4022 .
355 3987 383 4014 «
419 3964 486 4020 Et
515 3972 1030 4023 murmuraverunt
1074 3968 1130 4024 in
1177 3971 1573 4028 tabernaculis
1607 3974 1752 4030 suis.
1794 3998 1814 4023 -
1853 3974 1932 4031 De

286 4055 749 4133 murmuratione
768 4055 926 4112 enim
949 4058 1262 4132 Apostolus
1285 4060 1470 4126 docet,
1494 4061 1693 4118 dicens
1719 4081 1730 4117 :
1753 4064 1935 4120 Nolite

282 4159 636 4202 murmurare
677 4147 818 4202 sicut
866 4147 1091 4218 quidam
1120 4166 1190 4205 ea:
1236 4151 1370 4220 ipsis
1415 4156 1928 4224 murmuraverunt,

284 4242 333 4288 et
361 4251 396 4288 a
421 4236 767 4306 serpentibus
806 4239 1100 4308 perierunt
1135 4239 1182 4311 (Ι
1209 4239 1331 4295 Cor.
1387 4257 1442 4306 x,
1479 4241 1589 4311 10.)
1637 4241 1763 4296 Non
1795 4259 1932 4316 ergo

286 4338 748 4394 murmuremus,
772 4343 844 4382 ne
865 4343 972 4383 nos
993 4327 1287 4386 daemones
1307 4329 1614 4387 venenosis
1638 4331 1933 4388 morsibus

286 4411 548 4467 saucient
575 4429 642 4468 ac
675 4414 1010 4486 depascunt.

259 4509 278 4516 "
357 4524 384 4553 ‹‹
416 4501 674 4559 Elevavit
720 4519 964 4560 manum
1008 4522 1175 4562 suam
1224 4524 1403 4580 super
1432 4525 1552 4576 eos,
1587 4513 1649 4564 ut
1680 4512 1932 4582 proster-

2113 3367 2135 3393 α
2169 3345 2240 3400 Et
2268 3345 2562 3402 commisti
2615 3349 2755 3402 sunt
2805 3345 2960 3401 inter
2985 3349 3209 3418 gentes,
3258 3349 3317 3400 et
3357 3345 3702 3402 didicerunt

2037 3450 2213 3505 opera
2263 3450 2489 3504 eorum,
2549 3438 2608 3491 et
2665 3434 2991 3490 servierunt
3039 3432 3421 3506 sculptilibus
3468 3451 3698 3501 eorum,

2038 3526 2096 3578 et
2137 3523 2359 3578 factum
2413 3528 2504 3580 est
2560 3523 2678 3579 illis
2736 3524 2795 3579 in
2846 3522 3213 3579 scandalum.
3246 3545 3276 3571 »ι
3325 3523 3494 3578 Sicut
3541 3524 3695 3579 enim

2038 3611 2324 3668 sacerdoti
2377 3613 2635 3668 exoranti
2684 3629 2788 3684 pro
2819 3611 3035 3684 populo
3081 3612 3154 3668 ad
3183 3609 3489 3683 justitiam
3523 3629 3701 3684 repu—

2038 3705 2234 3756 tatur:
2271 3701 2351 3756 ita
2382 3700 2474 3757 his
2506 3700 2605 3772 qui
2637 3701 2695 3756 in
2747 3701 3054 3758 desideriis
3094 3701 3364 3757 fanaticis
3399 3707 3698 3757 converte-

2039 3790 2274 3858 bantur,
2308 3790 2366 3846 in
2393 3789 2758 3846 scandalum.

2111 3902 2140 3928 «
2174 3879 2243 3934 Et
2273 3879 2721 3936 immolaverunt
2765 3878 2918 3936 ﬁlios
2950 3896 3090 3936 suos
3137 3883 3195 3934 et
3223 3878 3377 3936 ﬁlias
3409 3897 3556 3938 suas
3587 3881 3698 3936 dae-

2042 3968 2273 4024 moniis.
2310 3992 2338 4017 ››
2369 3969 2592 4024 Sensus
2619 3972 2676 4024 et
2705 3967 2934 4024 animas
2963 3985 3122 4025 suas.

2111 4079 2140 4106 «
2172 4058 2244 4112 Et
2273 4057 2604 4114 effuderunt
2647 4050 2998 4130 sanguinem
3045 4056 3440 4122 innocentem,
3469 4060 3526 4112 et
3555 4074 3696 4111 san-

2040 4144 2278 4217 guinem
2310 4145 2567 4202 filiorum
2601 4162 2866 4212 suorum,
2891 4149 2949 4200 et
2979 4144 3238 4201 filiarum
3267 4162 3500 4201 suarum
3531 4161 3688 4215 quas

2040 4233 2514 4290 sacrificaverunt
2543 4234 2918 4307 sculptilibus
2945 4234 3242 4290 Chanaan.
3283 4258 3310 4283 »
3341 4236 3492 4290 Tunc
3517 4232 3687 4289 enim

2041 4323 2249 4378 anima:
2301 4323 2545 4396 sanguis
2597 4323 2938 4389 effunditur,
2989 4324 3227 4395 quando
3273 4324 3471 4392 homo,
3514 4321 3693 4380 idolis

2039 4412 2294 4484 deditus,
2326 4431 2360 4469 a
2390 4412 2490 4470 Dei
2519 4412 2748 4469 cultura
2777 4412 3098 4470 recesserit.

2113 4501 2388 4559 «Infecta
2445 4507 2536 4558 est
2590 4506 2745 4558 terra
2798 4502 2858 4558 in
2913 4501 3325 4576 sanguinibus,
3385 4505 3446 4558 et
3493 4507 3698 4558 conta-

284 4596 448 4649 neret
475 4609 575 4648 eos
607 4591 664 4647 in
696 4593 946 4661 deserto,
995 4598 1054 4650 et
1082 4599 1146 4649 ut
1191 4595 1466 4667 dejiceret
1497 4613 1696 4653 semen
1727 4614 1928 4654 eorum
1960 4610 2009 4676 Β
2041 4591 2267 4648 minata
2294 4596 2382 4647 est
2430 4591 2489 4646 in
2539 4591 2814 4663 operibus
2863 4607 3089 4658 eorum.
3139 4598 3195 4648 θῑ
3237 4591 3509 4647 fornicati
3560 4596 3702 4648 sunt

283 4679 342 4736 in
372 4680 731 4750 nationibus,
760 4684 816 4738 et
863 4682 1223 4756 dispergeret
1267 4701 1366 4741 eos
1414 4685 1472 4741 in
1505 4685 1862 4759 regionibus.
1898 4709 1925 4737 »

285 4770 536 4843 Dispersi
567 4774 707 4827 sunt
733 4771 890 4827 enim
921 4772 1106 4828 Judaei
1132 4773 1190 4828 in
1220 4773 1468 4830 diversis
1499 4775 1784 4846 partibus.
1815 4776 1926 4832 Sed

281 4866 334 4914 el
363 4859 462 4916 ille
515 4860 875 4934 dispergitur
931 4879 1033 4934 per
1082 4863 1331 4930 diversa,
1378 4864 1477 4936 qui
1518 4865 1929 4921 circumfertur

282 4948 441 5005 omni
469 4955 637 5006 vento
676 4950 971 5022 doctrinae,
1021 4955 1078 5007 et
1119 4952 1177 5008 in
1211 4957 1393 5008 Deum
1443 4954 1613 5010 ﬁrma
1643 4971 1758 5010 non
1789 4971 1924 5010 con-

282 5037 437 5093 sistit
464 5039 734 5096 statione.

360 5147 381 5175 u
416 5127 485 5181 Et
541 5127 751 5184 initiati
811 5133 949 5185 sunt
999 5129 1376 5202 Beelpliegor,
1437 5135 1495 5187 et
1555 5131 1926 5187 comederunt

285 5215 572 5272 sacriﬁcia
622 5222 1009 5275 mortuorum.
1073 5241 1101 5270 ››
1145 5219 1252 5286 Qui
1299 5220 1416 5276 Deo
1474 5237 1535 5277 se
1587 5236 1926 5277 consecrare

285 5305 623 5372 debuerant,
675 5306 830 5364 idolo
875 5308 1196 5365 consecrati
1243 5313 1404 5365 sunt.
1454 5309 1521 5365 Et
1568 5309 1668 5380 qui
1715 5325 1925 5382 panem

284 5395 480 5451 vivum
531 5394 752 5452 esurire
809 5397 1150 5465 debuerant,
1214 5402 1581 5455 mortuorum
1643 5398 1929 5456 sacriﬁcia

284 5485 682 5543 comederunt.

357 5600 384 5627 «
416 5577 486 5632 Et
515 5574 890 5630 irritaverunt
917 5593 1051 5632 eum
1083 5577 1142 5632 in
1179 5576 1688 5640 adiuventionibus
1717 5577 1862 5634 suis.
1899 5600 1926 5627 »

284 5667 430 5733 Quia
475 5663 738 5738 perversi,
776 5669 960 5727 erant.
995 5687 1022 5716 ‹‹
1072 5665 1144 5722 Et
1192 5664 1582 5739 multiplicata
1626 5671 1715 5726 est
1753 5667 1814 5725 in
1843 5665 1928 5724 eis

2039 4679 2100 4736 in
2131 4680 2642 4736 adinventionibus
2666 4680 2813 4737 suis.
2838 4703 2867 4730 ››
2891 4681 3051 4737 Tabe
3073 4681 3233 4738 enim
3257 4679 3598 4752 iniquitatis
3621 4682 3706 4738 in-

2037 4770 2257 4838 ﬁcitur,
2291 4786 2425 4826 cum
2457 4769 2704 4826 diversis
2741 4769 3224 4827 fornicationibus
3255 4786 3476 4843 corpus
3505 4770 3700 4827 homi-

2037 4861 2130 4916 nis
2161 4860 2548 4932 iniquinatur.
2573 4860 2706 4916 ldeo
2753 4863 2810 4916 et
2840 4859 2927 4915 ira
2973 4859 3076 4916 Dei
3106 4859 3166 4915 in
3197 4859 3447 4932 impsios
3489 4862 3697 4916 saevit:

2036 4949 2192 5005 unde
2220 4949 2522 5021 sequitur:

2109 5061 2136 5087 ‹‹
2172 5039 2241 5093 Et
2269 5038 2456 5094 iratus
2476 5041 2564 5094 est
2587 5038 2778 5097 furore
2802 5036 3089 5096 Dominus
3117 5037 3178 5095 in
3199 5036 3492 5111 populum
3511 5055 3690 5095 suum

2038 5131 2095 5183 et
2123 5127 2498 5184 abominatus
2528 5130 2616 5183 est
2657 5125 3056 5184 hareditatem
3087 5143 3279 5183 suam.
3311 5149 3342 5178 »
3374 5127 3530 5192 Quia
3559 5125 3693 5185 reli-

2037 5218 2166 5293 quit
2193 5233 2350 5274 eum.
2385 5218 2454 5273 Et
2474 5216 2570 5289 qui
2605 5215 2905 5288 quondam
2936 5216 3125 5273 fuerat
3145 5215 3310 5288 plebs
3340 5215 3468 5287 Dei,
3502 5216 3684 5274 factus

2036 5312 2126 5365 est
2155 5311 2384 5364 caterva
2411 5305 2647 5363 diaboli.

2108 5420 2135 5446 «
2173 5397 2240 5452 Et
2267 5394 2510 5452 tradidit
2536 5409 2636 5450 eos
2656 5393 2715 5449 in
2749 5409 2961 5450 manus
2987 5392 3275 5467 gentium,
3307 5397 3367 5450 et
3395 5392 3689 5452 dominati

2037 5489 2176 5543 sunt
2203 5501 2404 5542 eorum
2437 5483 2535 5557 qui
2565 5483 2815 5539 oderunt
2860 5498 2980 5539 eos.
3012 5483 3084 5539 Et
3126 5482 3562 5539 tribulaverunt
3592 5498 3688 5540 eos

2038 5574 2261 5630 inimici
2317 5588 2541 5644 eorum,
2599 5574 2658 5628 et
2707 5569 3002 5629 humiliati
3060 5577 3198 5628 sunt
3252 5573 3365 5629 sub
3410 5573 3683 5630 manibus

2037 5680 2262 5738 eorum.
2293 5685 2324 5716 »
2359 5662 2472 5732 Sed
2501 5660 2658 5720 dices
2687 5663 2774 5730 tu,
2807 5677 2840 5719 o
2887 5660 3100 5722 homo:
3132 5660 3257 5721 Non
3286 5665 3380 5720 est
3407 5666 3574 5722 recta
3597 5661 3682 5719 via
