3976 6188
274 373 428 439 1213

1443 385 1943 448 BRI’JYIARIUM
1989 384 2068 445 IN
2114 382 2493 445 PSALMOS.

3518 370 3674 430 12M

271 515 680 595 Domini,quis
699 521 883 580 nosin
905 517 1086 580 tantis
1106 522 1278 580 malis
1307 521 1572 582 inclinari
1606 523 1908 599 permittit.
1939 522 1994 590 Α
2025 521 2172 580 tium
2201 521 2482 596 loquitur.
2535 519 2649 577 Iste
2703 517 2860 577 enim
2912 515 3178 592 psalmus
3233 532 3435 576 eorum
3492 515 3645 573 habe

271 610 403 676 Sed,
435 627 653 683 quaeso,
687 613 985 685 perspice:
1044 613 1183 686 quia
1239 631 1342 686 pro
1399 614 1524 670 suis
1582 618 1916 686 peccatores

268 699 620 756 criminibus
650 700 1029 772 inclinantur,
1063 707 1121 759 et
1155 709 1304 759 Deus
1333 707 1496 759 tanta
1529 704 1739 776 pietate
1769 721 1912 776 prse-

269 787 428 846 ditus
453 794 564 857 est,
590 793 656 845 ut
684 805 916 863 semper
935 791 1208 864 dignetur
1234 793 1523 866 impartiri
1553 793 1914 866 praesidium,

269 877 425 935 sicut
452 877 753 950 loquitur:
820 901 840 928 α
906 881 1069 952 Saepe
1125 879 1410 938 liberavit.
1447 905 1475 932 »
1537 882 1780 954 Semper
1817 881 1915 938 ille

269 966 504 1035 liberat,
527 970 584 1023 et
605 973 668 1022 tu
696 984 811 1024 non
834 969 1141 1042 corrigeris
1160 971 1189 1026 ‘?
1211 971 1417 1027 Adhuc
1438 970 1612 1045 plaga
1661 970 1824 1027 illata
1854 970 1912 1026 in

263 1056 467 1129 januis
497 1059 684 1113 astat:
718 1060 774 1113 et
806 1062 867 1113 tu
898 1075 1013 1114 non
1043 1061 1374 1118 emendaris
1393 1061 1421 1116 ?

345 1145 523 1217 «Ipsi
580 1150 776 1202 autem
832 1150 1320 1205 exacerbaverunt
1375 1167 1509 1206 eum
1569 1151 1627 1205 in
1671 1149 1916 1208 consilio

273 1250 400 1290 suo.
425 1254 455 1283 ιι
481 1235 644 1300 Quod
666 1234 1019 1307 habuerunt,
1057 1242 1137 1305 ut,
1171 1238 1368 1296 relicto
1399 1255 1487 1304 eo,
1518 1239 1675 1296 idola
1705 1255 1912 1312 seque-

271 1326 496 1380 rentur.
525 1345 553 1372 «
587 1324 657 1379 Et
676 1323 974 1381 humiliati
1005 1330 1144 1382 sunt
1174 1327 1234 1382 in
1267 1327 1677 1400 iniquitatibus
1707 1329 1854 1385 suis.
1885 1352 1907 1381 ι

263 1411 398 1469 Jam
420 1411 482 1467 hi
513 1428 627 1468 non
659 1428 693 1468 a
722 1413 859 1485 Deo,
893 1415 992 1471 sed
1025 1433 1058 1471 a
1089 1417 1212 1472 suis
1243 1417 1472 1474 delictis
1501 1418 1911 1474 humiliantur.

269 1503 380 1558 Sed
408 1502 900 1574 praecurritsolita
946 1504 1264 1570 miseratio,
1318 1506 1544 1563 dicente
1584 1506 1913 1580 Propheta:

340 1612 371 1640 ‹‹
404 1591 473 1646 Et
500 1590 647 1646 vidit
671 1607 804 1646 cum
836 1592 1279 1660 tribularentur,
1338 1599 1395 1650 et
1451 1595 1672 1652 audivit
1709 1596 1917 1653 oratio-

269 1697 405 1737 nem
434 1696 658 1736 eorum.
694 1703 722 1730 ››
751 1681 930 1738 Docet
955 1683 1112 1740 enim
1144 1687 1201 1740 et
1227 1688 1285 1739 te
1314 1686 1468 1756 quod
1503 1685 1552 1741 si
1601 1702 1916 1742 conversus

270 1769 648 1842 ingemueris,
673 1771 942 1842 protinus
963 1773 1438 1845 appropinquant
1463 1774 1636 1831 celsis
1673 1775 1916 1832 auribus

268 1861 396 1930 ejus
428 1875 629 1932 preces
657 1859 1010 1917 humilitatis
1041 1865 1174 1918 tuae.

341 1952 622 2004 «Memor
649 1949 761 2004 fuit
788 1951 1126 2007 testamenti
1156 1952 1269 2008 sui.
1303 1975 1330 2003 »
1359 1953 1521 2016 Quod
1554 1969 1688 2008 cum
1734 1953 1916 2010 Abra-

267 2039 407 2096 ham
439 2038 673 2094 initium
732 2039 865 2096 fidei
899 2045 1107 2098 nostrae
1160 2041 1398 2114 pepigit.
1433 2064 1461 2091 ‹‹
1523 2043 1592 2097 Et
1648 2043 1920 2114 paenituit

271 2144 406 2184 eum
439 2129 764 2184 secundum
795 2128 1240 2186 multitudinem
1264 2130 1673 2187 misericordiae
1696 2149 1835 2202 suas,
1863 2136 1920 2187 et

271 2216 434 2273 dedit
461 2233 560 2273 eos
592 2217 649 2270 in
683 2216 1121 2274 misericordias
1176 2219 1236 2273 in
1293 2224 1608 2291 conspectu
1651 2220 1916 2275 omnium

273 2305 375 2378 qui
400 2309 676 2377 ceperant
694 2321 814 2361 eos.
843 2328 864 2355 ι
893 2310 1078 2378 Super
1098 2308 1442 2379 pmnitentes
1487 2307 1644 2364 enim
1677 2307 1919 2380 poenitet

272 2393 430 2449 Deus
445 2394 516 2449 de
533 2392 760 2449 malitia
783 2411 959 2466 quam
981 2394 1212 2453 locutus
1245 2397 1451 2466 fuerat,
1502 2400 1567 2452 ut
1596 2397 1826 2466 faceret,
1861 2401 1918 2452 et

272 2497 390 2538 non
422 2482 576 2552 fecit,
608 2483 972 2539 constituens
1030 2489 1083 2540 te
1138 2486 1196 2540 in
1255 2485 1384 2541 sinu
1443 2485 1686 2542 Abrahae
1732 2485 1916 2558 patris

274 2571 446 2642 cujus
468 2588 530 2627 es
559 2571 732 2628 fidem
755 2576 1013 2630 secutus.
1046 2575 1180 2630 Ideo
1211 2579 1268 2630 et
1297 2574 1586 2647 Propheta
1615 2575 1918 2632 exsultans

271 2658 353 2714 ait
374 2676 387 2714 :

344 2771 370 2798 «
405 2748 606 2805 Salvos
663 2767 770 2806 nos
829 2751 938 2820 fac,
1003 2753 1243 2808 Domine
1301 2753 1457 2809 Deus
1514 2757 1730 2810 noster.
1769 2775 1796 2802 »
1836 2754 1918 2810 Ne

270 2836 440 2894 nobis
470 2837 610 2893 vitia
639 2838 1035 2896 dominentur.
1069 2863 1098 2892 «
1132 2841 1202 2896 Et
1230 2857 1519 2915 congrege
1576 2859 1683 2898 nos
1714 2843 1785 2898 de
1813 2861 1915 2899 na-

266 2924 548 2982 tionibus.
583 2950 611 2977 »
639 2927 784 2991 Quia
805 2943 950 3001 gens
970 2930 1345 2987 Hebraeorum
1377 2931 1433 2985 in
1465 2931 1800 3004 regionibus
1830 2935 1920 2988 est

267 3013 552 3087 dispersa.

339 3124 368 3153 ι(
402 3103 474 3160 Ut
501 3105 889 3161 conﬁteamur
919 3106 1143 3163 nomini
1172 3111 1272 3164 tuo
1330 3113 1552 3179 sancto,
1609 3112 1666 3164 et
1705 3108 1915 3182 glorie-

2026 617 2481 680 sacramentum,
2517 611 2617 684 qui
2645 609 2933 683 redempti
2959 614 3099 665 sunt
3152 609 3212 663 in
3267 607 3500 664 Domini
3531 623 3665 680 pas-

2024 701 2206 760 sione.
2244 725 2270 753 «
2301 703 2508 759 Dicant
2539 700 2639 772 qui
2670 698 2953 770 redempti
2981 702 3139 754 sunt.
3177 719 3199 747 ι
3236 697 3364 768 Ipse
3391 700 3481 752 est
3509 695 3666 752 enim

2023 793 2287 850 Salvator
2314 797 2370 848 et
2425 791 2776 862 Redemptor
2834 793 2891 843 et
2949 787 3221 859 pretium.
3254 809 3282 836 «
3331 785 3536 842 Dicant
3565 784 3667 856 qui

2025 881 2312 955 redempti
2342 884 2500 937 sunt.
2541 903 2562 929 υ
2600 879 2728 950 Ipse
2759 877 3042 934 redemit:
3103 876 3228 948 ipse
3285 874 3386 930 dat
3412 874 3665 945 pretium

2023 973 2371 1044 sanguinem
2404 986 2600 1026 suum.
2634 970 2820 1034 Quare
2844 970 3039 1023 autem
3072 964 3232 1021 dedit
3253 963 3502 1036 pretium
3527 980 3667 1018 san-

2023 1062 2262 1136 guinem
2286 1077 2461 1117 suum
2482 1061 2510 1115 ?
2537 1059 2608 1114 Ut
2636 1056 2946 1114 redimeret
2965 1071 3072 1111 nos
3092 1055 3164 1110 de
3211 1069 3388 1108 manu
3419 1050 3664 1107 inimici.

2022 1150 2245 1224 Captivi
2271 1151 2426 1206 enim
2443 1148 2789 1205 tenebamur
2807 1146 2867 1202 in
2890 1162 3066 1201 manu
3099 1142 3338 1200 diaboli.
3360 1145 3670 1213 Propterea

2023 1245 2221 1297 autem
2252 1239 2350 1295 ille
2379 1238 2537 1294 venit
2566 1242 2624 1292 et
2678 1235 2923 1292 redemit
2978 1251 3107 1300 nos,
3167 1237 3232 1288 ut
3285 1231 3558 1288 liberaret
3597 1230 3666 1285 de

2024 1329 2242 1386 diaboli
2274 1346 2470 1385 manu.
2513 1351 2532 1377 α
2568 1329 2722 1392 Quos
2754 1324 3002 1382 redemit
3030 1325 3102 1380 de
3133 1339 3312 1378 manu
3356 1319 3601 1387 inimici,
3634 1340 3663 1369 »

2024 1423 2090 1474 ut
2146 1421 2412 1475 destruat
2448 1417 2754 1474 inimicum
2813 1419 2871 1471 et
2943 1414 3328 1470 defensorem.
3385 1410 3664 1466 Inimicus
3730 1444 3746 1454 ι

2024 1507 2198 1565 homo
2217 1506 2708 1580 superseminavit
2735 1504 2973 1560 zizania.
3006 1502 3287 1558 Inimicus
3315 1504 3514 1556 autem
3540 1499 3667 1555 dia-

2024 1598 2194 1655 bolus
2217 1601 2326 1653 est.
2361 1597 2640 1653 Inimicus
2669 1600 2758 1651 est
2785 1595 2912 1666 ipse
2940 1597 2997 1647 et
3027 1607 3351 1664 possessor.
3410 1589 3671 1660 Propter-

2025 1704 2092 1744 ea
2122 1705 2300 1743 manu
2333 1704 2442 1743 sua
2470 1703 2578 1742 nos
2605 1687 2796 1741 tenet:
2831 1699 2946 1738 non
2977 1680 3118 1753 quia
3144 1680 3355 1751 diligit,
3389 1680 3490 1736 sed
3531 1678 3670 1750 quia

2025 1779 2165 1838 odit.
2200 1803 2228 1830 «
2260 1779 2415 1843 Quos
2446 1775 2692 1832 redemit
2720 1773 2790 1829 de
2819 1788 3000 1828 manu
3055 1769 3300 1826 inimici.
3335 1790 3362 1817 υ
3419 1768 3669 1824 Grandis

1945 1891 1993 1957 Β
2025 1873 2304 1942 majestas
2334 1872 2391 1924 et
2421 1865 2659 1940 grandis
2686 1861 2946 1957 potentia
2975 1857 3216 1957 sanguis
3273 1856 3548 1957 Dom‘iniz'
3568 1856 3668 1928 qui

2015 1958 2201 2014 .solvit
2229 1973 2473 2013 manum
2504 1952 2743 2010 diaboli.
2777 1950 3078 2019 Quomodo
3108 1948 3265 2003 enim
3296 1950 3438 2002 sunt
3475 1943 3673 2016 aliqua

2028 2045 2308 2104 animalia
2338 2063 2465 2117 quae
2500 2043 2802 2114 stringunt
2831 2038 3054 2112 aliquid
3084 2038 3237 2092 intra
3267 2052 3330 2091 se
3350 2033 3672 2100 inclusum,

2027 2137 2182 2209 quod
2205 2136 2409 2192 dicunt
2436 2137 2492 2190 et
2521 2130 2753 2197 medici,
2787 2134 2843 2185 et
2875 2127 3122 2200 physici,
3155 2129 3222 2180 ut
3277 2124 3388 2180 nisi
3421 2123 3669 2180 fractum

2026 2225 2222 2291 fuerit,
2254 2241 2289 2279 a
2320 2240 2381 2280 se
2411 2239 2525 2278 non
2559 2219 2857 2284 dividitur,
2890 2234 2996 2274 nec
3027 2215 3271 2271 dimittit
3324 2213 3471 2269 illud
3512 2213 3668 2284 quod

2027 2314 2382 2371 intrinsecus
2413 2310 2678 2367 clausum
2697 2311 2891 2364 tenet:
2926 2305 2974 2362 si
3003 2308 3200 2361 autem
3223 2303 3474 2358 missum
3497 2301 3672 2357 fuerit

2027 2403 2244 2469 oleum,
2276 2401 2475 2458 statim
2505 2397 2866 2460 dissolvitur,
2913 2399 2968 2450 et
2998 2394 3152 2466 quod
3185 2391 3452 2447 strictum
3484 2390 3672 2446 fuerat

2026 2492 2350 2564 dissipatur
2367 2494 2424 2546 et
2444 2489 2725 2545 dividitur
2742 2485 2802 2541 in
2826 2488 3052 2558 partes:
3084 2482 3166 2537 sic
3188 2486 3246 2537 ct
3282 2497 3527 2536 manum
3558 2480 3672 2535 du-

2027 2580 2321 2638 rissimum
2341 2577 2558 2636 diaboli
2580 2576 2750 2634 solvit
2769 2573 3013 2648 sanguis
3033 2570 3267 2628 Christi.
3289 2568 3536 2626 Nolehat
3565 2584 3672 2624 nos

2026 2669 2320 2726 dimittere
2349 2667 2641 2736 diabolus,
2671 2663 3028 2738 Sanguinem
3077 2677 3253 2717 suum
3303 2659 3455 2715 fudit
3486 2656 3676 2714 Domi-

2027 2776 2140 2815 nus
2167 2759 2334 2832 quasi
2368 2757 2562 2814 oleum
2595 2753 3026 2817 misericordiae,
3071 2755 3128 2807 et
3182 2766 3285 2822 per
3339 2748 3533 2819 ipsum
3567 2762 3674 2802 nos

2025 2848 2311 2904 liberavit.
2346 2869 2375 2898 «
2407 2847 2488 2902 De
2517 2843 2854 2917 regionibus
2911 2837 3284 2912 congregavit
3313 2853 3431 2894 eos.
3462 2855 3490 2886 ιι
3533 2834 3679 2890 Vide

2027 2952 2206 3009 quam
2237 2935 2475 3008 grandis
2501 2933 2579 2989 sit
2609 2947 2822 2988 manus
2877 2927 3113 2984 diaboli.
3143 2949 3171 2976 «
3233 2927 3389 2991 Quos
3429 2923 3678 2979 redemit

2027 3026 2100 3081 de
2127 3041 2308 3081 manu
2369 3021 2678 3078 inimici.»
2740 3018 2810 3074 Hi
2867 3021 3064 3074 autem
3123 3031 3272 3086 quos
3327 3013 3575 3068 redemit
3604 3011 3676 3068 de

2029 3130 2208 3169 manu
2235 3111 2477 3179 inimici,
2506 3111 2566 3165 in
2597 3107 2824 3166 cunctis
2857 3103 3193 3179 regionibus
3232 3101 3583 3158 tenebantur
3612 3100 3670 3155 in

269 3207 407 3248 mur
434 3192 494 3248 in
525 3192 698 3249 laude
727 3197 848 3250 tua.
883 3217 911 3244 ››
945 3196 1006 3250 In
1055 3195 1198 3251 Filio
1241 3195 1478 3268 utique:
1516 3197 1655 3269 quia
1683 3214 1916 3254 nomem
1955 3261 1991 3269 κ
2030 3219 2210 3258 manu
2268 3201 2512 3257 inimici.
2546 3222 2574 3250 «
2605 3199 2686 3255 De
2716 3194 3056 3269 regionibus
3086 3191 3459 3265 congregavit
3486 3205 3604 3246 eos.
3643 3211 3670 3238 »

272 3279 401 3337 Filii
431 3281 560 3337 laus
589 3285 692 3339 tua
717 3286 824 3339 est.

344 3391 374 3418 «
409 3368 753 3426 Benedictus
786 3370 1072 3428 Dominus
1121 3371 1276 3428 Deus
1325 3372 1524 3442 Israel,
1559 3389 1592 3429 a
1622 3373 1832 3430 saeculo
1864 3378 1921 3430 et

274 3473 463 3530 usque
514 3457 572 3512 in
630 3458 996 3531 saeculum,»
1051 3464 1161 3516 etc.
1221 3460 1424 3518 Merito
1483 3463 1827 3519 benedictus
1858 3464 1916 3519 in

271 3545 507 3617 secula,
532 3563 634 3619 per
659 3564 832 3620 quem
863 3548 1016 3604 facta
1037 3553 1179 3604 sunt
1209 3549 1444 3618 saecula,
1491 3554 1550 3606 et
1578 3568 1693 3606 non
1725 3552 1916 3608 solum

269 3634 426 3691 facta
454 3639 615 3702 sunt,
649 3636 750 3692 sed
782 3636 962 3692 etiam
994 3638 1315 3710 redempta.
1375 3639 1482 3703 Qui
1535 3644 1592 3696 et
1622 3657 1778 3696 nunc
1809 3657 1918 3696 nos

269 3739 530 3780 recreare
559 3723 834 3796 dignetur
889 3725 946 3781 in
1007 3726 1271 3794 salutari,
1333 3727 1390 3782 id
1451 3733 1537 3783 est
1569 3729 1628 3783 in
1686 3728 1917 3785 Christo

222 3855 226 3858 .
265 3811 412 3868 Jesu
442 3811 690 3867 Domino
721 3817 940 3882 nostro,
975 3817 1069 3870 cui
1100 3820 1190 3871 est
1217 3832 1352 3871 cum
1411 3816 1540 3888 ipso
1595 3822 1652 3872 et
1699 3817 1918 3890 Spiritu

269 3903 475 3955 sancto
503 3899 692 3956 honor
711 3905 769 3957 et
796 3891 984 3973 gloria
1011 3903 1071 3958 in
1101 3904 1315 3960 saecula
1343 3904 1711 3961 saeculorum.

838 4062 1188 4121 PSALMUS.
1231 4064 1351 4120 CVI

266 4171 528 4228 Alleluia.
563 4171 676 4228 Iste
705 4169 973 4242 psalmus
1004 4187 1236 4227 omnem
1269 4187 1509 4229 causam
1566 4173 1919 4230 conditionis

339 4242 635 4317 humanae,
665 4259 842 4314 quam
889 4242 978 4317 vel
1034 4243 1430 4317 delinquendo
1459 4245 1765 4317 sumpsit,
1798 4245 1919 4301 sive

341 4314 994 4388 pmnitendo‘suscepit:
1046 4317 1166 4372 sive
1199 4314 1646 4373 multitudinem
1681 4317 1920 4373 misera-

341 4384 569 4461 tionum
595 4384 695 4461 Dei
726 4384 813 4454 (ut
839 4384 900 4440 in
954 4389 1227 4461 praesenti
1258 4393 1371 4461 ait:
1403 4389 1543 4454 Quis
1575 4388 1830 4461 sapiens,
1864 4393 1922 4444 et

341 4455 632 4530 custodiet
658 4454 798 4520 haec,
857 4461 914 4510 et
954 4454 1108 4530 :t‘unc
1164 4457 1454 4530 intelliget
1484 4454 1918 4517 misericordias

341 4525 623 4603 Domini?
662 4541 898 4580 narrare
938 4525 1494 4603 dignosciturfsed
1526 4542 1597 4603 _et
1640 4531 1919 4603 repulsio-

1950 3261 1992 3323 Ε
2033 3293 2094 3348 In
2125 3296 2248 3348 toto
2278 3292 2418 3348 orbe
2446 3305 2659 3346 manus
2689 3261 2906 3342 diaboli
2939 3261 3274 3357 possidebat
3302 3261 3429 3336 nos.

2100 3403 2129 3432 «
2160 3383 2207 3437 A
2236 3379 2375 3437 solis
2405 3383 2532 3436 ortu
2568 3382 2624 3434 et
2656 3392 2887 3442 occasu,
2920 3374 2992 3429 ab
3040 3369 3313 3444 aquilone
3359 3372 3416 3423 et
3439 3367 3608 3424 mari.
3645 3387 3676 3415 »

2029 3473 2273 3528 Videtur
2301 3469 2539 3543 quidem
2572 3469 2827 3539 quatuor
2881 3462 3098 3518 dixisse
3154 3458 3423 3515 climata:
3471 3456 3672 3513 Orien-

2026 3566 2168 3627 tem,
2192 3560 2587 3624 Occidentem,
2623 3554 2922 3612 Meridiem
2954 3555 3009 3608 et
3039 3555 3280 3606 Boream
3306 3565 3319 3603 :
3382 3547 3504 3602 haec
3534 3548 3675 3602 sunt

2028 3655 2284 3724 quatuor
2312 3648 2550 3705 climata
2580 3644 2807 3701 mundi.
2839 3641 2950 3698 Sed
2985 3656 3099 3695 non
3130 3637 3214 3694 ita
3239 3635 3504 3710 psalmus
3533 3651 3670 3690 con-

2026 3740 2192 3796 tinet.
2219 3739 2321 3794 Hic
2345 3737 2501 3794 enim
2524 3735 2733 3791 habet:
2765 3753 2791 3784 ‹ι
2822 3733 2866 3786 Α
2896 3729 3039 3786 solis
3097 3732 3228 3784 ortu
3285 3729 3343 3782 et
3373 3741 3607 3781 occasu.
3643 3745 3672 3773 ››

2028 3829 2171 3884 Ecce
2200 3829 2316 3882 duo
2348 3825 2620 3882 climata:
2658 3823 2790 3878 «Ab
2811 3818 3107 3892 aquilone,
3137 3836 3163 3868 ω
3201 3816 3311 3871 hoc
3367 3817 3474 3882 est,
3517 3830 3550 3867 a
3581 3828 3672 3868 se-

2028 3917 2394 3990 ptentrione:
2429 3929 2559 3970 ecce
2587 3912 2701 3968 tria
2753 3910 3007 3966 climata.
3042 3930 3069 3957 «
3128 3907 3197 3962 Et
3252 3903 3422 3972 mari,
3457 3924 3484 3952 »
3517 3902 3676 3990 Mare

2029 3989 2307 4078 utiquein
2327 4003 2625 4060 occidente
2671 4003 2780 4056 est.
2830 3998 2977 4069 Ergo
3001 3995 3188 4052 videte
3213 3991 3490 4064 quoniam
3522 3989 3676 4078 occi-

2028 4077 2263 4151 dentem
2322 4093 2412 4149 bis
2473 4089 2816 4154 nominavit,
2864 4091 2921 4142 et
2977 4082 3281 4140 meridiem
3331 4096 3436 4136 nec
3467 4077 3669 4135 semel.

2028 4188 2213 4251 Quare
2236 4183 2416 4257 igitur
2435 4181 2548 4236 tria
2593 4179 2832 4235 climata
2862 4172 3202 4257 nominavit,
3261 4174 3317 4225 et
3347 4185 3534 4257 unum
3567 4185 3674 4257 uo:-

2029 4249 2139 4320 luit
2167 4249 2549 4334 nuncupare?
2608 4257 2884 4330 Legimus
2940 4254 3000 4308 in
3051 4252 3358 4308 Habacuc:
3408 4250 3548 4304 Deus
3602 4249 3670 4304 ab

2028 4359 2216 4410 austro
2236 4355 2414 4408 veniet
2473 4348 2716 4420 (Nubae.
2752 4361 2841 4412 ιιι,
2871 4345 2946 4414 3).
2982 4347 3058 4397 De
3089 4339 3384 4398 Salvatore
3413 4337 3665 4394 dicitur:

2029 4441 2307 4516 quoniam
2345 4444 2494 4494 Deus
2525 4440 2698 4492 natus
2728 4439 2818 4491 est
2839 4433 2897 4488 in
2929 4434 3151 4489 austro.
3183 4436 3229 4484 Α
3261 4429 3378 4485 situ
3402 4427 3558 4484 enim
3581 4427 3670 4482 ἔθα

2026 4531 2304 4601 rusalem,
2339 4528 2630 4586 Bethleem
2651 4526 2712 4581 in
2743 4529 2943 4580 austro
2991 4520 3182 4594 posita
3222 4523 3330 4574 est.
3363 4519 3674 4588 Propterea

341 4597 838 4692 901133“???
897 4601 956 4652 et
983 4598 1341 4655 vocationem
1383 4599 1645 4672 gentium
1677 4597 1914 4659 e-Vid‘m’
1948 4627 1996 4692 Ι)
2025 4623 2256 4692 dicitur,
2289 4597 2444 4676 Deus
2474 4617 2545 4673 ab
2571 4619 2770 4672 austro
2797 4611 3003 4669 veniet.
3037 4609 3096 4666 Si
3157 4611 3354 4665 autem
3415 4607 3564 4661 Deus
3596 4603 3668 4658 ab

334 4669 564 4726 tissime
595 4667 814 4741 pandit.

325 4817 354 4844 ‹‹
387 4793 764 4852 Conﬁtemini
795 4793 1044 4850 Domino
1077 4794 1355 4866 quoniam
1389 4796 1579 4852 bonus
1629 4797 1908 4869 quoniam

257 4883 318 4940 in
349 4883 628 4940 saculum
679 4881 1082 4939 misericordia
1126 4883 1275 4954 ejus.
1307 4905 1335 4932 ››
1373 4884 1504 4940 Ideo
1551 4886 1909 4941 conﬁtemini

263 4971 315 5028 ei
346 4976 582 5044 peccata
610 4975 824 5042 vestra,
859 4970 998 5044 quia
1053 4971 1242 5028 bonus
1297 4976 1387 5028 est
1439 4978 1494 5028 et
1555 4980 1789 5046 peccata
1820 4975 1911 5030 di-

265 5060 474 5117 mittit.
497 5060 558 5116 Si
580 5064 778 5117 autom
799 5059 995 5116 bonus
1018 5077 1133 5116 non
1155 5065 1332 5128 esset,
1357 5079 1471 5118 non
1495 5061 1657 5119 vobis
1674 5063 1910 5130 diceret,

269 5150 612 5220 conﬁtemini
628 5166 650 5213 ,'
671 5153 794 5218 ειμι
824 5149 1185 5205 conﬁtemini
1213 5150 1264 5205 ei
1291 5167 1304 5205 :
1329 5150 1606 5222 quoniam
1637 5150 1696 5207 in
1728 5169 1910 5208 saecu-

268 5238 393 5298 lum
451 5237 854 5296 misericordia
908 5239 1056 5310 ejus.
1082 5261 1111 5289 »
1171 5239 1271 5295 Hic
1328 5246 1419 5296 est
1474 5241 1908 5299 misericordia:

267 5332 540 5385 caeterum
562 5329 994 5401 suprajustitia
1018 5333 1124 5386 est.
1149 5352 1177 5378 «
1209 5330 1490 5396 Quoniam
1524 5330 1584 5385 in
1628 5330 1909 5389 saeculum

264 5416 666 5475 misericordia
693 5419 842 5490 ejus.
877 5439 907 5468 »
938 5419 1208 5486 Quandiu
1253 5419 1396 5476 estis
1422 5419 1481 5474 in
1512 5420 1746 5489 saeculo,
1781 5438 1912 5477 con-

259 5506 648 5564 conﬁtemini.

336 5616 356 5643 α
394 5594 598 5651 Dicant
627 5596 725 5668 qui
755 5595 1039 5669 redempti
1071 5601 1213 5654 sunt
1241 5614 1273 5652 a
1304 5597 1551 5654 Domino
1582 5615 1730 5671 quos
1753 5600 1911 5656 rede-

255 5683 365 5740 mit
393 5683 466 5740 de
494 5698 673 5741 manu
705 5685 951 5744 inimici.
983 5709 1012 5738 »
1046 5685 1283 5759 Proprie
1311 5687 1384 5744 de
1438 5688 1738 5750 vocatione
1767 5705 1906 5762 gen-

2028 4691 2462 4772 austroveniet,
2511 4703 2804 4776 quomodo
2857 4717 3013 4756 nunc
3071 4697 3303 4766 dicitur,
3335 4719 3363 4744 ‹‹
3423 4699 3471 4748 Α
3529 4691 3670 4749 solis

2020 4804 2150 4855 ortu
2181 4801 2238 4853 et
2266 4813 2495 4864 occasu,
2530 4798 2589 4850 et
2618 4793 2690 4849 ab
2722 4789 3038 4863 aquilone?
3071 4811 3098 4839 υ
3129 4789 3334 4843 Auster
3388 4787 3446 4840 et
3491 4787 3669 4839 notus

2022 4885 2238 4942 tacitus
2269 4889 2379 4941 est.
2407 4908 2434 4934 ‹‹
2467 4885 2512 4938 Α
2541 4880 2683 4939 solis
2713 4885 2842 4937 ortu
2873 4883 2932 4934 et
2959 4894 3190 4934 occasu.
3217 4900 3239 4929 ι
3273 4879 3472 4944 Amen,
3497 4888 3668 4929 amen

2019 4975 2138 5031 dico
2195 4975 2366 5043 vobis,
2418 4975 2550 5045 quia
2596 4971 2761 5028 multi
2808 4970 3026 5026 venient
3061 4971 3127 5023 ab
3170 4968 3384 5023 oriente
3429 4967 3480 5020 et
3518 4963 3667 5019 occi-

2021 5065 2198 5130 dente,
2252 5063 2664 5120 etrecambent
2721 5063 2776 5116 in
2831 5061 2961 5114 sinu
3016 5056 3284 5113 Abrahae:
3343 5053 3450 5124 ﬁlii
3488 5060 3670 5108 autem

2020 5154 2390 5225 generationis
2419 5152 2581 5220 huius
2621 5153 2776 5221 longe
2821 5157 2982 5206 erunt
3037 5146 3246 5216 (Matth.
3300 5161 3425 5211 VIII,
3456 5144 3516 5198 11
3557 5142 3664 5212 12).

2028 5264 2054 5296 α
2083 5245 2128 5298 Α
2159 5243 2300 5299 solis
2330 5246 2458 5298 ortu
2492 5245 2551 5297 et
2604 5256 2834 5304 occasu,
2872 5261 2899 5287 »
2950 5237 3152 5308 utique
3183 5233 3540 5306 alienigenae.
3599 5232 3670 5287 Et

2021 5331 2093 5387 ab
2126 5330 2418 5403 aquilone.
2452 5329 2663 5403 Aquilo
2721 5327 3075 5383 durissimus
3132 5329 3340 5382 ventus
3395 5327 3521 5380 est:
3557 5339 3663 5377 no-

2020 5423 2178 5478 mine
2211 5424 2407 5477 autem
2437 5420 2636 5476 dexter
2663 5421 2920 5473 vocatur.
2979 5416 3055 5472 Ab
3112 5415 3398 5488 aquilam,
3448 5411 3660 5484 inquit,

2018 5511 2373 5568 exardescent
2400 5509 2553 5564 mala
2579 5523 2741 5579 super
2769 5510 2975 5561 terram
3026 5508 3246 5576 (Jerem.
3289 5522 3328 5574 ι,
3364 5505 3470 5574 ila).
3505 5501 3662 5557 Mare

2018 5601 2234 5674 legitur
2263 5600 2322 5655 in
2353 5598 2646 5661 Numeris,
2679 5600 2737 5651 et
2765 5595 2826 5650 in
2857 5595 3072 5662 Exodo,
3104 5600 3160 5651 et
3204 5595 3263 5650 in
3319 5591 3478 5651 omni
3507 5589 3658 5644 Scri-

2018 5694 2191 5763 ptura
2218 5692 2440 5755 sancta,
2474 5691 2531 5744 et
2545 5685 2881 5758 ubicunque
2901 5701 3061 5744 mare
3075 5683 3314 5752 auditis,
3332 5679 3657 5744 secundum
