3976 6188
317 356 473 417 1215

1813 359 2229 420 APPENDIX.

3568 364 3734 425 1216

318 491 558 550 climata
585 509 817 567 semper
841 492 1189 570 intelligitur
1216 495 1506 554 occidens.
1555 496 1603 552 A
1659 495 1774 553 situ
1805 496 1960 553 enim
1992 496 2048 564 Α
2075 491 2230 551 irent
2277 493 2335 550 in
2366 493 2660 552 civitatem
2689 493 3091 562 habitationis,
3122 493 3182 550 in
3213 492 3552 554 Ecclesiam'
3601 498 3732 568 ejus

317 583 644 640 Jerusalem
677 601 836 641 mare
865 585 974 642 hoc
995 603 1298 660 magnum,
1333 587 1486 660 quod
1519 587 1752 658 dicitur,
1786 587 1844 643 in
1876 604 1966 644 oc-

317 673 545 730 cidente
566 678 674 730 est.
693 675 936 731 Videtur
955 676 1490 751 igiturmysterium
1507 678 1961 750 Scripturarum.

317 763 382 819 In
412 763 526 821 isto
554 763 680 820 loco
712 765 804 821 bis
833 766 1106 824 occidens
1141 769 1498 836 nominatur,
1555 773 1611 825 et
1639 786 1743 825 nec
1783 767 1963 824 semel

321 858 518 909 notus.
552 855 670 910 Hoc
701 871 880 926 quare
911 856 1173 912 dicitur?
1229 859 1516 923 Quoniam
1565 858 1820 931 populus
1859 858 1961 914 Ju-

314 943 569 999 daaorum
603 943 661 999 in
691 945 803 1000 isto
854 946 1079 1018 psalmo
1137 965 1252 1004 non
1311 949 1588 1004 scribitur
1642 948 1960 1015 vocandus,

322 1033 421 1088 sed
454 1037 687 1088 tantum
719 1036 1003 1106 gentium.
1038 1037 1301 1110 Denique
1330 1037 1469 1108 quid
1503 1038 1689 1094 dicit?

383 1142 413 1170 «
446 1123 804 1178 Erraverunt
857 1125 916 1180 in
970 1125 1287 1182 solitudine
1340 1127 1400 1182 in
1452 1128 1774 1200 inaquoso:
1807 1129 1962 1182 viam

313 1209 562 1267 civitatis
592 1211 912 1269 habitaculi
967 1231 1081 1270 non
1131 1215 1499 1288 invenerunt,
1553 1217 1876 1273 esurientes
1907 1221 1964 1272 et

313 1299 598 1356 sitientes.
634 1324 660 1352 »
696 1303 766 1356 Et
821 1308 885 1358 ut
941 1303 1139 1360 sciatis
1199 1305 1337 1377 quia
1396 1306 1628 1378 proprie
1685 1307 1756 1362 de
1794 1323 1962 1361 voca-

311 1388 468 1446 tione
498 1391 762 1460 gentium
799 1393 1097 1460 scribitur,
1132 1400 1189 1450 et
1244 1396 1314 1450 de
1371 1396 1707 1466 cxpulsione
1737 1396 1962 1452 Iudaic-

312 1494 465 1546 rum,
498 1479 556 1534 in
584 1481 967 1551 sequentibus
1016 1483 1202 1554 ipsius
1233 1484 1447 1556 psalmi
1507 1485 1790 1557 scriptum
1832 1491 1959 1541 est:

309 1565 500 1622 Posuit
525 1568 760 1636 ﬂumina
788 1571 846 1623 ιή
892 1570 1170 1626 desertum
1200 1573 1272 1640 (υ.
1295 1573 1408 1643 33),
1441 1571 1706 1630 videlicet
1732 1574 1961 1630 Judaeo-

313 1671 467 1710 rum.
487 1677 514 1705 ‹‹
532 1657 885 1713 Erraverunt
907 1659 966 1714 in
988 1659 1306 1716 solitudine
1327 1662 1386 1716 in
1414 1661 1718 1734 inaquoso.
1743 1685 1770 1712 ››
1806 1662 1961 1718 Dixi-

309 1759 444 1798 mus
462 1760 589 1815 quaa
619 1751 819 1801 essent
839 1747 1284 1818 aquae,diximus
1307 1766 1433 1820 quae
1465 1755 1662 1806 essent
1691 1751 1955 1808 ﬂumina.

309 1853 338 1880 ‹‹
370 1832 538 1886 Viam
569 1833 822 1890 civitatis
852 1835 1170 1892 habitaculi
1228 1855 1344 1894 non
1398 1839 1765 1906 invenerunt,
1825 1857 1956 1897 esu-
1987 1868 2034 1934 Β

308 1918 524 1976 rientes
552 1925 610 1977 et
639 1921 922 1981 sitientes.
958 1947 984 1976 ιι
1044 1926 1418 1998 Exponamus
1480 1930 1770 2000 quomodo
1813 1945 1952 2002 gen-

309 2007 459 2064 tium
493 2011 746 2083 populus
804 2014 977 2069 fuerit
1031 2014 1089 2069 in
1147 2015 1395 2087 deserto,
1458 2018 1556 2074 ubi
1617 2036 1733 2075 non
1791 2023 1956 2076 erant

309 2114 492 2169 aquis,
525 2099 634 2156 hoc
666 2106 774 2167 est,
807 2101 867 2159 in
897 2102 1204 2176 inaquoso,
1237 2110 1292 2162 et
1312 2109 1606 2178 quomodo
1635 2109 1789 2164 viam
1821 2108 1956 2165 civi-

305 2187 444 2244 tatis
475 2188 792 2246 habitaculi
827 2209 940 2248 non
989 2193 1357 2262 invenerunt,
1409 2197 1736 2254 esurientes
1785 2202 1841 2254 et
1871 2200 1954 2254 si-

308 2275 542 2334 tientes.
570 2279 651 2335 De
677 2281 892 2351 quibus
922 2282 1156 2348 dicitur,
1182 2307 1210 2334 «
1240 2301 1353 2340 non
1378 2283 1792 2351 invenerunt,»
1824 2304 1954 2342 ma-

306 2365 586 2421 nifestum
609 2373 717 2436 est,
743 2371 897 2438 quod
930 2371 1286 2440 quaesierunt
1313 2374 1466 2430 viam
1499 2375 1752 2432 civitatis
1784 2375 1954 2432 habi-

305 2453 504 2523 taculi,
534 2455 634 2510 sed
666 2472 780 2510 non
812 2457 1178 2515 invenerunt.
1211 2462 1578 2526 Quaesierunt
1632 2481 1767 2537 ergo
1797 2466 1952 2521 viam

304 2556 408 2611 per
436 2557 613 2611 quam
642 2544 906 2600 venirent
935 2547 1007 2601 ad
1057 2547 1353 2605 civitatem
1379 2568 1392 2606 :
1440 2552 1764 2609 esurientes
1796 2570 1951 2625 quaa-

305 2629 530 2686 sierunt
559 2636 617 2686 et
646 2631 931 2690 sitientes.
966 2657 994 2686 ‹‹
1026 2637 1238 2694 Anima
1265 2655 1465 2695 eorum
1498 2641 1555 2696 in
1612 2641 1760 2714 ipsis
1799 2643 1950 2699 defe-

303 2718 402 2774 cit.
435 2740 462 2769 »
496 2720 817 2791 Πείθωνηηί
844 2727 1150 2782 scrutantes
1177 2729 1442 2784 scrutinio
1472 2730 1640 2799 (Psal.
1676 2747 1830 2800 LXIII,
1873 2733 1930 2803 7)

303 2807 668 2876 Defecerunt,
700 2813 1079 2882 quaesierunt,
1108 2820 1166 2871 et
1219 2833 1334 2872 non
1394 2817 1761 2884 invenerunt,
1809 2831 1862 2876 et
1892 2820 1952 2876 in

303 2899 496 2955 esurie
525 2917 635 2956 sua
661 2905 718 2957 et
747 2903 867 2958 siti.
904 2925 932 2954 «
961 2903 1128 2960 Viam
1180 2905 1428 2962 civitatis
1480 2907 1798 2964 habitaculi
1839 2927 1952 2966 non

305 2987 671 3056 invenerunt,
707 2991 1030 3049 esurientes
1060 2997 1116 3049 et
1145 2994 1427 3051 sitientes.
1462 3019 1491 3047 ››
1524 2996 1687 3053 Multi
1721 2997 1957 3054 fuerunt

303 3079 406 3152 qui
434 3079 908 3151 repromitterent
936 3082 1110 3139 istam
1143 3083 1296 3139 viam
1358 3101 1485 3156 quae
1543 3087 1856 3143 deduceret
1883 3089 1955 3143 ad

305 3167 620 3224 civitatem.
654 3169 932 3227 Promisit
961 3172 1248 3243 Socrates,
1284 3173 1553 3246 promisit
1607 3173 1790 3242 Plato,
1824 3192 1956 3247 pro-

2075 601 2203 656 quaa
2233 585 2476 642 fundata
2506 585 2694 641 fuerat
2749 601 2926 657 super
2981 584 3199 657 ipsum,
3257 589 3314 640 et
3374 589 3630 656 petram,
3683 592 3736 643 et

2074 673 2228 730 viam
2262 679 2440 746 atque
2471 675 2795 730 ductorem.
2843 673 3145 745 Simulque
3204 675 3736 743 considerandum,

2074 763 2174 835 qui
2204 764 2316 820 isto
2348 762 2574 836 psalmo
2605 764 2774 820 tertio
2803 763 3056 818 dicitur:

2149 873 2174 903 α
2240 855 2635 923 Confiteantur
2699 853 2942 909 Domino
3009 852 3427 909 misericordis
3479 854 3635 924 ejus,
3675 863 3736 911 et

2072 941 2366 998 mirabilia
2396 943 2525 1014 ejus
2557 941 2694 998 filiis
2723 942 3051 997 hominum.
3115 941 3260 1007 Quia
3317 941 3567 998 satiavit
3607 945 3731 998 ani-

2073 1047 2229 1086 mam
2263 1032 2520 1099 inanem,
2549 1038 2606 1088 et
2635 1031 2894 1087 animam
2924 1031 3278 1087 esurientem
3341 1031 3592 1087 satiavit
3634 1033 3730 1088 bo-

2073 1120 2183 1177 nis.
2221 1143 2249 1170 »
2279 1121 2391 1177 Eos
2422 1121 2523 1192 qui
2553 1120 2758 1176 inanes
2785 1123 2954 1176 erant
2982 1137 3016 1176 a
3045 1120 3232 1192 gratia
3265 1137 3397 1188 sua,
3429 1126 3496 1177 et
3517 1121 3732 1176 famem

2071 1210 2232 1266 verbi
2265 1210 2659 1282 patiebantur,
2693 1210 2863 1265 bonis
2893 1209 3227 1266 cmlestibus
3258 1210 3523 1266 satiavit.

2149 1320 2175 1352 α
2206 1299 2486 1356 Sedentes
2515 1299 2574 1355 in
2623 1299 2880 1355 tenebris
2911 1304 2968 1354 et
2991 1299 3201 1353 umbra
3231 1298 3466 1365 mortis,
3508 1300 3738 1356 vinctos

2073 1389 2132 1444 in
2166 1387 2540 1444 mendicitate
2570 1393 2628 1444 et
2656 1387 2827 1444 ferro.
2863 1411 2890 1438 »
2923 1387 3195 1443 Vinctum
3254 1388 3416 1444 enim
3477 1394 3608 1444 erat
3637 1405 3733 1461 gs-

2074 1495 2186 1533 nus
2217 1478 2544 1534 humanum
2577 1477 2799 1533 catenis
2830 1478 3167 1546 criminum,
3225 1483 3281 1533 et
3337 1478 3568 1534 carceri
3613 1479 3735 1533 dia-

2071 1566 2188 1624 boli
2213 1567 2637 1638 mancipatum.
2671 1567 2743 1622 Et
2771 1583 2875 1622 cur
2929 1566 3039 1622 hoc
3093 1566 3351 1622 accidit?
3379 1566 3536 1622 Vide
3578 1569 3732 1638 quod

2071 1656 2356 1728 sequitur.

2142 1768 2169 1794 «
2199 1744 2346 1811 Quia
2374 1745 2864 1801 exacerbaverunt
2905 1744 3202 1817 eloquium
3240 1746 3500 1802 Domini.
3535 1763 3565 1794 ι
3601 1747 3730 1810 Qua

2073 1835 2468 1900 mandaverat,
2529 1850 2644 1890 non
2710 1835 3131 1891 custodientes.
3185 1856 3212 1882 »
3269 1838 3338 1889 Et
3409 1834 3727 1891 consilium

2063 1922 2353 1980 Altissimi
2385 1923 2782 1980 irritavcrunt.
2818 1946 2845 1972 »
2878 1924 3040 1987 Quod
3072 1923 3310 1980 dederat
3333 1927 3405 1980 ut
3441 1923 3726 1996 eligerent

2061 2013 2260 2069 vitam.
3729 2009 3738 2014 ’

2139 2126 2159 2153 ε
2195 2103 2264 2157 Et
2293 2100 2671 2157 humiliatum
2710 2105 2799 2158 est
2828 2101 2887 2156 in
2919 2101 3218 2158 laboribus
3277 2117 3380 2158 cor
3431 2119 3666 2158 eorum.
3701 2129 3726 2150 μ

2061 2191 2208 2258 Quia
2237 2208 2353 2246 non
2384 2189 2794 2247 exaltabantur
2821 2191 2882 2246 in
2913 2191 3188 2263 operibus
3215 2191 3334 2246 Dei.
3375 2214 3406 2238 α
3434 2191 3720 2246 lnﬁrmati

2062 2285 2220 2348 sunt,
2253 2296 2357 2336 nec
2391 2278 2502 2334 fuit
2532 2279 2631 2350 qui
2663 2280 2983 2350 adjuverat.
3018 2301 3047 2328 »
3081 2279 3156 2334 Eo
3213 2279 3374 2350 quod
3433 2279 3500 2334 in
3547 2279 3723 2334 Deum

2063 2369 2217 2424 firmi
2249 2385 2363 2426 non
2395 2373 2613 2434 essent,
2645 2385 2751 2424 nec
2801 2385 2938 2425 eum
2997 2368 3362 2439 requirerent
3421 2369 3530 2440 qui
3560 2386 3722 2425 verus

2061 2462 2150 2514 est
2176 2458 2462 2514 medicus.

2134 2571 2161 2598 «
2195 2549 2266 2603 Et
2293 2546 2694 2603 clamaverunt
2723 2547 2796 2602 ad
2827 2547 3142 2604 Dominum
3173 2547 3314 2602 dum
3367 2546 3728 2605 tribularen-

2064 2640 2178 2704 tur,
2212 2641 2268 2692 et
2297 2637 2366 2692 de
2426 2635 2878 2692 necessitatibus
2933 2652 3138 2692 eorum
3193 2634 3462 2691 liberavit
3524 2652 3650 2692 eos.
3700 2661 3724 2686 ις

2065 2725 2285 2782 Defecit
2314 2729 2447 2796 post
2476 2724 2759 2796 originale
2789 2729 3095 2796 peccatum
3119 2724 3452 2780 humanum
3511 2742 3726 2797 genus,

2065 2815 2268 2870 iterata
2325 2813 2450 2869 vice
2504 2829 2622 2868 non
2680 2814 2998 2869 observans
3051 2812 3240 2886 legem
3294 2813 3569 2868 traditam
3610 2831 3728 2886 per

2063 2907 2296 2976 Moysen
2323 2921 2336 2970 ;
2371 2903 2472 2958 sed
2503 2907 2560 2958 et
2580 2903 2653 2958 de
2683 2901 2792 2958 hac
2823 2902 3168 2958 necessitate
3198 2900 3340 2956 illud
3374 2901 3601 2973 eripuit.

2135 3014 2164 3041 «
2198 2991 2268 3046 Et
2296 2989 2496 3046 eduxit
2524 3005 2623 3045 eos
2654 2989 2726 3044 de
2755 2989 3034 3056 tenebris,
3074 3011 3101 3037 ››
3131 2992 3242 3043 etc.
3277 2988 3344 3042 Et
3373 2989 3446 3042 ob
3469 2986 3570 3042 id:

2139 3104 2167 3130 ‹‹
2199 3079 2595 3136 Conﬁteantur
2619 3078 2866 3134 Domino
2897 3076 3308 3134 misericordias
3338 3078 3493 3148 ejus,
3527 3083 3587 3133 et
3616 3078 3729 3134 mi-

2071 3169 2278 3226 rabilia
2307 3169 2434 3240 ejus
2465 3168 2606 3223 filiis
2636 3167 2969 3224 hominum.
2993 3187 3022 3217 ››
3047 3167 3116 3222 Et
3136 3182 3242 3223 cur
3261 3166 3393 3237 ejus
3417 3165 3511 3222 vel
3557 3166 3730 3224 mise-

305 3256 469 3313 misit
494 3257 850 3314 Aristoteles.
884 3236 1333 3318 Haemorrhousa
1363 3279 1489 3335 quae
1548 3236 1786 3319 ﬂuebat
1821 3236 1958 3321 san-
1989 3236 2031 3302 C
2070 3236 2703 3314 ricordiaa'coniitendae
2735 3257 2876 3321 sint,
2908 3255 2994 3311 vel
3053 3236 3344 3312 mirabilia
3402 3256 3727 3326 pradican-

306 3345 650 3419 guine(Luc.
672 3365 797 3418 VIII,
820 3350 932 3421 43),
966 3349 1183 3407 multos
1215 3352 1483 3423 quaesivit
1531 3352 1810 3419 medicos,
1839 3358 1896 3408 et
1925 3370 1959 3408 a

307 3435 468 3493 nullo
499 3437 694 3493 sanari
755 3439 965 3510 potuit.
1028 3462 1057 3490 «
1116 3439 1281 3496 Viam
1341 3440 1594 3496 civitatis
1634 3441 1956 3498 habitaculi

307 3542 423 3581 non
456 3525 824 3584 invenerunt.
861 3551 889 3579 »
926 3529 1197 3586 Doctrina
1225 3530 1461 3586 illorum
1519 3531 1710 3603 magis
1740 3531 1954 3586 famem

306 3613 557 3670 faciebat
574 3615 859 3686 veritatis,
892 3634 1070 3688 quam
1091 3620 1478 3676 saturitatem.
1508 3620 1958 3677 Haemorrhousa

306 3705 490 3757 totam
539 3702 930 3760 substantiam
989 3721 1157 3762 suam
1213 3707 1500 3780 impendit
1564 3709 1623 3764 in
1676 3709 1954 3766 medicos.

313 3812 336 3839 ι
370 3789 710 3847 Esurientes
739 3796 797 3848 et
822 3792 1110 3850 sitientes.
1134 3797 1348 3851 Anima
1367 3813 1569 3854 eorum
1599 3797 1656 3852 in
1689 3799 1835 3871 ipsis
1864 3800 1958 3855 de-

308 3877 464 3935 fecit.
499 3901 527 3929 »
560 3879 671 3936 Sed
702 3881 981 3953 quoniam
1012 3883 1345 3954 perdiderat
1401 3903 1568 3941 suam
1621 3887 1953 3944 universam

303 3968 722 4035 substantiam,
748 3969 858 4026 hoc
881 3975 987 4038 est,
1016 3971 1268 4028 Ecclesia
1309 3973 1379 4028 de
1419 3974 1693 4044 gentibus
1714 3992 1954 4048 congre-

305 4063 476 4132 gata:
512 4058 652 4131 quia
683 4058 880 4116 anima
909 4061 1037 4132 ejus
1068 4059 1127 4116 in
1160 4061 1289 4133 ipsa
1319 4062 1548 4127 defecit,
1581 4062 1854 4119 clamavit
1882 4066 1955 4120 ad

305 4146 621 4204 Dominum
651 4165 784 4204 cum
816 4149 1218 4207 tribularetur.
1279 4152 1494 4207 Tactus
1553 4152 1798 4208 fimbriae
1844 4158 1954 4209 Do-

305 4236 471 4303 mini,
506 4236 726 4315 clamor
755 4239 1044 4296 credentis
1077 4239 1206 4296 fuit.

380 4347 409 4374 «
439 4325 508 4380 Et
537 4325 939 4384 clamaverunt
969 4329 1042 4384 ad
1076 4329 1389 4386 Dominum
1421 4346 1557 4385 cum
1601 4330 1952 4388 tribularen-

301 4415 419 4482 tur,
450 4417 508 4468 et
537 4414 608 4470 de
639 4416 1101 4474 necessitatibus
1158 4435 1358 4474 eorum
1420 4418 1634 4491 eripuit
1663 4436 1782 4477 eos.
1816 4442 1844 4471 »
1876 4421 1956 4476 Ad

305 4504 616 4572 Dominum,
644 4503 852 4576 inquit,
875 4521 1002 4560 cum
1033 4507 1350 4578 tribularer,
1385 4509 1638 4571 clamavi,
1699 4513 1752 4564 et
1780 4526 1952 4564 exau-

2065 3352 2181 3418 tur,
2211 3346 2516 3419 sequentia
2542 3347 2770 3403 docent.

2139 3459 2166 3488 ‹‹
2203 3437 2352 3501 Quia
2381 3435 2654 3492 contrivit
2674 3438 2873 3508 portas
2921 3450 3120 3504 aereas,
3171 3437 3228 3489 et
3264 3437 3462 3490 vectes
3513 3435 3726 3492 ferreos

2065 3526 2371 3598 confregit,
2407 3547 2435 3575 »
2471 3526 2725 3581 Visitavit
2752 3525 2903 3580 enim
2931 3539 3031 3579 nos
3060 3524 3241 3580 oriens
3296 3539 3365 3579 ea:
3423 3524 3543 3581 auo
3573 3527 3722 3594 (Lac.

2065 3633 2105 3685 ι,
2135 3615 2248 3686 78),
2283 3618 2340 3670 et
2363 3613 2719 3671 illuminavit
2769 3627 3034 3669 errorum
3091 3612 3389 3680 tenebras,
3430 3613 3720 3686 disrupit-

2067 3721 2180 3778 que
2209 3707 2444 3760 catenas
2472 3703 2639 3776 legis,
2669 3707 2735 3759 ut
2763 3701 2948 3758 libero
2978 3700 3219 3757 arbitrio
3248 3701 3636 3760 serviremus.

2143 3817 2163 3843 α
2199 3791 2469 3864 Suscepit
2495 3808 2596 3848 eos
2627 3792 2699 3847 de
2727 3791 2821 3846 via
2875 3789 3210 3863 iniquitatis
3266 3805 3498 3848 eorum.
3531 3815 3560 3842 υ
3610 3791 3718 3848 0b-

2065 3886 2394 3939 servaverat
2413 3880 2592 3953 igitur
2612 3879 2881 3936 diabolus
2899 3877 3284 3936 validissimis
3297 3880 3454 3936 seris
3474 3895 3718 3937 suarum

2065 3971 2280 4027 aedium
2327 3987 2504 4025 aereas
2533 3969 2752 4035 valvas,
2786 3985 2860 4024 ne
2889 3969 2962 4024 ab
3011 3967 3141 4039 ejus
3163 3968 3299 4038 jure
3323 3970 3525 4041 egredi
3566 3969 3722 4025 vale-

2064 4064 2152 4115 ret
2182 4075 2368 4132 genus
2399 4059 2748 4114 humanum.
2783 4059 2918 4123 Quae
2952 4055 3169 4127 omnia,
3201 4063 3266 4114 ut
3295 4057 3573 4128 diximus,
3607 4076 3718 4114 sua

2065 4149 2348 4204 Dominus
2378 4148 2713 4204 visitatione
2743 4149 3035 4215 contrivit,
3092 4149 3422 4223 suscipiens
3477 4162 3615 4202 eum
3647 4148 3712 4202 in

2064 4255 2146 4293 se.
2193 4259 2220 4287 ‹‹
2285 4238 2528 4307 Propter
2593 4237 2918 4308 injustitias
2983 4239 3139 4295 enim
3210 4255 3352 4296 suas
3409 4235 3710 4292 humiliati

2064 4330 2220 4383 sunt.
2259 4349 2287 4374 »
2320 4325 2392 4381 Ut
2420 4324 2773 4382 exaltaretur
2799 4327 2859 4382 in
2891 4343 2980 4384 eo.

2134 4437 2162 4465 «
2191 4417 2437 4471 Omnem
2467 4431 2663 4470 escam
2695 4416 3034 4473 abominata
3061 4419 3151 4474 est
3183 4415 3382 4473 anima
3401 4433 3639 4485 eorum,
3668 4423 3723 4472 et

2063 4504 2684 4577 appropinquaverunt
2740 4521 2927 4577 usque
2967 4508 3040 4562 ad
3091 4511 3289 4580 portas
3356 4507 3597 4564 mortis.
3657 4506 3718 4561 Et

300 4591 441 4647 divit
460 4608 546 4649 me
565 4593 739 4662 (Psal.
763 4609 916 4662 CXIX,
948 4594 1022 4664 1).
1052 4595 1214 4650 Tunc
1245 4596 1593 4652 exaudimur
1623 4614 1656 4652 a
1685 4597 1950 4668 Domino,
1984 4607 2032 4672 D
2063 4593 2463 4650 clamaverunt
2493 4593 2564 4648 ad
2588 4593 2899 4651 Dominum
2928 4611 3062 4652 cum
3082 4595 3534 4663 tribularentur,
3565 4600 3628 4651 et
3653 4596 3722 4650 de

301 4682 538 4752 quando
569 4699 684 4738 non
716 4682 967 4754 simplex
996 4699 1123 4752 vox,
1159 4685 1258 4738 sed
1287 4683 1590 4740 tribulatio
1624 4683 1838 4742 clamat
1881 4687 1950 4742 ad

303 4770 638 4828 Dominum.

379 4883 400 4909 α
436 4864 503 4916 Et
531 4859 731 4916 eduxit
759 4877 859 4916 eos
889 4861 948 4916 in
979 4861 1132 4916 viam
1155 4864 1394 4930 rectam,
1447 4866 1511 4917 ut
1536 4862 1686 4919 irent
1717 4863 1777 4918 in
1809 4862 1950 4919 civi—

301 4951 484 5004 tatem
514 4949 914 5006 habitationis.
948 4972 978 5000 »
1011 4950 1157 5014 Quia
1180 4951 1334 5007 viam
1357 4950 1609 5008 civitatis
1631 4951 1950 5010 habitaculi

305 5053 421 5092 non
454 5042 821 5110 invenerunt,
881 5043 1184 5111 proptcrea
1241 5039 1481 5096 deduxit
1543 5057 1642 5096 eos
1699 5041 1756 5096 in
1796 5041 1949 5097 viam

298 5128 544 5182 rectam.
579 5133 724 5199 Ergo
754 5130 1031 5198 ostendit,
1066 5129 1206 5202 quia
1257 5133 1392 5184 ante
1441 5130 1786 5186 invenerunt
1825 5130 1953 5202 qu‘-

306 5213 438 5269 dem
469 5214 613 5286 vias,
645 5217 746 5272 sed
778 5233 1006 5288 pravas,
1041 5223 1099 5274 et
1128 5235 1242 5273 non
1303 5223 1514 5274 rectas.
1549 5241 1577 5268 «
1617 5219 1685 5274 Et
1713 5219 1954 5275 deduxit

299 5317 406 5358 eos
436 5301 496 5358 in
553 5304 705 5358 viam
761 5310 1000 5362 rectam.
1038 5330 1065 5353 ››
1122 5306 1227 5362 Via
1285 5306 1524 5363 deduxit
1579 5325 1677 5363 eos
1709 5309 1767 5363 in
1799 5308 1948 5365 viam

309 5394 439 5466 Ipse
467 5392 753 5450 Dominus
774 5399 948 5468 atque
977 5395 1238 5453 Salvator
1263 5397 1501 5453 deduxit
1554 5414 1652 5453 eos
1713 5397 1769 5453 in
1798 5398 1951 5454 viam

310 5486 527 5540 rectam
561 5500 573 5538 ε
607 5482 742 5538 fecit
763 5500 883 5552 eos,
906 5488 970 5540 ut
989 5485 1046 5540 in
1072 5502 1134 5542 se
1157 5485 1566 5542 ambularent:
1590 5488 1717 5559 ipse
1758 5492 1815 5542 et
1843 5488 1951 5543 du-

309 5578 451 5642 ctor,
484 5577 541 5629 et
567 5571 679 5628 via.
715 5595 743 5623 «
777 5573 845 5629 Et
873 5574 1111 5630 deduxit
1138 5592 1236 5632 eos
1267 5575 1325 5632 in
1357 5575 1509 5632 viam
1541 5582 1780 5645 rectam,
1818 5599 1842 5626 ι›
1890 5580 1954 5632 ut

280 5679 414 5740 .per
442 5665 591 5722 hanc
623 5661 796 5733 viam,
828 5662 940 5720 hoc
968 5667 1058 5721 est
1087 5680 1189 5737 per
1215 5665 1532 5724 Dominum
1573 5665 1952 5734 Salvatorem,

2064 4682 2517 4739 necessitatibus
2539 4698 2740 4738 eorum
2764 4683 3033 4740 liberavit
3050 4701 3170 4741 eos.
3203 4705 3230 4738 υ
3267 4685 3378 4741 Sed
3413 4683 3554 4740 vide
3586 4701 3722 4758 qua-

2063 4772 2195 4829 liter
2244 4789 2343 4828 eos
2393 4771 2869 4845 liberavit:quia
2913 4790 3087 4831 omne
3105 4775 3349 4832 verbum
3379 4773 3543 4842 vitae,
3568 4776 3718 4848 quod

2061 4861 2356 4934 prophetae
2378 4861 2937 4932 praenuntiaverunt,
2972 4863 3292 4921 abominati
3322 4866 3488 4931 sunt,
3529 4869 3596 4920 et
3623 4880 3718 4935 ap-

2061 4951 2600 5024 propinquaverunt
2629 4952 2823 5009 morti.

2133 5064 2160 5091 «
2195 5042 2360 5097 Tunc
2389 5041 2552 5098 misit
2603 5042 2847 5098 verbum
2899 5059 3096 5110 suum,
3129 5047 3188 5099 et
3241 5042 3476 5100 sanavit
3529 5060 3657 5100 eos.
3685 5068 3713 5090 υ

2062 5131 2265 5202 Ipsum
2295 5129 2528 5202 Filium,
2561 5130 2663 5203 qui
2692 5131 2752 5187 in
2782 5131 3068 5204 principio
3096 5137 3222 5190 erat
3276 5131 3540 5190 Verbum
3569 5151 3584 5191 :
3619 5134 3710 5205 qui

2062 5219 2121 5274 in
2143 5218 2450 5291 Evangelio
2480 5224 2648 5278 sanat
2696 5235 2930 5279 omnem
2988 5221 3333 5295 languorem
3389 5226 3451 5280 et
3479 5237 3709 5280 omnem

2061 5307 2462 5366 infirmitatem
2495 5310 2554 5366 in
2577 5309 2762 5383 plebe.
2800 5332 2821 5362 ι
2855 5312 2925 5368 Et
2952 5310 3170 5384 eripuit
3197 5327 3296 5369 eos
3327 5311 3400 5369 de
3427 5310 3709 5370 interitio-

2062 5397 2239 5454 nibus
2269 5415 2492 5456 eorum.
2529 5422 2556 5448 »
2590 5401 2653 5457 In
2686 5400 2901 5473 quibus
2931 5417 2994 5458 se
3022 5401 3137 5474 ipsi
3168 5401 3600 5460 demerserant.

2137 5508 2166 5537 «
2223 5487 2626 5545 Conﬁteantur
2707 5489 2954 5546 Domino
3015 5489 3430 5548 misericordia
3496 5492 3703 5564 ejus.-

2063 5577 2286 5642 Quibus
2316 5577 2579 5635 excelsus
2609 5594 2672 5635 se
2701 5577 3070 5648 humiliavit;
3104 5579 3321 5651 quibus
3351 5583 3509 5637 Dens
3539 5579 3702 5636 homo

2053 5665 2254 5726 factus
2273 5671 2398 5739 est;
2431 5668 2646 5742 quibus
2676 5667 3026 5728 immortalis
3054 5680 3178 5742 pro‘
3213 5669 3578 5731 mortalium
3597 5669 3702 5726 vita
