3976 6188
241 377 398 436 1217

1426 373 1914 436 BREVIAIHUM
1964 377 2037 434 IN
2087 373 2469 434 PSALMOS.

3494 383 3663 445 1218'

236 505 518 564 subditur
545 503 740 560 morti.
797 525 826 554 «
883 503 949 559 Et
999 502 1294 562 mirabilia
1341 503 1469 575 ejus
1513 504 1649 560 filiis
1701 505 1886 562 homi-
1915 514 1972 580 Α
2000 506 2137 562 ﬁliis
2168 506 2494 563 hominum.
2532 529 2560 557 ››
2591 506 2738 571 Quia
2771 508 3114 569 mirabiliter
3143 512 3250 570 hos
3289 517 3651 588 compescuit

244 613 410 653 num.
443 615 469 648 η
497 594 644 658 Quia
665 593 878 650 inferni
899 609 1076 648 aareas
1109 597 1308 664 portas
1335 598 1643 665 vectesque
1665 595 1890 651 confre-

239 687 353 760 git;
385 685 527 757 quia
558 683 730 740 rediit
746 682 929 739 victor
948 683 1020 738 ad
1043 698 1315 754 superos;
1345 683 1486 754 quia
1514 682 1795 739 remeavit
1819 685 1891 739 ad

237 774 442 832 caelos.

317 885 347 912 ‹‹
381 862 448 918 Et
476 860 807 917 sacrificent
836 859 1188 916 sacrificium
1221 859 1467 915 laudis.»
1503 860 1743 916 Cessent
1772 859 1891 914 hir-

243 952 296 1008 ci
329 956 387 1007 et
415 950 584 1006 vituli
617 967 630 1005 :
669 951 807 1021 quia
837 950 990 1005 Deus
1023 949 1378 1004 sacrificium
1421 951 1492 1005 de
1532 966 1677 1021 puro
1725 949 1896 1004 corde

245 1039 512 1113 requirit.
539 1063 566 1089 «
601 1039 668 1094 Et
694 1039 1045 1095 annuntieut
1088 1055 1265 1111 opera
1310 1040 1438 1109 ejus
1470 1039 1527 1094 in
1561 1038 1894 1094 exsultatio-

248 1144 341 1186 ne.
377 1150 407 1178 »
437 1132 579 1184 Cum
611 1128 824 1200 gaudio
855 1127 1082 1183 cunctis
1121 1127 1314 1183 choris
1345 1126 1714 1195 annuntient,
1747 1143 1895 1198 qua-

244 1219 382 1274 liter
409 1233 509 1274 eos
539 1234 648 1274 sua
675 1217 1006 1274 visitatione
1038 1215 1296 1273 salvarit.

325 1330 354 1357 «
395 1307 503 1372 Qui
548 1306 914 1362 descendunt
960 1322 1142 1362 mare.
1176 1331 1202 1355 ››
1240 1306 1300 1361 Id
1351 1311 1439 1361 est
1482 1305 1782 1362 smculum.
1830 1309 1899 1360 In

249 1398 500 1454 navibus.
535 1395 599 1451 In
629 1395 919 1465 Ecclesiis,
965 1411 1090 1466 quae
1134 1394 1431 1452 Christum
1481 1400 1733 1467 portant,
1766 1399 1825 1450 et
1866 1411 1900 1449 a

253 1485 527 1542 fluctibus
559 1484 740 1556 hujus
771 1485 974 1540 mundi
1003 1485 1354 1540 tunduntur.
1387 1508 1414 1534 «
1450 1485 1748 1540 Facientes
1770 1499 1900 1556 ope-

251 1575 536 1632 rationem
571 1574 630 1629 in
664 1574 832 1645 aquis
864 1573 1087 1646 multis.
1123 1597 1144 1627 ι
1179 1575 1241 1628 In
1273 1572 1527 1645 pOpulis.
1575 1573 1682 1628 Sed
1733 1577 1790 1628 et
1826 1572 1897 1626 ad

249 1663 544 1737 apostolos
576 1663 696 1724 haec
726 1662 1027 1718 referenda
1057 1667 1195 1718 sunt
1229 1679 1277 1728 ;‹‹
1295 1662 1410 1733 Ipsi
1442 1662 1901 1732 videruntopera

251 1753 484 1810 Domini
536 1756 594 1808 et
641 1751 934 1808 mirabilia
981 1753 1108 1823 ejus
1157 1751 1218 1806 in
1267 1752 1578 1822 profundo.
1615 1773 1642 1800 ››
1677 1752 1736 1805 ln
1767 1767 1899 1822 pro-

252 1843 438 1899 funda
467 1841 622 1897 enim
652 1841 918 1912 caligine,
952 1856 1054 1912 per
1082 1856 1285 1896 eorum
1317 1839 1784 1911 praedicationem
1818 1837 1902 1894 lu-

253 1948 388 1988 men
418 1930 678 1988 veritatis
708 1929 919 1999 illuxit,
969 1935 1027 1985 et
1075 1929 1365 2000 viderunt,
1407 1934 1680 2002 operante
1715 1928 1902 1983 Domi-

257 2038 346 2089 no,
379 2021 438 2076 in
474 2019 728 2077 tenebris
756 2018 1128 2076 densissimis
1158 2018 1375 2074 clarere
1420 2017 1619 2072 lumen
1668 2015 1900 2072 verissi-

254 2127 360 2166 maa
392 2110 718 2166 Trinitatis.

329 2222 357 2250 ι(
411 2199 584 2266 Dixit,
645 2201 702 2253 et
757 2196 918 2251 stetit
974 2195 1217 2267 spiritus
1270 2194 1548 2265 procellas.
1589 2217 1610 2244 ν
1648 2195 1904 2250 Cessavit

257 2287 560 2344 mundana
588 2284 851 2340 tentatio.
904 2283 996 2338 Sic
1028 2287 1085 2338 et
1115 2283 1173 2338 in
1207 2283 1337 2338 navi
1371 2283 1669 2338 dormiens
1701 2281 1902 2336 Domi-

258 2393 392 2444 nus,
424 2391 558 2429 cum
589 2373 870 2430 excitatus
899 2389 933 2427 a
961 2371 1268 2444 discipulis
1321 2371 1544 2439 fuisset,
1600 2371 1906 2443 imperavit

258 2467 450 2533 vento,
483 2466 541 2517 et
570 2477 730 2518 mare
761 2459 925 2516 siluit
954 2459 1160 2531 (Matth.
1196 2477 1320 2532 VIII,
1352 2461 1464 2532 26).
1497 2483 1524 2510 «
1561 2461 1628 2514 Et
1668 2459 1904 2515 exaltati

261 2555 401 2607 sunt
431 2549 645 2606 ﬂuctus
672 2550 820 2620 ejus.
857 2571 884 2598 »ι
920 2548 1204 2621 Suspensi
1255 2555 1414 2617 sunt,
1467 2565 1540 2605 ne
1585 2553 1858 2604 nocerent
1889 2564 1900 2600 :

264 2639 324 2694 id
354 2644 464 2705 est,
497 2639 678 2710 hujus
725 2637 1024 2694 diabolicae
1077 2639 1422 2694 tentationis
1482 2643 1699 2706 motus,
1749 2637 1904 2708 quod

264 2728 452 2800 iniqui
485 2731 852 2784 commovent
881 2744 1059 2799 super
1080 2728 1295 2799 justos.

301 2841 362 2868 νε(
403 2818 745 2873 Ascendunt
797 2832 985 2888 usque
1040 2818 1111 2872 ad
1161 2816 1355 2873 caelos.
1409 2839 1437 2866 »
1483 2815 1798 2872 Elevantur
1847 2815 1905 2869 in

266 2905 557 2978 superbiis
608 2904 755 2973 suis,
800 2905 872 2960 ad
922 2910 1259 2962 sanctorum
1309 2905 1608 2976 injuriam.
1643 2927 1670 2954 ‹‹
1705 2904 1772 2958 Et
1815 2904 1910 2958 de-

262 2996 550 3052 scendunt
609 3009 794 3065 usque
853 2995 925 3049 ad
981 2995 1246 3066 abyssos.
1308 3016 1329 3045 ι
1393 2993 1792 3050 Humiliantur
1847 2991 1909 3046 in

263 3085 650 3141 confessione.
701 3084 770 3138 Et
819 3087 884 3139 ut
934 3083 1228 3156 intelligas
1287 3082 1610 3155 figuraliter
1671 3081 1779 3137 hoc
1839 3081 1912 3136 de

264 3173 436 3232 malis
477 3174 816 3230 hominibus
864 3174 999 3237 dici,
1051 3174 1358 3246 sequitur:
1399 3197 1420 3222 ι
1454 3174 1664 3228 Anima
1707 3188 1911 3228 eorum

267 3265 325 3319 in
359 3263 532 3320 malis
561 3263 1118 3319 tabescet.»Fluctus
1146 3263 1302 3319 enim
1329 3268 1619 3334 aquarum
1651 3261 1909 3316 animam
1941 3252 1984 3319 C

267 3368 380 3412 non
429 3353 665 3410 habent.
701 3354 810 3409 Sed
856 3352 1103 3410 tabescit
1149 3353 1368 3418 anima,
1424 3369 1556 3407 cum
1613 3352 1915 3406 verberata

265 3441 455 3516 plagis
487 3441 842 3510 caelestibus,
877 3459 940 3499 se
970 3458 1239 3515 peccasse
1281 3447 1338 3498 et
1385 3441 1605 3498 sanctis
1635 3439 1914 3511 injuriam

268 3532 540 3588 intulisse
573 3531 892 3604 cognoscit.

349 3639 371 3668 ι
404 3619 647 3675 Turbati
703 3624 862 3688 sunt,
924 3624 981 3676 et
1038 3620 1180 3676 moti
1237 3621 1389 3676 sicut
1447 3619 1663 3676 ebrius.
1701 3643 1722 3670 υ
1759 3616 1917 3672 Nihil

277 3709 433 3764 enim
463 3709 684 3775 lastum,
739 3709 882 3764 nihil
932 3710 1159 3777 stabile,
1215 3709 1359 3765 nihil
1406 3710 1668 3765 sobrium
1717 3722 1919 3763 eorum

279 3813 490 3853 sensus
521 3797 794 3853 habebat.
829 3819 857 3846 «
888 3799 959 3852 Et
979 3798 1171 3854 omnis
1203 3798 1489 3869 sapientia
1518 3813 1722 3853 eorum
1743 3797 1919 3851 devo-

278 3890 404 3940 rata
433 3890 541 3940 est.
581 3907 607 3932 »
640 3887 684 3939 A
719 3885 1006 3957 sapientia
1043 3887 1158 3941 veri
1212 3886 1308 3941 Dei
1358 3904 1370 3940 :
1423 3887 1576 3941 sicut
1625 3886 1920 3956 quondam

275 3975 448 4029 draco
477 3973 656 4045 Moysi
686 3973 992 4046 deglutivit
1014 3975 1294 4030 dracones
1323 3973 1919 4047 rEgyptiorum(E.cod.

275 4079 374 4134 vn,
408 4063 520 4133 12).

353 4176 373 4202 ι
411 4153 477 4208 Et
506 4152 902 4210 clamaverunt
932 4154 1003 4209 ad
1047 4154 1357 4209 Dominum
1393 4169 1528 4208 cum
1568 4152 1923 4210 tribularen-

276 4249 394 4310 tur,
425 4246 481 4297 et
510 4242 581 4298 de
612 4243 1061 4299 necessitatibus
1090 4259 1292 4299 eorum
1342 4241 1612 4298 liberavit
1639 4259 1758 4298 eos.
1796 4265 1816 4292 ι
1856 4241 1926 4297 Ut

278 4331 672 4401 relinquentes
721 4331 1081 4388 luxuriosam
1131 4333 1490 4397 ebrietatem,
1542 4331 1644 4388 Dei
1692 4334 1923 4404 sapien-

278 4420 418 4476 tiam
452 4424 855 4490 sequerentur.

353 4532 380 4559 ‹‹
415 4508 629 4565 Statuit
658 4506 973 4578 procellam
997 4510 1124 4577 ejus
1155 4509 1214 4564 in
1246 4527 1518 4567 auram.»
1555 4511 1624 4566 Ut
1647 4513 1774 4580 jam
1807 4528 1922 4566 non

281 4612 416 4654 cum
461 4597 594 4668 igne
642 4601 700 4652 et
745 4595 1049 4668 grandine,
1082 4597 1184 4652 sed
1215 4614 1348 4653 cum
1380 4601 1544 4655 suavi
1576 4601 1763 4655 sancti
1795 4601 1923 4672 Spi-

282 4687 426 4742 ritus
493 4685 726 4742 flamine
783 4685 1101 4741 adveniret.
1163 4710 1189 4734 ‹‹
1249 4686 1315 4740 Et
1372 4687 1663 4744 siluerunt
1713 4691 1926 4747 ﬂuctus

281 4776 464 4847 ejus.«
500 4773 901 4831 Paenitentiam
931 4775 1254 4847 agentes,iu
1287 4775 1765 4847 tranquillitatem
1789 4795 1932 4834 con-

282 4865 432 4922 versi
463 4868 618 4920 sunt.

359 4977 381 5004 ι
415 4954 611 5010 Laztati
660 4958 797 5009 sunt
833 4955 974 5025 quia
1019 4954 1330 5010 siluerunt.
1365 4977 1393 5002 »
1428 4954 1546 5010 lllis
1577 4957 1925 5028 quiescenti-

283 5046 414 5112 bus,
447 5044 504 5099 hi
536 5043 826 5100 laetantur.
858 5067 886 5093 «
920 5044 987 5100 Et
1016 5044 1212 5102 eduxit
1241 5060 1338 5100 eos
1371 5044 1429 5099 in
1463 5050 1696 5116 portum
1721 5045 1927 5101 volun-

284 5135 422 5188 tatis
452 5150 717 5190 eorum.»
751 5133 830 5188 De
861 5133 953 5189 his
982 5133 1419 5206 quiescentibus
1451 5134 1930 5207 fluctibus,appo-

286 5228 530 5278 suerunt
585 5224 872 5295 integram
928 5223 1286 5278 voluntatem
1334 5223 1406 5278 ad
1455 5241 1589 5279 eum
1647 5225 1851 5280 deduci
1909 5242 1921 5279 :

285 5311 385 5382 qui
418 5310 693 5382 mitigans
725 5312 959 5381 fluctus,
992 5328 1166 5367 verus
1195 5316 1283 5367 est
1313 5317 1536 5383 portus.
1570 5336 1597 5362 ‹‹
1632 5314 1698 5367 Et
1722 5313 1792 5368 de
1821 5329 1927 5368 ne-

286 5399 656 5456 cessitatibus
684 5416 886 5456 eorum
915 5400 1180 5457 liberavit
1206 5417 1324 5457 eos.
1361 5424 1387 5450 ‹‹
1421 5405 1504 5456 Ne
1533 5402 1605 5457 ab
1639 5401 1729 5456 his
1773 5404 1926 5457 testi-

287 5489 400 5544 bus
431 5493 828 5560 quaterentur.

362 5599 388 5625 ‹‹
421 5577 818 5634 Confiteantur
849 5579 1095 5635 Domino
1118 5579 1530 5636 misericordiae
1562 5581 1711 5652 ejus.
1738 5604 1758 5628 ι
1787 5581 1928 5648 Qui-

287 5668 401 5724 bus
430 5666 680 5739 protegit
705 5682 892 5739 genus
922 5668 1272 5726 humanum.
1310 5690 1336 5724 ι
1366 5671 1434 5727 Et
1463 5669 1756 5726 mirabilia
1801 5671 1929 5743 ejus

1933 1884 1980 1948 B

2003 598 2237 652 fluctus.

2077 705 2106 737 α
2134 685 2404 742 Exaltent
2433 703 2568 742 eum
2599 687 2658 742 in
2689 687 2933 744 ecclesia
2961 688 3166 760 plebis.
3194 714 3221 741 »
3246 694 3308 749 In
3336 711 3650 769 congrega-

2002 775 2160 831 tione
2208 775 2492 830 ﬁdelium.
2544 800 2571 824 ‹‹
2636 781 2697 831 ln
2747 777 3022 833 cathedra
3069 781 3365 838 seniorum
3411 783 3653 842 laudent

2003 864 2186 919 illam.
2225 887 2251 912 »
2283 865 2405 920 Non
2439 864 2538 920 illa
2568 865 2843 922 cathedra
2873 867 2931 922 in
2963 885 3079 939 qua
3111 869 3324 925 Scriba:
3367 877 3423 928 et
3451 875 3650 931 Phari-

2006 953 2102 1008 saei
2136 955 2411 1009 sederunt
2433 955 2556 1025 qui,
2578 954 2834 1026 legentes
2867 957 3075 1028 legem,
3100 975 3215 1014 non
3246 958 3656 1019 intellexerunt

2005 1043 2064 1096 in
2095 1059 2161 1098 eo
2189 1043 2502 1097 Dominum
2536 1043 2894 1107 nuntiatum,
2919 1046 3019 1101 sed
3052 1046 3110 1101 in
3142 1046 3242 1103 illa
3273 1049 3330 1103 in
3365 1067 3480 1121 qua
3496 1068 3650 1118 eum,

2006 1131 2090 1187 vel
2125 1131 2438 1203 propheta},
2465 1131 2552 1186 vel
2583 1132 2946 1203 patriarchaa,
2980 1135 3269 1205 spirituali
3309 1138 3476 1194 oculo
3518 1156 3652 1195 con-

2008 1220 2379 1292 templantes,
2413 1228 2808 1292 cognoverunt
2837 1221 2893 1277 in
2928 1224 3250 1293 miraculis,
3282 1226 3370 1282 vel
3403 1228 3656 1284 oraculis

2007 1310 2362 1366 cecinerunt.

2082 1439 2110 1466 «
2150 1417 2296 1482 Quia
2353 1416 2549 1488 posuit
2596 1417 2841 1472 ﬂumina
2886 1418 2944 1473 in
2995 1419 3312 1486 desertum,
3363 1427 3419 1476 et
3469 1424 3658 1480 exitus

2008 1522 2293 1577 aquarum
2325 1505 2381 1559 in
2417 1505 2574 1561 sitim
2609 1523 2622 1560 :
2658 1511 2874 1562 terram
2907 1508 3264 1564 fructiferam
3299 1511 3358 1566 in
3407 1511 3657 1584 salsugi-
3741 1552 3756 1560 ν

2011 1611 2166 1664 nem,
2201 1613 2234 1650 a
2264 1594 2488 1650 malitia
2518 1595 2975 1650 inhabitantium
3007 1597 3064 1651 in
3097 1609 3184 1652 ea.
3212 1621 3239 1648 »
3275 1600 3476 1655 Merito
3508 1599 3659 1656 exal-

2010 1684 2246 1749 tandus,
2310 1683 2512 1738 merito
2565 1683 2895 1739 laudandus
2939 1685 3038 1755 qui
3088 1686 3146 1740 in
3201 1687 3476 1755 Ecclesia,
3532 1705 3658 1762 quae

2013 1773 2176 1844 prius
2207 1773 2396 1828 fuerat
2427 1773 2653 1828 deserta
2684 1778 2740 1828 et
2770 1773 2902 1828 odio
2934 1773 3151 1841 habita,
3187 1777 3382 1847 posuit
3424 1783 3660 1848 aposto-

2010 1861 2093 1916 los
2128 1861 2228 1932 qui
2260 1877 2388 1916 eam
2420 1866 2475 1916 et
2506 1861 2948 1917 consolarentur
2977 1862 3231 1935 alloquio
3258 1869 3313 1919 et
3339 1863 3550 1921 alluvio
3583 1867 3660 1922 fe-

2011 1950 2354 2004 cundarent.
2397 1949 2567 2004 Dedit
2615 1955 2670 2005 et
2723 1950 2779 2004 in
2827 1951 3052 2006 animas
3107 1952 3434 2010 sitientium
3483 1972 3658 2012 suum

2009 2037 2272 2103 verbum,
2305 2037 2492 2093 exitus
2525 2039 3095 2110 praedicationum,et
3126 2046 3338 2097 terram
3373 2044 3657 2115 corporis,

2013 2143 2141 2197 quae
2174 2126 2334 2197 prius
2366 2127 2566 2198 spinas
2609 2127 3020 2183 amaritudinis
3069 2129 3408 2200 protulerat,
3462 2133 3659 2188 fructi-

2014 2216 2124 2270 bus
2157 2214 2399 2286 replevit
2429 2218 2677 2272 aeternis.

2084 2327 2110 2353 ‹‹
2146 2303 2346 2359 Posuit
2373 2304 2670 2360 desertum
2705 2306 2760 2359 in
2793 2310 2997 2378 stagna
3027 2312 3662 2379 aquarum.«Pra3bens

2015 2392 2073 2446 in
2107 2392 2359 2448 Ecclesia
2390 2393 2771 2464 baptismum.
2807 2417 2835 2443 «
2872 2396 2938 2450 Et
2965 2402 3178 2452 terram
3229 2399 3354 2455 sine
3405 2415 3559 2471 aqua
3605 2400 3665 2456 in

2014 2481 2203 2536 exitus
2233 2498 2542 2552 aquarum.
2577 2504 2604 2530 ››
2636 2483 3048 2540 Praedicatores
3096 2487 3156 2540 in
3208 2489 3509 2544 nationum
3551 2488 3663 2544 ari-

2015 2570 2196 2624 ditate
2226 2569 2614 2625 constituens.

2089 2700 2114 2725 ‹‹
2152 2676 2217 2730 Et
2248 2675 2548 2731 collocavit
2577 2675 2693 2730 illic
2723 2677 3065 2732 esurientes.
3100 2701 3126 2726 ››
3163 2678 3233 2733 Ut
3274 2681 3442 2736 bonis
3492 2680 3658 2736 ccele-

2017 2765 2206 2821 stibus
2264 2766 2656 2820 reficerentur.
2697 2789 2717 2814 α
2769 2767 2837 2820 Et
2886 2767 3314 2822 constituerunt
3371 2769 3663 2827 civitatem

2018 2853 2421 2908 habitationis.
2461 2876 2487 2901 ››
2521 2854 2764 2908 Animos
2788 2871 2928 2910 suas
2951 2853 3340 2912 exhibuerunt
3361 2859 3432 2913 ab
3464 2859 3664 2914 incen-

2018 2942 2156 2996 tivis
2188 2941 2458 2996 vitiorum
2491 2947 2680 2998 tutas:
2707 2942 2764 2997 in
2797 2941 3011 3014 quibus
3036 2943 3261 3000 fructus
3292 2945 3534 3017 spiritus
3566 2946 3664 3002 ha-

2019 3031 2260 3086 bitaret.

2093 3143 2119 3169 ‹‹
2152 3121 2221 3175 Et
2252 3120 2684 3175 seminaverunt
2714 3137 2904 3194 agros,
2930 3126 2986 3177 et
3016 3122 3421 3194 plautaverunt
3441 3125 3662 3194 vineas,

2021 3215 2078 3265 et
2110 3211 2369 3265 fecerunt
2399 3211 2653 3265 fructum
2687 3209 3027 3266 nativitatis.
3057 3233 3084 3260 »
3107 3213 3191 3267 Ad
3226 3214 3518 3285 apostolos
3551 3214 3663 3272 ista

2023 3300 2374 3367 referuntur,
2423 3299 2522 3370 qui
2563 3301 2834 3370 jecerunt
2881 3317 3079 3356 semen
3125 3301 3183 3356 in
3228 3303 3402 3358 corda
3431 3306 3670 3361 creden-

2025 3386 2192 3453 tium,
2228 3388 2298 3442 de
2327 3387 2542 3459 quibus
2575 3389 2829 3443 fructum
2861 3390 3201 3446 aeternitatis
3231 3391 3539 3464 accipiant,
3565 3393 3674 3448 hoc

2025 3484 2112 3531 est
2175 3478 2586 3542 centesimum,
2661 3479 3111 3554 sexagesimum,
3191 3485 3248 3534 et
3310 3481 3674 3538 tricesimum

2028 3565 2236 3636 (Matth.
2267 3583 2391 3633 xm,
2424 3566 2501 3636 8).

2108 3692 2128 3720 (ε
2165 3673 2229 3726 Et.
2262 3673 2558 3728 benedixit
2587 3673 2694 3741 eis,
2726 3683 2778 3730 et
2809 3673 3182 3747 multiplicati
3239 3681 3377 3732 sunt
3413 3677 3608 3736 nimis.
3648 3702 3675 3729 ››

2030 3762 2177 3827 Quia
2203 3778 2326 3832 quae
2359 3766 2526 3817 erant
2555 3762 2765 3833 placita
2795 3764 2869 3830 ei,
2902 3764 3206 3819 faciebant.
3242 3765 3334 3821 Sic
3367 3771 3423 3821 et
3464 3768 3520 3822 in
3555 3785 3676 3824 ma-

2031 3868 2111 3905 nu
2162 3851 2378 3922 Joseph
2428 3852 2723 3906 benedixit
2766 3851 2964 3908 omnia
3005 3852 3160 3910 Deus
3191 3853 3342 3928 (Gen.
3376 3875 3565 3923 xxxix,
3600 3859 3678 3927 2),

2033 3939 2169 4012 quia
2197 3957 2256 3994 se
2290 3957 2323 3994 a
2353 3939 2546 4011 pravis
2588 3941 3042 4013 cogitationibus
3090 3949 3148 3997 et
3191 3931 3680 4015 concupiscentiis

2033 4029 2361 4084 custodivit.
2392 4052 2418 4078 ‹‹
2453 4029 2817 4099 Etjumenta
2865 4048 3064 4085 eorum
3115 4048 3230 4086 non
3282 4033 3613 4089 minoravit.
3646 4054 3673 4085 η

2035 4117 2464 4174 Irrationabiles
2497 4119 2649 4173 inter
2678 4135 2777 4174 eos
2808 4118 3076 4174 homines
3098 4137 3210 4174 non
3237 4125 3376 4175 sunt
3406 4122 3681 4178 minorati

2033 4209 2089 4262 in
2117 4207 2382 4274 inferius,
2413 4208 2515 4262 sed
2548 4207 2607 4261 in
2640 4207 2850 4262 melius
2883 4208 3156 4277 reparati.
3193 4209 3375 4280 Igitur
3404 4210 3679 4283 explicita

2035 4297 2331 4352 vocatione
2357 4312 2421 4350 ac
2449 4295 2846 4366 redemptione
2876 4295 3163 4367 gentium,
3195 4297 3347 4353 redit
3376 4299 3446 4354 ad
3479 4301 3680 4374 expul-

2035 4386 2260 4440 sionem
2292 4384 2654 4451 Judaeorum,
2685 4383 2882 4439 dicens
2919 4401 2930 4440 :

2108 4516 2133 4546 α
2170 4491 2340 4546 Pauci
2387 4490 2519 4544 facti
2570 4495 2727 4546 sunt.
2765 4514 2792 4539 »
2827 4491 2903 4546 Eo
2950 4493 3103 4563 quod
3156 4510 3270 4549 non
3323 4495 3574 4551 fuissent
3625 4497 3681 4551 in

2036 4581 2126 4636 his
2161 4579 2548 4652 multiplicata
2575 4597 2750 4652 opera
2782 4581 2898 4636 Dei.
2935 4605 2961 4630 «
2999 4581 3064 4636 Et
3093 4582 3280 4638 vexati
3311 4590 3452 4640 sunt
3497 4602 3532 4639 a
3580 4586 3681 4640 tri-

2039 4669 2334 4727 bulatione
2365 4669 2654 4725 malorum
2686 4674 2742 4725 et
2771 4669 2986 4726 dolore.
3022 4693 3049 4718 »
3081 4672 3228 4736 Quia
3258 4671 3552 4729 insontem
3583 4673 3687 4729 ini-

2044 4761 2144 4834 qui
2175 4764 2313 4816 sunt
2344 4759 2652 4832 persecuti.

2113 4895 2141 4919 «
2177 4869 2372 4924 Effusa
2399 4871 2488 4923 est
2511 4866 2802 4922 contentio
2833 4883 3010 4939 super
3041 4867 3333 4940 principes
3381 4885 3608 4926 eorum.
3654 4892 3683 4920 ››

2035 4959 2109 5015 Ut
2137 4958 2235 5030 qui
2275 4957 2588 5012 Dominum
2638 4959 3130 5027 contempserant,
3180 4956 3294 5027 ipsi
3345 4963 3683 5014 contemne-

2036 5048 2332 5104 rentur.Et
2361 5046 2716 5100 seduxerunt
2744 5061 2842 5100 eos
2873 5059 3020 5100 vana
3051 5045 3312 5116 ipsorum
3341 5046 3684 5118 simulacra,

2038 5137 2238 5208 utique
2271 5152 2396 5206 qua:
2429 5135 2771 5189 adorabant.
2805 5156 2832 5183 ‹‹
2866 5135 2934 5188 Et
2963 5133 3203 5188 deduxit
3249 5150 3347 5190 eos
3397 5136 3456 5190 in
3507 5135 3684 5202 invio,

2037 5230 2092 5280 et
2124 5241 2236 5279 non
2270 5224 2328 5278 in
2359 5223 2469 5276 via.
2508 5245 2534 5271 »
2558 5221 2915 5276 Seducentes
2944 5237 3042 5276 eos
3091 5238 3125 5277 a
3173 5222 3265 5276 via
3295 5223 3549 5291 Domini,
3582 5225 3684 5280 de-

2039 5315 2330 5368 duxerunt
2375 5328 2474 5367 eos
2505 5312 2562 5365 in
2596 5310 2750 5365 invio
2782 5311 3027 5365 Satanae.
3080 5311 3360 5382 Denique,
3416 5313 3686 5370 deductis

2038 5402 2169 5458 istis
2217 5402 2275 5456 in
2330 5401 2506 5470 invio,
2566 5400 2832 5455 videmus
2880 5400 3022 5470 quid
3076 5400 3274 5456 fecerit
3322 5401 3473 5458 Deus
3526 5401 3683 5474 plebi

2039 5509 2181 5547 sum.

2111 5605 2138 5631 ‹‹
2167 5581 2232 5635 Et
2278 5579 2503 5650 adjuvit
2554 5595 2866 5651 pauperem
2917 5580 2986 5634 de
3040 5579 3254 5653 inopia.
3318 5602 3345 5628 »
3396 5579 3681 5652 Populum

2039 5669 2438 5728 Christianum
2469 5668 2718 5743 dapibus
2748 5667 2981 5726 satiavit
3032 5670 3288 5727 mternis.
3321 5691 3350 5720 ‹‹
3384 5669 3451 5726 Et
3480 5672 3681 5743 posuit
