3976 6188
290 375 445 437 1219

1789 367 2201 426 APPENDlX.

3537 371 3696 436 1220

289 509 440 566 sicut
469 523 603 564 oves
634 503 907 561 familias.
932 501 1005 559 Ut
1032 500 1338 558 audientes
1365 513 1564 557 vocem
1593 498 1712 554 veri
1743 502 1932 571 pasto-
1957 499 2015 566 Α
2039 503 2230 570 genter
2256 501 2474 570 (Jerem.
2504 515 2700 569 xnvm,
2733 500 2841 572 10).
2873 499 2935 556 Si
2977 499 3320 574 psalterium
3365 519 3447 574 es,
3501 503 3557 558 si
3610 506 3700 560 ci-

287 600 390 666 ris,
424 597 536 652 fide
569 597 970 667 sequerentur.

361 710 389 737 «
420 687 717 742 Videbunt
742 683 883 740 recti
931 687 989 736 et
1033 680 1407 736 laetabuntur.
1441 701 1471 729 »
1503 679 1759 744 Quorum
1793 682 1932 732 sunt

283 775 693 850 praedicatione
724 770 1004 828 conversi.
1038 793 1066 819 α
1101 769 1167 824 Et
1196 769 1388 824 omnis
1436 767 1719 839 iniquitas
1748 765 1928 838 opila-

283 867 371 921 bit
397 882 463 922 os
489 880 683 920 suum.
720 885 745 909 n
778 859 1078 923 Diabolus,
1107 857 1192 913 vel
1223 857 1430 924 Judaei,
1464 857 1584 912 sive
1633 855 1927 922 haeretici;

283 956 384 1026 qui
437 955 494 1008 in
548 951 847 1009 Excelsum
907 947 1277 1019 iniquitatem
1334 945 1492 1018 loqui
1541 960 1930 1016 praesumpse-

284 1050 441 1102 runt.

354 1157 381 1184 ι(
415 1133 556 1199 Quis
588 1130 824 1202 sapiens
850 1132 908 1184 et
937 1126 1229 1183 custodiet
1259 1141 1345 1195 ea,
1379 1128 1437 1180 et
1475 1129 1612 1179 tunc
1643 1121 1929 1194 intelliget

284 1219 716 1276 misericordias
748 1216 1014 1292 Domini?
1051 1239 1070 1263 η
1106 1214 1164 1269 Si
1195 1213 1352 1269 enim
1393 1212 1685 1284 sapienter
1733 1210 1928 1266 consi-

281 1310 446 1366 deres
471 1314 527 1365 et
558 1305 941 1380 spiritualiter
967 1301 1519 1375 intelligas,videbis
1553 1301 1610 1355 in
1641 1299 1749 1354 hoc
1771 1297 1925 1371 psal-

283 1415 379 1454 mo
401 1403 609 1470 quater
637 1393 1068 1451 misericordias
1117 1391 1329 1464 petitas
1375 1395 1433 1446 et
1476 1389 1790 1445 clementer
1837 1388 1924 1443 in-

281 1487 674 1556 dultaszquas
704 1490 759 1540 et
789 1482 959 1538 nobis
981 1482 1195 1553 pietate
1225 1479 1450 1551 proflua
1473 1479 1748 1549 dignetur
1776 1494 1927 1549 quaa-

277 1576 420 1631 sitas
451 1573 776 1644 indulgere,
808 1572 1071 1644 pulsatas
1120 1569 1363 1640 aperire,
1399 1567 1611 1638 petitas
1661 1583 1774 1620 non
1830 1583 1926 1622 ne-

273 1681 432 1736 gare.
468 1663 584 1735 Ipsi
615 1661 801 1734 gloria
829 1675 965 1714 cum
997 1663 1209 1713 aeterno
1243 1660 1411 1711 Patre
1441 1660 1498 1712 et
1525 1656 1742 1727 Spiritu
1787 1672 1920 1711 san-

273 1759 366 1808 cto
400 1753 459 1806 in
491 1751 707 1806 sazcula
736 1747 1106 1804 smculorum.
1141 1753 1348 1800 Amen.

839 1853 1160 1909 PSALMUS
1195 1852 1357 1906 CVII.

271 1949 557 2004 Canticum
588 1946 802 2002 Psalmi
830 1946 940 2016 ipsi
967 1942 1158 2016 David.
1191 1941 1527 2016 Canticum_
1549 1955 1780 2016 semper
1828 1956 1915 1995 re-

340 2022 525 2075 fertur
554 2019 613 2073 in
647 2011 890 2073 sensum
927 2031 940 2069 :
975 2014 1241 2087 psalmus
1264 2013 1688 2087 pvero_refertur
1711 2011 1770 2066 in
1799 2028 1918 2087 cor-

344 2090 584 2164 poralia.
619 2089 692 2164 Ut
743 2093 936 2164 autem
976 2083 1350 2164 manifestius
1398 2085 1702 2164 dicamus,
1731 2083 1916 2164 canti-

341 2155 473 2218 cum
507 2163 566 2216 in
603 2165 616 2196 ¹
655 2159 938 2215 theoriam
975 2159 1263 2213 refertur:
1301 2155 1562 2226 psalmus
1611 2159 1807 2210 autem
1857 2155 1916 2208 in

342 2235 654 2306 practicen,
689 2231 796 2286 hoc
823 2235 911 2306 est
939 2230 1223 2306 iii-opera.
1274 2228 1558 2306 Quoniam
1592 2244 1727 2306 ergo
1757 2226 1816 2280 in
1847 2226 1918 2282 ti.

340 2300 462 2361 tulo
493 2300 777 2375 scriptum
811 2318 824 2356 :
856 2301 1142 2375 Canticum
1170 2300 1679 2375 Psa_lmi,_rectenet
1707 2313 1914 2375 conse-

340 2381 588 2448 quenter
613 2369 688 2448 'in
735 2372 998 2448 secundo
1044 2369 1327 2426 versiculo
1376 2369 1457 2422 ait
1509 2387 1520 2422 :
1575 2369 1811 2424 Cantabo
1867 2377 1919 2424 ει

338 2443 577 2517 psallam
606 2447 666 2497 in
695 2443 874 2513 gloria
902 2457 1042 2496 mea.

343 2573 367 2603 ι
403 2554 674 2605 Paratum
697 2564 796 2602 cor
824 2547 1496 2616 meum,Deus,paratam
1525 2563 1624 2601 cor
1655 2562 1910 2602 meum.»

264 2645 512 2695 Paratus
545 2654 677 2694 sum
711 2653 826 2692 non
859 2634 1049 2690 solum
1081 2650 1272 2707 opere,
1306 2635 1407 2690 sed
1440 2635 1619 2690 etiam
1650 2635 1821 2690 corde
1859 2638 1915 2690 et

263 2746 463 2787 sensu.
498 2752 526 2778 ‹‹
560 2731 834 2782 Paratum
865 2741 964 2780 cor
994 2740 1212 2793 meum,
1251 2747 1276 2772 ››
1309 2723 1365 2778 in
1401 2741 1578 2779 sensu
1632 2742 1644 2779 :
1682 2747 1708 2773 «
1746 2740 1914 2795 para-

262 2824 391 2875 tum
440 2834 540 2873 cor
585 2831 805 2882 meum,
841 2836 869 2864 »
901 2814 958 2868 in
991 2828 1183 2886 opere,
1231 2813 1337 2868 hoc
1389 2817 1478 2868 est
1526 2813 1584 2866 in
1639 2813 1909 2884 practice.

263 2907 548 2976 Quoniam
582 2921 697 2960 non
728 2903 920 2959 solum
953 2903 1124 2958 corde
1149 2906 1204 2957 et
1233 2902 1539 2968 sensu,sed
1575 2907 1630 2958 et
1657 2903 1714 2956 in
1741 2917 1912 2974 opere

177 3003 182 3013 '
263 3001 504 3070 paratus
537 3011 692 3051 sum.
727 2993 1034 3065 Propterea
1065 2996 1122 3045 et
1151 2991 1410 3046 secundo
1440 2990 1568 3048 dico
1603 3008 1616 3046 :
1658 3011 1679 3038 α
1711 2992 1914 3048 Canta-

258 3087 334 3141 ho
363 3090 421 3140 et
450 3084 695 3156 psallam
727 3083 786 3136 in
825 3080 1011 3154 gloria
1062 3097 1209 3135 mea.
1249 3102 1270 3130 ι
1336 3080 1596 3145 Cantabo,
1647 3080 1754 3136 hoc
1801 3086 1908 3153 est,

258 3175 319 3229 in
352 3175 521 3229 corde
552 3188 702 3236 meo,
731 3194 757 3221 «
793 3176 850 3226 et
878 3169 1146 3242 psallam.
1184 3191 1212 3217 »
1261 3169 1421 3223 Sicut
1449 3168 1791 3240 psalterium
1841 3186 1910 3225 ex

2041 589 2207 645 thara
2235 605 2318 657 es,
2352 606 2532 661 quare
2562 589 2778 646 surdus
2809 606 2889 661 es,
2911 592 2970 645 et
2999 606 3113 646 non
3142 589 3437 664 gloriﬁcas
3454 593 3701 650 Deum?

2047 699 2073 729 α
2105 682 2422 750 Exsurgam
2455 678 2732 734 diluculo.
2768 701 2796 728 »
2831 683 2980 735 Deus
3022 677 3082 734 in
3111 680 3369 738 tenebris
3420 682 3699 739 benedici

2040 772 2095 822 et
2124 767 2349 823 laudari
2381 784 2496 823 non
2521 772 2749 840 potest:
2781 769 2881 824 sed
2904 768 2963 823 in
2995 767 3121 825 luce
3146 769 3696 829 benedicitur.Rem

2038 855 2164 911 dico
2196 857 2404 911 miram
2439 857 2556 930 :‘Et
2584 857 2632 911 si
2665 862 2833 912 nocte
2863 857 3183 929 surgimus,
3219 860 3401 916 Deum
3454 861 3522 916 in
3567 861 3698 918 luce

2036 945 2779 1018 benedicimus.Nunquam
2801 945 3131 1002 Christiano
3162 965 3274 1004 nox
3301 955 3430 1006 est:
3455 967 3699 1024 semper

2036 1033 2368 1090 Christiano
2397 1033 2491 1089 Sol
2516 1034 2762 1104 justitiae
2793 1035 3006 1092 oritur.
3048 1039 3117 1092 Et
3146 1036 3267 1093 haec
3297 1039 3548 1110 quidem
3599 1058 3698 1098 se-

2037 1123 2297 1180 cundum
2327 1124 2557 1179 Iudaeos
2579 1123 3141 1196 dicimus.Casterum
3162 1129 3495 1184 secundum
3531 1127 3699 1187 altio-

2036 1227 2158 1267 rem
2192 1211 2746 1277 sensum,Dominus
2775 1215 2865 1267 est
2892 1211 2992 1283 qui
3023 1213 3183 1269 canit
3215 1230 3264 1269 :«
3288 1219 3576 1272 Paratum
3599 1234 3703 1274 cor

2036 1304 2713 1373 meum,l)eus,paratum
2741 1317 2842 1356 cor
2861 1306 3372 1360 meum.»Paratus
3393 1321 3534 1361 sum
3559 1306 3692 1362 hic:

2036 1393 2277 1461 paratus
2306 1405 2436 1446 sum
2471 1389 2530 1444 in
2561 1390 2777 1445 futuro.
2809 1389 2975 1446 Salvo
3001 1397 3058 1446 et
3087 1391 3146 1446 in
3179 1393 3389 1453 terris:
3423 1395 3592 1452 salvo
3639 1402 3700 1452 et

2034 1478 2094 1533 in
2135 1477 2317 1545 caelis,
2372 1478 2479 1534 hoc
2527 1483 2634 1546 est,
2683 1484 2740 1534 et
2784 1479 3024 1550 angelos
3075 1480 3233 1536 salvo
3285 1488 3342 1537 et
3391 1482 3694 1541 homines.

2034 1592 2061 1618 ‹‹
2098 1569 2374 1640 Exsurge,
2407 1568 2746 1640 psalterium
2779 1573 2838 1624 et
2870 1569 3112 1625 cithara.
3165 1593 3192 1620 n
3244 1571 3542 1643 Loquitur
3582 1579 3698 1630 Do-

2033 1657 2230 1712 minus
2261 1675 2366 1713 suo
2399 1658 2623 1730 corpori
2655 1674 2668 1712 :
2703 1681 2731 1707 «
2763 1657 3115 1716 Psalterium
3142 1664 3201 1716 et
3239 1660 3494 1733 cithara,
3529 1687 3559 1713 »
3594 1665 3695 1736 qui

2030 1745 2380 1802 descendisti
2415 1747 2470 1802 in
2504 1746 2800 1802 infernum
2823 1752 2880 1801 et
2895 1747 3414 1829 jacuisti,exs_urge
3434 1756 3498 1807 et
3514 1751 3697 1808 lauda

1954 1871 1997 1935 Β
2030 1835 2364 1890 Dominum.
2399 1836 2467 1890 Et
2494 1835 2659 1891 vides
2690 1835 2831 1907 quid
2862 1835 3004 1891 dicit
3034 1855 3047 1892 :
3081 1837 3206 1894 Non
3258 1837 3388 1913 ipse
3419 1841 3528 1913 qui
3561 1858 3692 1898 mo-

2025 1927 2118 1979 vet
2146 1924 2430 1979 citharam
2461 1930 2517 1979 et
2548 1924 2888 1996 psalterium
2923 1923 3161 1994 laudat;
3195 1927 3297 1983 sed
3328 1927 3468 2002 ipsa
3495 1930 3688 1986 citha-

2025 2030 2090 2068 ra
2145 2017 2204 2068 et
2261 2008 2626 2084 psalterium,
2683 2013 2813 2085 ipsa
2865 2014 3218 2070 benedicunt
3274 2020 3543 2074 Patrem.
3592 2019 3693 2076 Ille

2025 2103 2182 2158 enim
2217 2102 2371 2158 Deus
2401 2107 2510 2170 est,
2543 2107 2600 2158 et
2628 2103 2700 2157 ab
2734 2102 2865 2158 aliis
2895 2102 3260 2160 benedicitur
3287 2111 3346 2161 et
3379 2106 3685 2165 laudatur.

2025 2194 2248 2264 Corpus
2280 2196 2475 2248 autem
2535 2193 2663 2263 ejus
2721 2197 2777 2247 et
2806 2191 2980 2248 homo
3020 2209 3194 2264 quem
3243 2197 3518 2268 suscepit
3561 2198 3686 2271 ipse

2027 2281 2228 2337 laudat
2263 2281 2594 2336 Dominum.
2629 2279 2701 2335 Ut
2729 2285 2925 2337 autem
2975 2282 3174 2338 sciatis
3221 2285 3512 2354 quoniam
3553 2287 3685 2344 Pro-

2025 2370 2200 2442 pheta
2229 2387 2297 2424 ex
2326 2385 2572 2441 persona
2601 2369 2830 2424 Domini
2863 2369 3143 2442 loquitur,
3177 2378 3234 2428 et
3276 2391 3395 2429 non
3439 2392 3514 2431 ex
3566 2393 3685 2433 me-

2025 2459 2272 2532 metipso
2307 2459 2415 2515 hoc
2445 2459 2671 2531 loquor,
2701 2459 2889 2514 videte
2919 2459 3058 2531 quid
3091 2462 3377 2533 sequitur.

2099 2570 2126 2599 «
2157 2549 2486 2604 Conﬁtebor
2515 2548 2620 2604 tibi
2664 2548 2721 2602 in
2771 2547 3026 2621 populis,
3057 2549 3318 2607 Domine.
3361 2575 3390 2599 ιι
3421 2553 3686 2628 Populos

2023 2643 2218 2692 autem
2249 2637 2508 2709 intelligo
2535 2637 2792 2692 Judaaos.
2817 2661 2846 2687 ‹‹
2879 2641 2946 2692 Et
2976 2637 3224 2710 psallam
3257 2641 3364 2696 tibi
3399 2643 3457 2698 in
3495 2646 3687 2702 natio-

2022 2727 2218 2782 nibus.
2257 2749 2277 2775 ι
2315 2731 2391 2781 De
2425 2726 2595 2781 nobis
2626 2726 2786 2781 dicit.
2836 2727 3066 2783 Iudaeos
3115 2728 3270 2784 enim
3317 2729 3450 2788 illos
3507 2735 3676 2802 dicit,

2022 2815 2121 2887 qui
2145 2814 2318 2886 primi
2343 2831 2410 2870 ex
2429 2814 2648 2869 Judaeis
2671 2815 3139 2871 crediderunt.Et
3157 2816 3345 2874 videte
3365 2821 3626 2877 ordinem
3652 2840 3670 2877 :

2021 2904 2278 2976 primum
2310 2902 2512 2959 laudat
2541 2903 2724 2958 Deum
2754 2904 2812 2958 in
2846 2903 3078 2976 populis
3122 2910 3180 2960 et
3222 2912 3418 2978 postea
3455 2907 3670 2966 laudat

2018 2993 2331 3048 Dominum
2362 2993 2421 3048 in
2454 2991 2812 3048 nationibus.
2845 2993 3106 3049 Primum
3135 2995 3294 3050 enim
3333 3012 3402 3051 ex
3445 2997 3675 3056 Judaeis

2019 3081 2409 3148 crediderunt,
2443 3085 2500 3137 et
2530 3085 2730 3152 postea
2759 3081 3134 3138 crediderunt
3161 3099 3228 3138 ex
3259 3085 3562 3156 gentibus.

2092 3193 2120 3220 «
2151 3170 2298 3234 Quia
2331 3186 2546 3242 magna
2595 3175 2684 3224 est
2731 3169 3132 3226 misericordia
3179 3178 3280 3228 tua
3330 3190 3514 3246 super
3565 3193 3680 3232 cce-

261 3262 464 3318 multis
507 3261 741 3317 chordis
789 3241 1178 3330 compositum
1211 3263 1321 3325 est,
1354 3261 1411 3312 et
1441 3258 1489 3312 si
1523 3275 1640 3314 una
1691 3258 1909 3315 chorda
1938 3241 1980 3307 C
2021 3260 2129 3315 los.
2165 3281 2193 3310 »
2226 3258 2352 3313 Non
2383 3241 2471 3313 est
2496 3263 2764 3313 creatura
2807 3275 2936 3329 qua:
2985 3276 3100 3315 non
3151 3241 3679 3334 indigeat-miseri-

259 3351 435 3407 fuerit
492 3355 686 3423 rupta,
737 3348 1159 3404 exterminatur
1204 3346 1566 3418 psalterium,
1609 3347 1691 3401 ita
1737 3353 1795 3403 et
1851 3347 1911 3403 in

261 3441 491 3496 actibus
522 3440 759 3508 nostris,
806 3437 854 3493 si
906 3453 1090 3492 unum
1136 3437 1482 3491 mandatum
1516 3437 1912 3508 praetergressi

253 3531 568 3585 fuerimus.
599 3527 941 3599 psalterium
975 3529 1239 3581 nostrum
1262 3525 1716 3596 rumpitur.ldeo
1738 3525 1907 3580 dixit:

262 3640 292 3666 ‹‹
323 3617 578 3672 Cantabo
608 3621 662 3670 et
695 3614 940 3686 psallam
973 3615 1032 3668 in
1063 3613 1250 3686 gloria
1281 3629 1428 3669 mea.
1465 3635 1492 3662 ››
1529 3614 1589 3668 In
1632 3612 1763 3669 aliis
1810 3631 1912 3669 co-

259 3704 488 3759 dicibus
519 3703 750 3774 legitur,
791 3722 812 3749 α
845 3702 905 3756 in
944 3701 1130 3773 gloria
1177 3707 1297 3757 tua.
1353 3725 1380 3751 »
1430 3702 1539 3758 Sed
1577 3701 1790 3757 melius
1821 3707 1910 3759 est

259 3791 587 3848 secundum
640 3789 986 3844 Hebraicum
1034 3788 1245 3859 legere,
1278 3813 1306 3839 «
1344 3790 1402 3844 in
1433 3789 1622 3862 gloria
1668 3807 1816 3846 mea.
1882 3814 1910 3842 »

257 3882 420 3948 Quod
453 3879 616 3951 dicit,
650 3878 760 3934 hoc
789 3882 914 3934 est:
950 3900 977 3927 ‹‹
1006 3878 1260 3932 Cantabo
1291 3883 1350 3934 et
1382 3878 1623 3949 psallam
1675 3881 1734 3934 in
1786 3880 1912 3952 glo-

258 3972 344 4028 ria
403 3987 550 4026 mea.
588 3992 617 4018 »
650 3968 787 4034 Hoc,
820 3966 1081 4031 Domine,
1131 3967 1283 4037 quod
1332 3966 1437 4022 tibi
1496 3967 1705 4038 psallo,
1757 3970 1909 4040 quod

255 4061 360 4116 tibi
404 4065 598 4126 canto,
650 4075 764 4114 non
815 4057 923 4112 tibi
972 4055 1219 4129 gratiam
1273 4056 1444 4122 facio,
1496 4057 1594 4111 sed
1647 4058 1812 4115 mihi.
1846 4061 1908 4115 In

258 4149 369 4205 alio
416 4149 572 4204 enim
625 4146 852 4220 psalmo
893 4145 1036 4201 dicit
1087 4164 1099 4200 :
1154 4146 1426 4213 Quoniam
1469 4146 1734 4201 bonorum
1761 4165 1908 4204 meo-

255 4255 381 4293 rum
411 4253 522 4291 non
557 4253 706 4310 eges.
764 4260 784 4286 ι»
839 4236 1010 4305 (Psal.
1061 4252 1155 4300 xv,
1209 4237 1296 4304 2.)
1343 4235 1504 4298 Quod
1554 4252 1691 4308 ergo
1736 4237 1906 4306 facio,

255 4343 358 4399 pro
393 4343 484 4381 me
516 4327 684 4380 facio.
737 4327 899 4391 Quod
957 4342 1094 4398 ergo
1143 4324 1327 4380 servio
1374 4325 1502 4392 tibi,
1553 4325 1736 4398 gloria
1780 4343 1907 4382 mea

253 4419 360 4470 est.
391 4415 744 4486 Jejunamus
776 4431 788 4468 :
828 4414 1117 4485 numquid
1167 4413 1386 4484 aliquid
1420 4413 1535 4469 Deo
1568 4415 1908 4470 donamus?

255 4503 361 4560 Pro
420 4502 673 4577 peccatis
745 4501 958 4558 nostris
1011 4503 1118 4558 hoc
1175 4501 1447 4573 facimus,
1501 4503 1776 4559 Jacemus
1845 4504 1904 4560 in

2019 3347 2219 3403 cordia
2261 3347 2378 3402 Dei.
2412 3345 2676 3402 Universi
2718 3346 3118 3404 misericordia
3162 3347 3266 3406 Dei
3311 3350 3678 3426 indigemus.

2020 3436 2273 3503 Gabriel,
2309 3435 2577 3506 Michael,
2613 3435 2943 3508 Seraphim,
2964 3436 3303 3506 Cheruhim,
3327 3438 3677 3512 Potestates,

2021 3524 2481 3592 Dominationes,
2514 3529 2653 3580 sunt
2683 3525 2923 3596 quidem
2981 3514 3213 3594 sanctaa,
3263 3529 3367 3584 sed
3412 3531 3680 3604 indigent

2023 3614 2423 3670 misericordia
2466 3615 2744 3670 creatoris
2793 3614 2905 3670 sui.
2939 3615 3064 3672 Non
3118 3616 3363 3674 detraho
3425 3621 3676 3694 angelis,

2021 3704 2120 3759 sed
2145 3707 2463 3759 creatorem
2487 3703 3054 3775 praedico,siquidem
3079 3705 3190 3776 ipsi
3208 3707 3404 3780 angeli
3433 3709 3681 3767 libenter

2024 3792 2272 3848 audiunt
2290 3792 2591 3864 praedicari
2613 3809 2814 3848 eorum
2837 3795 3253 3850 creatorem.Et
3279 3796 3456 3853 aliter
3477 3815 3677 3871 possu-

2025 3898 2158 3937 mus
2180 3879 2677 3944 dicere.Quoniam
2698 3881 3096 3938 misericordia
3114 3888 3216 3940 tua
3234 3884 3309 3940 de
3339 3891 3501 3943 terra
3531 3887 3679 3944 levat

2021 3971 2092 4026 ad
2124 3970 2431 4026 cmlos.«Et
2451 3987 2639 4043 usque
2667 3970 2739 4026 ad
2771 3971 2957 4027 nubes
2987 3972 3200 4028 veritas
3231 3975 3511 4032 tua.»Ubi
3535 3982 3679 4033 sunt

2017 4059 2224 4131 Judaei,
2259 4059 2358 4115 ubi
2388 4064 2529 4116 sunt
2555 4059 2779 4116 similes
2807 4060 3142 4118 Judazorum
3190 4064 3291 4135 qui
3343 4067 3669 4122 secundum

2019 4149 2273 4204 litteram
2303 4153 2531 4204 tantum
2578 4153 2718 4204 sunt
2765 4148 3198 4222 intelligentes?
3227 4153 3520 4216 Quomodo
3563 4171 3664 4210 us-

2019 4253 2132 4310 que
2179 4239 2250 4292 ad
2280 4239 2468 4292 nubes
2518 4242 2608 4294 est
2647 4239 2861 4294 veritas
2911 4239 3056 4294 Dei?
3103 4240 3288 4297 Filius
3332 4242 3421 4296 Dei
3466 4241 3662 4300 dicit:

2018 4327 2125 4395 Ego
2152 4342 2275 4380 sum
2302 4327 2414 4392 via,
2445 4328 2654 4382 veritas
2699 4335 2750 4383 et
2795 4329 2904 4382 vita
2952 4328 3137 4398 (Joan.
3187 4346 3292 4396 xu,
3339 4331 3415 4401 6),
3464 4335 3521 4386 et
3567 4331 3668 4387 de-

2016 4414 2244 4470 scendit
2273 4413 2332 4468 in
2353 4414 2620 4481 terris,et
2648 4432 2779 4471 cum
2810 4416 3150 4473 hominibus
3171 4424 3556 4476 conversatus
3585 4426 3674 4476 est

2015 4503 2276 4570 (Baruch.
2311 4521 2397 4571 ιιι,
2418 4503 2603 4583 38).Et
2634 4505 2999 4576 quomodo,'«
3025 4521 3212 4577 usque
3242 4508 3314 4562 ad
3348 4511 3545 4566 nubes
3575 4527 3673 4566 ve-

251 4609 418 4649 sacco
451 4611 464 4649 :
501 4592 640 4664 quid
672 4608 740 4647 ex
772 4591 881 4646 hoc
914 4596 1261 4662 praestamus
1290 4591 1575 4646 Domino?
1608 4596 1727 4648 Hoc
1773 4597 1902 4649 tan-
1935 4599 1981 4663 D
2012 4592 2157 4648 ritas
2188 4596 2329 4648 tua?
2358 4593 2736 4649 nManifestus
2761 4598 2850 4650 cst
2871 4596 3264 4668 sensus,quod
3289 4597 3360 4652 de
3381 4599 3670 4671 apostolis

248 4687 373 4738 tum
404 4682 487 4738 illi
517 4687 888 4754 praestamus,
945 4684 1008 4736 ut
1055 4680 1348 4736 salvemus
1381 4680 1612 4736 animas
1644 4686 1895 4738 nostras.

252 4771 380 4842 Ipse
411 4771 567 4827 enim
600 4771 708 4826 hoc
748 4769 1059 4824 desiderat.
1114 4768 1511 4824 Sicut'bonus
1560 4773 1617 4824 et
1669 4770 1896 4826 miseri-

251 4875 381 4915 cors
413 4860 694 4924 medicus,
729 4859 778 4914 si
810 4857 1065 4929 aliquem
1099 4857 1630 4928 sanaverit,gaudet
1659 4858 1898 4930 quidem

250 4952 305 5002 et
336 4949 460 5019 ipse
489 4954 546 5006 et
574 4947 672 5004 ille
697 4947 798 5020 qui
829 4951 1073 5003 sanatus
1102 4951 1192 5002 est
1226 4962 1239 5002 :
1273 4945 1356 5001 ita
1376 4950 1432 5001 et
1460 4945 1744 5003 Dominus
1772 4964 1901 5004 nos-

253 5039 358 5090 ter.

321 5147 350 5173 «
392 5125 669 5198 Exsurge,
703 5125 1045 5199 psalterium
1076 5129 1132 5180 et
1163 5123 1501 5180 cithara.»0
1532 5125 1898 5196 psalterium,

249 5231 282 5269 o
333 5212 576 5284 cithara,
634 5216 786 5271 facta
837 5231 900 5271 es
951 5219 1008 5270 et
1038 5218 1233 5270 creata
1261 5229 1344 5280 es,
1380 5219 1443 5269 ut
1471 5213 1688 5287 psallas
1727 5219 1836 5272 Deo
1878 5232 1891 5270 :

247 5317 494 5373 exsurge
540 5307 597 5358 et
639 5302 841 5374 psalle,
887 5319 1066 5374 quare
1106 5302 1305 5373 jaces?
1354 5302 1398 5357 Ο
1444 5300 1895 5376 mona'che,"qui

246 5395 368 5448 stas
398 5407 654 5462 corpore,
685 5409 865 5463 quare
885 5393 1042 5464 jacet
1072 5391 1270 5447 anima
1298 5396 1421 5459 tua,
1453 5397 1510 5448 et
1541 5409 1655 5448 non
1689 5392 1894 5464 psallis

246 5480 495 5539 Domino
515 5478 544 5536 ?
572 5479 885 5536 Maledictus
913 5481 1074 5537 homo
1102 5482 1199 5551 qui
1225 5482 1364 5552 facit
1391 5496 1524 5552 opus
1563 5482 1658 5537 Dei
1706 5482 1890 5554 negti-

1999 5485 2160 5538 tatur
2189 5483 2303 5539 nisi
2330 5499 2506 5555 super
2534 5483 2709 5540 cmlos
2761 5503 2774 5542 :

2010 4680 2272 4753 loquitur
2300 4685 2356 4738 et
2386 4681 2457 4736 de
2485 4682 2727 4750 sanctis,
2753 4688 2819 4738 ut
2839 4682 3090 4739 imbrem
3119 4701 3293 4740 suum
3317 4703 3436 4742 non
3459 4687 3674 4760 pluant

2009 4785 2188 4841 super
2241 4771 2500 4837 Judaeos,
2532 4771 2636 4826 sed
2684 4787 2862 4843 super
2917 4777 3139 4845 gentes,
3172 4773 3324 4829 sicut
3371 4776 3670 4849 scriptum

2007 4864 2143 4915 est:
2185 4858 2456 4916 Mandabo
2500 4860 2737 4915 nubibus
2777 4863 2916 4916 meis
2964 4877 3034 4916 ne
3073 4863 3233 4934 pluet
3279 4879 3451 4935 super
3495 4866 3673 4922 [mel

2008 4948 2240 5004 imbrem
2271 4949 2396 5021 (Isa.
2430 4949 2567 5020 v,8).
2603 4949 2665 5004 In
2699 4948 2827 5005 istis
2857 4965 2994 5022 ergo
3025 4951 3284 5007 nubibus
3312 4953 3535 5010 veritas
3573 4956 3669 5011 Dei

2007 5041 2114 5093 est.
2164 5038 2224 5092 Si
2285 5041 2480 5092 autem
2529 5038 2590 5093 in
2637 5037 2769 5094 istis
2824 5039 3083 5096 nubibus
3141 5041 3351 5096 veritas
3395 5041 3499 5098 Dei
3553 5049 3665 5112 est,

2007 5126 2300 5198 quomodo
2366 5126 2680 5183 Montanus
2733 5127 2896 5192 dicit.
2940 5129 3314 5202 Cataphrygaa
3371 5131 3587 5188 dicunt
3645 5151 3658 5187 :

2006 5215 2170 5279 Quod
2201 5231 2314 5271 non
2349 5221 2438 5273 est
2465 5215 2784 5272 revelatum
2817 5217 3303 5290 apostolis,nobis
3335 5219 3653 5277 revelatum

2005 5307 2095 5359 est
2108 5304 2136 5359 ‘I

2077 5416 2104 5444 «
2137 5393 2399 5462 Exaltare
2447 5410 2624 5466 super
2669 5393 2865 5463 ccslos,
2895 5399 3067 5452 Deus.
3104 5419 3132 5446 ››
3165 5397 3320 5454 Deus
3349 5415 3467 5454 non
3500 5401 3656 5458 exal-

2826 5500 2940 5540 non
2987 5485 3275 5542 exaltatur
3323 5503 3505 5560 super
3535 5493 3652 5547 ter-

317 5662 335 5701 ¹
365 5659 512 5722 Vide
540 5678 670 5738 quae
707 5661 818 5721 sub
862 5659 1096 5719 initium
1140 5659 1321 5736 Epist.
1354 5660 1414 5720 in
1445 5664 1648 5721 nostra
1675 5661 2010 5723 recensione
2039 5662 2128 5735 30,
2159 5663 2232 5722 ad
2264 5663 2529 5734 Paulam,
2559 5661 3023 5727 observavimus.
