3976 6188
243 343 392 404 1221

1421 339 1913 399 BllEVIAHlUM
1965 339 2038 395 IN
2087 339 2470 399 PSAI.M(lS.

3495 348 3518 404 1
3534 348 3648 408 222

240 492 391 534 ram.
426 473 669 538 Quando
698 473 913 529 terreni
944 488 1176 542 sumus,
1199 488 1315 528 non
1337 471 1663 528 exaltemus
1686 475 1889 527 Deum.
1921 471 1976 538 Α
2006 469 2435 540 Ephraim,esto
2452 471 2962 530 fructifer.Habeto
2993 491 3167 548 opera
3191 477 3428 547 bona,et
3448 485 3650 550 postea

244 565 302 620 Si
334 570 532 622 autem
565 563 635 618 de
665 563 912 618 terrenis
935 561 1067 617 facti
1119 561 1404 617 fuerimus
1443 561 1724 628 caelestes,
1755 565 1894 615 tunc

244 653 573 711 exaltemus
603 651 809 722 Deum,
833 656 890 707 et
915 650 1200 706 Dominus
1248 655 1447 707 noster
1493 651 1726 722 quando
1775 653 1900 705 erat

245 742 518 810 interra,
560 757 675 795 non
708 755 774 795 os
825 738 1114 795 exaltavit.
1176 739 1343 794 Dicat
1393 738 1636 810 aliquis:
1692 739 1895 793 Teme-

249 830 404 886 rarie
431 828 710 900 loqueris.
742 829 1043 900 Siquidem
1100 831 1224 901 ipse
1255 827 1396 882 dicit
1435 828 1492 882 in
1545 825 1894 899 Evangelio:

250 918 482 989 Quando
539 918 818 973 exaltalus
873 920 1048 988 fuero,
1128 919 1316 972 omnia
1382 917 1602 972 traham
1661 915 1732 971 ad
1814 931 1900 970 me

251 1009 428 1081 (Joan.
460 1024 562 1062 xu.
595 1007 703 1078 32).
740 1006 883 1062 Vide
916 1007 1056 1078 quid
1090 1007 1283 1062 dicat:
1319 1006 1558 1070 Quando
1616 1003 1902 1060 exaltatus

250 1099 415 1154 fuero
445 1097 504 1151 in
529 1096 693 1170 caelo,
727 1101 867 1151 tunc
907 1096 1105 1151 omnia
1153 1095 1384 1151 traham
1443 1095 1512 1149 ad
1568 1110 1681 1150 me.
1735 1092 1902 1147 Prius

249 1185 488 1258 quidem
520 1189 609 1240 est
636 1185 746 1240 iste
801 1200 1036 1252 sensus,
1093 1185 1193 1240 sed
1253 1200 1358 1256 ego
1417 1183 1572 1238 aliud
1613 1181 1898 1253 intelligo.

249 1275 494 1340 Quando
524 1273 812 1330 exaltatus
849 1274 1031 1340 fuero,
1065 1274 1301 1344 quando
1345 1272 1658 1328 crucifixus
1717 1272 1900 1341 fuero,

250 1371 392 1420 tunc
422 1361 867 1420 omnestraham
901 1363 973 1418 ad
1007 1379 1118 1417 me.
1152 1386 1172 1411 ει
1218 1361 1291 1417 Ut
1340 1361 1659 1417 liberentur
1708 1359 1899 1415 dilecti

253 1455 360 1510 tui.
401 1479 420 1503 ι
456 1454 500 1510 Ο
531 1453 682 1508 mira
715 1451 1135 1524 intelligentia!
1170 1454 1485 1523 Propterea
1533 1449 1906 1520 cruciﬁgetur

256 1543 558 1609 Dominus,
592 1546 648 1597 et
674 1541 983 1610 exaltatur,
1019 1545 1082 1595 ut
1138 1533 1458 1596 lib'erentur
1507 1539 1699 1594 dilecti
1750 1538 1900 1607 ejus,

258 1655 285 1683 «
319 1632 391 1689 Ut
419 1631 762 1696 liberentur,
794 1629 1004 1701 inquit,
1038 1627 1234 1684 dilecti
1275 1629 1380 1696 tui,
1431 1626 1681 1683 exaltare
1730 1641 1907 1696 super

256 1721 454 1789 caelos,
486 1720 717 1776 Deus.»
779 1719 1020 1774 Factum
1077 1723 1166 1773 est
1213 1718 1367 1790 quod
1419 1716 1749 1788 petivimus.
1806 1715 1904 1769 Ille

257 1810 547 1868 exaltatus
577 1813 687 1880 est,
720 1812 777 1864 et
804 1825 912 1864 nos
933 1806 1162 1863 liberati
1199 1824 1472 1863 sumus.«
1510 1805 1904 1862 Deuslocutus

259 1905 346 1957 est
378 1901 436 1954 in
468 1903 671 1955 sancto
703 1915 831 1954 suo.
861 1921 888 1948 »
921 1896 1047 1952 Sive
1091 1897 1148 1952 in
1209 1896 1451 1967 templo,
1485 1895 1602 1951 sive
1651 1895 1710 1949 in
1758 1910 1908 1949 uno-

259 2003 490 2062 quoque
521 1990 881 2054 sanctorum,
916 1987 1036 2041 sive
1068 1985 1128 2040 in
1185 1985 1493 2056 Propheta.
1552 1983 1802 2038 Auditur
1847 1981 1906 2036 in

259 2076 475 2149 Moyse,
507 2075 744 2130 auditur
770 2073 830 2128 in
862 2071 1152 2144 apostolo:
1186 2075 1242 2126 et
1269 2071 1466 2127 verius
1509 2069 1666 2124 dico:
1727 2068 1909 2122 Locu-

259 2170 356 2221 tus
385 2169 475 2220 est
503 2163 562 2218 in
596 2162 739 2218 Filio
768 2177 896 2216 suo.
931 2161 1079 2226 Quid
1110 2175 1245 2232 ergo
1279 2159 1514 2214 locutus
1571 2161 1661 2212 est
1713 2155 1912 2211 Deus?

261 2254 393 2310 Hinc
423 2268 548 2324 quae
580 2253 928 2322 sequuntur.

333 2363 361 2390 «
395 2338 706 2395 Exaltabor
733 2342 790 2393 et
845 2336 1101 2392 dividam
1161 2336 1459 2391 Sicimam.
1496 2357 1524 2383 ››
1587 2335 1909 2406 Propterea,

263 2428 476 2500 inquit,
527 2426 854 2498 cruciﬁgor,
909 2429 974 2480 ut
1031 2424 1290 2480 dividam
1343 2423 1644 2479 Sicimam.
1695 2423 1916 2477 Sicima

264 2519 682 2589 interpretatur
737 2514 796 2569 in
845 2518 1045 2570 nostra
1101 2513 1325 2585 lingua,
1389 2511 1625 2568 humeri.
1680 2511 1914 2566 Humeri

267 2611 464 2662 autem
494 2605 954 2676 interpretantur
982 2619 1169 2675 opera.
1204 2603 1423 2657 Sensus
1475 2617 1610 2673 ergo
1644 2600 1754 2656 iste
1797 2604 1913 2656 est:

268 2695 577 2766 Propterea
605 2693 932 2764 cruciﬁgor,
967 2697 1029 2747 ut
1078 2707 1252 2763 opera
1300 2707 1430 2746 mea
1475 2690 1728 2745 dividam
1789 2695 1918 2746 san-

268 2783 376 2840 ctis
409 2782 574 2838 meis.
625 2783 935 2853 Propterea
964 2780 1294 2852 cruciﬁgor,
1347 2785 1413 2834 ut
1455 2780 1668 2851 jugum
1719 2793 1917 2834 meum

274 2887 474 2939 suave,
507 2874 564 2927 et
593 2887 742 2926 onus
775 2886 972 2925 meum
1001 2868 1124 2925 leve
1155 2869 1454 2941 imponam
1513 2884 1691 2940 super
1739 2866 1922 2922 cervi-

272 2977 366 3017 ces
397 2959 726 3015 hominum.
758 2958 986 3026 Fecisti,
1023 2957 1281 3027 Domine,
1315 2957 1467 3028 quod
1512 2956 1806 3027 pollicitus
1835 2971 1917 3010 es.

275 3045 574 3102 Exaltatus
605 3062 668 3101 es
697 3048 754 3101 et
791 3045 1044 3100 divisisti
1082 3043 1377 3100 Sicimam.
1411 3066 1437 3093 ‹‹
1473 3043 1540 3098 Et
1597 3041 1920 3098 convallem

279 3133 788 3191 tabernaculorum
816 3133 1107 3188 dimetiar.
1142 3155 1171 3182 ››
1202 3133 1344 3187 Vere
1376 3131 1655 3187 Dominus
1687 3137 1743 3187 et
1796 3131 1920 3186 Sal-

2005 559 2122 614 eris
2151 575 2363 616 corona
2392 561 2642 617 Domini.

2083 669 2112 698 ‹‹
2141 649 2294 704 Juda
2325 666 2423 705 rex
2454 667 2638 707 meus.
2677 674 2697 700 ι
2733 651 2935 708 Videte
2963 651 3022 707 in
3057 659 3273 725 quanta
3319 656 3504 729 gloria
3559 663 3650 714 est

2009 736 2109 808 qui
2141 737 2261 809 agit
2286 739 2711 810 paenitentiam.
2743 741 2928 796 Judas
2959 741 3114 797 enim
3162 747 3423 815 confessio
3472 747 3650 803 inter-

2010 831 2289 897 pretatur.
2317 850 2346 878 ››
2379 829 2546 884 Moab
2581 830 2738 885 lebes
2768 830 2890 900 spei
2932 847 3092 886 mete.
3122 854 3147 879 ››
3183 831 3410 890 Grande
3442 841 3651 908 myste-

2014 915 2166 970 rium
2203 915 2261 970 in
2293 918 2495 988 paucis
2527 919 2716 992 verbis
2747 919 3105 991 agnoscitur.
3151 921 3306 993 Rogo
3363 939 3487 988 vos,
3521 923 3652 980 dili-

2009 1008 2212 1066 genter
2241 1004 2704 1061 animadvertite.
2728 1007 3030 1078 Siquidem
3057 1013 3115 1064 et
3135 1009 3280 1065 mihi
3301 1010 3402 1080 qui
3425 1010 3654 1083 loquor,

2011 1096 2066 1146 et
2092 1091 2256 1147 vobis
2288 1093 2385 1164 qui
2413 1093 2652 1157 auditis,
2713 1095 2966 1163 prodest.
3025 1095 3192 1150 Moab
3241 1097 3657 1169 interpretatur

2013 1195 2076 1235 ex
2101 1189 2278 1252 parre.
2309 1182 2417 1248 Ab,
2451 1182 2666 1237 dicitur
2699 1186 2882 1253 pater:
2934 1186 3042 1251 Mo,
3076 1201 3163 1239 ex.
3223 1184 3363 1248 Quis
3411 1191 3502 1241 est
3549 1186 3658 1242 iste

2012 1286 2078 1324 ex
2109 1274 2272 1341 patre
2297 1273 2319 1325 Ρ
2347 1270 2452 1333 Qui
2480 1271 2735 1342 perdidit
2764 1275 2985 1343 patrem
3020 1289 3223 1341 suum,
3273 1273 3370 1345 qui
3423 1273 3661 1346 reliquit

2012 1375 2187 1413 suum
2213 1363 2436 1430 patrem
2467 1376 2478 1412 :
2511 1359 2608 1430 qui
2643 1375 2758 1414 non
2801 1360 3076 1416 remeavit
3132 1362 3203 1416 ad
3253 1367 3476 1434 patrem
3525 1381 3659 1435 pro-

2013 1447 2230 1518 prium,
2251 1464 2355 1503 nec
2375 1453 2463 1503 est
2483 1448 2696 1519 dignus
2717 1447 2907 1504 vocari
2928 1453 3244 1505 Manasses.
3294 1452 3402 1516 Qui
3433 1457 3521 1506 est
3550 1453 3660 1507 iste

2014 1535 2183 1591 Moab
2205 1537 2232 1589 ‘2
2261 1536 2542 1592 Inimicus
2575 1535 2806 1590 Domini
2839 1536 2907 1590 de
2929 1538 3099 1606 cujus
3130 1553 3338 1608 genere
3373 1555 3558 1610 usque
3587 1541 3658 1596 ad

2014 1629 2286 1695 quartam
2344 1624 2778 1696 generationem
2811 1629 2868 1686 et
2912 1625 3200 1681 decimam
3251 1632 3308 1682 et
3359 1644 3548 1700 usque
3595 1629 3656 1683 in

2015 1713 2294 1768 saeculum
2328 1731 2443 1768 non
2466 1713 2711 1769 intrabit
2727 1714 2785 1767 in
2804 1713 3122 1769 Ecclesiam
3144 1714 3396 1771 Domini.
3421 1717 3560 1782 Quis
3575 1723 3663 1773 est

2014 1803 2124 1858 iste
2158 1803 2325 1858 Moab
2347 1803 2374 1857 ?
2403 1803 2509 1866 Qui
2541 1819 2608 1858 ex
2638 1803 2944 1858 immunda
2967 1803 3376 1861 commistione
3404 1807 3667 1862 nascitur

2017 1891 2076 1945 in
2099 1890 2382 1962 spelunca
2401 1892 2729 1947 tenebrosa.
2755 1892 2835 1946 Ex
2861 1892 2964 1947 Lot
2981 1892 3139 1947 enim
3163 1898 3219 1948 et
3243 1893 3478 1949 filiabus
3506 1894 3663 1952 illius

2021 1979 2136 2034 nati
2170 1984 2310 2035 sunt
2340 1981 2475 2046 duo,
2502 1980 2666 2035 Moab
2710 1984 2766 2034 et
2813 1981 3018 2045 Amon,
3051 1986 3107 2035 et
3137 1981 3307 2036 Moab
3340 1984 3528 2052 major
3575 1989 3666 2040 est

2020 2067 2178 2123 ﬁlius
2209 2068 2361 2139 (Gen.
2394 2086 2508 2135 xix,
2541 2070 2630 2137 37,
2680 2069 2790 2133 38).
2839 2068 3040 2124 Videte
3087 2084 3223 2142 ergo
3282 2073 3574 2142 quomodo
3605 2073 3665 2128 in

2021 2157 2215 2213 littera
2245 2158 2588 2229 mysterium
2621 2157 3018 2212 absconditur.
3053 2156 3116 2212 In
3149 2158 3422 2227 tenebris,
3447 2159 3505 2215 in
3528 2177 3664 2233 spe-

2021 2245 2232 2301 lunca:
2269 2262 2382 2301 non
2414 2246 2473 2300 in
2506 2245 2647 2313 sole,
2680 2262 2795 2301 non
2828 2246 2887 2300 in
2928 2245 3074 2302 luce.
3118 2247 3287 2302 Moab
3345 2265 3482 2320 ergo
3539 2249 3666 2306 dia-

2025 2334 2181 2388 bolus
2239 2335 2684 2407 interpretatur:
2747 2334 2847 2406 qui
2897 2335 3114 2390 oblitus
3171 2324 3491 2408 est'patris
3549 2340 3663 2394 sui.

2029 2422 2285 2494 Denique
2317 2429 2374 2477 et
2407 2423 2742 2490 Abessalon,
2775 2423 2875 2494 qui
2912 2429 3255 2494 persecutus
3307 2431 3395 2482 est
3443 2432 3666 2498 patrem

2024 2528 2221 2581 suum,
2272 2511 2692 2582 interpretatur
2711 2512 3113 2568 diabolus.lste
3142 2529 3278 2585 ergo
3301 2514 3489 2585 Moab,
3522 2531 3666 2588 quo-

2029 2601 2201 2654 modo
2233 2599 2392 2655 lebes
2423 2599 2546 2672 spei
2596 2600 2824 2655 Domini
2865 2600 2989 2656 est?
3033 2601 3212 2657 Lebes
3255 2603 3672 2675 interpretatur

2027 2689 2162 2743 olla.
2198 2689 2497 2754 Quomodo
2528 2688 2642 2744 olla
2672 2689 2796 2761 spei
2827 2689 3059 2745 Domini
3089 2691 3224 2746 est?
3246 2691 3466 2763 Ergone
3495 2693 3672 2748 credi-

2029 2778 2145 2832 bile
2173 2781 2283 2841 est,
2317 2783 2382 2831 ut
2410 2778 2599 2843 Moab,
2634 2778 2733 2848 qui
2767 2777 3190 2850 interpretatur
3212 2781 3483 2846 diabolus,
3512 2781 3671 2838 lebes

2031 2867 2151 2938 spei
2188 2865 2414 2920 Domini
2445 2865 2570 2920 sit?
2602 2867 2902 2932 Quomodo
2933 2883 3070 2938 spes
3092 2867 3322 2923 Domini
3347 2870 3479 2924 est?
3509 2870 3670 2926 Dicat

2030 2955 2378 3026 Apostolus:
2441 2956 2579 3023 Quos
2633 2955 2841 3010 tradidi
2897 2958 3140 3025 Satanae,
3185 2960 3244 3012 ut
3290 2957 3508 3014 discant
3561 2975 3673 3014 non

2033 3044 2406 3116 blasphe-mare
2434 3044 2480 3112 (Ι
2504 3045 2636 3099 Tim.
2668 3062 2704 3111 ι,
2736 3045 2849 3116 20).
2885 3044 3165 3101 Diabolus
3193 3047 3364 3117 quasi
3397 3048 3672 3119 quaestio-

2031 3133 2236 3188 narius
2269 3132 2494 3188 Domini
2533 3137 2640 3188 est.
2699 3134 2806 3199 Qui
2865 3151 2981 3189 non
3037 3140 3188 3191 recte
3243 3135 3550 3192 ambulant
3602 3139 3675 3193 ad

278 3227 438 3278 vator
477 3225 677 3277 noster
731 3220 790 3275 in
838 3219 990 3275 hanc
1046 3217 1368 3276 convallem
1397 3220 1812 3292 lacrymarum,
1863 3220 1922 3274 in
1955 3206 1998 3272 C
2038 3221 2585 3286 Deum,traduntur
2608 3223 2860 3280 diabolo.
2913 3225 3150 3289 Quare?
3207 3224 3278 3280 Ut
3330 3231 3570 3297 pereant
3618 3228 3679 3282 in

279 3310 472 3366 locum
497 3308 848 3364 humilitatis
877 3312 1088 3364 nostra:
1147 3309 1520 3376 subintravit,
1579 3309 1685 3364 hoc
1719 3313 1810 3365 est
1864 3308 1922 3363 in

278 3399 460 3455 istum
489 3399 798 3464 mundum,
835 3398 893 3452 in
920 3414 1057 3469 quo,
1077 3397 1456 3469 quantumvis
1474 3397 1665 3470 quivis
1685 3402 1928 3454 sanctus

279 3488 474 3556 fuerit,
508 3488 758 3543 necdum
791 3486 1090 3559 cognoscit
1119 3488 1441 3542 secundum
1501 3488 1655 3558 quod
1703 3490 1929 3558 oportet

283 3593 475 3633 nosse.
510 3579 591 3632 Ex
616 3584 775 3648 parte
801 3577 952 3630 enim
982 3578 1373 3646 cognoscimus,
1405 3584 1458 3632 et
1482 3591 1552 3631 ex
1598 3579 1755 3647 parte
1804 3591 1930 3646 pro-

279 3669 566 3736 phetamus
615 3665 659 3736 (Ι
693 3665 812 3722 Cor.
855 3682 983 3731 xm,
1043 3666 1123 3737 6).
1156 3689 1184 3716 «
1218 3666 1380 3721 Meus
1437 3668 1526 3720 est
1573 3664 1815 3734 Galaad,
1873 3667 1931 3719 et

285 3772 452 3811 meus
478 3759 566 3808 est
595 3754 965 3809 Manasses.»
999 3754 1226 3810 Gaudet
1263 3753 1548 3810 Dominus
1605 3757 1804 3808 noster
1851 3756 1933 3806 at-

287 3859 398 3915 que
418 3841 700 3911 Salvator,
733 3842 958 3914 habens
985 3842 1182 3914 plures
1215 3840 1465 3896 divitias.
1499 3840 1716 3896 Galaad
1752 3841 1931 3896 inter-

287 3935 550 4004 pretatur
579 3933 1024 3999 transmigratio.
1058 3931 1282 3986 Gaudet
1312 3945 1448 4001 ergo
1481 3930 1716 4000 quando
1749 3945 1932 4001 popu-

288 4021 382 4075 lus
412 4036 480 4075 ex
500 4020 774 4092 gentibus
806 4019 1079 4092 migravit
1108 4024 1164 4073 et
1193 4017 1349 4073 venit
1378 4018 1449 4072 ad
1481 4034 1637 4073 eum.
1698 4018 1932 4072 Manas—

289 4125 383 4165 ses
415 4109 837 4180 interpretatur
860 4124 930 4164 ex
958 4108 1246 4164 oblivione.
1308 4106 1512 4162 Videte
1565 4107 1743 4178 igitur
1793 4105 1932 4178 quid

291 4197 466 4252 dicit:
513 4197 692 4252 Filius
722 4196 820 4252 ille
868 4197 968 4268 qui
1026 4197 1246 4268 accepit
1298 4195 1712 4261 substantiam,
1754 4200 1810 4249 et
1839 4211 1934 4249 co-

297 4286 479 4340 medit
507 4301 656 4352 eam,
692 4291 748 4340 et
777 4285 996 4340 oblitus
1028 4285 1142 4340 mei
1172 4291 1315 4352 erat,
1374 4301 1530 4339 nunc
1579 4287 1938 4339 memoratus

293 4378 384 4429 est
415 4373 528 4428 mei
587 4373 736 4442 (Luc.
775 4390 867 4438 xv,
899 4374 1010 4444 42).
1071 4379 1139 4426 Et
1194 4374 1409 4428 dicitur
1459 4373 1779 4442 Manasses,
1831 4372 1940 4428 hoc

295 4467 475 4521 estea:
503 4462 795 4531 oblivione,
827 4461 964 4533 quia
994 4478 1110 4517 non
1159 4467 1248 4517 est
1276 4461 1517 4526 oblitus,
1565 4463 1666 4516 sed
1725 4479 1943 4518 remea-

293 4553 377 4608 vit
408 4553 479 4607 ad
508 4568 680 4607 suum
712 4554 956 4621 patrem.
982 4573 1008 4598 ‹‹
1052 4550 1117 4604 Et
1171 4550 1444 4621 Ephraim
1501 4551 1792 4622 susceptio
1841 4568 1939 4606 ca-

297 4643 436 4715 pitis
458 4641 592 4696 mei.
623 4663 642 4689 n
682 4639 953 4712 Ephraim
987 4639 1696 4709 interpretaturfructifer.
1731 4663 1750 4688 ι
1787 4640 1940 4712 Eph-

298 4731 468 4797 raim,
502 4729 715 4801 inquit,
749 4728 1043 4800 susceptio
1078 4727 1286 4798 capitis
1302 4726 1482 4781 mei.»
1501 4729 1943 4799 Susceptionem

298 4820 494 4893 posuit
525 4835 681 4874 nunc
713 4834 816 4890 pro
847 4834 1079 4873 corona.
1113 4817 1275 4881 Quod
1307 4815 1463 4870 enim
1498 4817 1554 4871 in
1609 4817 1796 4888 capite
1844 4835 1944 4889 po-

300 4908 480 4973 nitur,
512 4923 724 4962 corona
753 4911 863 4971 est,
895 4911 950 4961 et
1000 4906 1058 4960 in
1108 4903 1428 4976 Scripturis
1473 4904 1717 4962 diversis
1765 4907 1950 4962 nomi-

302 4997 476 5053 nibus
505 5000 764 5052 vocatur.
789 5001 853 5050 In
877 4995 1138 5050 alioloco
1163 4993 1366 5048 habet:
1425 4993 1586 5051 Sculo
1641 4995 1946 5051 circumda-

305 5087 380 5142 bit
410 5095 459 5141 te
487 5088 687 5142 veritas
717 5087 834 5156 ejus
864 5085 1034 5155 (Psal.
1073 5101 1160 5153 xc,
1189 5083 1266 5154 5).
1304 5083 1369 5138 Et
1408 5082 1467 5138 in
1525 5083 1638 5140 alio
1689 5084 1944 5157 psalmo:

306 5173 411 5241 Qui
465 5179 686 5231 coronat
742 5177 796 5228 le
851 5175 912 5228 in
952 5171 1342 5229 misericordia
1396 5181 1448 5228 et
1501 5174 1950 5229 miserationibus

305 5265 595 5334 (Psal.cn,
655 5263 729 5332 4).
789 5261 951 5317 Sicut
1007 5262 1161 5317 enim
1214 5261 1295 5316 ibi
1327 5262 1523 5332 posuit
1556 5267 1788 5317 scutum
1846 5280 1949 5335 pro

306 5339 542 5424 corona,
566 5353 647 5407 ita
675 5357 732 5407 et
762 5351 856 5406 hic
887 5351 1320 5422 susceptionem
1353 5351 1550 5423 posuit
1582 5368 1684 5422 pro
1715 5367 1947 5408 corona.

306 5441 508 5497 Videte
536 5457 672 5514 ergo
702 5441 843 5512 quid
892 5439 1057 5497 dicit:
1115 5439 1324 5494 Factus
1372 5456 1440 5494 ex
1479 5437 1716 5507 Galaad,
1763 5441 1952 5497 factus

307 5547 376 5586 ex
405 5529 729 5590 Manasses,
760 5529 869 5584 hoc
915 5531 1026 5597 est,
1071 5526 1338 5599 migrasti
1387 5527 1458 5582 ad
1508 5527 1842 5597 Dominum,
1897 5533 1954 5586 et

305 5622 440 5697 post
466 5617 816 5676 oblivionem
848 5615 1118 5675 remeasti
1163 5616 1237 5673 ad
1290 5621 1517 5692 patrem
1567 5621 1757 5676 tuum.
1819 5621 1952 5678 Esto

2035 3317 2332 3366 aeternum.
2372 3312 2440 3366 Et
2481 3311 2579 3366 ubi
2630 3311 2941 3368 clementia
2995 3313 3139 3368 Dei?
3189 3314 3287 3368 ubi
3346 3315 3679 3371 misericors

2037 3404 2246 3474 pater?
2277 3402 2375 3456 ubi
2407 3406 2498 3456 est
2529 3403 2630 3474 qui
2665 3402 2803 3457 facit
2853 3401 3034 3457 solem
3094 3418 3270 3458 suum
3319 3402 3456 3458 oriri
3505 3420 3686 3475 super

2029 3491 2228 3561 justos
2259 3493 2316 3545 et
2343 3496 2697 3560 peccatores,
2730 3495 2787 3546 et
2817 3489 2966 3561 pluit
3018 3506 3196 3562 super
3249 3495 3582 3563 peccatores
3627 3498 3684 3548 et

2029 3580 2225 3649 justos
2255 3578 2476 3648 (Matth.
2508 3595 2565 3645 ν,
2599 3577 2736 3649 45)?
2791 3578 2952 3644 Quod
2999 3578 3159 3646 dicit,
3206 3579 3314 3635 hoc
3364 3583 3490 3635 est:
3539 3581 3682 3636 Tra-

2040 3667 2181 3732 didi,
2215 3666 2427 3737 inquit,
2461 3673 2793 3738 peccatores
2819 3666 3070 3730 diabolo,
3120 3672 3203 3737 ut,
3254 3668 3326 3724 ab
3369 3667 3498 3740 ipso
3552 3686 3686 3725 cru-

2041 3753 2631 3821 ciati,convertantur
2669 3755 2740 3809 ad
2775 3771 2887 3810 me.
2938 3755 3162 3811 Dicitur
3209 3757 3348 3812 etin
3395 3757 3684 3814 Jeremia:

2043 3843 2184 3912 Quid
2232 3844 2382 3898 vides
2410 3851 2487 3910 tu,
2539 3845 2823 3899 Jeremia?
2880 3844 3061 3899 Ollam
3115 3861 3445 3916 succensum,
3499 3847 3690 3917 inquit

2043 3933 2484 4004 (Jerem.1,13).
2545 3931 2749 3988 Videte
2801 3949 2936 4004 ergo
2996 3934 3274 4003 quoniam
3327 3935 3384 3987 in
3419 3935 3530 3988 isto
3577 3933 3693 3990 olla

2046 4022 2362 4076 mittuntur
2387 4037 2614 4077 carnes.
2646 4021 2764 4076 Hoc
2805 4022 3087 4092 scriptum
3141 4026 3234 4076 "est
3279 4021 3337 4076 in
3395 4021 3688 4078 Ezechiel:

2047 4113 2108 4165 Et
2138 4111 2308 4180 mitte,
2344 4109 2554 4180 inquit,
2599 4125 2791 4166 carnes
2846 4110 2906 4164 in
2964 4108 3156 4174 ollam,
3210 4115 3269 4165 ut
3315 4110 3505 4165 molles
3555 4111 3694 4181 ﬁant

2049 4199 2260 4270 (Ezech.
2296 4215 2447 4264 xxxv,
2482 4198 2560 4265 3).
2596 4197 2668 4252 Ut
2699 4198 2848 4252 dura
2879 4201 3292 4252 convertantur
3338 4198 3410 4254 ad
3469 4198 3691 4256 Deum:

2049 4293 2201 4342 utex
2241 4287 2411 4341 corde
2441 4285 2670 4357 lapideo
2702 4286 2806 4340 ﬁat
2835 4302 2934 4340 cor
2963 4301 3261 4342 carneum.
3295 4287 3365 4343 Et
3397 4287 3496 4342 ubi
3530 4289 3697 4360 prius

2049 4392 2164 4430 non
2194 4378 2419 4446 poterat
2448 4372 2623 4428 scribi
2657 4378 2894 4445 propter
2943 4373 3246 4446 duritiam,
3299 4381 3499 4448 postea
3553 4376 3696 4432 scri-

2051 4465 2223 4519 batur
2253 4465 2489 4535 propter
2519 4461 2849 4518 mollitiem.
2884 4463 3266 4533 Succendam,
3301 4465 3514 4536 inquit,
3547 4464 3699 4520 hanc

1971 4575 2018 4639 D
2050 4553 2246 4618 ollam,
2293 4556 2349 4607 et
2399 4567 2716 4624 excoquam
2766 4569 2970 4608 carnes
3019 4556 3076 4607 et
3119 4569 3272 4624 ossa,
3325 4569 3513 4624 usque
3555 4554 3698 4608 dum

2053 4642 2325 4698 amittant
2354 4657 2589 4696 omnem
2623 4640 2929 4696 humorem
2961 4646 3018 4696 et
3061 4639 3340 4696 illuviem.
3392 4646 3459 4695 Et
3511 4642 3701 4698 videte

2056 4735 2256 4804 postea
2285 4730 2423 4801 quid
2456 4729 2720 4784 dicatur:
2755 4731 2821 4785 Et
2850 4730 3096 4798 discant,
3144 4729 3356 4801 inquit,
3407 4731 3548 4802 quia
3595 4747 3700 4803 ego

2058 4819 2362 4874 Dominus.
2391 4818 2602 4890 Magna
2631 4818 3053 4887 misericordia,
3086 4823 3145 4874 et
3177 4834 3458 4890 magnum
3497 4823 3700 4875 'sacra-

2059 4912 2341 4962 mentum.
2375 4907 2690 4962 Mittuntur
2719 4924 2924 4964 carnes
2957 4908 3013 4962 in
3046 4907 3244 4977 ollam,
3277 4913 3342 4962 ut
3372 4923 3702 4978 excoquen-

2059 5003 2154 5051 tur
2183 4997 2456 5055 etdicant
2486 4996 2623 5067 quia
2654 4996 2937 5051 Dominus
2985 5000 3092 5051 est.
3156 4994 3337 5050 Multa
3394 5001 3535 5051 sunt
3576 5013 3702 5068 qua:

2060 5085 2331 5140 dicantur
2346 5084 2416 5139 de
2435 5085 2602 5140 Moab
2631 5090 2689 5140 et
2716 5083 2856 5153 olla,
2891 5085 2992 5140 sed
3027 5101 3185 5140 nunc
3214 5084 3456 5157 longum
3487 5091 3592 5141 est.

2132 5198 2158 5223 ‹‹
2196 5176 2255 5228 ln
2281 5173 2596 5228 ldumaeam
2621 5174 2924 5228 extendam
2950 5172 3401 5229 calciamentum
3430 5191 3648 5230 meum.
3675 5197 3704 5225 »

2061 5263 2316 5319 ldumma
2379 5261 2797 5334 interpretatur
2851 5266 3068 5318 terrena
3126 5266 3183 5317 et
3230 5265 3554 5334 sanguinea.
3608 5263 3708 5318 Mi-

2061 5351 2308 5406 sericors
2343 5355 2492 5406 Deus
2515 5366 2632 5405 non
2662 5349 2852 5406 solum
2901 5349 3156 5406 omlestia
3206 5350 3330 5406 vult
3385 5352 3704 5424 possidere,

2061 5440 2162 5497 sed
2209 5445 2265 5494 et
2297 5439 2634 5495 terrestria.
2682 5461 2702 5488 ι
2752 5438 2892 5494 Mihi
2949 5437 3288 5511 alienigena:
3346 5441 3518 5496 amici
3572 5440 3705 5496 facti

2061 5533 2268 5586 sunt.»
2325 5533 2420 5600 De,
2459 5527 2627 5584 nobis
2658 5526 2814 5599 dicit,
2875 5528 2974 5603 qui
3007 5545 3074 5586 ex
3129 5529 3403 5602 gentibus
3459 5526 3706 5590 oredidi~

2061 5635 2218 5677 mus.
