3976 6188
323 373 477 428 1223

389 528 416 554 α
450 503 589 570 Quis
647 501 890 557 deducet
947 515 1040 555 me
1086 499 1145 554 in
1203 497 1494 553 civitatem
1553 494 1894 551 munitam?
1929 517 1955 544 ››
1989 495 2044 562 Α

319 594 520 662 Nemo,
557 591 817 646 Domine.
869 591 955 645 Tu
1005 606 1066 644 es
1111 588 1267 643 enim
1318 587 1418 659 qui
1462 587 1649 642 dicis:
1708 585 1965 641 Torcular

319 683 529 738 calcavi
556 681 723 750 solus,
773 683 823 736 et
876 679 942 734 de
987 678 1235 749 gentibus
1285 679 1372 732 vir
1425 692 1531 732 non
1591 675 1700 745 fuit
1756 691 1965 730 mecum

318 775 453 842 (Isa.
504 787 658 839 Lxm,
720 769 794 839 3).
848 767 1046 822 Omnes
1091 768 1241 822 enim
1287 765 1719 830 declinaverunt,
1797 763 1964 819 simul

316 862 546 918 inutiles
573 862 705 932 facti
735 865 900 914 sunt:
930 873 1038 912 non
1085 861 1163 912 est
1209 857 1310 928 qui
1357 857 1529 925 faciat
1581 855 1800 919 bonum,
1850 868 1964 908 non

317 960 396 1008 est
424 949 680 1022 usquead
710 965 884 1003 unum
914 947 1087 1018 (Psal.
1121 963 1244 1011 x111,
1276 946 1352 1013 3).
1390 967 1415 993 ‹‹
1447 943 1586 1008 Quis
1636 943 1814 1014 (ergo)
1863 943 1961 997 de-

321 1041 494 1095 ducet
522 1055 615 1094 me
648 1038 706 1092 in
739 1037 1034 1092 civitatem
1053 1033 1387 1090 munitam?
1411 1055 1438 1082 ››
1460 1033 1660 1100 Nemo,
1696 1031 1959 1086 Domine.

317 1129 619 1200 Siquidem
653 1131 709 1182 et
738 1126 965 1190 Petrus,
998 1123 1098 1195 qui
1131 1123 1481 1196 promiserat
1515 1138 1617 1194 pro
1675 1125 1736 1176 te
1787 1120 1960 1188 mori,

309 1221 574 1289 posteate
597 1214 846 1288 negavit.
871 1215 1004 1278 Quae
1027 1218 1115 1269 est
1160 1213 1274 1268 ista
1305 1212 1511 1267 civitas
1559 1210 1834 1265 munita?
1864 1209 1958 1264 In-

305 1308 528 1372 fernus,
572 1305 669 1360 ubi
720 1302 1107 1359 includuntur
1162 1302 1369 1373 impii:
1434 1299 1588 1355 unde
1638 1299 1792 1355 exire
1843 1315 1955 1354 non

305 1396 462 1451 licet.
499 1399 565 1448 Et
585 1409 715 1448 vere
735 1409 805 1447 ex
831 1392 944 1447 ista
986 1390 1240 1455 civitate,
1274 1390 1387 1445 nisi
1414 1388 1720 1453 Dominus,
1775 1387 1959 1442 victor

311 1501 426 1539 non
461 1483 600 1538 exiit
631 1482 795 1538 alter.
846 1483 915 1536 Et
969 1497 1099 1536 vere
1156 1479 1356 1535 civitas
1416 1478 1643 1533 munita
1685 1482 1772 1532 est
1822 1477 1953 1532 ista.

307 1573 536 1643 MoySes
566 1569 1018 1626 deistacivitate
1041 1568 1196 1624 exire
1235 1583 1350 1623 non
1385 1567 1593 1639 potuit.
1645 1564 1828 1621 Jacob
1877 1564 1955 1620 si-

303 1660 522 1716 militer
543 1659 778 1713 intravit
812 1657 872 1711 in
904 1657 1054 1711 hanc
1088 1656 1400 1722 civitatem,
1457 1659 1514 1709 et
1564 1672 1678 1709 non
1729 1658 1818 1709 est
1865 1669 1955 1708 re-

305 1765 530 1805 versus.
566 1747 822 1816 Deniquc
877 1745 1019 1799 dicit
1071 1745 1143 1798 ad
1196 1743 1349 1800 filios
1398 1760 1558 1798 suos.
1606 1748 1822 1814 Lugens
1863 1743 1954 1798 de-

306 1836 561 1892 scendam
588 1835 661 1889 ad
717 1835 922 1904 infero:
969 1833 1122 1902 (Gen.
1178 1849 1390 1904 xxxvn,
1423 1833 1535 1903 35).
1594 1832 1680 1886 Ad
1739 1832 1955 1886 inferos
1987 1874 2034 1938 Β

310 1933 503 1981 autem
535 1923 870 1990 descendit;
924 1922 1063 1993 quia
1119 1922 1368 1977 necdum
1417 1925 1542 1976 erat
1583 1920 1893 1992 paradisus
1925 1937 1959 1975 a

308 2014 533 2070 latrone
564 2017 824 2085 apertus.
861 2012 1087 2068 Munita
1116 2014 1205 2066 est
1243 2010 1357 2066 ista
1414 2009 1618 2064 civitas
1667 2010 1738 2064 ad
1789 2024 1957 2080 egre-

305 2103 623 2159 diendum:
661 2107 866 2173 aperta
880 2106 968 2156 est
987 2105 1183 2155 autem
1209 2101 1280 2156 ad
1305 2099 1746 2168 introeundum,
1764 2121 1792 2148 «
1816 2098 1957 2162 Quis

305 2193 555 2248 deducet
587 2205 679 2245 me
713 2206 899 2262 usque
930 2190 988 2244 in
1046 2188 1359 2244 Idumzeam
1390 2191 1456 2243 Ρ»
1519 2187 1621 2241 Ubi
1662 2187 1825 2243 locus
1869 2191 1957 2242 est

307 2298 612 2353 poenarum
649 2284 705 2334 et
766 2278 1092 2350 sanguinis.
1141 2277 1401 2332 Idumam
1449 2277 1605 2332 enim
1663 2277 1952 2348 interpre-

311 2373 469 2424 tatur
524 2368 850 2437 sanguinea.
930 2367 1116 2420 Locus
1207 2365 1516 2420 occisionis
1597 2365 1950 2432 animarum,

311 2456 411 2510 ubi
471 2455 669 2510 multae
741 2453 1173 2508 interficiuntur
1259 2453 1484 2507 animm.
1540 2455 1720 2508 Nemo
1796 2454 1951 2508 enim

307 2544 492 2598 vietor
549 2544 850 2598 descendit
897 2542 954 2595 in
985 2541 1302 2610 infernum,
1347 2541 1459 2596 nisi
1504 2547 1567 2596 tu
1618 2542 1800 2610 solus,
1851 2547 1954 2597 Do-

309 2631 484 2687 mine.

378 2743 404 2770 ‹‹
441 2725 612 2789 Deus,
646 2718 744 2791 qui
778 2718 1044 2790 repulisti
1094 2736 1268 2775 nos.»
1326 2719 1451 2777 Non
1495 2719 1662 2785 dixit,
1715 2719 1821 2785 Qui
1871 2735 1952 2774 re-

311 2809 480 2882 pellis
511 2826 639 2876 nos,
673 2809 798 2864 sed.
849 2809 952 2874 Qui
1003 2809 1318 2880 aliquando
1346 2809 1608 2881 repulisti
1660 2825 1785 2864 nos.
1822 2832 1849 2858 «
1887 2809 1952 2864 Et

307 2915 422 2955 non
454 2897 658 2965 exibis,
692 2898 868 2964 Deus,
902 2898 960 2954 in
991 2898 1306 2954 virtutibus
1357 2897 1616 2954 nostris?
1661 2898 1766 2961 Qui
1817 2915 1949 2969 pas-

305 3005 406 3043 sus
461 3004 522 3044 es
578 3005 682 3060 pro
742 2987 931 3058 nobis,
993 3004 1170 3059 quare
1229 3005 1344 3043 non
1391 2988 1632 3058 adjuvas
1689 3004 1815 3052 nos,
1848 2988 1950 3042 sed

306 3078 524 3150 pateris
554 3075 883 3134 conculcari
911 3093 1019 3132 nos
1052 3093 1086 3132 a
1112 3076 1341 3132 diabolo
1390 3076 1796 3132 crudelissimo
1816 3077 1843 3130 ?

376 3191 404 3216 «
436 3168 506 3221 Et
535 3183 650 3221 non
703 3166 910 3232 exibis,
949 3167 1134 3234 Deus,
1187 3165 1245 3220 in
1295 3165 1612 3220 virtutibus
1663 3166 1944 3221 nostris.»

301 3255 503 3311 Videte
527 3254 666 3326 quid
682 3255 853 3310 dicat.
879 3255 1003 3310 Non
1039 3255 1201 3324 dixit,
1227 3272 1342 3310 non
1367 3255 1566 3311 existi:
1613 3256 1737 3310 sed.
1767 3278 1793 3304 ‹‹
1820 3256 1942 3310 Non
1975 3250 2017 3316 C

301 3343 689 3412 cxibis,Deus,
718 3344 776 3400 in
799 3344 1113 3407 virtutibus
1127 3345 1361 3400 nostris.
1391 3366 1417 3393 ››
1438 3345 1554 3399 Hoc
1575 3344 1698 3400 vult
1717 3345 1908 3399 dicere
1933 3360 1946 3400 :

301 3433 543 3498 Quando
563 3432 922 3500 laboramus,
955 3439 1096 3488 tunc
1117 3433 1356 3503 adjuvat
1388 3450 1492 3487 nos
1512 3433 1683 3488 Deus.
1724 3433 1840 3488 Non
1869 3441 1949 3488 est

299 3525 446 3578 enim
465 3523 696 3578 volentis
726 3537 900 3592 neque
927 3524 1220 3592 currentis,
1273 3522 1366 3577 sed
1402 3524 1716 3578 miserentis
1740 3529 1820 3578 est
1849 3524 1948 3578 Dei

302 3612 476 3681 (Rom.
511 3629 587 3674 1x,
613 3613 721 3681 16).
755 3612 956 3666 Videte
987 3612 1125 3682 quid
1153 3611 1334 3666 dicat.
1368 3612 1494 3667 Non
1527 3611 1637 3679 ait;
1698 3628 1808 3666 non
1857 3615 1946 3666 est

291 3698 565 3768 jacentis,
598 3715 785 3768 neque
814 3699 1178 3770 dormientis,
1212 3702 1313 3755 sed
1343 3701 1680 3756 miserentis
1710 3704 1798 3756 est
1819 3700 1940 3756 Dei.

297 3787 409 3842 Sed
441 3787 570 3842 vide
605 3787 746 3858 quid
779 3786 953 3841 dicit:
984 3788 1109 3843 Non
1137 3794 1225 3843 est
1277 3790 1526 3846 volentis
1576 3807 1763 3862 neque
1814 3807 1941 3846 cur-

299 3876 503 3943 rentis,
534 3875 634 3932 sed
667 3875 997 3930 miserentis
1029 3875 1148 3942 Dei,
1182 3878 1242 3932 Si
1275 3893 1390 3933 non
1416 3895 1552 3951 ergo
1584 3879 1940 3935 voluerimus

297 3970 355 4021 et
379 3965 838 4033 cucurrerimus,
880 3969 1032 4020 Deus
1079 3965 1247 4020 nobis
1301 3967 1446 4020 nihil
1499 3968 1772 4037 proderit.
1823 3969 1940 4023 No-

296 4059 485 4112 strum
516 4073 612 4112 esr
649 4055 789 4110 velle
847 4059 904 4110 et
962 4070 1213 4122 currere,
1273 4059 1330 4110 et
1385 4061 1585 4126 postea
1634 4057 1787 4111 Deus
1837 4057 1941 4110 mi-

296 4150 540 4201 seretur.
625 4145 854 4200 Athlela
917 4145 1076 4201 enim
1131 4145 1428 4200 dormiens
1507 4145 1695 4216 perdit
1761 4146 1936 4201 victo-

294 4234 463 4289 riam.

365 4346 392 4372 ‹‹
426 4323 510 4377 Da
535 4323 702 4378 nobis
728 4323 1010 4378 auxilium
1033 4326 1103 4380 de
1135 4324 1579 4379 tribulatione.»
1616 4324 1738 4378 Νοη
1771 4323 1936 4389 dixit,

293 4412 373 4466 Da
402 4411 572 4467 nobis
591 4411 875 4467 auxilium
927 4414 997 4468 de
1041 4413 1305 4470 delictis:
1368 4414 1489 4478 sed,
1523 4436 1550 4461 «
1584 4414 1655 4468 de
1699 4412 1938 4469 tribula-

287 4501 515 4556 tione.»
563 4500 642 4555 Ad
688 4501 981 4556 Dominum
1028 4518 1151 4556 cum
1200 4504 1500 4557 tribularer
1555 4504 1818 4570 clamavi,
1886 4508 1938 4558 et

292 4588 572 4645 exaudivit
602 4605 688 4643 me
717 4590 886 4659 (Psal.
930 4607 1078 4660 cxix,
1114 4592 1186 4661 l).
1245 4591 1369 4646 Non
1420 4592 1594 4646 dixit:
1647 4595 1790 4647 Cum
1845 4608 1934 4646 es-
1967 4618 2012 4682 D

291 4695 416 4735 sem
474 4679 533 4733 in
578 4677 804 4734 deliciis
858 4678 1123 4746 clamavi,
1177 4685 1277 4734 aut
1323 4681 1620 4736 dormiens
1665 4680 1930 4736 clamavi.

291 4769 393 4824 Vis
450 4767 710 4824 exaudiri
760 4785 794 4822 a
853 4768 1147 4824 Domino?
1203 4769 1336 4825 Esto
1396 4770 1452 4824 in
1516 4770 1928 4826 tribulatione:

290 4857 498 4925 clama,
519 4862 578 4912 et
595 4857 943 4912 exaudieris.
970 4857 1029 4912 Si
1065 4857 1197 4929 quis
1226 4875 1362 4930 ergo
1390 4876 1504 4914 non
1531 4865 1619 4914 est
1650 4859 1708 4914 in
1738 4859 1931 4916 tribu-

286 4945 521 5010 latione,
576 4945 858 5001 auxilium
925 4947 1149 5002 Domini
1220 4948 1487 5003 invocare
1565 4965 1681 5004 non
1739 4954 1931 5020 potest

292 5051 314 5081 ι
347 5034 491 5097 Quia
517 5051 666 5090 vana
700 5035 862 5091 salus
894 5035 1170 5092 hominis.
1199 5059 1226 5086 ››
1279 5036 1602 5092 Maledz‘ctus
1644 5040 1802 5094 homo
1833 5041 1932 5109 qui

285 5138 432 5194 spem
491 5124 649 5180 habet
707 5127 766 5179 in
817 5125 1039 5180 homine
1084 5128 1300 5197 (Jerem.
1363 5144 1499 5197 xvn,
1530 5129 1607 5197 5).
1658 5127 1781 5182 Non
1841 5134 1931 5184 est

288 5227 524 5268 necesse
553 5213 661 5269 hoc
689 5214 1078 5287 interpretari.
1131 5215 1259 5270 Haec
1317 5217 1608 5272 sententia
1653 5219 1928 5274 omnibus

288 5304 466 5373 patet.
497 5301 724 5374 Aliquis
753 5305 1002 5376 speravit
1047 5306 1107 5361 in
1157 5306 1523 5378 imperatore,
1573 5307 1827 5379 speravit
1868 5307 1924 5363 in

285 5389 565 5464 principe,
615 5392 674 5446 in
733 5398 915 5464 patre,
949 5400 1049 5449 aut
1104 5399 1322 5450 matre:
1363 5395 1419 5449 in
1471 5393 1665 5466 aliquo
1697 5399 1926 5470 negotio

283 5479 619 5537 subtractus
648 5486 736 5537 est
765 5482 1006 5554 spiritus
1056 5485 1184 5554 ejus
1210 5485 1267 5539 in
1295 5501 1467 5555 quem
1508 5484 1605 5540 ille
1655 5487 1924 5557 speravit,

280 5575 339 5627 et
362 5571 598 5627 evanuit
627 5569 789 5628 salus
819 5572 966 5642 ejus.
1003 5577 1126 5629 Non
1157 5562 1322 5642 dixit,
1357 5597 1384 5623 «
1417 5591 1567 5630 vana
1614 5575 1775 5631 salus
1821 5576 1925 5632 ho-

279 5659 486 5734 minis;
521 5685 543 5719 ρ
578 5661 705 5734 sed,
736 5660 898 5720 salus
926 5663 1054 5735 ejus
1085 5662 1183 5734 qui
1207 5667 1402 5736 sperat
1424 5665 1481 5719 in
1514 5663 1770 5722 homine.

1807 361 2227 420 APPENDIX.

3565 365 3731 426 i224!

2146 516 2174 542 ‹‹
2207 493 2270 548 In
2299 493 2416 548 Deo
2473 490 2753 548 faciemus
2805 491 3099 548 virtutem.
3134 516 3162 544 »
3219 493 3366 549 Non
3397 495 3734 556 habeamus

2074 600 2264 655 spem,
2297 582 2410 636 nisi
2445 582 2502 636 in
2536 581 2779 637 Domino
2809 585 3062 638 tantum.
3117 583 3242 639 Non
3301 584 3616 643 dicamus:
3672 589 3734 645 Si

2072 671 2216 727 illud
2243 671 2387 726 mihi
2417 672 2662 739 eveniat,
2697 675 2798 726 aut
2843 671 3012 736 illud,
3068 673 3220 728 unde
3269 673 3458 731 habeo
3502 676 3739 734 vivere?

2075 761 2414 832 Respondeo
2445 760 2551 816 tibi
2570 760 2725 831 quod
2750 761 2943 831 majus
2973 765 3099 817 est:
3133 761 3193 818 Si
3223 765 3561 834 persecutio
3599 767 3735 832 fiat,

2071 851 2226 907 unde
2253 850 2432 906 habes
2465 850 2653 905 vivere
2673 849 2700 904 ?
2729 850 2971 920 Semper
3016 851 3345 908 Christiano
3394 857 3735 925 persecutio

2071 942 2179 1010 est,
2206 955 2436 1011 semper
2467 938 2703 995 nuditas
2751 939 3050 1010 proposita
3076 946 3184 996 est.
3235 941 3422 998 Nemo
3451 959 3602 1015 ergo
3631 945 3732 1002 de-

2070 1029 2168 1084 bet
2215 1029 2284 1082 de
2328 1027 2447 1084 vita
2490 1028 2604 1083 ista
2653 1027 2984 1100 desperare,
3042 1045 3211 1085 nemo
3259 1031 3496 1098 timeat,
3563 1050 3731 1090 nemo

2071 1119 2241 1172 debet
2271 1117 2492 1172 dicere:
2527 1116 2587 1172 Si
2617 1131 2885 1184 senuero,
2939 1118 3092 1173 unde
3149 1118 3335 1175 habeo
3393 1122 3642 1177 vivere?
3686 1124 3732 1178 ἐ

2070 1207 2343 1262 infirmus
2376 1207 2561 1261 factus
2591 1207 2776 1276 fuero,
2810 1206 2966 1261 unde
2994 1207 3119 1263 vivo
3142 1207 3169 1261 ?
3194 1209 3502 1265 Christum
3551 1211 3731 1268 habes

2070 1300 2127 1351 et
2147 1295 2360 1352 times?
2409 1296 2466 1350 Si
2525 1295 2782 1351 volatilia
2829 1296 2952 1351 θα)ὶὶ
3005 1297 3210 1367 pascit,
3269 1299 3521 1356 dubitas
3575 1303 3730 1372 quod

2069 1385 2255 1456 possit
2283 1390 2339 1440 te
2370 1401 2602 1456 pascere
2623 1385 2650 1439 ‘?
2689 1384 2965 1440 Diabolus
2995 1387 3185 1456 pascit
3237 1403 3382 1444 suos
3430 1388 3732 1456 homines,

2067 1478 2125 1530 et
2147 1473 2410 1529 Christus
2443 1490 2556 1528 non
2587 1478 2786 1544 pascet
2808 1490 2949 1530 suos
2977 1476 3216 1530 servos?
3259 1475 3558 1533 Diabolus
3600 1479 3731 1535 facit

2061 1563 2294 1634 judices
2324 1562 2502 1632 hujus
2533 1562 2736 1617 mundi
2767 1562 2998 1631 divites,
3031 1568 3087 1619 et
3117 1564 3386 1621 Christus
3435 1583 3568 1622 non
3627 1585 3732 1640 po-

2068 1654 2182 1706 test
2212 1651 2400 1706 facere
2427 1654 2490 1706 ut
2520 1667 2634 1706 non
2666 1652 3004 1708 mendicas?
3037 1652 3311 1710 Diabolus
3351 1655 3456 1710 dat
3516 1673 3727 1712 aurum

2068 1745 2123 1794 et
2143 1755 2407 1812 gemnas,
2440 1745 2496 1795 et
2528 1739 2795 1796 Christus
2851 1756 3062 1812 panem
3123 1758 3237 1797 non
3294 1747 3498 1814 potest
3556 1745 3729 1800 dare?

2067 1828 2184 1884 Nos
2233 1845 2468 1884 omnem
2501 1829 2958 1885 sollicitudinem
2990 1831 3370 1902 projiciamus
3403 1833 3480 1888 de
3541 1835 3725 1890 cordi-

2068 1918 2180 1973 bus
2211 1918 2448 1988 nostris,
2482 1922 2539 1974 et
2563 1919 2859 1975 dicamus:
2903 1943 2929 1970 ‹‹
2969 1921 3031 1974 In
3062 1920 3180 1976 Deo
3217 1921 3516 1978 faciemus
3548 1926 3724 1979 virtu-

2068 2011 2209 2062 tem.
2232 2029 2258 2056 »
2291 2007 2420 2078 Ipse
2451 2008 2561 2063 erit
2581 2007 2770 2064 virtus
2793 2013 3027 2064 nostra:
3079 2010 3203 2081 ipse
3258 2011 3435 2082 panis
3488 2018 3722 2068 noster:

2067 2096 2191 2166 ipse
2223 2097 2330 2151 erit
2362 2102 2550 2152 rector
2577 2102 2796 2152 noster.
2830 2119 2858 2148 «
2891 2097 2960 2152 Et
2983 2098 3105 2170 ipse
3135 2099 3206 2154 ad
3237 2099 3504 2156 nihilum
3545 2102 3720 2158 dedu-

2065 2190 2156 2240 cet
2187 2183 2459 2242 inimicos
2481 2191 2731 2242 nostros.
2760 2209 2786 2237 »
2812 2187 2939 2259 Ipse
2971 2205 3077 2244 nos
3107 2194 3381 2245 coronat:
3433 2191 3566 2263 ipse
3606 2210 3715 2264 pn-

2065 2278 2204 2344 gnat
2232 2275 2540 2330 nobiscum
2566 2294 2577 2330 :
2615 2277 2803 2348 magis
2829 2281 3026 2332 autem
3057 2277 3180 2349 ipse
3206 2278 3404 2334 vincet
3438 2280 3502 2335 in
3535 2282 3716 2338 nobis.

2063 2362 2210 2425 Quid
2243 2364 2399 2418 enim
2433 2365 2684 2419 dicimus
2715 2365 2742 2418 ‘I
2764 2388 2790 2414 «
2827 2365 2889 2420 1n
2925 2370 3036 2421 Deo
3068 2365 3349 2423 faciemus
3370 2369 3718 2427 virtutem.»

2063 2452 2306 2516 Quando
2337 2452 2491 2508 enim
2523 2452 2702 2508 fortes
2733 2454 3042 2522 fuerimus,
3104 2478 3130 2505 «
3162 2456 3288 2528 ipse
3335 2458 3414 2512 ad
3465 2459 3720 2516 nihilum

2065 2541 2312 2596 deducet
2336 2541 2608 2597 inimicos
2665 2548 2915 2600 nostros.
2954 2566 2980 2592 »
3014 2543 3137 2600 Non
3169 2544 3339 2601 dixit:
3403 2549 3718 2620 pugnabit,

2063 2635 2164 2684 aut
2195 2630 2417 2686 occidet
2446 2649 2458 2686 :
2494 2632 2619 2698 sed,
2642 2655 2670 2680 «
2705 2633 2773 2688 ad
2809 2632 3060 2688 nihilum
3093 2633 3357 2691 deducet.
3382 2655 3412 2688 ι
3447 2636 3592 2693 Ideo
3621 2655 3722 2695 eos

2063 2719 2132 2772 ad
2167 2719 2419 2774 nihilum
2453 2721 2720 2788 deducet,
2779 2725 2862 2787 ut,
2923 2722 2972 2777 si
3031 2722 3338 2794 voluerint,
3400 2725 3589 2782 fortes
3620 2744 3721 2784 eos

2060 2807 2252 2863 faciat.
2289 2809 2704 2866 Benedicamus
2735 2827 2870 2883 ergo
2901 2811 3115 2867 Deum:
3141 2813 3234 2868 cui
3292 2813 3370 2869 sit
3413 2814 3599 2886 gloria
3648 2818 3718 2874 in

2060 2895 2274 2953 saecula
2313 2898 2682 2954 saeculorum.
2715 2901 2920 2955 Amen.

2593 3024 2924 3081 PSALMUS
2982 3025 3170 3082 CVIII.

2059 3113 2119 3166 In
2150 3112 2334 3187 ﬁnem,
2367 3113 2618 3167 Psalmus
2648 3114 2839 3187 David.
2891 3115 3054 3180 Quod
3087 3115 3243 3187 dicit,
3277 3118 3339 3170 in
3382 3118 3576 3187 ﬁnem,
3629 3121 3717 3176 in-

2127 3181 2466 3256 telligamus
2493 3201 2605 3239 non
2639 3185 2708 3240 de
2740 3187 3008 3256 praesenti
3042 3186 3176 3254 dici,
3210 3181 3312 3242 Sed
3354 3181 3431 3244 de
3487 3181 3710 3248 futuro.

2129 3255 2418 3379 Sitautem
2450 3256 2521 3310 de
2552 3255 2757 3312 futuro
2781 3257 3012 3329 dicitur,
3039 3258 3346 3330 prophetia
3377 3262 3452 3317 de
3484 3262 3714 3320 Christo

2130 3341 2191 3379 es
2233 3367 2244 3379 .

2130 3341 2244 3382 εει.

2137 3454 2163 3484 a
2195 3438 2346 3489 Deus
2378 3433 2613 3489 laudem
2665 3450 2856 3490 meam
2916 3452 2989 3492 ne
3033 3437 3304 3494 tacueris.
3338 3461 3367 3488 ››
3425 3444 3551 3497 Hoc
3601 3451 3708 3512 est,

2054 3522 2240 3578 Judas
2263 3538 2354 3578 me
2395 3524 2656 3595 tradidit,
2689 3525 2874 3579 Judaei
2907 3527 3195 3597 persecuti
3237 3533 3401 3596 sunt,
3436 3535 3495 3585 et
3524 3532 3708 3586 cruci-

2055 3611 2326 3682 ﬁxerunt,
2363 3617 2419 3666 et
2450 3617 2801 3683 putaverunt
2833 3631 2926 3670 me
2990 3615 3050 3670 in
3092 3616 3267 3672 finem
3311 3619 3582 3690 pendere.
3623 3621 3708 3677 Tu

2053 3704 2268 3766 autem,
2301 3701 2475 3768 Deus,
2507 3700 2744 3758 laudern
2771 3719 2966 3760 meam
2999 3721 3070 3761 ne
3101 3705 3374 3762 tacueris.
3425 3708 3703 3766 Universa

2051 3789 2308 3846 Ecclesia
2340 3807 2440 3862 per
2459 3791 2723 3863 singulos
2745 3792 2870 3848 dies
2887 3792 3442 3864 laudatDominum,
3465 3805 3522 3854 et
3545 3816 3696 3856 com-

2051 3878 2204 3951 pleta
2235 3884 2322 3935 est
2351 3879 2534 3935 oratio
2573 3881 2806 3936 Domini
2856 3882 3136 3940 dicentis:
3171 3908 3202 3935 ‹‹
3235 3886 3409 3954 Deus,
3465 3888 3695 3947 laudem

2051 3984 2242 4024 meam
2266 3986 2335 4024 ne
2365 3970 2637 4025 tacueris.
2665 3993 2692 4019 ››
2714 3971 2856 4026 Vide
2888 3973 3058 4041 cujus
3088 3974 3396 4047 dignitatis
3438 3985 3581 4033 sunt
3611 3996 3697 4034 sa-

2049 4058 2332 4113 cerdotes.
2367 4060 2704 4114 Sacerdotes
2736 4059 3077 4132 loquuntur,
3109 4067 3165 4118 et
3191 4063 3250 4118 in
3293 4067 3695 4123 sacerdotibus

2049 4151 2200 4201 Deus
2232 4146 2463 4202 laudem
2499 4147 2622 4202 Filii
2648 4149 2738 4203 sui
2770 4165 2885 4204 non
2941 4155 3112 4208 tacet.
3137 4175 3164 4201 «
3207 4153 3353 4218 Quia
3398 4171 3462 4209 os
3487 4171 3686 4225 pecca~

2047 4233 2192 4290 toris
2216 4239 2347 4290 etos
2371 4235 2557 4291 dolosi
2587 4253 2764 4308 super
2795 4254 2886 4293 me
2934 4243 3202 4312 apertum
3261 4249 3366 4298 est.
3394 4265 3418 4290 ιι
3469 4242 3676 4298 Videa-

2050 4339 2181 4377 mus
2213 4325 2507 4393 quomodo
2539 4341 2604 4380 os
2629 4325 2792 4380 Judas
2825 4328 3140 4398 proditoris
3166 4336 3434 4402 apertum
3483 4336 3570 4387 est
3619 4331 3683 4387 in

2047 4412 2381 4467 Dominum.
2406 4413 2579 4468 Venit
2607 4416 2677 4470 ad
2715 4417 3046 4488 Dominum,
3079 4424 3148 4474 ut
3193 4436 3330 4475 eum
3375 4422 3592 4488 tradat,
3636 4426 3691 4478 et

2045 4501 2214 4558 dicit:
2274 4503 2447 4558 Rabbi
2502 4503 2609 4558 hoc
2667 4509 2756 4559 est
2808 4508 3070 4574 magister
3132 4509 3318 4579 (Marc.
3379 4527 3495 4579 xiv,
3585 4512 3688 4580 45).

2045 4592 2188 4646 Ecce
2241 4610 2307 4647 os
2342 4593 2680 4664 peccatoris,
2715 4599 2772 4650 et
2803 4612 2867 4651 os
2915 4595 3171 4653 dolosi.»
3227 4597 3342 4672 Ego
3385 4616 3526 4656 eum
3567 4616 3691 4656 mea

2045 4679 2354 4737 clementia
2379 4681 2508 4737 volo
2565 4682 2809 4751 salvare,
2869 4689 2926 4739 et
2973 4685 3242 4742 osculum
3298 4687 3386 4743 illi
3436 4691 3691 4763 porrigo,

2044 4773 2101 4822 et
2129 4768 2254 4825 volo
2278 4770 2500 4826 vincere
2533 4771 2818 4828 malitiam
2848 4774 2997 4845 ejus,
3028 4780 3084 4830 et
3122 4775 3222 4832 ille
3262 4784 3578 4849 permanet
3623 4779 3689 4835 ad

2043 4857 2550 4930 malefaciendum,
2585 4865 2649 4915 ut
2679 4877 2770 4916 me
2802 4863 3008 4918 tradat.
3073 4863 3419 4937 Specialiter
3478 4867 3691 4924 intelli-

2041 4947 2198 5017 gitur
2213 4947 2283 5002 de
2310 4948 2500 5004 Juda:
2534 4949 2882 5021 generaliter
2910 4959 3107 5008 autem
3140 4955 3211 5010 de
3239 4955 3488 5024 Judeis,
3533 4958 3593 5012 in
3626 4973 3687 5013 eo

2040 5041 2300 5108 tempore
2332 5054 2444 5109 quo
2503 5039 2809 5096 dicebant:
2863 5041 3146 5112 Cruciﬁge,
3196 5046 3457 5116 cruciﬁge
3513 5047 3685 5107 (Ιοωι.

2040 5143 2151 5193 x1x,
2183 5128 2258 5197 6).
2282 5126 2416 5182 Tale
2441 5144 2506 5184 os
2526 5131 2845 5200 peccatoris
2868 5131 2926 5185 in
2949 5132 3264 5189 Dominum
3283 5140 3559 5206 opertum
3580 5140 3682 5192 est.

2041 5219 2114 5269 Ut
2161 5219 2354 5270 autem
2385 5217 2629 5272 videatis
2656 5219 2810 5290 quod
2833 5221 2904 5276 de
2933 5221 3208 5279 omnibus
3257 5224 3482 5281 Judaeis
3520 5225 3676 5290 dixit,

2039 5319 2107 5358 ex
2143 5307 2636 5376 consequentibus
2691 5312 3072 5380 cognoscetis.
3097 5312 3248 5376 Quid
3279 5315 3437 5369 enim
3466 5313 3650 5369 dicit?

2110 5417 2138 5444 «
2173 5395 2372 5450 Locuti
2405 5401 2543 5451 sunt
2573 5398 2880 5453 adversum
2915 5415 3008 5455 me
3038 5400 3241 5475 lingua
3262 5402 3486 5459 dolosa.
3517 5428 3544 5453 ν
3567 5403 3680 5477 Ego

2037 5501 2141 5556 pro
2169 5483 2311 5556 ipsis
2342 5485 2742 5558 crucifigebar,
2771 5493 2826 5544 et
2846 5488 2930 5543 illi
2964 5490 3326 5547 insultabant
3355 5493 3520 5549 mihi.
3542 5493 3677 5548 Vul-

2035 5589 2174 5630 nera
2207 5590 2335 5629 mea
2366 5575 2656 5632 medicina
2685 5593 2883 5634 eorum
2925 5587 3112 5648 erant,
3172 5589 3230 5637 et
3281 5583 3526 5639 videbar
3570 5583 3676 5638 illis

2036 5667 2095 5722 in
2127 5666 2409 5724 derisum.
2441 5690 2461 5719 ¢
2498 5667 2567 5724 Et
2593 5669 2966 5727 sermonibus
2997 5672 3114 5729 odii
3165 5672 3671 5731 circumdederunt
