3976 6188
200 337 353 397 1225

1359 335 1860 398 BREVIARIUM
1918 335 1998 395 IN
2043 336 2445 398 PSALMOS..

3448 339 3609 401 1926

200 485 314 524 me.
352 488 375 518 ι
409 466 535 523 Non
570 470 635 522 ut
665 467 931 538 credant,
964 467 1066 523 sed
1101 470 1164 523 ut
1193 471 1545 539 expugnent.
1597 474 1631 516 ‹‹’
1658 472 1723 522 Et
1755 483 1848 523 ox-
1882 474 1935 534 Α
1968 464 2149 523 unum
2208 473 2439 523 tantum
2486 467 2740 524 habebat
2788 469 3134 525 daemonem.
3166 468 3613 527 Cruciﬁxit‘Do-

199 560 711 631 pugnaveruntme
726 556 928 630 gratis.
947 579 974 607 »
999 555 1323 629 Dupliciter
1342 556 1696 629 intelligitur
1712 575 1851 629 gra-

200 646 429 715 tis,hoc
460 646 705 715 est,sine
734 662 937 703 causa.
966 645 1720 717 Necenimpeccaveram,et
1738 662 1853 701 non

205 735 474 791 merebar
495 739 559 790 ut
580 733 940 791 debellarent
961 750 1073 789 me.
1098 736 1234 800 Quae
1256 738 1449 789 autem
1471 734 1649 806 digna
1677 751 1854 790 causa

200 829 326 882 erat
355 828 418 880 ut
446 829 969 896 expugnarent’me
991 824 1018 878 ‘l
1049 822 1193 887 Quia
1222 840 1566 887 sanaveram
1605 828 1853 896 aegrotos

198 930 426 983 eorum,
442 911 581 984 quia
601 916 866 970 mortuos
885 913 1388 978 resuscitaveram,
1403 913 1541 983 quia
1557 910 1671 967 alia
1687 912 1856 984 signa

200 1003 474 1059 feceram.
522 1000 723 1058 Videte
779 1018 916 1074 ergo
974 1002 1253 1073 quoniam
1316 1001 1498 1074 gratis
1555 1017 1851 1074 expugna.

198 1095 411 1147 verunt
429 1107 585 1146 eum.
611 1094 679 1146 Et
703 1090 873 1147 aliter
903 1089 1268 1163 intelligitur.
1292 1090 1616 1146 Voluerunt
1636 1090 1851 1146 exstin«

198 1197 379 1254 guere
407 1184 464 1236 et
493 1178 683 1236 delere
714 1196 927 1236 nomen
958 1196 1179 1251 meum,
1203 1184 1260 1235 et
1287 1184 1484 1235 tamen
1506 1196 1622 1236 non
1654 1183 1855 1252 potue-

202 1274 360 1326 runt.
385 1269 630 1335 Quando
660 1268 875 1340 aliquis
904 1268 1162 1341 aliquem
1196 1268 1589 1340 persequitur,
1622 1273 1681 1324 et
1707 1267 1853 1323 nihil

202 1359 452 1432 proﬁcit,
502 1362 559 1414 et
606 1375 720 1414 non
771 1357 977 1430 implet
1025 1358 1380 1415 desiderium
1429 1374 1625 1426 suum,
1671 1358 1853 1430 gratis

204 1447 594 1520 persequitur.

273 1561 299 1588 ‹‹
336 1541 444 1592 Pro
496 1552 562 1592 eo
611 1539 675 1591 ut
719 1551 812 1592 me
852 1535 1177 1607 diligerent,
1211 1536 1603 1591 detrahebant
1657 1535 1801 1590 mihi
1836 1552 1849 1591 :

202 1643 309 1699 ego
341 1631 534 1682 autem
565 1625 829 1681 orabam.
867 1647 892 1673 ››
943 1626 1049 1679 Pro
1097 1624 1398 1680 hrncﬁciis
1443 1641 1569 1696 quas
1601 1623 1685 1679 eis
1716 1640 1852 1679 con-

200 1715 473 1781 tuleram,
508 1714 619 1787 ipsi
650 1713 1038 1770 contumelias
1069 1714 1215 1769 mihi
1249 1714 1557 1770 faciebant.
1598 1718 1714 1785 Ego
1749 1730 1854 1768 au-

1963 557 2213 624 minum,
2244 562 2299 614 et
2346 563 2473 614 octo
2525 557 2708 614 simul
2738 556 2798 612 in
2852 574 2989 614 eam
3034 559 3327 615 daemones
3366 558 3618 632 ingressi

1960 651 2118 701 sunt.
2152 645 2464 717 Impletum
2496 651 2585 702 est
2632 661 2770 718 ergo
2810 648 2963 718 quod
3007 648 3152 704 dixit
3185 665 3197 702 :
3251 671 3280 699 ι(
3311 649 3616 707 Constitue

1962 751 2140 807 super
2168 752 2304 791 eum
2335 740 2719 808 peccatorem,
2754 739 2811 791 et
2840 734 3113 792 diabolus
3151 741 3265 793 stet
3314 754 3349 794 a
3395 722 3615 795 dextris

1962 825 2109 895 ejus.
2147 848 2169 875 ι
2223 824 2508 891 Quoniam
2558 842 2592 880 a
2638 825 2855 881 dextris
2904 825 3034 897 ejus
3083 824 3264 893 stetit,
3306 830 3616 899 propterea

1961 913 2269 987 Synagoga
2296 914 2512 970 siccam
2547 913 2800 970 habebat
2831 930 3074 971 manum
3106 910 3425 983 dexteram,
3459 915 3617 973 sicut

1962 1002 2245 1075 scriptum
2278 1003 2454 1060 estin
2484 1003 2796 1076 Evangelio
2847 1004 2997 1074 (Luc.
3032 1020 3109 1075 vr,
3142 1004 3218 1076 8).
3269 1004 3386 1060 Nos
3417 1008 3614 1083 autem

1962 1107 2216 1161 oremus,
2250 1098 2313 1148 ut
2361 1093 2646 1149 Dominus
2688 1097 2803 1149 stet
2831 1109 2866 1148 a
2895 1092 3114 1149 dextris
3144 1092 3386 1162 nostris,
3418 1093 3618 1151 diabo-

1960 1181 2054 1237 lus
2084 1186 2281 1238 autem
2312 1199 2344 1238 a
2373 1181 2652 1238 sinistris.
2701 1181 2992 1254 Scriptum
3043 1185 3133 1239 est
3177 1181 3240 1239 in
3288 1181 3615 1240 Zacharia:

1963 1271 2026 1324 Et
2063 1270 2302 1327 ostendit
2353 1271 2496 1326 mihi
2552 1273 2823 1327 Dominus
2876 1272 3060 1327 Iesum
3114 1270 3442 1328 sacerdotem
3505 1287 3624 1329 ma-

1960 1376 2155 1430 gnum,
2185 1362 2419 1415 stantem
2465 1374 2650 1414 coram
2696 1360 2891 1429 angelo
2937 1360 3181 1427 Domini,
3210 1366 3265 1416 et
3292 1359 3462 1415 Satan
3502 1363 3617 1415 sta-

1964 1448 2054 1503 bat
2080 1466 2114 1502 a
2142 1448 2352 1504 dextris
2379 1448 2520 1519 ejus,
2552 1457 2613 1503 ut
2638 1457 2915 1520 pugnaret
2943 1464 3072 1504 cum
3099 1465 3163 1505 eo
3203 1447 3388 1519 (Zach.
3421 1464 3506 1519 1H,
3541 1449 3620 1519 1).

1964 1536 2022 1592 Si
2052 1552 2190 1608 ergo
2221 1554 2255 1591 a
2283 1536 2503 1592 dextris
2533 1535 2803 1593 diabolus
2835 1541 2969 1603 stat,
3002 1537 3297 1610 quomodo
3337 1552 3497 1593 nunc
3546 1536 3618 1595 de

1960 1624 1991 1679 J
1999 1626 2115 1680 uda
2142 1625 2303 1694 dicit,
2327 1628 2377 1680 et
2406 1625 2659 1681 diabolus
2676 1634 2785 1681 stet
2811 1644 2846 1681 a
2874 1625 3084 1682 dewtris
3103 1626 3220 1695 eius
3238 1628 3265 1679 Ρ
3293 1625 3406 1682 Sed
3428 1624 3619 1689 videte

1963 1713 2101 1786 quid
2134 1715 2277 1770 dicit
2309 1732 2321 1769 :
2373 1715 2569 1770 Stabat
2616 1715 2865 1771 diabolus
2910 1732 2947 1771 a
2990 1714 3196 1771 dextris
3229 1719 3387 1781 Jesu,
3417 1724 3481 1771 ut
3509 1714 3614 1770 ad-

201 1810 316 1862 tem
349 1804 490 1877 quid
524 1803 807 1860 faciebam
828 1802 856 1858 7
906 1803 1165 1859 Orabam.
1218 1803 1344 1859 Haec
1373 1804 1513 1858 sunt
1540 1818 1706 1857 arma
1735 1802 1848 1857 Do-
1884 1837 1932 1903 Β
1960 1810 2267 1860 versaretur
2293 1804 2367 1872 ei,
2397 1802 2508 1858 hoc
2557 1807 2665 1868 est,
2698 1803 2944 1859 dextera:
2990 1804 3118 1875 ejus
3171 1803 3468 1861 adversari
3517 1820 3619 1861 vo-

204 1894 347 1950 mini
380 1911 394 1950 :
446 1893 569 1949 haec
610 1893 731 1948 sint
760 1898 816 1948 et
845 1897 1046 1948 nostra
1075 1909 1259 1961 arma,
1291 1891 1497 1948 oratio.
1528 1891 1585 1946 Si
1619 1891 1855 1963 quando
1884 1891 1929 1903 “’
1964 1891 2138 1948 lebat.
2172 1891 2272 1947 llic
2303 1895 2501 1947 autem
2535 1909 2647 1947 non
2681 1891 2842 1959 dicit,
2874 1892 3015 1964 quia
3043 1907 3308 1965 pugnare
3335 1891 3482 1962 vult,
3515 1893 3619 1950 sed

203 2000 339 2056 ergo
371 1999 477 2038 nos
510 1982 879 2055 persequitur
899 1981 1134 2053 aliquis,
1157 1987 1214 2037 et
1243 1980 1364 2038 odit
1395 1996 1521 2049 nos,
1546 1980 1813 2035 dicamus
1840 1996 1854 2037 :

204 2095 232 2122 α
265 2072 373 2128 Pro
406 2088 473 2128 eo
506 2077 568 2127 ut
597 2088 691 2126 me
718 2071 1047 2142 diligerent,
1070 2069 1456 2125 detrahebant
1484 2068 1649 2123 mihi.
1676 2090 1705 2117 ››
1737 2068 1855 2139 Ego

203 2163 398 2215 autem
429 2158 570 2231 quid
604 2158 936 2214 faciebam?
968 2158 1211 2213 Orabam
1235 2176 1252 2211 :
1286 2161 1350 2211 ut
1379 2172 1478 2212 eos
1508 2156 1800 2213 vincerem
1826 2154 1854 2211 ἱ)

201 2248 392 2303 Absit.
426 2246 712 2302 Dominus
762 2262 877 2301 non
921 2246 1125 2301 orabat
1163 2250 1228 2300 ut
1258 2246 1531 2301 vinceret.
1566 2244 1678 2300 Sed
1710 2244 1849 2315 quid

198 2336 396 2392 dixit?
431 2357 459 2389 α
486 2336 604 2407 Ego
635 2340 830 2390 autem
864 2335 1126 2390 orabam.
1163 2357 1189 2384 ››
1222 2334 1370 2398 Quid
1402 2334 1666 2389 dicebam
1692 2334 1720 2388 ‘t
1749 2335 1853 2388 Pa-

197 2430 306 2491 ter,
338 2425 550 2495 ignosce
596 2426 676 2479 eis
707 2442 726 2478 :
773 2423 912 2494 quod
959 2426 1109 2479 enim
1150 2424 1383 2495 faciunt,
1417 2424 1662 2479 nesciunt
1695 2424 1848 2494 (Luc.

203 2528 361 2581 um,
391 2512 505 2582 34).

275 2624 295 2649 ιι
333 2601 402 2655 Et
434 2605 759 2673 posuerunt
785 2602 1096 2657 adversum
1130 2616 1222 2657 me
1253 2599 1408 2656 mala
1446 2617 1552 2673 pro
1592 2600 1782 2657 nobis.
1815 2620 1846 2650 »

197 2691 265 2758 In_
294 2706 465 2746 cruce
496 2690 744 2761 positus,
779 2690 1055 2761 rogabam
1089 2706 1191 2762 pro
1223 2688 1702 2761 cruciﬁgentibus
1730 2702 1846 2759 me,

194 2784 255 2835 et
282 2778 370 2833 illi
399 2779 673 2835 dicebant
705 2795 718 2833 :
766 2779 914 2833 Vah!
942 2781 1040 2849 qui
1066 2779 1230 2834 solvis
1260 2778 1542 2849 templum,
1575 2781 1626 2833 et
1652 2779 1712 2832 in
1744 2778 1845 2832 tri-

199 2870 297 2924 bus
324 2867 518 2923 diebus
547 2866 695 2923 illud
724 2867 1049 2938 rcaediﬁcas.
1080 2867 1245 2923 Salva
1281 2868 1626 2939 temetipsum
1657 2868 1845 2939 (Marc.

194 2972 290 3025 xv,
310 2955 519 3025 29,30).
542 2956 607 3011 Si
628 2956 813 3026 diligit
832 2958 887 3011 te
911 2960 1094 3021 Pater,
1115 2957 1299 3011 veniat
1320 2973 1486 3023 nunc,
1508 2959 1558 3011 et
1579 2956 1768 3011 liberet
1798 2963 1849 3011 te

197 3045 406 3116 (Matth.
439 3060 615 3109 xxvn,
646 3045 757 3115 l13).
812 3044 927 3116 Ego
966 3060 1068 3115 pro
1096 3043 1244 3115 ipsis
1273 3060 1342 3098 ex
1371 3044 1621 3098 mortuis
1653 3060 1847 3099 resur-

199 3134 338 3203 rexi,
373 3138 431 3190 et
458 3132 544 3188 illi
574 3133 777 3189 dicunt
811 3149 823 3186 :
876 3133 1148 3203 Discipuli
1186 3132 1343 3187 illius
1373 3141 1641 3188 venerunt
1672 3145 1845 3201 nocte,

1965 1980 2105 2051 quia
2124 1982 2249 2051 jam
2280 1979 2499 2036 vicerat
2526 1979 2558 2034 J
2565 1980 2762 2035 udam.
2788 1979 3067 2037 Diabolus
3101 1980 3181 2036 ibi
3208 1985 3409 2037 contra
3429 1981 3623 2037 dexte-

1965 2084 2091 2125 ram
2120 2068 2414 2124 desiderat
2444 2084 2706 2141 pugnare
2736 2086 2749 2124 :
2801 2067 2897 2123 hic
2925 2072 3121 2124 autem
3156 2068 3498 2126 dominatus
3526 2073 3619 2126 est

1963 2158 2211 2213 dexterze
2241 2158 2429 2213 Judze.
2463 2158 2573 2213 Sed
2625 2161 2683 2212 et
2728 2157 2838 2213 hoc
2876 2157 3391 2214 considerandum.
3430 2160 3495 2214 In
3522 2156 3622 2214 illo
3654 2186 3655 2193 ι

1962 2249 2222 2316 tempore
2257 2246 2452 2301 stabat
2490 2264 2524 2302 a
2561 2246 2781 2302 dextris
2810 2244 3065 2315 Domini,
3098 2249 3164 2301 ut
3209 2246 3622 2325 adversaretur

1960 2334 2037 2401 ei,
2068 2335 2304 2406 quando
2331 2334 2502 2390 Jesus
2534 2334 2788 2390 habebat
2814 2334 3167 2392 vestimenta
3211 2335 3469 2393 sordida.
3521 2335 3616 2392 Sic

1959 2423 2117 2479 enim
2160 2427 2218 2479 et
2246 2422 2327 2478 ibi
2362 2423 2648 2496 scriptum
2693 2427 2827 2480 est:
2878 2425 2945 2479 Et
2992 2425 3149 2481 Jesus
3176 2423 3418 2481 habebat
3452 2426 3616 2481 vesti-

1957 2515 2142 2567 menta
2182 2511 2409 2568 sordida
2455 2513 2616 2583 (Ibid.
2650 2513 2724 2583 3).
2778 2512 3048 2579 Quandiu
3099 2513 3279 2570 habet
3326 2512 3615 2575 Dominus

1955 2600 2129 2657 Jesus
2158 2600 2503 2658 vestimenta
2532 2601 2788 2667 sordida,
2806 2602 3044 2679 'tamdiu
3097 2602 3214 2658 stat
3263 2601 3534 2659 diabolus
3573 2620 3609 2661 υ.

1957 2690 2175 2746 dextris
2226 2690 2397 2761 ejus;
2441 2688 2701 2761 quandiu
2752 2693 2946 2762 portat
2996 2694 3233 2762 peccata
3279 2694 3500 2760 nostra,
3544 2690 3607 2748 in

1957 2779 2221 2851 peccatis
2239 2777 2457 2834 nostris
2496 2778 2841 2833 adversatur
2887 2777 2971 2832 illi
3019 2777 3308 2835 diabolus.
3361 2779 3605 2845 Quando

1958 2875 2155 2923 autem
2187 2867 2402 2921 dicitur
2430 2866 2489 2920 in
2521 2864 2798 2921 Zacharia
2829 2883 2841 2921 :
2894 2867 3085 2922 Tollite
3131 2869 3452 2923 vestimenta
3488 2867 3608 2939 ejus

1956 2955 2197 3020 sordida,
2247 2958 2299 3010 et
2350 2953 2566 3009 induite
2610 2970 2735 3010 eum
2779 2957 3091 3011 mutatoriis
3140 2956 3298 3027 (Ibid.
3348 2956 3426 3029 4),
3468 2972 3609 3014 con-

1957 3045 2123 3100 tinuo
2153 3043 2297 3100 dicit
2325 3043 2498 3099 Jesus
2539 3043 2612 3098 ad
2652 3043 2953 3099 diabolum
2989 3060 3002 3098 :
3052 3047 3297 3117 Increpat
3326 3046 3607 3102 Dominus

1954 3136 2017 3190 in
2073 3138 2152 3203 te,
2210 3132 2470 3197 Satanas,
2522 3134 2762 3202 increpet
2826 3136 2876 3188 te
2927 3134 3023 3204 qui
3077 3134 3249 3207 elegit
3301 3136 3608 3192 Jerusalem

200 3227 254 3278 et
282 3224 464 3293 [arati
491 3231 619 3278 sunt
648 3238 776 3277 eum
823 3222 1047 3291 (Matth.
1079 3238 1277 3289 xxvm,
1312 3221 1420 3291 13).
1472 3244 1500 3271 ‹‹
1535 3223 1603 3276 Et
1646 3222 1847 3293 odium
1881 3205 1925 3274 C
1963 3222 2121 3293 (Ibid.
2153 3221 2227 3293 2).
2282 3220 2400 3276 Hoc
2430 3222 2622 3275 totum
2653 3220 2782 3276 ideo
2826 3220 3101 3292 diximus,
3135 3205 3276 3293 quia
3321 3223 3608 3296 scriptum

204 3328 305 3383 pro
365 3311 675 3368 dilectione
741 3325 890 3366 mea.
940 3334 969 3359 »
1030 3309 1364 3379 Considera,
1397 3326 1429 3365 ο
1484 3308 1848 3378 Christiane;

199 3401 525 3472 considera,
550 3401 592 3456 ὀ
623 3399 950 3466 monache;
1002 3398 1051 3455 si
1081 3399 1368 3455 Dominus
1417 3404 1852 3470 persecutorem

201 3507 377 3546 suum
411 3494 468 3545 et
496 3490 852 3562 proditorem
900 3487 1100 3545 osculo
1130 3487 1409 3559 suscepit,
1441 3491 1497 3543 et
1528 3504 1633 3560 pro
1663 3488 1851 3544 cruci-

202 3579 520 3651 ﬁgentibus
541 3593 676 3634 eum
698 3582 827 3634 orat
851 3595 865 3633 :
898 3592 1006 3633 nos
1037 3594 1138 3650 pro
1164 3576 1439 3633 fratribus
1460 3577 1677 3633 nostris
1710 3576 1852 3648 quid

211 3667 398 3724 facere
428 3669 711 3724 debemus
730 3668 758 3722 ‘t
1263 3702 1271 3721 ι
1324 3659 1337 3668 ’

277 3779 306 3806 ‹‹
339 3757 641 3813 Constitue
671 3771 850 3827 super
892 3772 1025 3811 eum
1071 3759 1453 3827 peccatorem.
1488 3776 1515 3805 »
1567 3753 1854 3819 Quoniam

203 3845 403 3918 rogavi
434 3861 537 3915 pro
568 3843 712 3915 ipsis
743 3844 803 3898 in
835 3860 1027 3908 cruce,
1050 3848 1106 3898 et
1134 3844 1406 3899 viderunt
1433 3842 1674 3898 vulnera
1705 3858 1855 3908 mea,

202 3932 338 3990 dedi
369 3931 454 3986 eis
484 3930 678 3987 locum
721 3930 1097 4002 paenitentiae,
1130 3936 1186 3986 et
1216 3947 1330 3986 non
1365 3936 1547 4003 agunt
1578 3932 1857 4002 poeniten-

204 4022 372 4089 tiam,
405 4024 464 4076 et
494 4037 587 4076 me
620 4019 830 4076 nolunt
868 4019 1081 4076 habere
1128 4036 1346 4093 regem,
1378 4019 1633 4075 habeant
1662 4035 1856 4090 regem

207 4110 507 4167 diabolum
543 4126 556 4165 :
605 4108 816 4187 nolunt
862 4108 1081 4165 habere
1125 4125 1317 4182 regem
1348 4108 1575 4179 Jesum,
1606 4108 1861 4164 habeant

208 4215 404 4272 regem
426 4200 777 4264 Barabbam,
797 4198 897 4270 qui
922 4198 1359 4269 interpretatur,
1373 4221 1401 4247 ‹‹
1423 4196 1582 4253 ﬁlius
1604 4197 1855 4268 patris,»

208 4288 318 4345 hoc
347 4292 436 4344 est
464 4287 700 4343 diaboli.
751 4288 1044 4343 Barabbas
1085 4286 1194 4343 iste
1232 4287 1367 4358 quis
1417 4286 1572 4341 fuit?
1616 4285 1859 4341 Seditio-

208 4394 313 4433 sus
342 4381 399 4431 et
429 4374 596 4430 latro.
631 4375 700 4429 Et
739 4390 870 4429 vere
914 4376 1240 4430 Barabbam
1292 4376 1509 4431 habent
1554 4392 1770 4447 regem,
1805 4377 1862 4430 et

207 4480 399 4538 usque
423 4463 485 4518 in
514 4462 862 4518 hodiernum
889 4462 1046 4517 diem
1077 4463 1423 4518 seditiosum
1456 4468 1514 4518 et
1545 4463 1860 4531 latronem,

1962 3314 2051 3367 est
2082 3328 2094 3366 :
2141 3334 2160 3360 α
2199 3310 2267 3365 Et
2293 3307 2564 3365 diabolus
2594 3313 2707 3365 stet
2731 3326 2767 3365 a
2792 3309 3010 3366 dextris
3038 3311 3186 3380 ejus.
3224 3332 3251 3359 ››

2041 3422 2068 3453 α
2096 3400 2242 3455 Cum
2266 3399 2588 3470 judicatur,
2620 3401 2785 3455 exeat
2813 3398 3259 3457 condemnatus.
3297 3421 3328 3450 »
3357 3400 3483 3457 Non
3514 3416 3609 3457 ve-

1963 3489 2087 3543 niat
2137 3488 2198 3543 in
2239 3486 2557 3558 judicium,
2605 3487 2707 3542 sed
2769 3486 2829 3541 in
2884 3488 3458 3546 condemnationem.
3503 3489 3611 3545 Ubi

1962 3577 2120 3633 enim
2159 3575 2449 3648 judicium
2482 3579 2590 3643 est,
2632 3574 2711 3630 ibi
2761 3575 3209 3644 condemnatio;
3261 3578 3361 3633 ubi
3412 3580 3611 3635 autem

1964 3664 2395 3731 condemnatio,
2438 3664 2565 3734 jam
2619 3664 2932 3720 manifesta
2986 3669 3075 3720 est
3121 3665 3434 3723 sententia.
3480 3689 3510 3718 ‹‹
3543 3666 3615 3723 Et

1964 3754 2147 3811 oratio
2168 3754 2296 3824 ejus
2315 3753 2417 3812 fiat
2436 3752 2493 3807 in
2519 3757 2839 3824 peceatum.
2860 3753 3424 3811 »PcenitentiaJudae
3444 3755 3614 3827 pejus

1965 3848 2267 3916 peccatum
2319 3841 2536 3897 factum
2585 3847 2694 3898 est.
2743 3843 3043 3906 Quomodo
3090 3844 3262 3915 pejus
3308 3848 3614 3915 peccatum

1966 3934 2187 3989 factum
2236 3935 2327 3987 est
2374 3931 2713 4003 pmnitentia
2758 3931 2971 3987 Judae?
3018 3931 3146 4000 Ivit,
3190 3936 3250 3987 et
3292 3932 3615 4003 suspendio

1966 4022 2157 4095 periit.
2189 4022 2259 4077 Et
2304 4020 2405 4092 qui
2456 4020 2717 4092 proditor
2768 4019 2994 4076 Domini
3041 4020 3231 4076 factus
3280 4024 3388 4088 est,
3422 4019 3516 4075 hic
3561 4023 3619 4075 et

1969 4112 2351 4183 interemptor
2381 4110 2476 4164 sui
2506 4108 2747 4164 exstitit.
2770 4112 2882 4164 Pro
2914 4107 3225 4165 clementia
3244 4108 3474 4165 Domini
3506 4107 3616 4165 hoc

1968 4200 2096 4255 dico
2130 4224 2142 4254 :
2196 4198 2336 4270 quia
2382 4196 2572 4268 magis
2601 4210 2669 4251 ex
2700 4195 2808 4251 hoc
2838 4196 3081 4251 offendit
3108 4196 3446 4264 Dominum,
3480 4196 3620 4269 quia

1970 4303 2033 4343 se
2065 4286 2391 4357 suspendit,
2416 4300 2595 4355 quam
2621 4283 2775 4355 quod
2799 4283 3113 4339 Dominum
3138 4284 3413 4356 prodidit.
3434 4288 3619 4357 Opor-

1969 4377 2129 4431 tebat
2150 4375 2467 4429 orationem
2492 4372 2681 4443 ipsius
2695 4388 2823 4428 esse
2848 4371 2908 4427 in
2931 4372 3355 4444 pmnitentiam,
3370 4378 3429 4430 et
3449 4390 3620 4433 versa

1970 4469 2061 4521 est
2097 4463 2157 4518 in
2203 4464 2522 4534 peccatum.
2556 4461 2733 4517 Vides
2764 4459 3101 4517 hareticum
3131 4466 3417 4529 orantem,
3450 4458 3616 4518 vides

210 4553 311 4628 qui
345 4552 559 4609 occidit
596 4550 755 4623 ipsos
783 4550 1033 4606 Iudaeos.
1066 4550 1362 4606 Barabbas
1392 4550 1561 4614 latro,
1594 4552 1694 4623 qui
1725 4569 1860 4607 san-
1890 4572 1938 4637 D
1968 4553 2263 4618 Judmum,
2296 4549 2457 4605 vides
2498 4549 2886 4605 Manichaaum
2921 4566 2934 4603 :
2986 4549 3122 4606 licet
3163 4544 3455 4622 jejunent,
3487 4549 3624 4606 licet

211 4641 387 4716 guine
403 4639 749 4710 delectatur,
764 4643 1081 4711 antequam
1094 4638 1376 4695 Dominus
1393 4639 1858 4711 cruciﬁgeretur:

213 4737 529 4803 antequam
575 4746 710 4785 eum
749 4728 1158 4800 crucifigerent
1182 4727 1392 4793 Judaei,
1425 4726 1688 4784 inclusus
1718 4733 1859 4785 erat.

214 4821 589 4893 Negaverunt
644 4816 974 4884 Dominum,
1009 4821 1067 4872 et
1106 4816 1403 4872 Barabbas
1452 4817 1735 4872 dimissus
1777 4821 1866 4873 est

215 4911 394 4981 (Joan.
438 4925 598 4977 xvm,
658 4908 767 4975 40).
821 4906 900 4960 Ex
945 4922 1011 4962 eo
1059 4905 1215 4961 enim
1263 4909 1525 4977 tempore
1574 4905 1867 4962 Barahbas

216 4999 393 5071 coepit
424 4997 481 5053 in
513 5013 612 5053 eos
645 4996 859 5051 habere
888 4998 1259 5067 potestatem,
1292 4999 1349 5049 et
1378 4993 1475 5050 ille
1506 4994 1735 5050 daemon
1766 4994 1867 5064 qui

217 5088 438 5158 ejectus
468 5086 656 5141 fuerat
692 5085 763 5140 de
810 5083 1069 5148 homine,
1102 5088 1159 5139 et
1205 5085 1276 5139 de
1324 5083 1425 5138 illa
1471 5082 1863 5155 generatione,

216 5181 273 5232 et
304 5173 750 5247 perambulabat
778 5173 837 5227 in
864 5173 1116 5238 deserto,
1140 5176 1198 5227 et
1227 5172 1422 5228 locum
1454 5172 1715 5228 invenire
1747 5188 1865 5228 non

216 5269 467 5338 poterat,
488 5263 731 5319 adduxit
753 5278 955 5318 secum
980 5261 1126 5318 alios
1151 5265 1373 5333 septem
1398 5260 1692 5318 dremones
1713 5262 1869 5334 pejo-

216 5369 311 5409 res
338 5369 399 5409 se
429 5356 484 5408 et
514 5351 758 5407 intravit
787 5351 844 5405 in
876 5351 1265 5423 Synagogam,
1297 5354 1353 5405 et
1383 5350 1536 5405 facta
1576 5356 1716 5405 sunt
1760 5367 1868 5406 no-

213 5440 458 5498 vissima
505 5439 762 5496 hominis
811 5438 972 5495 illius
1026 5440 1222 5511 pejora
1275 5439 1568 5511 prioribus
1600 5440 1754 5510 (Luc.
1787 5456 1867 5508 x1,

212 5531 329 5599 25).
381 5529 639 5599 Denique
688 5532 745 5584 et
792 5527 1100 5601 Synagoga
1155 5528 1492 5583 Judaeorum
1551 5532 1868 5601 antequam

216 5616 585 5692 crucifigeret
631 5616 970 5684 Dominum,
1003 5621 1127 5674 erat
1154 5616 1391 5692 quidem
1421 5616 1735 5692 peccatrix,
1767 5618 1869 5679 sed

503 5745 767 5809 Ριτιιυι.
812 5743 1026 5811 XXVI.

1971 4646 2155 4708 orent,
2214 4645 2410 4696 tamen
2479 4638 2665 4695 oratio
2730 4638 2994 4711 ipsorum
3052 4639 3297 4695 vertitur
3360 4639 3421 4694 in
3486 4654 3619 4713 pec-

1973 4736 2189 4788 catum.

2046 4844 2073 4869 ‹‹
2111 4819 2275 4874 Fiant
2303 4818 2428 4874 dies
2457 4818 2584 4887 ejus
2615 4816 2808 4889 pauci.
2841 4839 2870 4867 »
2927 4817 3061 4872 Dies
3099 4817 3229 4889 ejus
3267 4816 3438 4889 pauci
3484 4814 3625 4873 facti

1974 4915 2115 4967 sunt
2149 4926 2161 4965 :
2215 4912 2414 4964 noctes
2460 4923 2593 4963 vero
2644 4910 2971 4962 creverunt.
3006 4906 3297 4978 Receptus
3339 4909 3430 4962 est
3465 4904 3624 4962 enim

1975 4999 2035 5053 in
2066 4996 2311 5053 dimidio
2343 4996 2572 5051 dierum
2615 5011 2882 5050 suorum.
2915 4993 3012 5049 Sol
3062 4995 3135 5050 ab
3188 4994 3317 5066 ipso
3364 4993 3626 5064 recessit,

1974 5090 2030 5142 et
2061 5103 2192 5142 ecce
2223 5085 2473 5140 tenebrae
2503 5084 2555 5140 ei
2589 5080 2990 5154 multiplicata
3032 5086 3191 5139 sunt.
3243 5105 3271 5133 «
3306 5083 3376 5138 Et
3402 5083 3625 5156 episco-

1978 5181 2179 5247 patum
2239 5175 2368 5245 ejus
2420 5172 2667 5245 accipiat
2717 5169 2884 5227 alter.
2920 5193 2948 5221 ››
2997 5175 3116 5228 Hoc
3164 5176 3223 5227 et
3270 5172 3331 5228 in
3381 5171 3628 5229 Actibus

1977 5261 2375 5334 apostolorum
2407 5260 2781 5317 manifestius
2811 5260 3261 5333 interpretatum
3291 5266 3380 5317 est
3415 5261 3550 5333 (Act.
3585 5276 3627 5327 ι,

1976 5352 2085 5422 20).
2139 5351 2262 5406 Non
2314 5349 2503 5406 solum
2554 5354 2751 5405 autem
2805 5350 2864 5405 in
2920 5347 3017 5405 illo
3066 5354 3327 5423 tempore
3366 5350 3439 5406 de
3475 5348 3630 5406 Juda

1978 5441 2200 5496 dictum
2231 5444 2356 5507 est;
2409 5439 2511 5495 sed
2561 5455 2748 5511 usque
2792 5438 2966 5495 hodie
2995 5439 3231 5507 dicitur,
3262 5445 3322 5497 et
3349 5442 3539 5511 usque
3568 5439 3629 5492 in

1980 5528 2135 5585 diem
2156 5527 2389 5600 judicii.
2442 5528 2501 5582 Si
2550 5527 2675 5599 ipse
2714 5527 2899 5584 Judas
2928 5528 3320 5601 apostolatum
3352 5524 3626 5600 perdidit,

1980 5617 2314 5677 custodiant
2362 5632 2425 5674 se
2472 5616 2803 5675 sacerdotes
2851 5620 2908 5676 et
2954 5618 3233 5694 episcopi,
3274 5621 3340 5674 ut
3396 5630 3513 5672 non
3571 5617 3631 5677 et

3273 5741 3351 5811 39
