3976 6188
395 340 547 413 122⁵7

1875 343 2298 408 APPENDIX.

3635 351 3813 416 (228

389 485 504 558 ipsi
535 500 710 540 suum
738 483 1128 541 sacerdotium
1160 483 1428 555 perdant.
1461 481 1519 538 Si
1553 481 1852 554 apostolus
1883 480 2035 537 ceci-
2064 482 2121 549 Α
2149 496 2262 536 me.
2295 485 2416 536 Non
2449 496 2689 552 possum
2719 479 2874 536 enim
2906 478 2965 535 in
2996 479 3294 554 Scriptura
3321 481 3615 552 invenire,
3646 489 3813 558 quod

393 574 497 643 dit,
531 573 762 630 facilius
817 574 1140 630 monachus
1192 576 1385 644 potest
1428 571 1651 627 cadere.
1683 571 1886 626 Virtus
1920 587 2034 626 non
2145 571 2331 628 Judas
2363 569 2668 626 habuerit1
2703 573 2804 625 aut
2833 586 3094 635 uxorem,
3128 574 3229 626 aut
3258 571 3434 628 ﬁlios.

391 663 561 736 perit,
596 663 730 720 licet
757 665 932 720 homo
969 663 1139 719 cadat
1167 667 1224 718 et
1255 665 1468 733 pereat.
1502 663 1716 716 Tamen
1751 660 2034 715 Dominus

2221 683 2248 711 ‹‹
2279 661 2564 715 Nutantes
2587 659 3016 715 transferantur
3032 658 3135 713 filii
3155 661 3204 731 ej
3216 678 3304 732 us,
3320 667 3379 717 et
3401 665 3807 721 mendicent.-

391 753 664 811 denarios
692 770 830 810 suos
861 753 961 808 dat
990 752 1100 807 sub
1131 752 1345 806 fenore.
1385 750 1443 804 Si
1493 749 1590 805 ille
1619 765 1734 804 non
1765 748 2035 820 duplica-
2145 749 2460 822 Diligenter
2481 750 2875 804 considerate:
2901 749 3190 820 siquidem
3212 750 3482 807 difficilia
3506 759 3656 809 sunt
3678 771 3806 826 quae

391 847 559 914 verit,
610 843 897 916 accipitur
936 841 1185 914 pecunia
1228 842 1376 910 ejus,
1407 843 1464 894 et
1505 839 1741 894 dabitur
1769 836 2028 892 habenti.

390 933 642 993 Pecunia
669 931 902 988 Domini
932 931 1121 986 otiosa
1155 945 1283 984 esse
1314 945 1428 984 non
1461 932 1671 1000 potest.

455 1048 484 1075 ‹‹
518 1024 687 1080 Fiant
717 1019 819 1076 filii
849 1021 978 1091 ejus
1007 1017 1275 1091 orphani,
1307 1022 1364 1073 et
1403 1034 1546 1072 uxor
1592 1017 1720 1087 ejus
1767 1016 1960 1072 vidua.
1995 1037 2024 1065 »

379 1113 585 1169 Videte
614 1111 754 1184 quia
796 1113 1164 1166 sacramenta
1193 1111 1333 1164 sunt
1362 1123 1489 1179 qua:
1520 1106 1816 1162 dicuntur.
1851 1104 2024 1161 Filios

377 1204 538 1259 Judas
570 1217 716 1273 quos
758 1197 977 1272 putas?
1005 1198 1259 1253 Judaeos.
1290 1197 1360 1252 Et
1386 1195 1572 1251 Judazi
1600 1195 1876 1250 dicuntur
1907 1211 2022 1250 non

385 1294 455 1348 ab
488 1290 589 1346 illo
618 1289 773 1346 Juda
801 1292 1026 1354 sancto,
1059 1288 1160 1343 sed
1191 1287 1262 1342 ab
1295 1286 1405 1342 isto
1437 1285 1748 1356 proditore.
1796 1285 1874 1339 Ex
1923 1282 2021 1340 illo

376 1385 578 1439 sancto
609 1395 716 1435 nos
747 1395 954 1434 sumus
978 1376 1163 1432 Judaii
1195 1375 1565 1447 spirituales:
1601 1391 1669 1430 ex
1697 1373 1795 1429 illo
1821 1377 2019 1428 autem

370 1469 671 1543 proditore
712 1467 809 1523 isti
863 1470 1001 1521 sunt
1043 1465 1230 1520 Judazi
1282 1463 1580 1519 carnales.‘
1601 1463 1858 1533 Denique
1904 1461 2017 1516 duo

373 1563 514 1615 sunt
543 1556 812 1630 apostoli,
848 1554 946 1626 qui
978 1558 1260 1610 vocantur
1288 1553 1452 1608 Judas
1493 1551 1793 1608 vocabulo.
1828 1551 2016 1606 Unde-

369 1647 562 1703 cimus
594 1643 893 1717 apostolus
922 1647 1029 1713 est,
1054 1642 1152 1714 qui
1186 1640 1605 1696 diciturJudas
1631 1639 1831 1696 Jacobi
1863 1641 2012 1711 (Luc.

368 1752 447 1803 v1,
501 1736 611 1806 16).
667 1731 1054 1788 Duodecimus
1111 1735 1305 1786 autem
1362 1735 1470 1796 est,
1519 1734 1576 1786 et
1636 1729 2011 1784 novissimus.

373 1825 475 1896 qui
503 1827 746 1918 vpcatur
772 1821 958 1918 Judas
990 1821 1296 1918 lscariqtes
1604 1819 1685 1918 Ex
1731 1817 1829 1874 illo
1877 1833 2065 1918 ergoB

359 1912 514 1966 Juda
529 1909 730 1966 Jacobi
761 1925 870 1965 nos
898 1908 1153 1964 dicimur
1173 1907 1361 1963 Judaei
1389 1907 1729 1979 spirituales
1753 1932 1767 1975 ;
1800 1923 1870 1963 ex
1897 1907 2009 1962 isto

367 2004 565 2056 autem
605 1999 878 2055 Iscariote
923 1996 1010 2052 illi
1057 1998 1334 2052 dicuntur
1368 1996 1555 2052 Judzei
1595 1997 1877 2053 carnales.
1912 1995 2012 2052 Ille

367 2089 554 2146 Judas
620 2092 786 2161 pater
858 2090 1058 2144 noster
1129 2085 1346 2142 dicitur
1408 2085 1643 2155 Jacobi,
1712 2086 1821 2141 hoc
1889 2090 2009 2154 est,

367 2179 557 2235 Judas
608 2177 767 2234 filius
815 2175 1300 2249 supplantatoris.
1335 2179 1450 2232 Nos
1481 2176 1635 2233 enim
1668 2175 2012 2248 supplanta-

367 2269 565 2324 vimus
593 2266 876 2340 papulum
903 2266 1238 2321 Judaeorum
1271 2269 1327 2321 et
1357 2265 1689 2338 accepimus
1721 2265 2014 2337 primitiva

364 2356 645 2423 illorum;
695 2354 779 2408 illi
828 2359 1023 2409 autem
1081 2371 1149 2408 ex
1197 2354 1472 2409 Iscariote
1527 2353 1820 2425 dicuntur,
1856 2353 2010 2425 quod

366 2443 618 2498 dubium
649 2447 756 2513 est,
791 2459 864 2496 an
904 2447 1128 2514 patrem
1177 2441 1490 2513 significet,
1521 2459 1595 2498 an
1630 2441 1826 2498 villam
1859 2443 2007 2512 ejus.

363 2531 674 2598 Caeterum,
737 2531 1267 2602 quomodocunque
1333 2530 1747 2602 interpretatus
1809 2530 2008 2598 fueris,

366 2634 593 2677 merces
636 2619 1051 2692 interpretatur
1088 2627 1142 2675 et
1174 2619 1447 2691 pretium.
1483 2619 1668 2692 Igitur
1693 2620 1876 2675 Judas
1908 2620 2008 2691 qui

361 2709 704 2783 proditurus
733 2713 857 2766 erat
885 2707 1221 2778 Dominum,
1254 2713 1310 2764 et
1339 2709 1591 2780 pretium
1642 2715 2007 2781 accepturus,

359 2800 430 2856 de
460 2798 646 2872 pretio
679 2815 891 2855 nomen
925 2798 1164 2870 accepit.
1201 2797 1354 2854 Licet
1384 2797 1703 2854 reddiderit
1751 2798 2007 2870 pretium

362 2888 767 2946 sacerdotibus
785 2888 1147 2953 Judaeorum,
1165 2888 1265 2942 sed
1290 2892 1484 2942 tamen
1508 2886 1590 2942 illi
1614 2887 2009 2943 condemnant

358 2993 517 3050 eum,
549 2976 827 3049 quoniam
860 2976 1068 3032 nolunt
1105 2975 1358 3048 recipere
1391 2976 1644 3048 pretium
1677 2977 2002 3049 sanguinis.

357 3067 562 3124 Videte
591 3065 1016 3122 dissensionem
1051 3063 1475 3120 Pharisszorum
1519 3069 1575 3120 et
1604 3065 2005 3122 infelicitatem

357 3155 543 3213 Judaa.
577 3154 637 3210 Si
684 3155 830 3210 bene
879 3153 1106 3208 emistis
1152 3153 1500 3226 sanguinem
1542 3153 1772 3220 Jesum,
1825 3170 2006 3226 quare

2142 843 2487 909 sequuntur.
2521 838 2601 892 Ex
2649 837 2747 892 illo
2789 843 3047 909 tempore
3088 855 3155 894 ex
3193 856 3309 911 quo
3339 840 3642 899 Dominus
3670 861 3802 900 cru-

2140 927 2346 983 cifixus
2375 932 2482 995 est,
2517 944 2585 983 ex
2629 932 2768 982 tunc
2813 943 3044 999 semper
3091 934 3402 986 moventur
3430 933 3653 994 Judaei,
3689 952 3797 990 non

2137 1021 2296 1073 stant
2325 1018 2384 1072 in
2415 1034 2522 1073 suo
2554 1016 2698 1073 loco.
2734 1016 2989 1087 Denique
3037 1017 3250 1073 dicitur
3285 1023 3340 1074 et
3373 1021 3446 1075 de
3479 1021 3630 1076 Cain
3669 1041 3682 1078 :
3738 1028 3797 1080 Et

2132 1108 2292 1177 exiit,
2327 1106 2538 1178 inquit,
2572 1107 2706 1161 Cain
2753 1123 2785 1160 (ι
2829 1107 2971 1177 facie
3010 1109 3128 1173 Dei,
3163 1115 3211 1162 et
3242 1107 3527 1165 habitavit
3561 1112 3624 1166 in
3659 1121 3796 1169 terra

2133 1195 2246 1250 Nod
2286 1196 2440 1266 (Gen.
2474 1213 2548 1265 IV,
2583 1197 2708 1266 16);
2761 1195 2885 1250 Nod
2935 1201 3131 1250 autem
3180 1195 3618 1270 interpretatur
3666 1217 3800 1257 coni»

2129 1287 2317 1340 motio.
2351 1284 2497 1349 Quia
2525 1300 2796 1356 egressus
2828 1284 3016 1340 fuerat
3058 1301 3092 1338 a
3124 1284 3267 1341 facie
3301 1286 3400 1341 Dei
3433 1288 3610 1359 Cain,
3648 1297 3797 1346 recte

2130 1389 2248 1428 non
2279 1373 2460 1439 stetit,
2494 1373 2592 1429 sed
2624 1372 2908 1428 habitavit
2937 1373 2994 1428 in
3037 1377 3194 1428 terra
3231 1375 3378 1442 Nod,
3437 1375 3558 1432 hoc
3604 1385 3701 1434 est
3745 1382 3799 1435 in

2129 1462 2538 1517 commotione.
2574 1463 2659 1517 lta
2689 1461 2870 1534 igitur
2899 1467 2956 1516 et
2994 1462 3111 1529 isti,
3145 1463 3429 1534 quoniam
3485 1468 3794 1524 crueiﬁxe-

2127 1553 2266 1605 runt
2289 1551 2473 1606 Deum
2496 1555 2546 1605 et
2571 1549 2884 1606 Dominum
2909 1567 3105 1622 suum,
3131 1556 3410 1609 nutantes
3435 1556 3798 1612 transferen-

2125 1642 2237 1694 tur.
2271 1643 2398 1696 Non
2428 1639 2583 1694 enim
2616 1644 2754 1695 sunt
2784 1639 2843 1694 in
2875 1638 2999 1696 suis
3029 1639 3192 1710 locis,
3226 1642 3326 1697 sed
3363 1642 3424 1697 in
3470 1648 3604 1699 toto
3655 1647 3790 1701 orbe

2123 1727 2290 1783 divisi
2326 1733 2486 1784 sunt.
2517 1727 2947 1783 Mendicitatem
2980 1727 3076 1783 hic
3106 1729 3247 1784 dicit
3288 1730 3650 1789 divitiarum
3682 1736 3790 1807 spi-

2121 1815 2448 1871 ritualium.
2479 1817 2602 1872 Non
2624 1816 2780 1871 enim
2812 1815 3030 1872 habent
3055 1818 3395 1890 prophetas,
3422 1838 3551 1878 non
3576 1823 3786 1879 habent

2122 1896 2330 1977 legem,
2365 1923 2480 1961 non
2513 1907 2730 1961 habent
2760 1905 3170 1972 sacerdotium,
3204 1925 3318 1965 non
3351 1909 3592 1968 habent
3618 1915 3787 1968 sacri-

2122 1993 2341 2062 ﬁcium,
2372 1993 2473 2049 sed
2504 1995 2917 2050 vere‘mendici
2947 1995 3081 2050 facti
3114 2002 3271 2052 sunt.

2194 2107 2222 2134 «
2254 2084 2560 2139 Scrutetur
2584 2085 2872 2140 fenerator
2891 2101 3123 2141 omnem
3145 2087 3562 2145 substantiam
3585 2092 3733 2162 ejus.
3753 2117 3779 2140 ιι

2121 2172 2343 2228 Dedisti
2393 2171 2477 2226 illi
2521 2173 2830 2244 pecuniam
2863 2172 3153 2229 Domine:
3207 2175 3429 2232 dedisti
3487 2179 3580 2234 illi
3631 2182 3782 2236 sicut

2121 2265 2177 2316 et
2205 2259 2356 2316 aliis.
2393 2261 2496 2317 Ille
2525 2266 2721 2317 autem
2753 2261 2892 2333 quid
2927 2262 3108 2317 fecit?
3151 2263 3273 2319 Non
3315 2264 3537 2338 ligavit
3583 2270 3636 2323 in
3685 2286 3782 2325 su-

2121 2349 2303 2407 dario.
2349 2354 2405 2406 et
2436 2367 2551 2406 non
2585 2342 2793 2405 infodit
2822 2355 3008 2418 terrae,
3041 2354 3100 2406 et
3129 2353 3440 2426 negligens
3474 2357 3595 2412 iuit
3623 2362 3777 2428 (Lac.

2121 2455 2233 2509 XIX,
2259 2439 2482 2511 20seq.)
2512 2465 2526 2508 ;
2559 2440 2658 2494 sed
2694 2438 2793 2494 ubi
2822 2439 3030 2495 habuit
3054 2440 3337 2498 talentum
3372 2449 3435 2500 et
3467 2450 3778 2518 pecuniam

2119 2528 2370 2599 Domini,
2413 2529 2635 2600 accepit
2685 2528 2936 2600 pretium
2992 2530 3064 2584 ab
3114 2530 3369 2588 inimicis
3424 2535 3696 2603 Domini,
3725 2544 3784 2594 et

2117 2617 2378 2673 vendidit
2413 2617 2724 2672 Dominum
2756 2634 2950 2672 suum.
2976 2619 3287 2691 Propterea
3316 2622 3425 2677 tibi
3457 2624 3597 2681 dico
3628 2645 3644 2682 :
3676 2627 3780 2682 Do-

2119 2707 2296 2774 mine,
2329 2705 2492 2779 exige
2541 2707 2611 2762 ab
2660 2705 2761 2763 illo
2805 2708 2975 2764 fenus
3023 2711 3280 2780 pecunias
3334 2715 3472 2767 tuae.
3527 2738 3556 2764 κ
3594 2717 3668 2771 Et
3700 2717 3784 2771 di-

2118 2795 2334 2867 ripiant
2362 2795 2536 2850 alieni
2566 2795 2793 2852 labores
2833 2797 2980 2868 ejus.
3016 2820 3045 2847 »
3095 2798 3415 2855 Feneratur
3459 2803 3782 2876 Dominus,

2117 2884 2425 2940 manifeste
2454 2884 2653 2956 exigit,
2687 2889 2745 2939 et
2772 2885 2911 2957 quid
2947 2886 3165 2942 factum
3204 2889 3340 2943 est?
3384 2889 3567 2946 Alieni
3617 2892 3784 2948 diri-

2116 2973 2276 3045 pient
2304 2972 2532 3029 labores
2561 2974 2710 3045 ejus.
2745 2974 2876 3030 Sive
2905 2976 2976 3031 de
3005 2976 3282 3032 omnibus
3318 2978 3536 3036 Judais
3585 2999 3785 3054 gene-

2117 3062 2315 3119 raliter
2343 3062 2748 3136 intelligimus,
2783 3064 2922 3135 quia
2965 3066 3170 3121 vastati
3217 3072 3357 3123 sunt
3401 3087 3436 3124 a
3466 3069 3778 3143 Romanis,

2119 3153 2240 3208 sive
2279 3151 2625 3224 specialiter,
2659 3154 2814 3225 quod
2863 3171 2897 3209 a
2945 3155 3310 3212 daemonibus
3359 3158 3634 3232 direptus
3692 3169 3778 3218 est

364 3259 482 3299 non
513 3242 813 3315 recepistis
843 3241 1149 3316 pecuniam
1182 3224 1434 3297 vestram
1455 3241 1483 3295 ‘I
1532 3242 1592 3298 Si
1643 3224 1859 3298 autem-
1891 3260 2006 3300 non
2037 3224 2080 3292 C
2117 3242 2322 3310 Judas,
2357 3247 2412 3297 et
2445 3241 2570 3314 ipse
2600 3224 2872 3315 populus.

356 3331 538 3389 vultis
587 3332 845 3405 recipere
896 3331 1173 3404 quoniam
1232 3331 1482 3404 pretium
1544 3332 1851 3405 sanguinis
1895 3337 2003 3401 est,

363 3421 673 3480 ostenditis
718 3421 1106 3493 vosmetipsos
1155 3421 1371 3491 injuste
1402 3425 1460 3476 et
1502 3420 1701 3492 inique
1731 3422 2006 3478 effudisse

351 3511 723 3583 sanguinem.
753 3511 865 3566 Sed
911 3511 1043 3566 vide
1091 3509 1230 3583 quid
1265 3510 1504 3566 faciunt.
1538 3510 1752 3582 Ipsam,
1785 3510 2000 3583 inquit,

353 3600 664 3673 pecuniam
697 3616 811 3655 non
842 3599 1083 3655 mittunt
1111 3600 1171 3654 in
1201 3599 1538 3667 corbonam,
1574 3601 1672 3656 sed
1701 3606 1906 3656 emunt
1936 3617 2004 3656 ex

357 3688 490 3760 ipsa
535 3703 766 3760 agrum,
797 3693 854 3742 et
901 3687 1198 3760 appellant
1243 3705 1378 3744 eum
1426 3689 1807 3758 Akeldamah,
1843 3692 1999 3762 quod

358 3776 782 3850 interpretatur
825 3779 1071 3848 pretium
1114 3779 1405 3846 sanguinis
1455 3779 1657 3845 (Matth.
1710 3796 1889 3847 xxvu,
1935 3782 1998 3835 5-

355 3867 466 3939 10).
497 3866 684 3930 Quare
714 3863 883 3920 illum
915 3870 1120 3920 emunt
1143 3865 1170 3920 ‘I
1219 3867 1282 3920 In
1327 3867 1693 3938 sepulturam
1747 3869 1999 3940 peregri-

351 3971 585 4012 norum.
639 3955 756 4010 Nos
803 3954 958 4024 beati
989 3953 1206 4025 quibus
1236 3955 1306 4009 de
1337 3943 1520 4026 pretio
1551 3957 1860 4029 sanguinis
1890 3963 1998 4013 Do-

351 4045 499 4101 mini
521 4060 660 4118 ager
675 4043 909 4100 emitur.
941 4065 969 4094 «
991 4043 1062 4098 Et
1087 4059 1233 4098 uxor
1253 4044 1382 4114 ejus
1413 4043 1605 4098 vidua.
1632 4066 1660 4094 »
1692 4046 1999 4119 Synagoga

353 4151 481 4207 qua;
513 4134 706 4206 prima
735 4133 888 4188 facta
929 4136 1017 4188 est
1063 4148 1207 4187 uxor
1253 4131 1375 4203 Dei,
1409 4132 1480 4186 de
1528 4149 1644 4204 qua
1693 4134 1884 4191 dixit:
1937 4137 2002 4192 Et

350 4223 499 4278 dedit
526 4223 616 4277 illi
646 4221 893 4278 libellum
922 4219 1139 4292 repudii
1167 4221 1345 4291 (Deut.
1370 4237 1520 4290 xxxv,
1546 4220 1617 4290 1).
1644 4220 1712 4274 Et
1741 4219 1952 4277 iterum
1980 4241 1992 4278 :

348 4311 543 4382 Recepi
569 4325 716 4378 eam,
750 4318 804 4365 et
843 4309 972 4365 dixi
1016 4309 1107 4364 illi
1134 4326 1152 4361 :
1203 4307 1523 4364 Convertere
1567 4309 1637 4362 ad
1666 4326 1751 4364 me
1779 4309 1992 4380 (Jerem.

347 4417 432 4470 ιιι,
468 4399 540 4470 1).
573 4397 680 4454 Illa
707 4414 844 4470 ergo
875 4398 1183 4470 Synagoga
1212 4398 1522 4470 repudium
1564 4399 1784 4472 accepit
1815 4418 1848 4455 a
1875 4401 1994 4456 Sal-

342 4492 560 4557 vatore,
593 4493 651 4544 et
679 4489 832 4544 facta
862 4493 949 4542 est
983 4504 1129 4542 uxor
1153 4487 1317 4542 Judas
1362 4487 1697 4559 proditoris.
1733 4489 1994 4562 Denique

340 4578 483 4650 quid
537 4577 718 4633 fecit?
766 4576 890 4632 Non
922 4576 1144 4648 accepit
1171 4576 1393 4644 dotem,
1421 4577 1520 4632 sed
1556 4577 1749 4633 dotem
1784 4579 1992 4635 marito
2022 4592 2069 4657 Ι)

339 4684 447 4724 suo
478 4666 656 4722 dedit.
683 4669 902 4721 Iterum
935 4669 1130 4720 autem
1160 4664 1256 4720 ille
1287 4665 1656 4722 miserrimus
1677 4667 1862 4723 Judas
1890 4669 1990 4739 qui

335 4755 598 4829 prodidit
610 4755 946 4820 Dominum,
963 4771 1075 4809 non
1099 4753 1223 4809 vult
1243 4753 1504 4826 accipere
1525 4755 1738 4810 malam
1762 4757 1984 4813 dotem:

337 4844 440 4900 sed
475 4843 731 4900 reddidit
780 4841 1070 4898 meretrici
1121 4842 1283 4897 uxori
1332 4841 1549 4898 malam
1582 4844 1777 4900 dotem
1809 4862 1986 4918 quam

337 4933 559 5006 accepit
589 4925 677 4987 ab
728 4931 848 4988 illa.
885 4932 952 4986 Et
999 4931 1140 5002 quid
1183 4931 1368 4986 dicit?
1419 4932 1777 5004 Displicuisti
1809 4935 1987 5006 priori

336 5027 438 5078 tuo
472 5022 704 5091 marito,
737 5021 1064 5093 repudiavit
1091 5025 1172 5088 te,
1205 5025 1264 5075 et
1312 5020 1576 5091 projecit,
1608 5027 1664 5077 et
1692 5023 1852 5078 dedit
1879 5024 1985 5080 tibi

337 5108 606 5165 libellum
653 5109 901 5182 repudii.
935 5109 1051 5181 Ego
1103 5109 1234 5164 nolo
1277 5112 1333 5164 te
1379 5109 1592 5165 habere
1630 5111 1687 5164 in
1723 5129 1982 5168 uxorem.

339 5198 562 5254 Dedisti
617 5198 762 5254 mihi
812 5199 1088 5271 pretium,
1137 5203 1195 5253 et
1241 5197 1516 5269 decepisti
1569 5215 1682 5254 me.
1741 5201 1810 5255 Et
1856 5217 1984 5271 quae

337 5286 683 5343 interfecisti
735 5287 1047 5343 Dominum
1099 5292 1279 5344 Deum
1331 5292 1524 5353 tuum,
1565 5287 1882 5346 interﬁcies
1928 5296 1986 5347 et

411 5428 690 5503 ‘Juvabit
745 5428 1061 5486 recoluisse
1111 5447 1237 5502 quae
1297 5429 1475 5485 tradit
1529 5429 1876 5503 Euthymius
1922 5434 1979 5488 in

335 5501 495 5558 hunc
524 5498 740 5554 locum.

2189 3355 2216 3381 ‹‹
2252 3331 2377 3388 Non
2409 3331 2487 3386 sit
2515 3330 2601 3386 illi
2632 3332 2882 3402 adjutor,
2908 3350 3013 3389 nec
3043 3334 3121 3390 sit
3149 3334 3249 3407 qui
3282 3337 3648 3398 misereatur
3676 3359 3774 3414 pu-

2115 3420 2272 3492 pillis
2324 3423 2471 3492 ejus.
2505 3440 2533 3472 ι
2587 3422 2647 3476 In
2694 3420 2793 3476 illo
2833 3426 3095 3495 tempore
3126 3440 3237 3480 non
3275 3424 3493 3483 habuit
3527 3431 3773 3504 populus

2112 3511 2448 3565 Judzeorum
2507 3510 2855 3580 adjutorem.
2894 3513 3257 3584 Respondete
3290 3515 3466 3586 mihi,
3499 3536 3536 3574 o
3561 3521 3767 3577 Judaei.

2114 3599 2330 3654 Fuistis
2361 3600 2419 3654 in
2451 3598 2768 3671 Babylonia
2801 3617 2814 3654 :
2847 3599 3137 3658 habuistis
3169 3603 3246 3658 ibi
3279 3606 3625 3678 prophetas,
3657 3609 3765 3666 Da-

2109 3688 2250 3756 niel,
2284 3688 2568 3754 Ezechiel,
2599 3694 2656 3744 et
2686 3705 2883 3745 revera
2929 3690 3246 3746 idololatrai
3279 3696 3489 3752 eratis.
3524 3699 3764 3771 Septua-

2109 3779 2274 3852 ginta
2303 3779 2473 3833 annis
2505 3777 2698 3834 fuistis
2731 3778 2788 3832 in
2821 3779 3177 3852 captivitate,
3200 3787 3258 3837 et
3288 3789 3499 3855 postea
3526 3788 3758 3843 venistis

2133 3887 2166 3924 n
2217 3867 2471 3940 propria.
2513 3868 2654 3923 Ecce
2703 3885 2858 3923 nunc
2891 3869 3289 3942 quadringinti
3349 3875 3562 3941 anni’,
3589 3893 3758 3949 qum

2109 3975 2225 4013 non
2256 3962 2346 4013 est
2374 3957 2593 4013 missus
2625 3957 2696 4012 ad
2728 3974 2829 4012 vos
2860 3957 3141 4031 prepheta
3163 3959 3192 4014 ?
3231 3964 3296 4016 In
3347 3962 3453 4018 illo
3507 3969 3758 4039 tempore

2107 4046 2262 4103 idola
2309 4045 2604 4112 colebatis,
2638 4051 2694 4101 et
2741 4047 3129 4102 miserebatur
3178 4051 3352 4105 vestri
3386 4052 3565 4109 Deus.
3599 4056 3754 4112 Nunc

2107 4141 2302 4190 autem
2336 4153 2451 4190 non
2483 4135 2673 4190 colitis
2703 4134 2877 4203 idola,
2911 4152 3090 4207 quare
3141 4137 3449 4212 dereliquit
3495 4159 3599 4197 vos
3642 4145 3756 4199 Do-

2107 4225 2352 4279 minus?
2397 4225 2541 4279 Ecce
2589 4224 3002 4297 quadringenti
3057 4227 3197 4282 anni
3250 4235 3400 4284 sunt.
3442 4231 3550 4284 Sed
3606 4236 3755 4288 tunc

2105 4312 2502 4385 dereliquistis
2549 4313 2884 4382 Dominum,
2918 4319 2974 4369 et
3012 4315 3167 4371 idola
3219 4317 3490 4374 colebatis
3523 4337 3542 4376 ι
3595 4337 3756 4377 nunc

2103 4405 2296 4459 autem
2328 4400 2634 4458 Dominum
2659 4402 3030 4458 crucifixistis
3049 4408 3108 4459 et
3130 4404 3530 4478 interfecistis,
3552 4415 3616 4466 et
3634 4410 3757 4467 ideo

2104 4508 2218 4547 non
2251 4491 2362 4546 erit
2392 4491 2556 4546 vobis
2587 4491 2840 4562 adjutor.

2175 4603 2202 4630 ‹‹
2236 4581 2301 4636 In
2332 4580 2704 4652 generatione
2736 4597 2854 4636 una
2882 4580 3146 4639 deleatur
3175 4601 3388 4641 nomen
3445 4589 3600 4660 ejus.
3632 4611 3660 4642 ι
3707 4589 3747 4646 0

2101 4669 2424 4742 prophetia,
2459 4685 2490 4723 o
2525 4674 2956 4725 sacramentum
3001 4672 3357 4745 prophetiae!
3417 4700 3447 4728 «
3483 4677 3550 4734 In
3584 4697 3745 4754 gene-

2099 4758 2320 4814 ratione
2343 4774 2460 4812 una
2485 4756 2749 4813 deleatur
2774 4775 2983 4815 nomen
3007 4761 3154 4831 ejus.
3187 4785 3214 4810 »
3246 4767 3386 4818 Post
3417 4770 3742 4837 passionem

2101 4846 2342 4915 Domini,
2376 4846 2767 4918 quadraginta
2818 4848 2933 4903 duo
2982 4850 3122 4904 anni
3165 4852 3541 4911 transierunt
3571 4867 3626 4913 et
3657 4874 3741 4931 po-

2097 4936 2273 5008 pulus
2304 4935 2402 4991 ille
2433 4934 2658 4991 deletus
2687 4940 2793 4991 est.
2821 4937 3123 5008 Siquidem
3156 4942 3412 5011 perfecta
3442 4951 3591 5002 aetas
3620 4965 3742 5020 qua.

2095 5025 2427 5096 dragesimo
2480 5040 2634 5079 anno
2681 5025 2856 5080 venit.
2891 5025 3027 5081 Post
3081 5030 3417 5099 passionem
3463 5051 3609 5107 ergo
3647 5041 3738 5092 Do-

2095 5112 2239 5168 mini
2272 5112 2718 5185 quadragesimo
2749 5115 3006 5170 secundo
3033 5133 3186 5172 anno
3212 5117 3404 5175 deleta
3435 5129 3528 5178 est
3559 5123 3737 5180 Hiem-

2093 5206 2336 5274 solyma.
2372 5201 2573 5256 Videte
2622 5217 2758 5274 ergo
2807 5205 3087 5274 quoniam
3128 5207 3185 5261 in
3217 5211 3596 5278 generatione
3628 5229 3734 5267 una

2093 5289 2347 5346 deletum
2380 5295 2468 5346 est
2498 5307 2710 5345 nomen
2741 5292 2888 5362 ejus.
2939 5295 3047 5349 Sed
3081 5300 3137 5351 et
3177 5296 3234 5351 in
3281 5297 3390 5354 hoc
3437 5299 3733 5356 clementia

2092 5433 2192 5516 Est
2220 5431 2542 5516 tamen‘hic
2571 5431 2750 5516 Ilocus
2783 5438 2847 5516 _et
2879 5435 2936 5489 in
2965 5437 3405 5516 aquicinctensi
3439 5458 3555 5516 ms.
3587 5443 3722 5516 apud

2091 5504 2348 5561 Martene
2403 5504 2717 5559 Anecdotor.
2777 5510 2918 5560 tom.
2973 5504 3072 5576 IX,
3133 5509 3234 5564 ubi
3284 5510 3505 5568 Hilario
3556 5504 3721 5570 Pictao

405 5575 428 5608 ²
456 5571 617 5653 Quod
663 5570 898 5653 sequior
942 5572 1077 5653 ista
1105 5571 1441 5653 Hieronymi
1486 5577 1652 5629 aetate
1683 5575 1779 5653 sit,
1814 5592 1977 5653 reum
2087 5576 2293 5653 viensi,
2326 5577 2538 5653 seniqri
2587 5575 2809 5653 scilicet
2825 5579 3016 5653 _P_atri,
3043 5570 3190 5653 opus
3222 5583 3562 5641 ascribitur.
3593 5586 3720 5653 Vide

333 5643 596 5705 ementiti
643 5643 899 5701 nominis
937 5643 1500 5706 tractatorem'hunc
1529 5650 1712 5718 agunt
1738 5648 1975 5704 eruditi.

2089 5664 2217 5725 quas
2247 5648 2306 5705 in
2339 5647 2573 5722 priefixa
2603 5647 3000 5708 admonitione
3030 5647 3436 5718 observamus.
