3976 6188
174 313 329 372 1229

1351 311 1852 376 BBEVIARIUM
1897 315 1975 374 ΙΝ
2019 311 2402 374 PSALMOS.

3423 316 3449 372 1
3463 315 3581 375 230

171 448 259 500 est
287 442 972 501 Domini.Cruciﬁxerunt
999 452 1228 517 eum,et
1257 447 1645 519 quadraginta
1672 447 1819 502 duos
1848 447 1904 514 Α
1932 451 2038 513 ter,
2063 452 2118 501 et
2148 445 2230 500 illi
2253 445 2422 516 quasi
2446 443 2800 500 homicidam
2822 461 2996 500 suum
3019 461 3111 502 me
3140 445 3580 514 interfecerunt,

172 549 358 588 annos
390 531 550 587 dedit
601 533 685 588 eis
735 535 806 589 ad
856 535 1281 607 paenitentiam.
1316 540 1432 608 Ego
1474 535 1822 607 simpliciter

173 622 303 677 dico
356 638 368 676 ε
422 622 732 693 Propterea
775 623 1062 680 interiecit
1113 641 1211 680 eos
1257 630 1388 697 post
1432 625 1825 697 quadraginta

173 712 322 766 duos
353 727 560 780 annos,
594 711 732 783 quia
762 728 830 767 ex
858 711 975 768 illis
1025 714 1121 785 qui
1179 713 1592 769 cruciﬁxerunt
1630 713 1827 768 Domi-

177 816 340 868 num,
376 815 548 855 nemo
580 806 945 857 remanserat
973 819 1042 858 ex
1070 803 1174 859 eis.
1206 803 1392 859 Judas
1431 801 1824 868 maledicitur,

188 894 258 945 ut
288 889 346 943 in
374 888 525 944 Juda
554 889 739 943 Judaei
773 889 1216 946 maledicantur.

254 1001 275 1028 ι
311 979 372 1034 In
405 977 750 1033 memoriam
784 980 979 1035 redeat
1009 979 1292 1051 iniquitas
1324 985 1546 1053 patrum
1591 980 1721 1052 ejus
1765 979 1825 1033 in

175 1071 492 1140 conspectu
525 1067 776 1122 Domini.
805 1089 831 1116 ››
865 1073 1257 1124 Peccaverunt
1287 1071 1343 1124 in
1377 1070 1627 1139 deserto,
1660 1061 1830 1122 dimi-

176 1156 303 1212 sisti
329 1155 434 1211 eis.
463 1155 628 1210 Nunc
659 1161 891 1228 reputat
921 1156 1037 1212 illis
1058 1159 1214 1229 quod
1246 1162 1384 1213 tunc
1416 1161 1826 1230 peccaverunt,

177 1247 458 1316 quoniam
490 1243 800 1300 Dominum
833 1245 1264 1302 crucifixerunt.
1288 1247 1420 1302 Sive
1449 1246 1616 1302 aliter
1646 1246 1824 1300 inter-

177 1339 477 1405 pretemur
509 1349 524 1389 :
558 1333 627 1388 Et
649 1339 879 1405 reputat
908 1334 1026 1391 illis
1054 1335 1460 1392 crudelitatem
1495 1334 1828 1391 homicidio-

177 1439 310 1477 rum
356 1437 584 1490 eorum,
631 1426 686 1477 et
735 1421 880 1476 nihil
930 1422 1014 1478 eis
1062 1423 1328 1478 dimittit.
1367 1443 1393 1474 (ι
1425 1424 1494 1479 Et
1524 1427 1825 1496 peccatum

177 1511 385 1566 matris
415 1511 543 1581 ejus
575 1527 688 1565 non
722 1509 1001 1566 deleatur.
1039 1535 1064 1560 n
1097 1513 1231 1575 Qua:
1264 1516 1352 1568 est
1385 1517 1570 1568 mater
1619 1513 1778 1568 ludas
1800 1513 1828 1566 ?

176 1598 522 1666 Jerusalem,
557 1615 685 1670 quae
718 1598 778 1654 in
823 1601 1110 1672 sanguine
1155 1603 1392 1673 gaudet,
1441 1617 1568 1672 qua:
1616 1599 1830 1655 occidit

179 1688 494 1761 prophetas
519 1694 577 1744 et
605 1688 801 1761 ipsum
835 1690 1146 1745 Dominum
1181 1707 1379 1746 suum.

220 1831 226 1834 _
256 1799 277 1829 ι
312 1778 418 1833 Pro
449 1794 516 1834 eo
548 1779 703 1850 quod
737 1795 850 1835 non
882 1784 970 1835 est
1000 1781 1338 1836 recordatus
1369 1780 1554 1836 facere
1598 1779 1824 1835 miseri-

179 1867 458 1923 cordiam.
498 1890 519 1917 ι
556 1867 760 1924 Videte
807 1873 1028 1940 quanta
1075 1869 1387 1924 clementia
1434 1868 1667 1924 Domini
1716 1871 1826 1922 est.

179 1955 350 2012 Videt
395 1973 529 2013 eum
580 1974 715 2012 cum
765 1958 1054 2014 ministris
1103 1958 1467 2025 venientem;
1512 1957 1665 2012 videt
1693 1971 1829 2011 eum

178 2045 507 2126 venientem
539 2063 673 2101 cum
706 2046 984 2110 fustibus,
1018 2051 1074 2102 et
1103 2046 1350 2118 porrigit
1402 2044 1488 2100 illi
1537 2043 1827 2100 osculum.

181 2134 279 2189 Ille
310 2135 468 2188 venit
494 2135 566 2189 ad
596 2134 987 2206 prodendum,
1011 2139 1067 2190 et
1095 2135 1380 2190 Dominus
1409 2133 1674 2189 osculum
1707 2137 1827 2201 dat,

181 2227 246 2277 ut
276 2223 377 2294 qui
410 2222 759 2294 magistrum
792 2239 906 2278 non
941 2221 1157 2290 timuit,
1189 2222 1275 2279 vel
1307 2222 1617 2278 clementia
1644 2221 1832 2277 vince-

180 2315 360 2366 retur.

189 2429 210 2445 ι,
254 2418 283 2445 κ
315 2396 384 2451 Et
413 2401 754 2467 persecutus
783 2402 872 2454 est
898 2397 1200 2454 hominem
1230 2398 1464 2470 inopem
1505 2403 1562 2454 et
1604 2399 1828 2455 mendi-

181 2501 338 2540 cum.
389 2507 418 2534 ››
465 2485 572 2554 Qui
624 2503 748 2542 cum
799 2495 934 2543 esset
978 2490 1146 2558 dives,
1198 2492 1424 2559 propter
1471 2504 1570 2544 nos
1623 2505 1832 2561 pauper

178 2575 356 2644 factus
383 2582 467 2630 est
489 2576 570 2646 (ll
594 2575 715 2630 Cor.
749 2593 870 2644 vm,
902 2577 980 2647 9).
1013 2577 1327 2632 Dominum
1358 2577 1593 2650 inopem
1640 2595 1702 2633 se
1739 2579 1827 2634 di-

181 2662 261 2716 cit
289 2667 347 2717 et
377 2663 732 2732 mendicum,
767 2670 822 2719 et
850 2664 984 2737 quis
1012 2665 1071 2719 in
1098 2665 1317 2720 divitiis
1347 2665 1470 2720 suis
1502 2665 1832 2738 gloriatur?

181 2750 420 2807 Habetis
451 2752 928 2820 consolationem,
961 2769 1267 2826 pauperes,
1301 2761 1358 2810 et
1405 2756 1687 2810 Dominus
1733 2772 1831 2811 vo-

183 2840 412 2896 hiscum
444 2857 668 2913 pauper
695 2846 804 2896 est.
842 2862 869 2891 ‹‹
899 2843 968 2897 Et
997 2847 1418 2915 compunctum
1450 2845 1621 2900 cordo
1675 2860 1830 2898 mor-

183 2930 426 2987 tiﬁcare.
485 2951 512 2980 ι»
577 2930 726 2995 Quid
779 2935 867 2987 est
916 2931 1074 3003 quod
1117 2931 1283 3001 dixit,
1333 2955 1360 2981 ‹‹
1412 2937 1831 3004 compunctum

184 3019 359 3076 corde
406 3018 798 3074 mortiﬁcare?
847 3039 876 3068 η
928 3020 1092 3085 Quod
1141 3020 1201 3074 in
1253 3020 1561 3093 Evangelio
1618 3021 1764 3074 dixit
1815 3038 1827 3075 :

187 3109 374 3164 Tristis
403 3112 481 3164 est
511 3109 703 3162 anima
730 3124 859 3164 mea
886 3124 1056 3178 usque
1083 3108 1154 3162 ad
1180 3112 1408 3164 mortem
1437 3108 1645 3181 (Matth.
1677 3126 1828 3176 xxw,

1931 537 2204 590 Exeussus
2251 551 2393 588 sum.
2450 533 2598 598 Quid
2649 537 2739 588 est
2795 531 2938 588 hoc?
2971 533 3262 591 Persecuti
3295 539 3435 590 sunt
3462 551 3578 604 me,

1934 625 2299 696 projecerunt
2348 639 2460 677 me.
2509 621 2802 678 Persecuti
2853 625 2992 676 sunt
3039 639 3132 678 me
3171 623 3241 678 de
3269 623 3583 680 Nazareth.

1933 713 2076 768 Veni
2109 712 2166 766 in
2199 711 2630 783 Capharnaum,
2663 710 2952 781 persecuti
2999 715 3137 766 sunt
3190 729 3302 768 me.
3355 713 3436 769 De
3486 712 3587 770 Ca-

1932 801 2263 872 pharnaum
2315 799 2390 854 ivi
2439 799 2497 854 in
2549 797 2945 864 Bethsaidam,
2977 803 3034 855 et
3061 799 3196 855 inde
3255 817 3348 856 me
3385 817 3585 872 perse-

1933 889 2052 944 cuti
2085 894 2243 944 sunt.
2278 888 2424 944 Veni
2453 889 2512 943 in
2539 887 2888 956 Jerusalem,
2922 887 3193 946 nolebam
3242 889 3510 946 recedere
3552 907 3588 946 a

1936 977 2147 1050 populo
2180 994 2332 1049 meo,
2361 983 2418 1032 et
2449 978 2584 1032 inde
2615 993 2708 1032 me
2739 978 3028 1049 persecuti
3079 981 3238 1045 sunt,
3281 981 3340 1033 et
3378 977 3463 1033 sic
3494 994 3588 1035 me

1934 1065 2230 1122 habebant
2259 1066 2428 1138 quasi
2459 1065 2736 1122 locustas.
2772 1067 2837 1121 Et
2866 1066 3007 1137 quid
3040 1067 3187 1122 feci?
3216 1067 3408 1123 Iratus
3428 1083 3588 1139 sum,

1935 1156 2166 1211 defendi
2215 1156 2654 1227 memetipsum,
2708 1154 2983 1211 maledixi
3028 1170 3148 1226 eos,
3196 1158 3253 1211 et
3301 1154 3588 1228 dereliqui

1935 1244 2103 1300 illos?
2131 1245 2246 1300 Nec
2279 1261 2464 1300 unum
2491 1244 2702 1299 horum
2734 1243 2873 1311 feci;
2911 1243 3011 1300 sed
3044 1242 3187 1314 quid
3236 1243 3386 1300 feci?
3418 1243 3590 1301 Oravi

1937 1351 2039 1406 pro
2073 1333 2236 1406 ipsis.
3005 1397 3008 1400 ~

2009 1445 2036 1472 «
2065 1423 2268 1478 Genua
2298 1437 2429 1476 mea
2459 1421 2754 1476 inﬁrmata
2802 1427 2941 1477 sunt
2971 1438 3004 1476 a
3025 1422 3272 1493 jejunio.
3308 1444 3337 1472 »
3367 1423 3588 1479 Habeto

1937 1511 2420 1576 consolationem,
2452 1529 2485 1566 ο
2519 1510 2824 1578 monache,
2849 1511 3176 1581 jejunando
3226 1530 3247 1567 :
3293 1511 3588 1584 siquidem

1937 1605 1994 1656 et
2023 1601 2306 1656 Dominus
2334 1599 2442 1654 hoc
2474 1599 2627 1654 fecit.
2660 1600 2779 1671 Ego
2811 1599 2940 1655 dico
2972 1601 3126 1672 quod
3158 1602 3395 1671 quando
3428 1601 3588 1673 jeju-

1937 1694 2036 1744 nat
2068 1688 2412 1754 monachus,
2445 1688 2648 1744 fortior
2677 1688 2742 1743 ﬁt
2771 1687 3020 1759 jejunio.
3067 1688 3135 1744 Et
3162 1689 3395 1760 quando
3425 1690 3586 1746 inﬁr-

1939 1782 2176 1834 mantur
2203 1793 2394 1850 genua
2421 1778 2551 1848 ejus
2572 1775 2820 1848 jejunio,
2868 1783 3009 1833 tunc
3059 1777 3312 1833 maxime
3353 1778 3592 1834 robora-

1938 1872 2057 1922 tur.
2097 1889 2124 1920 ι
2153 1867 2222 1922 Et
2251 1883 2385 1922 caro
2412 1881 2542 1921 mea
2570 1865 2883 1921 immutata
2905 1870 2994 1922 est
3024 1871 3259 1939 propter
3286 1866 3506 1924 oleum.
3562 1891 3584 1916 ι

1943 1957 2086 2012 Rem
2117 1955 2315 2010 videor
2343 1952 2644 2010 difﬁcilem
2675 1954 2948 2022 dieere,et
2975 1955 3302 2011 secundum
3330 1955 3588 2012 litteram

1946 2045 2314 2116 interpretor,
2347 2047 2412 2097 ut
2439 2043 2718 2098 aedificem
2751 2042 3072 2099 audientes.
3124 2041 3390 2099 zEdiﬁcat
3431 2044 3590 2100 enim

1945 2148 2037 2188 me
2066 2131 2275 2187 littera.
2310 2132 2534 2186 Bonum
2567 2135 2654 2186 est
2674 2130 2946 2202 jejunare
2974 2147 2987 2185 :
3023 2131 3241 2187 bonum
3271 2136 3362 2188 est
3387 2132 3589 2204 fugere

1942 2221 2201 2277 delicias.
2235 2223 2558 2292 Antequam
2589 2219 2819 2275 veniam
2851 2220 2924 2275 ad
2956 2219 3323 2292 spiritualem
3370 2220 3587 2278 intelli-

1940 2309 2218 2382 gentiam,
2279 2309 2457 2365 miror
2511 2308 2570 2364 in
2620 2308 2831 2380 littera,
2882 2310 3038 2381 quod
3088 2309 3228 2365 dicit
3273 2310 3468 2367 oleum
3526 2327 3591 2367 se

1941 2400 2316 2454 manducare.
2377 2398 2569 2471 Longe
2633 2402 2726 2453 est
2781 2415 2816 2453 a
2863 2397 3086 2454 caeteris
3117 2399 3439 2456 desideriis.
3472 2403 3593 2456 Hoc

1938 2492 2127 2544 totum
2177 2487 2319 2554 dixi,
2366 2487 2505 2559 quia
2547 2486 2733 2542 dixit:
2767 2509 2796 2536 «
2828 2487 2898 2542 Et
2925 2504 3058 2543 caro
3099 2504 3231 2544 mea
3279 2489 3595 2545 immutata

1940 2580 2028 2632 est
2058 2582 2294 2648 propter
2323 2575 2538 2631 oleum.
2572 2597 2598 2625 ι)
2631 2579 2752 2632 Hoc
2783 2575 2950 2634 aliter
2977 2575 3394 2650 interpretatus
3434 2593 3590 2634 sum.

1941 2665 2224 2720 Caeterum
2273 2665 2429 2736 quod
2481 2663 2640 2732 dicit,
2691 2663 2800 2719 hoc
2829 2671 2920 2720 est
2952 2681 2964 2720 :
3000 2663 3203 2720 Oleum
3237 2665 3430 2738 imago
3474 2665 3596 2722 cla-

1944 2753 2133 2809 ritatis
2163 2757 2254 2808 est
2277 2770 2290 2807 :
2316 2753 2506 2808 oleum
2540 2752 2710 2824 quasi
2741 2768 2875 2808 esca
2906 2757 2996 2808 est
3024 2752 3378 2809 luminis.Ita
3410 2754 3596 2826 igitur

1942 2846 1998 2898 et
2026 2841 2209 2897 Judaei
2230 2847 2581 2912 acceperunt
2603 2857 2636 2896 a
2658 2857 2749 2896 me
2772 2840 2992 2911 oleum,
3014 2847 3363 2914 acceperunt
3385 2842 3590 2909 vitam,

1942 2935 2292 3004 acceperunt
2320 2929 2539 2984 lumen.
2572 2929 2654 2985 Ne
2685 2929 2818 3002 quis
2845 2929 3158 2998 existimet,
3190 2931 3347 3002 quod
3394 2929 3591 2987 oleum

1943 3019 2098 3074 dicat
2128 3035 2230 3090 pro
2263 3017 2662 3074 misericordia
2711 3037 2724 3073 :
2775 3018 2833 3074 in
2890 3018 3125 3075 Hebraeo
3157 3019 3474 3092 signiﬁcat,
3507 3019 3595 3076 in-

1941 3106 2243 3180 telligibile
2271 3105 2486 3163 oleum.
2520 3109 2871 3163 Immutatus
2901 3112 3014 3176 est,
3044 3124 3161 3165 non
3193 3107 3253 3163 in
3282 3109 3589 3181 gaudium,

186 3198 297 3266 38).
330 3198 400 3252 Et
426 3197 639 3253 iterum
670 3197 904 3269 quando
937 3196 1082 3251 dixit
1113 3213 1125 3252 :
1159 3199 1350 3266 Pater,
1370 3199 1422 3253 si
1445 3199 1705 3270 possibile
1733 3205 1831 3267 est,
1862 3184 1906 3252 Ο
1945 3197 2045 3253 sed
2078 3198 2137 3251 in
2168 3195 2464 3252 tristitiam
2499 3214 2511 3252 :
2547 3213 2661 3252 non
2695 3201 2758 3251 ut
2789 3196 3088 3270 pulchrior
3116 3197 3465 3270 inveniatur,
3488 3199 3594 3255 sed

183 3289 432 3342 transeat
461 3303 496 3341 a
525 3302 611 3341 me
637 3287 788 3342 calix
817 3288 920 3340 iste
948 3286 1111 3356 (Ibid.
1145 3287 1256 3358 39).
1287 3286 1504 3342 Aliter:
1531 3287 1646 3342 Hoc
1677 3286 1834 3342 dole-

182 3375 283 3431 bat
335 3375 501 3443 mihi,
532 3379 590 3430 et
618 3375 1009 3432 contristabar
1039 3393 1143 3448 pro
1175 3377 1661 3448 persequentibus
1693 3392 1785 3431 me
1817 3394 1831 3432 :

184 3464 324 3536 quia
371 3463 649 3520 nolebant
693 3464 1097 3536 paenitentiam
1146 3481 1335 3538 agere.
1388 3467 1505 3538 Ego
1554 3466 1614 3520 in
1667 3481 1836 3522 cruce

185 3553 535 3625 pendebam,
585 3559 642 3608 et
691 3553 978 3626 sanguine
1027 3570 1155 3609 meo
1205 3554 1469 3610 lavabam
1510 3555 1714 3611 sordes
1740 3571 1835 3610 eo-

187 3646 406 3709 rum,et
435 3641 548 3714 ipsi
582 3639 857 3696 nolebant
885 3656 1056 3713 agere
1085 3641 1510 3713 paenitentiam.
1543 3642 1640 3697 Hae
1671 3645 1839 3697 erant

186 3730 480 3803 lacrymaa,
514 3729 634 3784 haec
655 3729 1027 3802 compunctio
1061 3748 1074 3786 :
1110 3730 1389 3801 quoniam
1422 3735 1838 3802 persequentes

188 3836 282 3876 me
313 3835 430 3873 non
458 3817 624 3890 potui
655 3818 899 3873 salvare.

262 3931 289 3957 «
326 3906 532 3962 Libera
561 3923 675 3976 me,
707 3906 845 3977 quia
901 3923 1121 3978 egenus
1151 3912 1210 3964 et
1238 3924 1460 3981 pauper
1489 3925 1621 3964 sum
1655 3925 1780 3980 ego.
1805 3929 1833 3958 ››

188 3995 474 4053 Dominus
504 4012 566 4052 se
596 4010 910 4068 pauperem
939 3995 1106 4064 dixit,
1140 4002 1204 4052 ut
1240 4014 1523 4070 pauperes
1572 3997 1837 4054 consola-

190 4091 368 4142 retur.
403 4089 547 4140 Cum
579 4084 920 4140 hominibus
950 4101 1173 4158 pauper
1202 4087 1391 4141 factus
1415 4091 1522 4154 est,
1545 4091 1609 4142 ut
1628 4086 1838 4143 saltem

191 4191 361 4230 nemo
393 4190 707 4248 pauperem
739 4173 1080 4247 despiceret.
1132 4197 1161 4224 ‹‹
1211 4175 1278 4229 Et
1323 4192 1422 4230 cor
1470 4192 1667 4231 meum
1709 4192 1840 4232 con-

192 4265 494 4318 turbatum
543 4269 632 4318 est
676 4263 833 4318 intra
870 4279 984 4318 me.
1017 4285 1045 4313 »
1081 4263 1282 4319 Videte
1311 4264 1454 4336 quid
1482 4265 1677 4321 dicat:
1711 4287 1741 4314 «
1773 4265 1841 4319 Et

191 4369 291 4408 cor
321 4367 520 4406 meum
550 4352 964 4406 conturbatum
996 4356 1085 4407 est
1114 4352 1268 4408 intra
1297 4369 1410 4408 me.
1444 4375 1471 4403 »
1507 4353 1702 4425 Ipsum
1753 4356 1842 4408 est

191 4441 348 4513 quod
381 4438 523 4495 alibi
551 4437 697 4493 dixit
729 4455 742 4493 :
775 4439 1068 4494 Turbatus
1097 4456 1254 4509 sum,
1281 4446 1337 4496 et
1367 4459 1482 4497 non
1515 4458 1648 4496 sum
1680 4441 1840 4496 locu-

194 4536 310 4586 tus.
363 4529 526 4593 Quod
577 4527 802 4592 turhor,
845 4527 1102 4582 hominis
1151 4533 1240 4583 est
1289 4546 1300 4582 :
1357 4530 1585 4585 vincere
1644 4535 1840 4585 autem

191 4617 589 4675 turbationem
620 4622 678 4672 et
707 4617 876 4684 iram,
911 4615 1020 4672 hoc
1050 4632 1278 4688 magna:
1310 4618 1541 4674 virtutis
1571 4623 1677 4674 est.
1714 4620 1844 4675 Pro-

192 4713 390 4781 pterea
420 4706 565 4762 dicit
593 4711 651 4761 et
679 4706 967 4777 Propheta
997 4722 1009 4760 :
1045 4707 1382 4777 Irascimini,
1415 4716 1466 4762 et
1505 4708 1681 4762 nolite
1729 4723 1846 4778 pec-

191 4813 320 4854 care
348 4796 519 4867 (Psal.
555 4812 627 4862 Iv,
659 4796 736 4866 5).
773 4793 946 4850 Irasci
977 4794 1284 4850 hominum
1335 4799 1450 4862 est;
1489 4813 1603 4852 non
1655 4812 1843 4851 rema-

194 4902 332 4942 nere
363 4887 420 4940 in
454 4885 560 4954 ira,
584 4883 894 4940 Christiani
924 4889 1032 4940 est.

274 4998 294 5023 ο
331 4975 624 5029 Excussae
671 4988 800 5027 sum
851 4972 1004 5027 sicut
1049 4972 1308 5029 locustae.
1362 4997 1384 5026 ι
1437 4973 1553 5046 Ego
1605 4973 1843 5044 quidem

194 5078 492 5131 veneram,
525 5068 589 5116 ut
634 5066 994 5134 protegerem
1026 5061 1308 5134 populum
1340 5079 1558 5130 meum,
1592 5068 1650 5118 et
1679 5062 1796 5118 dixi
1828 5079 1841 5119 :

193 5153 526 5221 Jerusalem,
574 5153 896 5219 Jerusalem,
924 5166 1051 5222 qum
1096 5151 1296 5206 occidis
1341 5151 1648 5223 prop/tetas,
1683 5157 1731 5207 et
1761 5153 1845 5207 la-

190 5243 352 5315 pidas
377 5259 465 5299 eos
492 5242 589 5312 qui
618 5240 688 5296 ad
717 5245 768 5296 te
796 5242 951 5295 missi
975 5245 1104 5295 sunt
1140 5259 1158 5297 ,ο
1190 5242 1396 5312 quoties
1429 5241 1576 5296 volui
1623 5256 1844 5311 congre-

194 5348 327 5404 gare
355 5333 498 5402 ﬁlios
529 5339 665 5396 tuos,
714 5332 857 5384 sicut
888 5331 1103 5399 gallina
1139 5338 1438 5401 congregat
1483 5331 1674 5400 pullos
1724 5345 1848 5384 suos

196 5423 296 5476 sub
333 5421 453 5475 alas
497 5435 633 5474 suas
664 5417 872 5489 (Matth.
922 5435 1080 5483 χχιιι,
1129 5418 1249 5489 37)!
1302 5419 1418 5490 Ego
1463 5433 1736 5474 veneram
1784 5421 1850 5472 ut

196 5509 420 5586 gallina
447 5507 517 5562 ad
549 5508 972 5580 protegendum
1020 5524 1140 5575 eos,
1193 5507 1276 5561 illi
1325 5511 1521 5562 autem
1563 5506 1845 5562 inimicis-

196 5601 353 5686 pima
382 5600 575 5656 mente
606 5601 994 5672 susceperunt
1026 5613 1136 5654 me.
1172 5597 1287 5671 Ego
1315 5612 1588 5655 veneram
1623 5602 1687 5654 ut
1725 5613 1848 5656 ma-

1943 3291 2009 3341 ut
2033 3285 2238 3341 foedior
2269 3289 2564 3357 appareat.
2599 3284 2911 3357 Propterea
2956 3285 3134 3342 dicit:
3165 3285 3415 3342 Vidimus
3443 3302 3590 3354 eum,

1943 3379 1992 3431 et
2021 3391 2130 3430 non
2159 3375 2385 3430 habebat
2412 3373 2881 3445 pulchritudinem
2909 3374 3037 3446 (Isa.
3073 3392 3191 3443 Lm,
3230 3378 3308 3445 2).
3362 3377 3598 3440 Quare?

1945 3465 2091 3530 Quia
2122 3480 2253 3519 caro
2284 3463 2474 3535 ipsius
2502 3463 2817 3519 immutata
2847 3468 2936 3519 est
2965 3469 3206 3536 propter
3234 3463 3450 3520 oleum.
3469 3465 3597 3521 Non

1946 3554 2196 3609 habebat
2225 3551 2462 3608 delicias
2493 3553 2774 3624 corporis,
2807 3553 2908 3608 sed
2940 3552 3042 3608 Dei
3073 3552 3338 3625 spiritus.
3379 3554 3447 3610 Et
3489 3570 3598 3610 nos

1945 3659 2081 3714 ergo
2113 3642 2348 3714 quando
2374 3642 2742 3712 jejunamus,
2766 3642 3000 3714 quando
3031 3641 3210 3699 facies
3241 3647 3451 3699 nostra:
3474 3642 3600 3716 pal-

1946 3731 2075 3786 lida:
2108 3734 2266 3800 sunt,
2300 3731 2535 3802 quando
2559 3729 2695 3786 foedi
2719 3731 3440 3804 videmur,cognoscamus
3466 3748 3599 3788 nos-

1948 3819 2228 3891 metipsos
2261 3823 2400 3874 tunc
2431 3818 2796 3891 pulchriores
2826 3835 3109 3892 apparere
3136 3820 3390 3877 Christo.
3425 3820 3597 3876 Tales

1947 3907 2139 3980 diligit
2172 3906 2387 3963 milites
2419 3907 3084 3980 Christus,quijejuniis
3103 3914 3325 3965 vacent.
3351 3913 3598 3964 Annona

1947 4002 2149 4052 nostra
2177 4001 2233 4052 et
2262 4013 2395 4052 esca
2410 3995 2707 4068 jejunium
2730 4000 2837 4052 est.
2854 3996 3082 4061 Quare?
3106 3997 3254 4062 Quia
3283 3997 3343 4051 in
3364 3995 3595 4068 jejunio

1945 4085 2185 4141 victoria
2213 4090 2320 4156 est,
2353 4090 2411 4140 et
2443 4086 2501 4139 in
2543 4085 2783 4141 victoria
2829 4083 3187 4156 triumphus.
3243 4084 3498 4156 Denique
3543 4087 3601 4140 et

1946 4174 2261 4246 Apostolus
2295 4191 2410 4228 non
2443 4173 2502 4227 in
2535 4173 2861 4239 saturitate,
2895 4173 2994 4228 sed
3027 4172 3088 4226 in
3110 4173 3451 4228 inﬁrmitate
3471 4171 3602 4246 glo-

1949 4263 2153 4318 riatur.
2185 4262 2418 4331 Quando
2452 4263 2604 4316 enim
2645 4260 2927 4333 inﬁrmor,
2962 4265 3092 4315 tunc
3125 4262 3323 4331 fortior
3349 4277 3476 4318 sum
3524 4262 3605 4333 (ιι

1952 4353 2077 4407 Cor.
2109 4368 2208 4417 x11,
2245 4351 2353 4421 10).

2023 4462 2051 4488 ‹‹
2085 4440 2154 4494 Et
2187 4454 2293 4511 ego
2343 4439 2534 4495 factus
2589 4456 2721 4495 sum
2769 4439 3152 4512 opprobrium
3183 4438 3321 4496 illis.
3353 4461 3381 4490 »
3417 4443 3605 4496 Voca-

1951 4530 2092 4585 bant
2138 4527 2293 4583 enim
2347 4543 2439 4582 me
2489 4529 2951 4600 Samaritanum,
3015 4533 3073 4584 et
3131 4528 3404 4584 dicebant
3468 4545 3480 4583 :
3539 4529 3604 4582 In

1955 4605 2252 4672 Beelzebub
2315 4618 2571 4688 principe
2639 4617 3042 4674 dmoniorum
3111 4617 3263 4689 ejicit
3331 4616 3605 4672 daemonia

1955 4708 2106 4778 (Luc.
2155 4723 2232 4773 xi,
2287 4707 2394 4778 15).
2450 4707 2638 4762 Nonne
2695 4707 2787 4762 hic
2834 4710 2913 4762 est
2960 4706 3111 4776 ﬁlius
3165 4705 3361 4778 Ioseph
3409 4705 3606 4777 fabri?
3681 4772 3684 4774 η

1952 4797 2142 4851 Nonne
2187 4799 2389 4866 [ratres
2436 4798 2556 4866 ejus
2603 4799 2656 4850 et
2703 4811 2916 4852 sorores
2960 4811 3145 4851 omnes
3173 4793 3320 4866 apud
3347 4808 3445 4850 nos
3474 4802 3603 4849 sunt

1956 4886 2173 4955 (Matth.
2207 4901 2333 4955 xm,
2363 4883 2496 4952 55)?
2528 4885 2594 4939 Et
2626 4884 2838 4940 iterum
2891 4901 2904 4939 :
2958 4885 3064 4953 Qui
3107 4885 3272 4939 solvis
3319 4883 3600 4955 templum,

1954 4979 2005 5030 et
2054 4977 2112 5029 in
2160 4975 2334 5029 tribus
2382 4975 2578 5028 diebus
2619 4974 2865 5042 aediﬁcas
2913 4974 3050 5028 illud
3097 4975 3295 5045 (Maro.
3349 4989 3440 5042 xv,
3488 4973 3602 5044 29).

1956 5063 2025 5118 Et
2071 5063 2285 5118 iterum
2320 5080 2332 5116 :
2375 5063 2661 5117 Videamus
2707 5064 2756 5116 si
2803 5063 2954 5118 venit
2999 5062 3152 5116 Elius
3195 5062 3413 5117 salvare
3455 5077 3600 5116 eum.

1958 5152 2057 5206 llle
2089 5153 2332 5206 vocabat
2365 5167 2377 5204 :
2412 5151 2520 5218 Eli,
2555 5152 2642 5206 Eli
2669 5171 2688 5206 :
2721 5151 2876 5222 quod
2907 5156 2996 5206 est
3031 5166 3043 5205 :
3079 5156 3226 5206 Deus
3261 5166 3430 5218 meus,
3466 5152 3608 5206 Deus

1957 5256 2107 5295 meus
2138 5241 2354 5310 (Matth.
2388 5257 2562 5311 xxvu,
2595 5241 2686 5307 46,
2719 5240 2828 5311 49),
2862 5245 2918 5295 et
2947 5239 3030 5294 illi
3064 5239 3248 5295 Eliam
3297 5240 3604 5312 putabant.

1960 5330 2155 5386 Videte
2185 5329 2511 5384 ineruditos
2540 5328 2792 5384 Judazos.
2825 5327 3008 5383 Filius
3037 5329 3136 5385 Dei
3163 5327 3296 5383 ΕΙὶεθ
3324 5329 3608 5386 auxilium

1959 5418 2230 5490 petabati’
2263 5439 2291 5466 «
2319 5416 2604 5474 Viderunt
2634 5434 2746 5486 me,
2780 5423 2838 5474 et
2866 5422 3170 5474 moverunt
3197 5419 3390 5492 capita
3415 5436 3543 5475 sua.
3577 5441 3608 5468 »

1958 5511 2146 5574 Quare
2188 5512 2495 5564 moverunt
2543 5507 2735 5580 capita
2789 5507 2941 5565 sua?
2969 5509 3116 5573 Quia
3161 5513 3218 5565 et
3266 5509 3442 5584 pedes
3479 5508 3607 5580 jam

1963 5601 2287 5656 moverant.
