3976 6188
351 365 500 426 1231

1857 364 2282 424 APPENDIX.

3590 371 3764 431 1232

366 530 372 536 -
431 520 452 546 ι
488 497 725 553 Salvum
757 513 852 553 me
881 496 970 553 fac
999 500 1235 568 propter
1264 496 1725 552 misericordiam
1759 500 1999 552 tuam.»
2033 499 2086 563 Α
2115 497 2368 562 Judazos,
2430 499 2527 552 sed
2592 515 2694 570 pro
2743 498 2886 570 ipsis
2944 499 3105 566 dicit,
3155 503 3389 556 Creator
3443 502 3600 557 enim
3648 509 3760 572 est,

351 585 502 643 Dicit
548 589 604 642 et
651 585 710 641 in
759 585 1066 659 Evangelia
1118 601 1132 640 :
1180 587 1507 641 Potestatem
1554 587 1718 641 habeo
1761 586 2003 657 ponendi

351 677 602 730 animam
650 691 851 743 meam,
900 680 952 730 et
999 677 1198 731 iterum
1240 675 1554 731 resumendi
1587 691 1707 730 eam
1736 676 1910 745 (Joan.
1942 693 1997 741 x,

352 765 464 836 18).
515 765 583 819 Et
630 765 840 820 iterum
877 782 889 819 :
923 765 1087 820 Nemo
1141 765 1285 820 tollit
1329 781 1449 820 eam
1479 781 1516 819 a
1545 781 1630 818 me
1669 764 1882 832 (Ibid.).
1937 765 2002 818 Et

350 854 642 925 quomodo
673 853 1135 910 misericordiam
1169 853 1347 925 petit?
1380 854 1507 925 Ipse
1539 853 1997 909 misericordiam

349 943 516 1015 petit,
563 947 619 998 et
665 943 790 1015 ipse
835 942 1060 998 tribuit.
1114 944 1242 1014 Ipse
1291 947 1356 996 ut
1399 943 1573 998 homo
1624 947 1808 1014 rogat,
1842 948 1897 996 et
1938 947 2001 996 ut

350 1035 502 1087 Deus
533 1031 758 1087 tribuit.

425 1141 448 1168 κ
481 1121 550 1176 Et
577 1121 765 1177 sciant
793 1123 932 1193 quia
963 1138 1175 1177 manus
1209 1125 1308 1177 tua
1341 1122 1481 1191 haec,
1513 1128 1569 1176 et
1617 1127 1701 1188 tu,
1734 1121 1995 1189 Domine,

356 1210 546 1266 fecisti
599 1227 749 1268 eam.
801 1234 829 1262 »
883 1212 1029 1276 Quid
1079 1215 1167 1266 est
1213 1213 1364 1282 quod
1417 1212 1600 1266 dicit:
1637 1235 1664 1261 ‹‹
1699 1212 1766 1265 Et
1813 1209 2000 1265 sciant

351 1300 492 1372 quia
521 1317 735 1356 manus
767 1305 870 1356 tua
900 1301 1041 1368 haec,
1074 1305 1131 1355 et
1158 1305 1242 1372 tu,
1278 1301 1538 1366 Domine,
1568 1300 1752 1355 fecisti
1773 1299 1944 1356 eam?
1967 1322 1994 1347 ››

347 1389 684 1462 Intelligant
710 1390 892 1445 Judaei
927 1391 1205 1461 quoniam
1253 1390 1364 1461 ipsi
1410 1407 1523 1444 non
1575 1387 2002 1460 praevaluerunt

348 1479 410 1534 in
457 1495 550 1534 me
586 1497 597 1534 :
633 1479 732 1534 sed
765 1495 896 1534 mea
942 1484 1000 1533 et
1046 1484 1149 1532 tua
1193 1477 1462 1533 voluntas
1516 1478 1666 1532 facta
1695 1480 1780 1531 est
1810 1483 1872 1530 ut
1904 1493 1999 1548 pa-

348 1567 481 1638 tiar,
515 1573 574 1624 et
615 1585 721 1640 ego
767 1567 920 1623 volui
978 1567 1097 1638 pati
1131 1586 1143 1622 :
1180 1570 1483 1638 propterea
1515 1566 1644 1620 dico
1673 1565 1996 1621 secundum

351 1657 508 1729 quod
540 1657 714 1711 homo
747 1673 878 1710 sum
913 1673 926 1711 :
963 1661 1114 1711 Deus
1142 1673 1328 1723 meus,
1384 1661 1448 1709 ut
1496 1656 1743 1710 facerem
1792 1653 1995 1708 volun-

347 1751 533 1802 tatem
579 1749 764 1815 tuam,
816 1745 972 1800 volui
1009 1763 1020 1800 :
1055 1749 1112 1800 et
1140 1750 1242 1799 tua
1278 1744 1547 1799 voluntas
1597 1748 1720 1800 erat
1766 1748 1820 1798 ct
1870 1759 1999 1797 mea

348 1838 416 1888 ut
447 1834 653 1905 patiar,
687 1850 804 1889 non
836 1833 1094 1888 illorum.
1145 1834 1291 1905 Ergo
1337 1850 1453 1888 non
1503 1832 1728 1888 insidiae
1779 1837 1835 1886 et
1883 1832 1994 1886 for-
2029 1868 2078 1932 Β

349 1922 540 1978 titudo
573 1922 707 1978 fecit
739 1941 752 1978 :
787 1923 885 1978 sed
917 1939 1023 1994 ego
1056 1927 1112 1977 et
1139 1927 1201 1976 tu
1232 1921 1523 1977 voluimus
1556 1927 1620 1976 ut
1649 1921 1856 1992 patiar.
1909 1923 1995 1976 Tu

349 2012 505 2068 enim
534 2012 875 2084 percussisti
906 2016 1200 2084 pastorem
1233 2016 1422 2080 tuum,
1455 2017 1513 2067 et
1543 2028 1676 2067 oves
1719 2011 1998 2082 dispersa:

349 2106 509 2158 sunt.
544 2102 661 2157 Hoc
705 2101 989 2173 scriptum
1042 2106 1133 2157 est
1179 2102 1238 2155 in
1290 2101 1568 2156 Zacharia
1616 2119 1628 2155 :
1685 2103 1998 2156 Percutiam

347 2201 642 2264 pastorem,
676 2195 727 2246 et
756 2192 1139 2262 dispergentur
1174 2207 1294 2246 ores
1341 2192 1522 2262 (Zach.
1555 2207 1676 2258 xm,
1727 2191 1802 2260 7).
1835 2191 1996 2253 Quod

354 2286 422 2337 ut
469 2281 678 2353 patiar,
713 2297 842 2336 mea
870 2279 1140 2336 voluntas
1191 2279 1298 2334 fuit
1329 2285 1385 2335 et
1416 2285 1535 2334 tua.
1569 2280 1728 2343 Quod
1779 2285 1839 2333 tu
1899 2296 1995 2334 vo-

351 2370 535 2437 luisti,
570 2377 626 2424 et
656 2385 758 2438 ego
789 2368 964 2423 volui.
991 2369 1277 2440 Oportebat
1311 2371 1496 2423 venire
1529 2367 1874 2434 scandalum,
1906 2368 1998 2422 sed

349 2472 430 2514 vae
453 2475 556 2528 per
584 2473 743 2528 quem
772 2459 921 2512 venit
951 2457 1157 2525 (Matth.
1191 2474 1349 2523 xvm,
1376 2458 1452 2528 7).

426 2571 447 2597 α
483 2547 830 2602 Maledicent
858 2544 963 2613 illi,
996 2551 1054 2600 et
1083 2550 1145 2600 tu
1179 2545 1504 2601 benedices.
1538 2569 1565 2596 ››
1602 2547 1793 2617 Usque
1825 2547 1996 2600 hodie

348 2640 458 2696 hoc
487 2638 554 2693 fit
587 2655 600 2692 :
633 2635 717 2690 illi
768 2634 1126 2690 maledicunt
1155 2635 1212 2689 in
1243 2640 1564 2707 Synagoga,
1609 2642 1665 2690 ct
1714 2636 1995 2690 Dominus

347 2725 641 2784 benedicit
667 2724 727 2780 in
759 2724 1034 2780 Ecclesia.
1069 2747 1096 2774 «
1129 2724 1235 2787 Qui
1268 2725 1584 2796 insurgunt
1611 2723 1669 2778 in
1714 2741 1826 2790 me,
1859 2742 1994 2780 con-

351 2817 676 2874 mndantur
709 2833 722 2870 :
755 2831 958 2870 servus
989 2818 1184 2869 autem
1221 2819 1357 2869 tuus
1388 2813 1697 2868 lmtabitur.
1735 2835 1762 2862 »
1787 2812 1873 2867 llli
1906 2816 1992 2867 in-

346 2911 600 2978 surgunt
629 2905 688 2960 in
721 2920 811 2959 me
851 2919 1002 2975 :ego
1053 2905 1248 2958 autem
1298 2919 1499 2958 servus
1548 2906 1687 2956 tuus
1735 2901 1991 2956 lictabor.

347 2996 535 3060 Quare
563 2999 761 3049 autem
794 3009 994 3049 servus
1027 2991 1203 3047 tuus?
1234 2993 1502 3060 Quoniam
1522 2994 1620 3062 qui
1648 3007 1771 3046 cum
1802 2993 1863 3045 in
1886 2994 1996 3062 for-

345 3101 439 3140 ma
487 3085 586 3138 Dei
631 3091 786 3153 esset,
837 3097 946 3137 non
995 3083 1257 3152 rapinam
1306 3081 1608 3135 arbitratus
1649 3088 1726 3134 est
1772 3095 1884 3134 esse
1939 3095 1995 3133 se

345 3173 618 3244 aequalem
649 3172 755 3226 Deo
803 3189 822 3224 :
865 3170 955 3224 sed
999 3171 1255 3225 exinanii
1271 3171 1312 3224 it
1360 3171 1727 3240 semetipsum,
1759 3171 1994 3238 formam

345 3264 496 3320 servi
518 3261 784 3332 accipiens
809 3258 1080 3331 (Philipp.
1117 3276 1176 3324 ιι,
1209 3261 1264 3325 6,
1294 3259 1372 3330 7).

361 3368 372 3378 '
423 3375 450 3403 «
484 3351 809 3407 Induantur
839 3347 936 3421 qui
967 3347 1283 3418 detrahunt
1314 3347 1457 3402 mihi
1490 3347 1729 3418 pudore.
1762 3367 1783 3394 ι
1818 3345 2000 3400 Valde

354 3441 526 3498 nobis
556 3441 791 3513 prodest
831 3437 1155 3510 intelligere
1202 3438 1356 3509 quod
1411 3435 1702 3491 dicimus:
1737 3435 1998 3490 Clemen-

351 3530 438 3586 tia
489 3529 586 3585 Dei
636 3531 697 3584 in
745 3528 855 3583 hoc
910 3531 1172 3600 apparet,
1223 3527 1281 3581 in
1341 3525 1606 3590 dicendo,
1667 3524 1996 3580 induantur.

351 3617 478 3673 Non
511 3617 674 3683 dicit,
709 3619 948 3688 pereant
981 3633 992 3670 :
1027 3632 1141 3671 non
1182 3615 1340 3686 dicit,
1373 3613 1676 3670 deleantur
1724 3614 1783 3667 in
1835 3618 2002 3668 aeter-

357 3722 523 3762 num.
573 3705 679 3759 Sed
728 3703 868 3775 quid
919 3703 1100 3759 dicit?
1132 3705 1594 3772 Confundantur,
1622 3703 1731 3757 hoc
1777 3707 1883 3770 est,
1914 3701 2001 3756 in-

357 3793 625 3867 telligant
672 3808 926 3848 errorem
977 3809 1174 3860 suum,
1225 3796 1279 3848 et
1327 3793 1781 3862 confundantur,
1816 3795 1873 3846 et
1903 3792 2004 3846 de-

357 3883 558 3940 ﬁciant
589 3883 646 3937 in
679 3880 1037 3953 poenitentia.
1083 3881 1188 3944 Qui
1225 3881 1489 3934 induitur
1537 3882 1775 3951 pudore,
1828 3897 2007 3952 prope

357 3977 449 4030 est
479 3969 654 4028 saluti
686 3987 700 4025 :
734 3970 783 4025 si
817 3969 950 4041 quis
980 3968 1136 4023 enim
1189 3984 1318 4022 vere
1365 3969 1763 4034 confunditur,
1808 3968 2010 4039 incipit

357 4061 659 4135 pmnitere.
707 4058 1101 4123 Considerate,
1151 4073 1183 4112 ο
1234 4056 1525 4123 monachi,
1587 4057 1631 4111 si
1694 4057 2008 4126 aliquando

360 4147 687 4205 habueritis
719 4145 940 4219 aliquid
972 4150 1173 4202 contra
1203 4146 1442 4201 fratrem
1473 4149 1754 4214 vestrum,
1780 4161 2011 4217 semper

359 4256 466 4312 pro
493 4237 622 4310 ipso
653 4252 857 4309 rogare
888 4225 1111 4291 debetis
1136 4234 1757 4291 Dominum.Dominus
1789 4234 2012 4289 cruciﬁ-

361 4329 536 4400 gitur,
588 4331 645 4381 et
686 4343 790 4398 pro
834 4325 1315 4396 crucifigentibus
1346 4329 1527 4396 rogat.
1563 4323 1679 4378 Vos
1709 4327 1926 4391 autem,
1961 4325 2010 4379 si

366 4414 670 4471 audieritis
700 4414 940 4469 verbum
974 4413 1296 4478 malum,ne
1318 4413 1564 4469 teneatis
1586 4413 1760 4468 iram!
1792 4414 1882 4468 Sol
1903 4430 2009 4469 non

366 4501 577 4560 occidat
631 4517 793 4573 super
839 4500 1190 4555 iracundiam
1244 4504 1487 4554 vestram
1533 4499 1758 4570 (Ephes.
1796 4516 1867 4570 1v,
1900 4501 2011 4569 ‘26),

2111 591 2167 640 et
2195 585 2449 652 illorum,
2481 591 2537 640 et
2564 592 2782 656 noster,
2833 605 2948 644 non
2997 589 3150 644 enim
3200 605 3299 644 eos
3347 591 3589 646 omnino
3637 609 3764 646 era-

2111 674 2338 730 dicavit.
2371 675 2564 731 Vultis
2595 677 2780 732 scire?
2813 677 3015 733 Petrus
3058 695 3125 733 ex
3173 679 3317 749 ipsis
3372 689 3519 747 erat,
3553 687 3612 734 et
3644 698 3770 736 om-

2111 781 2214 819 nes
2244 765 2491 836 apostoli
2522 783 2589 821 ex
2618 766 2762 837 ipsis
2793 771 2977 822 erant.
3019 767 3134 822 Nos
3184 766 3242 822 in
3294 768 3558 823 radicem
3609 770 3766 840 ipso-

2110 868 2239 906 rum
2291 853 2493 909 inserti
2543 871 2770 910 sumus.
2824 856 2938 910 Nos
2989 855 3132 910 rami
3182 873 3414 926 sumus,
3451 857 3542 911 illi
3584 859 3763 913 radix.

2108 940 2233 996 Non
2265 943 2548 998 debemus
2582 943 2926 999 maledicere
2964 945 3280 1012 radicibus,
3315 947 3418 1001 sed
3477 947 3764 1002 debemus

2108 1045 2271 1083 orare
2302 1047 2404 1100 pro
2438 1031 2728 1086 radicibus
2780 1034 3012 1088 nostris.
3066 1034 3170 1098 Qui
3221 1035 3430 1090 inserti
3463 1053 3684 1091 sumus
3713 1038 3762 1091 in

2109 1118 2387 1184 radicem,
2416 1120 2798 1190 deprecemur
2829 1123 3161 1190 Dominum,
3198 1127 3261 1176 ut
3303 1123 3460 1178 sicut
3515 1123 3583 1178 hi
3629 1129 3765 1180 rami

2108 1207 2250 1262 salvi
2287 1208 2416 1262 facti
2451 1214 2607 1275 sunt,
2643 1210 2727 1264 sic
2757 1215 2813 1265 ct
2844 1210 3004 1264 radix
3036 1210 3310 1268 salvetur.
3343 1213 3524 1268 Forte
3558 1214 3765 1285 aliquis

2108 1295 2264 1349 dicat
2297 1311 2309 1350 ε
2340 1297 2422 1350 Tu
2453 1314 2553 1368 pro
2582 1298 2801 1352 Judazis
2827 1316 2959 1354 oras
2992 1298 3400 1371 blasphemis?
3433 1302 3555 1356 Oro
3585 1303 3768 1359 Domi-

2109 1401 2248 1439 num
2281 1403 2381 1457 pro
2411 1386 2575 1456 ipsis.
2611 1387 2666 1440 Si
2698 1388 2854 1443 enim
2886 1388 3010 1460 ipse
3039 1394 3486 1460 persecutorum
3527 1409 3766 1448 suorum

2108 1473 2439 1542 miseretur,
2475 1481 2694 1546 quanto
2727 1478 2917 1549 magis
2947 1478 3058 1532 mei
3090 1479 3444 1535 miseretur?

2181 1584 2208 1610 ‹‹
2243 1563 2571 1619 Confitebor
2620 1564 2865 1621 Domino
2916 1567 3090 1621 nimis
3135 1568 3194 1622 in
3243 1585 3343 1624 ore
3390 1586 3555 1626 meo.
3605 1594 3633 1620 ιι
3665 1572 3768 1628 Hoc

2107 1657 2239 1722 post
2270 1653 2749 1708 resurrectionem
2779 1655 3010 1724 dicitur,
3055 1661 3112 1712 et
3158 1657 3229 1711 de
3280 1658 3485 1714 futura
3522 1660 3769 1716 Ecclesia

2109 1745 2397 1795 cantatur.
2431 1765 2449 1788 ι
2491 1743 2554 1796 Et
2586 1742 2642 1796 in
2678 1743 2869 1798 medio
2903 1743 3222 1801 multorum
3254 1745 3522 1804 laudabo
3559 1767 3713 1806 eum.
3745 1776 3770 1798 υ

2108 1827 2230 1882 Non
2264 1829 2419 1884 enim
2451 1831 2505 1884 in
2539 1832 2736 1886 Judaaa
2767 1831 2980 1902 solum,
3032 1837 3133 1890 sed
3188 1837 3243 1890 in
3297 1837 3589 1894 universo
3622 1841 3762 1907 orbe,

2109 1917 2164 1971 in
2201 1917 2453 1974 Ecclesia
2483 1919 2732 1976 laudabo
2755 1926 2830 1976 te.

2179 2007 2380 2070 «Quia
2422 2009 2609 2063 astitit
2655 2026 2688 2064 a
2736 2011 2950 2066 dextris
2982 2016 3277 2085 pauperis.
3317 2038 3337 2063 ι
3378 2017 3672 2074 Diabolus
3701 2021 3760 2074 ad

2107 2095 2402 2150 dexteram
2450 2098 2613 2152 Juda:
2685 2101 2864 2154 stetit.
2934 2105 3214 2158 Caeterum
3285 2105 3440 2160 mihi
3508 2109 3764 2163 Dominus

2108 2184 2271 2238 stetit
2317 2186 2387 2238 ad
2442 2187 2754 2242 dexteram.
2791 2212 2817 2238 ‹‹
2855 2175 2924 2244 Ut
2953 2190 3170 2248 salvam
3222 2193 3440 2250 faceret
3491 2213 3531 2250 a
3580 2215 3761 2268 perse-

2109 2274 2424 2342 quentibus
2456 2275 2712 2330 animam
2748 2293 2958 2332 meam.
2991 2299 3016 2329 υ
3059 2283 3340 2353 Animam,
3401 2285 3619 2357 inquit,
3665 2289 3764 2340 sai-

2107 2362 2273 2416 vabit.
2321 2367 2388 2416 Et
2430 2362 2569 2418 alibi
2600 2364 2738 2419 dicit
2769 2382 2782 2420 :
2819 2369 3004 2422 Tristis
3049 2375 3128 2424 est
3179 2375 3382 2428 anima
3436 2391 3564 2428 mea
3614 2394 3766 2447 usque

2107 2452 2188 2505 ad
2237 2457 2465 2507 mortem
2495 2453 2708 2523 (Matth.
2745 2472 2890 2521 xxvx,
2927 2458 3037 2528 38).
3081 2459 3186 2523 Qui
3236 2461 3430 2518 tristis
3476 2468 3598 2530 est,
3643 2483 3761 2522 sen-

2109 2556 2240 2594 sum
2274 2540 2495 2596 habuit.
2532 2543 2896 2600 Insensibilis
2928 2547 3081 2600 enim
3115 2549 3311 2604 anima
3343 2567 3608 2608 sensum
3663 2572 3764 2610 non

2106 2629 2300 2684 habet.
2379 2630 2742 2687 Insensibilis
2809 2634 3004 2690 anima
3069 2653 3183 2692 non
3251 2639 3430 2695 habet
3498 2659 3766 2711 sensum,

2106 2735 2293 2790 neque
2351 2720 2628 2776 dolorem.
2693 2721 2796 2776 Ubi
2853 2725 3010 2778 enim
3071 2725 3235 2782 dolor
3291 2736 3379 2784 est
3447 2736 3505 2785 et
3581 2734 3765 2789 tristi-

2106 2807 2206 2873 tia,
2258 2807 2337 2862 ibi
2392 2826 2602 2864 sensus
2645 2815 2749 2866 est.
2803 2812 2861 2866 Si
2911 2830 3046 2886 ergo
3098 2815 3306 2870 habuit
3342 2819 3675 2890 tristitiam,
3713 2825 3766 2879 si

2105 2897 2311 2951 habuit
2356 2897 2638 2964 dolorem,
2671 2916 2807 2972 ergo
2856 2901 3061 2957 habuit
3105 2909 3161 2958 et
3214 2922 3446 2960 sensum
3495 2908 3765 2966 doloris.

2102 2986 2158 3039 Si
2189 3003 2326 3057 ergo
2355 2986 2642 3043 voluerint
2673 2990 2840 3045 nobis
2871 2991 3060 3046 dicere
3092 3009 3104 3045 :
3140 2993 3447 3065 Propterea
3491 3015 3618 3052 non
3676 3001 3765 3055 di-

2103 3075 2292 3129 cimus
2323 3093 2455 3130 eum
2490 3075 2766 3133 habuisse
2799 3095 3060 3147 sensum,
3096 3086 3159 3134 ut
3190 3099 3307 3136 non
3337 3084 3619 3141 videatur
3659 3088 3763 3143 ha-

2101 3164 2237 3218 bere
2286 3169 2588 3236 peccatum
2643 3184 2655 3222 :
2709 3184 2815 3222 nos
2863 3167 2981 3223 illis
3025 3173 3498 3241 respondemus:
3549 3178 3763 3232 Habuit

2025 3238 2066 3303 C
2105 3269 2316 3324 corpus
2347 3254 2501 3309 sicut
2529 3259 2586 3309 et
2623 3272 2747 3325 nos,
2800 3263 2904 3312 aut
2951 3274 3062 3312 non
3114 3238 3354 3315 habuit?
3388 3262 3448 3316 Si
3482 3263 3758 3336 dixerint,

2107 3343 2325 3398 Habuit
2359 3361 2371 3399 :
2407 3345 2864 3416 respondeamus
2893 3345 3009 3402 illis
3044 3365 3056 3402 :
3093 3349 3235 3420 Ergo
3293 3351 3504 3407 nabuit
3535 3360 3598 3409 et
3645 3374 3764 3428 pas-

2109 3433 2303 3488 siones
2334 3435 2592 3504 corporis
2626 3434 2829 3490 nostri.
2858 3435 3148 3508 Intelligat
3170 3441 3594 3513 unusquisque
3619 3445 3764 3516 quod

2111 3522 2259 3576 dico.
2294 3521 2352 3576 Si
2400 3528 2595 3578 autem
2641 3525 2978 3596 negaverint
3025 3542 3158 3581 eum
3208 3527 3494 3586 habuisse
3548 3536 3763 3604 passio-

2112 3627 2214 3665 nes
2247 3611 2526 3681 corporis,
2558 3629 2694 3684 ergo
2725 3613 2977 3668 dicimus
3026 3613 3162 3685 illis,
3194 3618 3348 3688 quod
3401 3637 3510 3675 nec
3562 3639 3768 3694 corpus

2113 3699 2338 3755 habuit.
2389 3701 2458 3754 Et
2515 3717 2619 3756 nos
2678 3701 2944 3758 dicamus
2982 3703 3141 3758 illis:
3179 3705 3341 3760 Sicut
3395 3725 3621 3782 corpus
3676 3713 3768 3766 ha-

2114 3788 2242 3844 buit
2288 3805 2511 3857 verum,
2553 3791 2705 3844 sicut
2735 3796 2790 3845 et
2821 3809 2948 3862 nos,
2981 3797 3036 3848 et
3069 3809 3180 3848 non
3215 3794 3429 3852 habuit
3461 3806 3760 3870 peccatum

2116 3879 2397 3950 corporis,
2435 3878 2515 3933 ita
2555 3886 2612 3934 et
2659 3879 2917 3935 animam
2950 3898 3144 3937 veram
3176 3883 3405 3951 habuit,
3440 3894 3498 3942 et
3534 3897 3758 3960 peccata

2117 3967 2322 4022 animae
2356 3984 2470 4022 non
2524 3968 2748 4024 habuit.
2799 3970 2912 4025 Nos
2963 3986 3099 4043 ergo
3148 3974 3541 4032 contiteamur
3571 3995 3760 4034 verum

2117 4073 2328 4128 corpus
2359 4073 2493 4112 eum
2526 4058 2804 4114 habuisse
2851 4067 2906 4113 et
2956 4076 3151 4116 veram
3203 4062 3486 4120 animam.
3520 4067 3579 4120 Si
3613 4069 3766 4122 enim

2120 4162 2232 4198 non
2265 4145 2523 4216 suscepit
2557 4147 2834 4202 Dominus
2875 4154 3083 4204 cuncta
3131 4167 3257 4221 quae
3309 4152 3556 4207 hominis
3599 4163 3765 4218 sunt,

2121 4250 2236 4287 non
2265 4233 2505 4288 salvavit
2536 4234 2854 4290 hominem.
2907 4237 2966 4291 Si
3017 4243 3212 4294 autem
3247 4242 3490 4312 suscepit
3517 4258 3764 4314 corpus,

2122 4322 2381 4377 animam
2413 4328 2607 4378 autem
2639 4341 2753 4380 non
2787 4326 3066 4398 suscepit,
3089 4344 3226 4401 ergo
3257 4347 3466 4402 corpus
3494 4332 3768 4401 salvavit,

2123 4411 2380 4466 animam
2441 4417 2636 4467 autem
2687 4431 2800 4469 non
2854 4414 3116 4472 salvavit.
3182 4418 3300 4474 Nos
3359 4426 3559 4477 autem
3611 4421 3773 4478 volu-

2124 4518 2255 4556 mus
2289 4502 2476 4574 magis
2509 4502 2719 4558 salvari
2753 4504 3011 4560 animam
3047 4511 3306 4562 nostram
3337 4527 3520 4581 quam
3543 4529 3764 4584 corpus.

364 4617 393 4643 ‹‹
425 4594 496 4648 Et
525 4590 866 4664 aperiantur
915 4590 1068 4645 sicut
1117 4587 1371 4660 diploide
1419 4589 1758 4643 confusione
1814 4606 1940 4643 sua.
1982 4609 2011 4639 ιι
2049 4612 2094 4676 D
2125 4592 2396 4662 Suscepit
2448 4607 2583 4663 ergo
2638 4597 2806 4648 Jesus
2862 4599 2919 4648 et
2975 4611 3187 4668 corpus
3254 4603 3312 4652 et
3367 4601 3652 4666 animam,
3708 4607 3772 4656 ut

360 4681 586 4754 Diplois
625 4696 810 4752 genus
840 4684 929 4734 est
958 4677 1406 4750 pallii.Denique
1427 4682 1481 4731 et
1505 4677 1562 4730 in
1589 4676 1863 4732 llebraico
1883 4695 2022 4732 MAIL

363 4757 558 4844 (513m)
577 4769 806 4824 dicitur.
833 4767 1055 4839 Diplois
1079 4767 1378 4836 ideo,quia
1399 4765 1612 4833 duplex
1634 4771 1723 4821 est
1748 4766 2009 4836 pallium.

361 4865 678 4933 Propterea
735 4873 840 4930 ego
898 4857 1026 4912 dico
1083 4856 1188 4910 tibi
1241 4873 1253 4911 :
1304 4855 1561 4922 Domine,
1623 4855 1845 4910 inimici
1897 4857 2009 4910 mei

363 4955 504 5005 sunt
557 4947 778 5015 Judaei;
812 4946 1101 5018 persecuti
1128 4949 1266 5000 sunt
1296 4960 1410 5007 me,
1443 4943 1854 4999 crucifixerunt
1894 4961 2005 5012 me,

362 5040 624 5094 fecerunt
654 5037 800 5092 mihi
833 5035 1032 5091 omnia
1082 5033 1256 5100 mala,
1308 5033 1859 5105 blasphemaverunt
1893 5050 2006 5088 me.

360 5127 604 5200 Indulge
635 5125 752 5181 illis
785 5142 798 5181 :
833 5125 1110 5197 quoniam
1138 5139 1242 5196 ego
1274 5123 1372 5194 qui
1405 5139 1615 5194 passus
1663 5140 1816 5188 sum,
1869 5107 2020 5195 rogo.

361 5231 465 5288 pro
494 5216 659 5288 ipsis.
689 5217 759 5270 Et
789 5215 926 5286 quid
962 5213 1136 5286 rogo?
1165 5212 1524 5267 Erubescant
1555 5216 1610 5266 et
1639 5212 2007 5266 confundan-

362 5309 477 5370 tur,
512 5309 568 5359 et
599 5306 683 5359 sic
714 5304 1029 5359 salventur.
1063 5303 1440 5357 Nudaverunt
1483 5317 1574 5355 me
1618 5302 1818 5354 tunica
1857 5317 2004 5365 mea,

363 5397 419 5450 ct
449 5409 619 5448 suam
651 5393 1048 5463 perdiderunt.
1086 5397 1165 5446 Da
1198 5389 1314 5444 illis
1346 5389 1766 5456 confusionem,
1793 5390 1865 5444 da
1892 5388 2008 5443 illis

364 5481 771 5554 ignominiam,
805 5486 862 5535 et
890 5481 1143 5536 habeant
1188 5478 1400 5551 duplex
1444 5478 1714 5550 pallium,
1745 5477 1853 5533 hoc
1896 5483 2005 5547 est,

343 5592 437 5635 'ne
466 5571 794 5643 simplicem
827 5570 1079 5626 habeant
1107 5571 1531 5636 confusionem,
1556 5569 1656 5623 sed
1689 5566 2005 5640 duplicem,

365 5669 431 5726 ut
479 5661 666 5736 magis
722 5663 898 5734 agant
956 5658 1376 5732 ptenitentiam.
1427 5658 1551 5715 Non
1609 5657 1750 5714 dicit
1806 5661 2008 5714 contra

2131 4684 2446 4751 utrumque
2495 4680 2693 4751 salvet,
2740 4687 2803 4736 ut
2851 4683 3168 4754 perfectum
3219 4685 3529 4745 hominem
3579 4690 3768 4752 salvet.

2125 4768 2278 4826 sicut
2327 4775 2385 4823 et
2434 4785 2568 4824 eum
2620 4771 2898 4826 condidit.
2950 4771 3010 4827 Si
3058 4790 3192 4845 ergo
3242 4777 3451 4832 dicunt
3501 4779 3611 4847 illi,
3644 4781 3771 4853 quia

2123 4858 2250 4913 ideo
2282 4858 2566 4913 Dominus
2600 4877 2711 4914 non
2746 4862 2969 4932 accepit
2989 4870 3323 4933 sensum,ut
3343 4883 3461 4921 non
3488 4874 3763 4940 peccaret,

2120 4951 2176 5001 et
2206 4946 2313 5001 hoc
2343 4951 2570 5018 putant,
2615 4949 2768 5018 quod
2818 4950 3154 5023 quicunque
3204 4969 3450 5010 sensum
3504 4958 3764 5013 habuerit

2120 5035 2466 5102 humanum,
2519 5037 2745 5092 vincere
2795 5055 2928 5093 eum
2982 5056 3094 5095 non
3145 5047 3334 5112 potest
3373 5063 3385 5098 :
3421 5045 3624 5101 dicant
3670 5064 3764 5102 no-

2119 5123 2209 5178 bis
2261 5141 2272 5177 :
2325 5125 2579 5181 Joannes
2638 5127 2896 5198 Baptista
2952 5128 3158 5183 habuit
3203 5147 3472 5198 sensum,
3541 5153 3614 5190 an
3658 5153 3763 5190 non

2119 5212 2362 5268 habuit?
2392 5213 2491 5270 Illo
2525 5219 2784 5286 tempore
2830 5233 2946 5288 quo
2995 5228 3118 5272 erat
3167 5219 3225 5274 in
3276 5221 3532 5288 deserto,
3563 5241 3760 5295 pecca-

2115 5302 2238 5356 vit?
2301 5302 2508 5373 Utique
2565 5304 2788 5372 dicunt,
2833 5306 2970 5376 quia
3018 5324 3134 5361 non
3187 5311 3464 5379 peccavit.
3515 5313 3762 5384 Denique

2117 5396 2173 5445 et
2204 5391 2487 5447 Dominus
2515 5397 2710 5448 noster
2739 5393 2877 5448 dicit
2908 5411 2920 5448 :
2955 5397 3125 5450 Amen.
3153 5397 3271 5453 dico
3302 5400 3476 5468 vobis,
3510 5419 3616 5457 non
3663 5403 3759 5472 fuit

2117 5481 2259 5534 inter
2290 5485 2446 5535 natos
2475 5483 2777 5536 mulierum
2805 5486 2984 5554 major
3017 5485 3226 5541 Joanne
3266 5489 3518 5560 Baptista
3555 5492 3752 5560 (Matth.

2118 5588 2193 5634 x1,
2229 5571 2334 5640 11).
2372 5570 2571 5626 Petrus
2601 5589 2840 5627 sensum
2866 5572 3090 5642 habuit,
3113 5591 3186 5631 an
3211 5593 3324 5632 non
3348 5578 3751 5649 habuit,etc&!-

2117 5658 2225 5717 teri
2282 5659 2465 5717 sancti
2525 5660 2810 5735 apostoli?
2875 5663 2932 5718 Si
2997 5680 3132 5738 ergo
3185 5667 3435 5741 apostoli
3505 5670 3757 5732 vicerunt
