3976 6188
206 378 363 447 1233

1381 381 1878 447 BREVIAItlUM
1923 383 2428 447 INPSALMOS.

3458 378 3619 449 .1234

204 512 843 575 sensum'humanum:
880 515 1164 579 Dominus
1194 517 1393 573 timuit
1432 519 1691 590 accipere
1721 536 1852 574 sen-
1885 521 1940 584 Α
1970 518 2110 573 tutis
2159 523 2271 573 tuae
2319 518 2546 575 emittet
2591 515 2876 575 Dominus
2941 533 3011 574 ex
3066 515 3224 575 Sion.
3262 538 3291 568 »
3348 517 3431 574 Ea:
3482 512 3618 575 Sion

206 620 441 675 sum,ne
470 606 798 663 vinceretur
827 607 897 663 ab
950 606 1097 662 illo?
1142 608 1210 662 Et
1258 608 1401 662 dum
1448 606 1652 663 volunt
1680 607 1857 680 glori-

204 697 380 751 ﬁcare
432 695 767 766 Dominum,
837 697 1152 751 detrahunt
1223 696 1329 751 illi.
1399 696 1700 760 Quomodo
1768 696 1853 752 illi

204 782 567 840 detrahunt?
624 783 697 839 Ut
753 784 1019 841 videatur
1073 785 1279 841 timere
1335 786 1643 852 Dominus,
1698 788 1853 858 quod

204 872 453 945 apostoli
485 889 602 929 non
632 860 975 930 timuerunt.
1006 874 1123 930 Nos
1152 891 1287 947 ergo
1344 876 1560 947 gratias
1608 891 1855 947 agamus

206 961 595 1034 omnipotenti
627 966 764 1027 Deo,
809 968 867 1017 et
915 963 1214 1019 dicamus:
1266 964 1329 1019 In
1373 980 1550 1020 sensu
1599 971 1700 1020 tuo
1738 981 1852 1020 non

203 1051 466 1107 habuisti
491 1055 816 1123 peccatum.
844 1052 909 1107 Et
937 1053 1095 1108 venit
1124 1052 1394 1125 princeps
1424 1053 1604 1125 hujus
1623 1054 1851 1125 mundi,

203 1145 261 1198 et
280 1141 501 1197 invenit
526 1141 585 1196 in
613 1146 669 1197 to
697 1141 840 1197 nihil
861 1142 1038 1215 (Joan.
1062 1159 1176 1214 xxv,
1206 1143 1318 1215 30).
1351 1145 1438 1199 Ita
1456 1159 1593 1216 ergo
1615 1147 1853 1216 praestes

205 1231 397 1302 nobis,
449 1231 603 1287 sicut
657 1230 715 1286 in
767 1236 867 1288 tuo
925 1248 1102 1288 sensu
1163 1232 1352 1289 vicisti
1405 1232 1730 1300 diabolum,
1787 1237 1854 1289 ut

202 1320 702 1392 quemadmodum
736 1322 1021 1392 perfectos
1051 1338 1159 1377 nos
1199 1322 1427 1391 creasti,
1480 1323 1767 1395 perfectos
1796 1326 1854 1378 et

200 1408 391 1465 salvos
420 1425 549 1465 nos.
582 1410 670 1464 ’I‘u
700 1409 856 1465 enim
888 1427 951 1466 es
1005 1410 1258 1478 Creator,
1314 1415 1379 1466 tu
1438 1427 1502 1467 es
1546 1410 1846 1484 Magister,

197 1504 264 1554 tu
294 1515 356 1553 es
375 1498 676 1567 Dominus,
697 1503 759 1554 tu
781 1516 843 1555 es
866 1504 921 1554 et
938 1500 1039 1572 qui
1065 1517 1169 1572 pro
1190 1500 1360 1556 nobis
1388 1517 1599 1573 passus
1621 1517 1684 1556 es
1709 1518 1721 1555 :
1749 1500 1850 1572 qui

198 1586 347 1642 vivis
377 1591 435 1642 et
462 1603 671 1660 regnas
701 1587 761 1643 in
793 1586 1004 1645 saecula
1035 1590 1402 1645 saeculorum.
1434 1597 1643 1646 Amen.

780 1694 1109 1753 PSALMUS
1146 1696 1278 1752 CIX.

200 1785 490 1857 Psalmus‘
552 1786 666 1857 ipsi
718 1784 911 1857 David.
966 1787 1081 1841 Iste
1136 1786 1401 1857 psalmus
1456 1801 1658 1842 vocem
1701 1785 1849 1842 vatis

273 1856 527 1955 continet
582 1856 652 1911 de
710 1856 938 1913 Christo
997 1856 1309 1930 loquentis.
1365 1858 1453 1914 Ait
1513 1875 1649 1931 ergo
1706 1863 1844 1914 Pro-
1879 1889 1927 1955 Β

272 1927 450 1999 pheta
478 1945 491 1983 :

276 2059 298 2088 ι
340 2035 491 2091 Dixit
522 2036 806 2092 Dominus
835 2037 1083 2093 Domino
1141 2053 1304 2093 meo:
1363 2038 1511 2093 Sede
1539 2054 1573 2093 a
1628 2037 1848 2094 dextris

202 2124 365 2180 meis.
403 2147 431 2174 »
466 2123 638 2180 David
673 2129 764 2180 est
792 2125 893 2197 qui
923 2125 1201 2194 loquitur,
1236 2124 1539 2196 propheta,
1592 2125 1681 2180 vir
1711 2143 1846 2181 san-

200 2218 353 2283 ctus,
384 2230 499 2269 rex.
536 2217 653 2268 Rex
683 2229 821 2285 ergo
878 2213 1017 2284 quid
1059 2212 1248 2268 dicit?
1306 2213 1424 2268 Rex
1478 2218 1538 2268 et
1568 2214 1851 2286 propheta

186 2302 343 2374 quid
374 2301 562 2357 dicit?
591 2325 618 2351 ‹‹
651 2302 806 2358 Dixit
834 2302 1117 2358 Dominus
1137 2302 1384 2358 Domino
1416 2319 1565 2359 meo.
1602 2325 1629 2351 »
1663 2304 1847 2359 Istum

198 2391 393 2447 locum
425 2390 689 2446 Salvator
718 2391 775 2446 in
811 2390 1118 2464 Evangelio
1173 2392 1463 2464 exposuit,
1514 2392 1756 2449 dicens:
1791 2392 1853 2448 Si

202 2480 454 2535 Christus
486 2488 586 2551 est,
636 2480 848 2552 inquit,
892 2481 1042 2551 ﬁlius
1090 2482 1304 2536 David:
1353 2482 1612 2552 quomodo
1644 2484 1705 2536 in
1735 2483 1847 2553 spi-

198 2570 311 2623 ritu
341 2573 491 2624 vacat
537 2584 663 2623 eum
718 2570 1010 2624 Dominum
1064 2570 1271 2640 (Matth.
1328 2587 1466 2637 χχιι,
1513 2572 1647 2638 143)?
1672 2570 1849 2626 Vides

198 2672 336 2729 ergo
394 2658 535 2729 quid
594 2657 793 2713 dicat:
852 2658 910 2713 Si
972 2657 1130 2713 ﬁlius
1177 2662 1264 2714 est
1292 2659 1495 2730 David,
1554 2660 1848 2731 quomodo

196 2762 299 2802 vos
327 2746 559 2802 dicitis:
593 2747 865 2815 Quomodo
914 2748 973 2801 in
1024 2749 1227 2819 spiritu
1284 2754 1437 2805 vocat
1493 2765 1619 2803 eum
1655 2750 1849 2803 Domi—

197 2836 370 2891 num?
399 2835 565 2891 Dicat
593 2835 841 2906 aliquis:
904 2836 1051 2909 Ergo
1108 2854 1220 2892 non
1283 2841 1373 2892 est
1423 2836 1582 2893 ﬁlius
1619 2837 1848 2892 David?

200 2924 317 2979 Hoc
346 2924 577 2980 dicebat
605 2925 678 2978 de
730 2924 1060 2996 t’harisaeis,
1121 2925 1221 2996 qui
1282 2925 1611 2996 simplicem
1659 2925 1847 2981 ﬁlium

199 3012 377 3068 David
410 3013 839 3069 conﬁtebantur
861 3012 1177 3069 Christum.
1212 3014 1330 3086 Ego
1373 3015 1445 3068 ad
1493 3014 1760 3069 Judaeum
1791 3018 1848 3069 et

194 3101 509 3159 Photinum
567 3101 676 3158 hoc
734 3102 927 3174 ipsum
989 3101 1151 3158 dico:
1186 3103 1245 3158 Si
1304 3101 1462 3158 ﬁlius
1521 3108 1611 3159 est
1638 3104 1843 3171 David,

195 3192 488 3263 quomodo
520 3196 689 3247 vocat
733 3190 921 3246 filium
971 3207 1145 3246 suum
1205 3190 1564 3247 Dominum?
1592 3193 1701 3258 Qui
1733 3209 1841 3247 au-

1962 609 2111 662 enim
2166 609 2448 678 egreditur
2504 609 2612 675 (ex,
2670 614 2720 663 et
2792 608 3019 663 verbum
3104 609 3321 665 Domini
3382 623 3452 664 ea:
3506 611 3614 668 Je-

1962 698 2203 752 rusalem
2234 698 2361 765 (Isa.
2394 714 2454 763 ιι,
2513 698 2587 766 3).
2614 720 2643 747 α
2706 696 3013 752 Dominare
3062 697 3121 751 in
3169 697 3360 752 medio
3412 696 3611 753 inimiw

1963 803 2166 841 corum
2224 790 2483 843 tuorum.
2520 809 2548 836 »
2605 787 2731 842 Non
2790 785 2975 841 dixit:
3038 786 3303 842 Interﬁce
3342 785 3613 847 inimicos

1961 874 2116 931 tuos.
2149 876 2261 931 Sed
2283 875 2425 946 quid
2447 875 2475 929 ‘?
2507 899 2530 927 ι
2567 874 2880 933 Dominare
2908 875 2967 930 in
3001 873 3193 931 medio
3237 875 3613 934 inimicorum

1961 967 2198 1020 tuorum
2234 988 2254 1015 ο
2289 963 2551 1020 Inimicis
2579 964 2698 1020 tuis
2730 964 2841 1031 fac,
2875 968 2941 1020 ut
2997 963 3099 1035 qui
3153 963 3329 1021 alieni
3361 964 3611 1037 fuerant,

1959 1053 2047 1108 tui
2078 1070 2206 1130 esse
2234 1054 2538 1126 incipiant.
2573 1077 2600 1104 «
2634 1053 2946 1110 Dominare
2994 1054 3054 1108 in
3113 1052 3306 1109 medio
3333 1051 3611 1111 inimico-

1961 1161 2092 1199 rum
2122 1148 2404 1209 tuorum;
2436 1165 2465 1193 »
2496 1143 2721 1199 inimici
2777 1142 2887 1212 tui,
2948 1142 3019 1199 de
3074 1141 3293 1215 quibus
3322 1141 3613 1215 scriptum

1958 1238 2049 1289 est
2077 1232 2137 1288 in
2168 1233 2529 1305 sexagesimo
2563 1232 2816 1305 septimo
2839 1230 3105 1304 psalmo:
3141 1234 3369 1301 Lingua
3406 1248 3617 1295 canum

1958 1328 2177 1378 tuorum
2210 1322 2286 1378 ea:
2331 1323 2574 1378 inimicis
2629 1322 2695 1377 ab
2752 1323 2871 1393 ipso
2929 1322 3096 1393 (Psal.
3155 1339 3329 1387 van,
3359 1323 3473 1395 24).
3509 1322 3614 1381 Isti

1960 1416 2100 1468 sunt
2129 1411 2376 1479 inimici,
2410 1411 2512 1481 qui
2543 1410 2603 1466 in
2636 1410 2826 1467 aliena
2880 1415 3046 1467 erant
3100 1414 3407 1482 potestate.
3446 1411 3614 1471 Nunc

1958 1517 2096 1574 ergo
2127 1501 2237 1557 hoc
2268 1504 2542 1573 precatur
2564 1499 2918 1557 Psalmista:
2952 1499 3224 1556 Inimicis‘
3259 1501 3379 1557 tuis
3416 1501 3615 1557 domiv

1959 1606 2120 1661 nare,
2153 1590 2396 1661 dignare
2425 1605 2555 1645 esse
2585 1589 2869 1645 Dominus
2924 1587 3300 1646 inimicorum
3347 1594 3610 1651 tuorum.

2031 1701 2060 1730 ‹‹
2119 1680 2335 1735 Tecum
2395 1678 2751 1751 principium
2806 1677 2867 1733 in
2926 1677 3019 1734 die
3075 1678 3309 1736 virtutis
3366 1683 3503 1751 tusc,
3546 1679 3610 1737 in

1958 1768 2372 1840 splendoribus
2427 1772 2787 1824 sanctorum.
2826 1789 2854 1817 ››
2910 1766 3251 1824 Versiculos
3296 1768 3611 1829 obscurus.

1957 1857 2276 1914 Videamus
2297 1858 2452 1913 diem
2481 1854 2717 1914 virtutis
2737 1856 3005 1913 Domini:
3040 1860 3107 1912 ut
3134 1872 3271 1912 eum
3301 1856 3613 1919 scierimus

1959 1946 2137 2017 diem,
2170 1951 2311 2003 tunc
2341 1946 2599 2003 sciamus
2647 1946 2802 2018 quod
2862 1945 2938 2001 sit
2991 1944 3371 2018 principium,
3415 1951 3473 2004 et
3500 1947 3613 2007 hoc

1958 2036 2314 2109 principium
2336 2035 2630 2107 quomodo
2656 2050 2792 2090 cum
2815 2051 2881 2090 eo
2904 2034 2997 2101 sit,
3034 2037 3092 2090 et
3123 2050 3258 2090 cum
3298 2048 3366 2091 eo
3394 2035 3605 2093 fuerit:

1959 2125 2253 2197 quomodo
2277 2124 2382 2180 hoc
2404 2124 2598 2196 ipsum
2626 2122 2981 2195 principium
3004 2122 3063 2177 in
3084 2123 3178 2178 die
3200 2122 3436 2179 virtutis
3455 2126 3607 2196 ejus,

1958 2215 2018 2269 in
2036 2212 2451 2287 splendoribus
2472 2216 2809 2269 sanctorum
2830 2216 2938 2268 est.
2963 2212 3236 2285 Hoc-ergo
3253 2212 3610 2285 principium

1960 2304 2115 2376 quod
2141 2306 2232 2359 est
2258 2319 2392 2358 cum
2427 2302 2669 2358 Domino
2700 2301 2761 2356 in
2790 2301 2886 2357 die
2911 2300 3147 2357 virtutis
3175 2302 3325 2373 ejus,
3358 2302 3489 2359 ideo
3520 2307 3613 2361 est

1958 2410 2093 2450 cum
2116 2391 2382 2460 Domino,
2406 2395 2471 2447 ut
2491 2390 2840 2463 splendeant
2858 2390 3069 2446 sancti.
3096 2411 3125 2440 «
3147 2391 3368 2446 Tecum
3399 2390 3614 2463 princis

1958 2482 2122 2556 pium
2144 2482 2202 2536 in
2225 2482 2318 2537 die
2336 2480 2572 2537 virtutis
2600 2484 2731 2536 tuae.
2784 2482 2849 2536 In
2865 2480 3148 2551 principio
3198 2487 3321 2535 erat
3355 2480 3608 2551 Verbum,

1958 2577 2009 2628 et
2036 2572 2263 2628 Verbum
2281 2578 2399 2627 erat
2418 2570 2564 2642 apud
2585 2570 2776 2637 Deum,
2792 2578 2848 2625 et
2867 2575 3016 2626 Deus
3032 2574 3155 2625 erat
3180 2568 3407 2626 Verbum
3427 2569 3608 2641 (Joan.

1960 2680 1999 2731 ι,
2032 2662 2237 2731 1).Ηοο
2249 2664 2374 2716 erat
2395 2660 2452 2715 in
2477 2658 2764 2732 principio
2787 2658 2943 2730 apud
2964 2658 3171 2729 Deum.
3203 2658 3375 2715 Pater
3393 2659 3609 2730 prinei‘

1960 2751 2145 2823 pium,
2161 2752 2261 2805 sed
2276 2755 2333 2804 et
2348 2748 2528 2804 Filius
2546 2746 2922 2821 principium.
2942 2745 3302 2819 Principium
3316 2746 3471 2803 enim
3489 2763 3606 2807 non

1957 2838 2527 2911 habetprincipium.
2542 2837 2600 2893 Si
2616 2836 2774 2892 enim
2788 2834 3213 2892 habueritiltud
3226 2834 3604 2908 principium,

1946 2929 2073 3000 jam
2103 2927 2297 2998 ipsum
2328 2925 2543 2982 desinit
2573 2941 2702 2981 esse
2732 2924 3107 2998 principium.
3141 2922 3435 2995 Quidquid
3465 2940 3604 2998 ergo

1956 3017 2292 3073 dederimus
2324 3015 2502 3086 Patri,
2534 3014 2644 3069 hoc
2673 3014 2887 3071 damus
2915 3017 2973 3068 et
3000 3012 3165 3068 Filio.
3196 3010 3255 3068 Si
3307 3011 3465 3069 enim
3485 3016 3602 3071 Pa-

1955 3110 2042 3161 ter
2071 3107 2130 3160 in
2156 3104 2318 3174 Filio,
2351 3109 2410 3160 et
2466 3102 2648 3159 Filius
2704 3103 2760 3158 in
2821 3106 3006 3173 Patre,
3058 3104 3117 3157 et
3172 3100 3372 3158 omnia
3406 3101 3601 3159 Patris

1954 3194 2085 3251 Filii
2115 3199 2272 3266 sunt,
2305 3197 2362 3249 et
2409 3192 2608 3248 omnia
2654 3191 2783 3247 Filii
2837 3191 3023 3247 Patris
3074 3193 3231 3261 sunt,
3283 3194 3340 3247 et
3378 3189 3603 3263 princi-

190 3260 308 3336 tem
366 3280 682 3337 Dominum
740 3280 923 3335 Deum
984 3281 1315 3351 conﬁtetur,
1372 3285 1429 3336 et
1464 3281 1585 3336 ’Dei
1625 3281 1838 3338 Filium
1870 3260 1913 3327 (ἶ
1952 3285 2115 3357 pium
2149 3260 2341 3340 Patris
2372 3281 2724 3356 principium
2756 3279 2885 3337 Filii
2912 3284 3020 3337 est.
3054 3280 3201 3353 Ergo
3231 3260 3399 3352 quod
3435 3279 3599 3349 dicit,

189 3370 368 3440 (verbi
412 3370 600 3443 gratia
648 3368 1025 3435 Manichieus,
1079 3369 1177 3441 qui
1231 3374 1404 3443 negat
1443 3369 1612 3426 illum
1647 3371 1834 3426 ﬁlium

191 3457 410 3531 David),
445 3459 597 3529 apud
650 3457 817 3513 illum
874 3459 1053 3529 probo
1101 3459 1255 3530 quod
1307 3457 1464 3514 ﬁlius
1510 3459 1685 3515 David
1724 3464 1832 3516 est.

185 3546 362 3602 Nobis
392 3562 529 3620 ergo
560 3545 659 3619 qui
688 3545 869 3602 Filius
905 3546 998 3602 Dei
1030 3551 1141 3613 est,
1172 3548 1299 3620 ipse
1328 3552 1418 3604 est
1445 3553 1504 3604 et
1533 3548 1691 3605 ﬁlius
1720 3550 1832 3605 Da-

183 3635 298 3701 vid,
331 3635 458 3691 Non
517 3634 668 3691 alius
706 3634 885 3691 Filius
939 3636 1061 3704 Dei,
1124 3641 1180 3692 et
1237 3636 1388 3693 alius
1440 3637 1595 3693 ﬁlius
1628 3638 1830 3694 David.

184 3724 307 3779 Non
340 3723 486 3780 facio
518 3725 666 3780 duas
696 3741 976 3796 personas
1034 3726 1094 3781 in
1151 3727 1268 3781 Deo
1322 3731 1380 3782 et
1422 3726 1697 3795 homine;
1730 3729 1831 3784 sed

182 3812 310 3885 ipse
338 3812 438 3885 qui
470 3812 652 3868 Filius
682 3813 804 3880 Dei,
860 3813 985 3884 ipse
1033 3819 1122 3870 est
1171 3819 1229 3870 et
1252 3815 1409 3870 ﬁlius
1442 3815 1638 3871 David.
1677 3839 1698 3865 α
1734 3817 1832 3872 Di-

181 3902 268 3957 xit
297 3900 581 3956 Dominus
602 3901 850 3957 Domino
882 3918 1048 3958 meo:
1082 3904 1226 3959 Sede
1256 3920 1290 3958 a
1342 3904 1560 3960 dextris
1600 3905 1767 3961 meis.
1802 3928 1830 3955 ››

184 3995 250 4049 In
302 3992 541 4049 Hebraeo
599 3992 856 4065 primum
918 4010 1130 4050 nomen
1189 3996 1389 4066 (mm),
1446 3994 1699 4065 Domini,
1739 3995 1831 4052 his

182 4082 394 4139 litteris
419 4082 733 4139 scribitur:
768 4082 984 4155 quibus
1013 4083 1084 4139 de
1113 4084 1230 4139 Deo
1262 4087 1491 4139 tantum
1532 4085 1828 4142 scribitur.

182 4172 518 4229 Secundum
545 4188 678 4228 vero
710 4188 924 4228 nomen
961 4172 1189 4228 Domini
1247 4174 1425 4243 (tz‘m)
1479 4173 1573 4229 his
1620 4173 1829 4229 litteris

182 4261 476 4329 scribitur,
501 4261 719 4332 quibus
747 4261 936 4317 solent
957 4261 1223 4318 homines
1253 4262 1570 4318 Dominum
1592 4279 1827 4319 vocare:

180 4350 474 4422 quomodo
509 4353 566 4403 et
589 4350 980 4421 aquibusdam
1002 4354 1243 4407 vocatur
1271 4351 1546 4407 dominus
1577 4369 1611 4406 a
1641 4368 1826 4420 servo,

176 4443 235 4495 et
257 4453 422 4509 reges
450 4441 732 4492 vocantur
760 4437 1003 4492 domini.
1036 4438 1179 4494 Vide
1236 4456 1372 4511 ergo
1431 4440 1571 4511 quid
1631 4440 1823 4495 dicat:

178 4552 207 4578 «
241 4526 397 4583 Dixit
425 4525 711 4583 Dominus
742 4526 986 4581 Domino
1017 4543 1165 4582 meo.
1202 4549 1231 4575 »
1265 4527 1409 4582 Huic
1434 4527 1699 4598 Domino,
1728 4529 1821 4583 cui

1946 3374 2056 3430 hoc
2083 3376 2210 3430 est:
2244 3377 2320 3428 Eo
2352 3376 2613 3444 tempore
2665 3386 2782 3444 quo
2842 3368 3161 3442 patiebaris
3216 3372 3275 3425 et
3320 3367 3598 3427 dicebas:

1942 3464 2129 3529 Pater,
2188 3464 2248 3517 in
2292 3478 2485 3517 manus
2540 3466 2662 3516 tuas
2702 3459 3019 3516 commendo
3090 3460 3357 3531 spiritum
3416 3473 3602 3515 meum

1945 3552 2096 3624 (Luc.
2128 3568 2292 3617 xxiii,
2324 3550 2436 3621 46),
2496 3549 2665 3621 quasi
2712 3549 2784 3605 de
2834 3547 3092 3605 hominis
3135 3546 3468 3619 loquebaris
3510 3547 3602 3603 at-

1943 3642 2118 3707 fectu,
2152 3658 2266 3695 non
2296 3639 2466 3711 quasi
2495 3637 2807 3695 imbecillis
2856 3637 3128 3710 rogabas.
3188 3636 3409 3693 Tecum
3438 3635 3598 3693 enim

1942 3734 2068 3785 erat
2096 3728 2477 3801 principium,
2536 3730 2730 3783 tecum
2786 3727 2944 3783 enim
3002 3729 3126 3783 erat
3162 3724 3458 3797 divinitas,
3487 3725 3592 3785 sed

1942 3821 2246 3890 propterea
2275 3815 2685 3890 deprecabaris
2716 3815 3025 3887 auxilium,
3058 3818 3127 3871 ut
3164 3818 3404 3887 accepto
3434 3813 3597 3873 auxi-

1939 3906 2039 3973 lio,
2097 3907 2267 3963 dares
2322 3905 2543 3961 sanctis
2599 3906 2741 3974 tuis,
2773 3909 2839 3961 ut
2892 3904 2975 3960 illi
3040 3904 3434 3977 splenderent.
3474 3903 3595 3961 Hoc

1940 3996 2095 4067 quod
2127 3995 2375 4051 dicitur:
2437 3994 2744 4067 Accipiens
2800 3996 2992 4065 dares,
3052 3992 3200 4049 nulli
3245 3989 3595 4048 scandalum

1937 4084 2153 4153 faciat;
2187 4085 2513 4141 secundum
2546 4083 2844 4140 hominem
2872 4082 3155 4154 loquitur.
3189 4080 3249 4136 Si
3280 4079 3438 4136 enim
3486 4079 3593 4135 ho-

1939 4174 2116 4230 minis
2146 4190 2360 4246 corpus
2386 4172 2733 4244 assumpsit,
2766 4186 3004 4227 necesse
3032 4174 3123 4227 est
3153 4173 3217 4225 ut
3246 4173 3304 4224 et
3332 4166 3591 4227 hominis

1935 4263 2110 4319 verba
2141 4262 2451 4334 suscipiat.
2483 4261 2672 4318 Homo
2703 4263 2794 4315 est
2824 4258 3115 4326 Christus,
3146 4261 3205 4314 et
3230 4273 3363 4314 vere
3413 4256 3591 4314 homo

1936 4355 2063 4407 est:
2102 4351 2431 4407 secundum
2462 4347 2930 4421 assumptionem
2961 4345 3157 4403 carnis
3203 4345 3479 4403 dicimus.
3528 4345 3592 4403 Si

1935 4456 2070 4513 ergo
2100 4439 2276 4495 homo
2302 4442 2391 4493 est
2418 4438 2746 4493 secundum
2783 4452 3017 4509 corpus,
3063 4435 3224 4492 vides
3270 4451 3504 4508 corpus,
3535 4436 3595 4491 et

1937 4545 2051 4585 non
2083 4526 2521 4591 seandalizaris,
2576 4530 2634 4581 et
2692 4524 2928 4581 miraris
2984 4524 3034 4581 si
3092 4523 3349 4581 hominis
3395 4522 3588 4579 verbis

178 4615 515 4691 praacipitur
551 4619 616 4670 ut
645 4614 864 4682 sedeat,
897 4614 1055 4669 Deus
1112 4631 1227 4669 non
1287 4615 1468 4682 sedet,
1502 4616 1828 4688 assumptio
1856 4630 1905 4694 D
1937 4616 2244 4689 loquitur?
2276 4616 2333 4672 Si
2370 4620 2565 4672 autem
2596 4620 2653 4671 te
2682 4613 3042 4671 scandalizat
3064 4613 3258 4669 vilitas
3305 4609 3589 4684 corporis,

177 4705 437 4778 corporis
459 4704 641 4762 sedet.
673 4703 818 4760 Huic
851 4720 988 4776 ergo
1019 4704 1353 4775 praecipitur
1392 4708 1456 4758 ut
1498 4705 1697 4759 sedeat
1726 4705 1826 4776 qui

177 4796 353 4852 homo
383 4798 493 4860 est,
525 4792 625 4865 qui
657 4798 998 4865 assumptus
1028 4797 1136 4849 est.
1201 4793 1316 4847 Hoc
1347 4792 1623 4849 adversus
1663 4792 1828 4849 Aria-

176 4901 285 4942 nos
316 4883 593 4949 dicimus,
625 4886 683 4939 et
712 4882 994 4939 adversus
1050 4898 1150 4937 eos
1210 4881 1311 4953 qui
1369 4881 1609 4937 dicunt:
1644 4882 1830 4954 Major

173 4979 265 5030 est
288 4972 455 5029 Pater
476 4972 765 5044 quijubet
794 4974 860 5026 ut
880 4972 1098 5036 sedeat,
1122 4987 1299 5043 quam
1325 4968 1422 5025 ille
1447 4971 1537 5025 cui
1558 4971 1825 5042 jubetur.

174 5061 385 5119 Omnia
420 5060 735 5134 Evangelia
783 5063 1103 5132 personant
1149 5060 1222 5116 de
1266 5075 1515 5132 persona
1545 5060 1825 5130 hominis,
1861 5114 1864 5119 .

171 5156 229 5208 et
257 5167 414 5206 nunc
445 5167 561 5206 non
595 5166 833 5205 necesse
887 5153 979 5204 est
1033 5149 1412 5221 approbatio:
1459 5150 1599 5221 quia
1629 5150 1826 5205 omnia

172 5256 538 5314 quaecunque
559 5237 695 5293 vilia
716 5239 1008 5306 videntur,
1031 5239 1359 5294 referentur
1388 5239 1459 5294 ad
1498 5238 1821 5307 hominem,

173 5329 506 5387 referuntur
533 5329 604 5384 ad
638 5343 892 5383 carnem.
926 5328 1093 5384 Nunc
1124 5328 1195 5383 de
1234 5326 1463 5384 Psalmo
1516 5328 1820 5384 dicamus:

174 5442 203 5471 ‹‹
236 5418 472 5492 Virgam
494 5416 727 5474 virtutis
761 5422 874 5471 tuas
914 5416 1142 5472 emittet
1178 5417 1462 5473 Dominus
1499 5434 1568 5473 ex
1599 5417 1759 5472 Sion.
1795 5440 1816 5469 ι

175 5508 416 5578 Virgam
448 5507 509 5562 in
539 5505 776 5561 Hebraeo
796 5521 910 5560 non
935 5510 1055 5561 tam
1078 5505 1273 5572 habet,
1303 5522 1477 5576 quam
1498 5510 1821 5579 sceptrum,

178 5597 287 5653 hoc
343 5599 432 5650 est
486 5593 717 5665 insigne
772 5594 941 5667 regia:
987 5595 1371 5666 potestatis:
1423 5596 1663 5667 Virgam
1713 5595 1823 5648 vir-

1939 4710 1997 4760 et
2026 4722 2187 4773 crux,
2212 4709 2269 4761 et
2298 4704 2549 4776 injuriis,
2575 4709 2636 4761 et
2664 4703 2867 4777 alapae,
2898 4708 2958 4760 et
3004 4702 3253 4776 ﬂagella,
3302 4704 3361 4757 et
3394 4698 3589 4756 omnis

1939 4794 2156 4865 injuria
2188 4793 2419 4850 crucis:
2453 4794 2505 4850 si
2536 4800 2591 4849 te
2622 4792 2731 4849 hoc
2760 4791 3136 4860 scandalizat,
3194 4794 3477 4846 revertere
3513 4788 3588 4845 ad

1937 4883 2316 4956 principium,
2374 4887 2433 4938 et
2487 4900 2604 4939 non
2662 4881 3179 4939 scandalizaberis.
3245 4878 3400 4949 Dicit
3425 4877 3585 4934 enim

1937 4972 2107 5027 Pater
2138 4973 2209 5027 ad
2244 4971 2481 5027 Filium.
2515 4995 2543 5022 ‹‹
2578 4973 2659 5027 Ex
2707 4975 2871 5028 utero
2930 4974 3067 5027 ante
3123 4968 3455 5025 Luciferum
3485 4983 3585 5041 ge-

1937 5060 2038 5115 nui
2062 5064 2140 5116 te.
2166 5083 2193 5111 »
2220 5060 2451 5116 Miraris
2481 5061 2530 5117 si
2562 5062 2845 5118 Dominus
2876 5064 3076 5116 noster
3103 5062 3280 5132 atque
3318 5055 3585 5115 Salvator

1935 5149 2030 5218 qui
2062 5166 2192 5205 vere
2221 5149 2520 5207 hominem
2551 5148 2894 5222 assumpsit,
2948 5147 3211 5221 loquitur
3257 5145 3582 5203 secundum

1934 5238 2268 5294 hominem:
2301 5255 2435 5294 cum
2467 5239 2593 5311 ipse
2635 5238 2787 5294 Deus
2824 5239 3013 5305 Pater,
3043 5237 3146 5309 qui
3196 5253 3311 5292 non
3343 5250 3583 5292 assum-

1933 5327 2051 5398 psit
2081 5327 2402 5393 hominem,
2435 5327 2702 5400 loquitur
2753 5326 2922 5400 quasi
2975 5326 3190 5383 homo:
3226 5347 3255 5376 «
3303 5325 3385 5381 Ex
3414 5328 3584 5381 utero

1932 5422 2068 5472 ante
2101 5416 2432 5473 Luciferum
2463 5417 2636 5490 genui
2694 5422 2770 5473 te.
2801 5439 2829 5466 »
2888 5416 3014 5473 Non
3069 5415 3256 5472 habeo
3306 5418 3586 5475 uterum:

1933 5506 2033 5561 sed
2059 5523 2175 5561 non
2206 5523 2451 5578 possum
2483 5523 2577 5562 me
2632 5506 2803 5562 aliter
2853 5506 3112 5562 indicare
3162 5508 3414 5571 Patrem,
3464 5498 3579 5556 nisi

1932 5594 2186 5650 hominis
2208 5595 2399 5651 verbis
2420 5594 2650 5651 locutus
2698 5596 2880 5652 fuero.
2910 5615 2933 5645 ι
2964 5595 3046 5650 Ex
3091 5598 3255 5651 utero
3288 5594 3422 5648 ante
3468 5589 3580 5644 Lu-

254 5703 270 5737 ¹
297 5699 506 5759 Confer
532 5716 733 5756 verum
765 5700 1181 5774 Hieronymum
1212 5701 1379 5759 initio
1408 5701 1542 5759 libri
1582 5719 1657 5774 ιν,
1688 5717 1823 5775 pag,
1857 5702 1980 5769 181,
2007 5702 2331 5775 Comment,
2361 5701 2421 5758 in
2450 5701 2653 5759 Matth.
