3976 6188
341 367 497 454 asas
1833 383 2253 454 APPENDIX.
3599 393 3758 457 isse

339 521 590 580 ciferum
622 519 795 596 genui
829 525 903 579 te.
940 543 966 573 »
999 543 1027 572 «
1058 522 1140 579 Ex
1170 524 1353 590 utero,
1391 543 1418 571 »
1445 521 1517 578 de
1548 538 1674 578 mea
1712 523 1991 579 substan-
2023 525 2078 590 Α
2107 522 2331 580 Dicitur
2359 523 2418 579 in
2451 523 2770 598 principio:
2797 524 3000 582 «Dixit
3019 523 3308 582 Dominus
3330 523 3585 583 Domino
3608 542 3758 594 meo,

338 614 444 670 tia.
478 636 505 662 (ι
540 613 620 668 Ex
666 617 851 669 utero.
893 632 919 663 «ι
976 613 1149 678 Audi,
1209 612 1493 667 Eunomi:
1555 611 1712 680 audi,
1773 612 1889 667 Ari.
1932 613 1989 667 Si
2105 613 2252 668 Sede
2287 631 2320 668 a
2367 613 2585 669 dextris
2643 615 2872 683 meis,»
2935 621 2991 672 et
3049 633 3204 672 nunc
3243 615 3468 672 dicitur
3496 617 3568 671 ad
3604 632 3757 688 eum,

343 708 612 760 creatura
640 708 731 760 est
762 702 1064 770 Dominus,
1097 701 1145 757 si
1177 690 1752 773 facturafnumquid
1786 703 1992 757 artifex
2101 723 2128 751 «
2164 702 2447 758 Dominus
2478 721 2512 758 a
2569 703 2785 761 dextris
2841 705 2981 760 tuis.
3016 727 3044 754 ››
3076 705 3135 761 Si
3165 706 3289 778 ipse
3323 705 3396 760 ad
3429 706 3547 761 dex
3572 715 3760 763 teram

344 795 586 867 generat
612 809 760 864 opus
790 808 964 848 suum
986 790 1014 845 ?
1044 791 1343 863 Numquid
1375 790 1581 846 artifex
1610 789 1798 846 tilium
1827 795 1993 846 vocat
2101 791 2289 846 Patris
2311 792 2492 862 sedet,
2518 794 2810 864 quomodo
2844 810 3079 849 rursum
3119 794 3287 850 Pater
3327 795 3502 851 sedet
3528 797 3596 849 ad
3621 797 3764 850 dex-

343 899 494 956 opus
524 897 697 936 suum
718 880 747 935 ?
775 879 993 935 Artifex
1040 879 1439 950 carpentarius
1499 879 1629 935 fecit
1661 895 1988 946 scamnum,

346 970 636 1042 numquid
668 970 738 1025 de
767 972 931 1024 utero
959 967 1119 1023 illius
1149 968 1492 1040 generavit?
1536 968 1820 1039 numquid
1851 969 1993 1024 dicit

345 1061 434 1116 ei:
470 1060 550 1116 De
572 1063 736 1115 utero
769 1074 897 1112 meo
927 1057 1102 1131 genui
1133 1061 1209 1122 te,
1265 1074 1296 1112 o
1341 1073 1650 1113 scamnum
1671 1057 1700 1112 ?
1729 1058 1853 1114 Non
1885 1059 1994 1112 uti-

348 1165 462 1221 que
490 1148 601 1204 hoc
633 1148 791 1204 dicit.
823 1147 930 1202 Sed
964 1146 1105 1218 quid
1164 1145 1347 1203 dicit?
1379 1147 1493 1219 Ego
1550 1150 1605 1202 te
1656 1146 1763 1202 feci
1813 1164 1990 1202 manu

345 1253 496 1295 mea.
533 1237 773 1302 Quando
803 1241 998 1292 autem
1034 1239 1235 1291 uterus
1272 1235 1504 1302 dicitur,
1556 1236 1715 1291 ﬁlius
1767 1235 1991 1309 signiti-

345 1332 529 1395 catur,
561 1331 620 1383 et
645 1325 803 1382 filius
834 1343 950 1382 non
1007 1325 1340 1397 adoptatus.
1402 1325 1696 1381 Vocantur
1725 1325 1880 1381 enim
1936 1330 1994 1380 et

346 1418 451 1474 filii
483 1416 764 1489 adoptati.
798 1417 1067 1486 Quotquot
1112 1416 1262 1470 enim
1305 1419 1624 1486 receperunt
1671 1431 1816 1482 eum,
1847 1414 1994 1470 dedit

349 1509 431 1562 eis
458 1510 775 1578 potestatem
803 1505 949 1574 ﬁlios
982 1504 1078 1558 Dei
1105 1504 1233 1574 ﬁeri
1259 1503 1441 1573 (Joan.
1476 1520 1515 1573 ι,
1564 1503 1673 1573 12).
1723 1503 1805 1558 Ibi
1835 1503 1996 1559 dedit

345 1595 431 1653 eis
460 1597 828 1667 potestatem.
862 1593 965 1648 Hic
1020 1608 1154 1647 vero
1207 1592 1278 1646 de
1333 1596 1497 1647 utero
1551 1593 1868 1664 generavit,
1923 1593 1994 1648 de

345 1703 456 1743 sua
486 1688 716 1751 natura,
749 1683 820 1738 de
848 1681 974 1736 suis
1004 1679 1346 1750 visceribus,
1380 1681 1450 1736 de
1481 1698 1588 1736 sua
1639 1681 1990 1736 substantia.

346 1796 376 1825 α
409 1777 489 1828 Ex
519 1777 702 1839 utero,
738 1794 766 1822 »
798 1771 909 1826 hoc
941 1774 1048 1841 est,
1082 1770 1152 1824 de
1182 1769 1455 1825 medullis
1495 1769 1822 1825 divinitatis
1852 1787 1989 1826 suae.

344 1865 558 1919 Totum
592 1859 880 1932 quidquid
913 1863 1082 1915 Pater
1112 1863 1202 1914 est
1231 1857 1288 1913 in
1311 1857 1634 1960 divinitate,
1659 1859 1820 1914 dedit
1853 1859 1993 1960 Filio
2027 1895 2074 1960 B

346 1967 524 2024 quem
555 1949 872 2022 generavit.
915 1968 936 1996 α
968 1953 1042 2003 Ex
1079 1953 1242 2005 utero
1282 1951 1415 2002 ante
1458 1947 1789 2003 Luciferum
1822 1948 1998 2020 genui

349 2045 490 2098 te.»
556 2061 583 2093 α
635 2043 787 2095 Ante
844 2037 1196 2094 Luciferum.
1263 2059 1285 2085 ι
1349 2036 1466 2092 Hoc
1523 2037 1760 2093 schema
1806 2037 1998 2094 Graece

350 2131 567 2188 dicitur
586 2124 910 2203 συνεκδοχή,
946 2128 1102 2199 quod
1133 2126 1338 2181 dicunt
1369 2126 1738 2199 grammatici
1771 2144 1805 2182 a
1833 2131 1999 2199 parte

348 2223 563 2277 totum.
596 2218 839 2283 Quando
888 2233 1024 2289 ergo
1073 2215 1306 2281 dicitur,
1341 2237 1368 2265 ‹‹
1403 2218 1538 2271 ante
1579 2215 1932 2283 Luciferum,
1969 2239 1995 2266 ››

349 2326 529 2366 unam
559 2312 886 2364 creaturam
920 2305 1205 2370 nominat,
1237 2308 1294 2360 et
1352 2320 1556 2359 omnes
1587 2304 1810 2360 indicat
1839 2322 1996 2361 crea-

346 2402 533 2455 turas.
565 2395 808 2460 Quando
839 2393 980 2448 dicit
1011 2416 1039 2442 «
1098 2397 1232 2448 ante
1291 2392 1648 2461 Luciferum,
1683 2415 1710 2443 »
1774 2410 1881 2449 nos
1913 2394 1996 2450 sic

347 2485 771 2556 intelligamus,
805 2483 974 2553 quasi
1006 2480 1235 2549 dixerit,
1270 2485 1404 2536 ante
1454 2481 1678 2551 lunam,
1731 2486 1863 2538 ante
1904 2499 1997 2538 so-

348 2573 487 2640 lem,
549 2574 683 2627 ante
739 2585 973 2626 omnem
1032 2573 1379 2625 creaturam.
1445 2592 1466 2618 ι
1529 2571 1610 2624 Ex
1666 2575 1830 2627 utero
1866 2576 1999 2628 ante

350 2661 684 2719 Luciferum
715 2658 892 2733 genui
921 2662 997 2715 te.
1031 2681 1058 2707 »
1092 2681 1120 2708 «
1179 2662 1327 2714 Ante
1387 2658 1736 2714 Luciferum.
1774 2684 1795 2711 ι
1852 2665 2000 2718 Ante

349 2751 533 2808 istum
567 2747 894 2806 Luciferum
926 2747 1027 2820 qui
1055 2747 1286 2804 videtur
1337 2747 1396 2802 in
1452 2748 1692 2818 mundo,
1723 2765 1858 2804 vera
1896 2749 1995 2805 lux

348 2839 548 2915 genita
576 2842 684 2896 est.
718 2838 882 2895 Unde
911 2837 1054 2894 dicit
1081 2837 1141 2892 in
1164 2835 1279 2892 alio
1310 2836 1435 2892 loco
1468 2837 1731 2909 psalmus
1757 2855 1769 2894 :
1812 2840 1877 2894 In
1906 2841 1992 2894 tu-

348 2930 500 2986 mine
529 2937 618 2984 tuo
647 2927 950 2984 videbimus
991 2927 1174 2983 lumen
1208 2925 1386 3001 (Psat.
1437 2944 1606 2992 xxxv,
1658 2927 1768 2997 10),
1801 2929 1998 2983 Sermo

351 3023 442 3076 est
470 3019 542 3074 ad
576 3018 845 3073 Patrem:
880 3016 924 3072 Ο
957 3017 1146 3082 Pater,
1207 3015 1266 3071 in
1324 3015 1548 3071 lumine
1605 3015 1733 3071 Filii
1779 3016 1999 3073 videbi-

349 3123 505 3164 mus'
538 3105 739 3162 lumen
795 3104 1056 3176 Spritum
1117 3108 1410 3160 sanctum.
1449 3126 1476 3152 α

350 3196 683 3252 Luciferum
716 3193 890 3267 genui
923 3198 997 3250 te.
1025 3216 1052 3243 »

1537 3104 1615 3159 Ex
1671 3109 1834 3162 utero
1863 3109 1998 3162 ante

2099 883 2286 934 teram
2307 879 2431 934 Filii
2455 885 2480 934 .9
2512 882 2753 946 Quando
2777 881 2934 938 enim
2959 881 3204 938 dicitur:
3240 906 3268 930 «
3292 881 3457 938 Dixit
3477 882 3762 940 Dominus

2104 968 2348 1024 Domino
2380 985 2532 1036 meo,
2581 971 2726 1026 Sede
2774 988 2808 1025 a
2864 971 3081 1027 dextris
3131 971 3298 1036 meis,
3335 994 3365 1021 »
3402 972 3764 1027 manifestis.

2102 1056 2249 1112 sime
2272 1057 2505 1125 dicitur,
2531 1059 2685 1131 quod
2709 1060 2780 1114 ad
2799 1060 3093 1115 dexteram
3132 1061 3316 1116 Patris
3359 1057 3539 1116 sedet
3571 1061 3760 1116 Filius.

2103 1146 2346 1210 Quando
2377 1152 2570 1202 autem
2605 1148 2839 1214 dicitur,
2873 1172 2900 1198 ‹‹
2933 1149 3217 1205 Dominus
3249 1167 3282 1205 a
3311 1150 3548 1206 dextris
3577 1151 3713 1216 tuis,
3739 1174 3763 1196 ξπ

2103 1234 2211 1290 hoc
2262 1235 2494 1304 dicitur,
2529 1237 2681 1308 quod
2717 1238 2786 1291 ad
2821 1237 3114 1294 dexteram
3149 1238 3274 1294 Filii
3307 1239 3520 1295 sedeat
3583 1241 3766 1295 Pater.

2104 1322 2220 1378 Hoc
2243 1328 2430 1380 totum
2456 1330 2760 1397 propterea
2787 1326 3018 1394 dicitur,
3055 1332 3121 1382 ut
3168 1328 3412 1400 aequalis
3463 1328 3550 1385 sit
3597 1329 3768 1385 Filius

2105 1412 2280 1467 Patri.
2316 1413 2498 1469 Multa
2529 1418 2669 1469 sunt
2697 1432 2824 1486 qua:
2866 1415 3158 1472 dicantur.
3218 1418 3525 1473 Peccatori
3579 1424 3765 1473 autem

2103 1500 2374 1558 diabblus
2423 1508 2541 1559 stat
2592 1521 2625 1559 a
2673 1504 2913 1560 dextris.
2964 1505 3245 1562 Caeterum
3295 1505 3402 1562 illa
3443 1507 3769 1579 disputatio

2105 1589 2222 1646 alia
2245 1597 2352 1647 est.
2386 1592 2727 1665 Quicunque
2757 1599 3024 1666 peccator
3070 1601 3181 1662 est,
3229 1595 3517 1652 diabolus
3567 1598 3622 1652 ei
3665 1603 3769 1652 stat

2105 1681 2176 1734 ad
2209 1680 2528 1736 dexteram.
2562 1683 2667 1738 Sed
2701 1683 2856 1739 dicet
2886 1683 3139 1755 aliquis:
3185 1685 3501 1749 Quomodo
3551 1693 3613 1741 et
3642 1686 3765 1743 Jesn

2104 1767 2223 1823 filio
2243 1768 2488 1825 Josedec
2518 1770 2576 1825 in
2614 1772 2896 1827 Zacharia
2949 1772 3166 1828 dicitur
3221 1778 3379 1830 stare
3425 1775 3709 1832 diabolus
3737 1793 3764 1830 a

2104 1857 2329 1914 dextris
2356 1860 2486 1930 ejus
2518 1861 2707 1931 (Zach.
2746 1879 2831 1930 IlI,
2867 1862 2946 1932 1):
2976 1866 3034 1917 et
3062 1862 3334 1918 diabolus
3361 1864 3542 1919 stetit
3571 1881 3605 1919 a
3632 1866 3762 1920 dex-

2107 1946 2214 2002 tris
2245 1947 2608 2004 Salvatoris?
2637 1950 2862 2006 Videtis
2911 1951 3050 2022 quia
3096 1953 3339 2024 quaestio
3386 1959 3504 2008 est.
3560 1955 3665 2009 Sed
3700 1972 3760 2010 eo

2108 2039 2372 2108 tempore
2401 2039 2638 2109 quando
2670 2039 2865 2095 stabat
2895 2039 3164 2095 diabolus
3197 2042 3270 2095 ad
3302 2042 3617 2098 dexteram
3647 2043 3762 2099 Sal-

2107 2124 2359 2181 vatoris:
2411 2128 2582 2192 Jesus,
2626 2127 2849 2199 inquit,
2899 2128 3128 2185 habebat
3179 2133 3528 2187 vestimenta
3558 2133 3761 2187 sordida

2109 2213 2269 2285 (Ibid.
2305 2216 2382 2284 3).
2440 2219 2653 2272 Nostra
2710 2221 2949 2288 peccata
3006 2219 3293 2290 portabat,
3357 2220 3586 2291 nostris
3613 2221 3762 2276 vitiis

2109 2303 2436 2359 involutus:
2464 2309 2767 2377 propterea
2791 2307 3060 2363 diabolus
3077 2308 3268 2365 stabat
3295 2327 3330 2364 a
3363 2311 3596 2366 dextris
3625 2311 3762 2382 ejus.

2110 2415 2138 2442 «
2170 2393 2463 2466 Conlregit
2492 2394 2551 2449 in
2609 2395 2703 2451 die
2763 2395 2860 2451 iraa
2919 2413 3037 2451 suae
3091 2414 3274 2471 reges.
3311 2422 3341 2447 »
3405 2399 3549 2454 Haec
3581 2400 3763 2455 omnia

2108 2481 2324 2537 tradita
2340 2488 2480 2538 sunt
2499 2482 2661 2538 mihi.
2691 2484 2753 2540 In
2779 2492 3100 2551 momento,
3132 2485 3344 2558 inquit,
3381 2487 3546 2543 bore
3578 2505 3764 2545 mons-

2108 2571 2282 2626 travit
2311 2571 2361 2626 ei
2395 2572 2668 2628 universa
2699 2590 2878 2646 regna
2927 2581 3108 2630 terrea.
3162 2575 3360 2646 Regna
3405 2578 3622 2632 mundi
3652 2578 3769 2632 dia-

2108 2659 2279 2714 bolus
2312 2665 2620 2716 monstrat.
2659 2665 2728 2716 Et
2782 2663 2921 2733 quid
2979 2663 3170 2720 dicit?
3224 2666 3350 2721 Haec
3404 2669 3604 2721 omnia
3635 2669 3770 2722 mihi

2109 2748 2312 2803 tradita
2338 2758 2482 2806 sunt.
2512 2751 2572 2806 Si
2596 2751 2793 2807 cadens
2841 2753 3158 2808 adora-veris
3213 2769 3401 2810 coram
3448 2772 3557 2822 me,
3603 2765 3770 2810 erant

2111 2840 2206 2891 tua
2229 2839 2414 2893 omnia
2445 2839 2652 2908 (Matth.
2689 2858 2762 2904 1v,
2795 2842 2851 2908 8,
2880 2842 2957 2910 9).
2989 2841 3052 2896 In
3085 2841 3178 2898 die
3208 2859 3344 2915 ergo
3377 2842 3525 2910 belli,
3559 2844 3618 2898 in
3652 2843 3758 2899 die

2109 2926 2447 2982 certaminis
2477 2928 2536 2983 in
2569 2929 2662 2984 die
2690 2930 2787 2985 ira}
2820 2947 2956 3000 SWB,
2991 2923 3318 3004 confringet
3348 2947 3523 3004 reges.

2181 3037 2207 3063 ‹‹
2240 3015 2539 3071 Judicabit
2569 3017 2627 3095 in
2657 3016 3016 3074 nationibus.
3050 3041 3078 3068 »
3113 3019 3313 3076 Videte
3357 3021 3724 3078 diﬁ'erentias
3754 3026 3767 3064 ε

2109 3121 2274 3176 reges
2305 3106 2775 3178 confringuntur,
2801 3107 3092 3178 judicabit
3128 3108 3458 3165 nationes.«
3495 3104 3768 3182 Implebit

2111 3194 2333 3249 ruinas.
2373 3217 2394 3242 ι
2432 3195 2716 3251 Dominus
2747 3202 2946 3253 noster
2987 3198 3248 3254 ascendit
3303 3197 3363 3253 in
3424 3215 3684 3266 crucem,
3715 3204 3767 3255 et

423 3308 449 3334 ‹‹
482 3264 1042 3352 Juravit'Dominus,
1067 3287 1124 3337 et
1145 3299 1261 3338 non
1285 3281 1589 3354 paenitebit
1612 3298 1766 3338 eum.
1801 3306 1830 3332 »
1853 3308 1881 3333 ‹‹
1905 3285 2005 3340 Ju-
2035 3264 2078 3332 (ἶ
2120 3283 2314 3338 multa:
2339 3283 2518 3338 ruinae
2541 3286 2705 3340 factm
2751 3291 2909 3341 sunt.
2953 3289 3060 3342 Iste
3085 3290 3294 3360 positus
3338 3293 3422 3343 est
3453 3291 3514 3342 in
3549 3292 3766 3343 ruinam

354 3357 502 3430 ravit
557 3372 860 3429 Dominus.
897 3394 924 3421 »
956 3371 1074 3427 Hoc
1119 3371 1273 3443 quod
1323 3370 1486 3441 dicit,
1519 3372 1773 3443 juravit:
1800 3390 1912 3428 non
1946 3374 1994 3429 ei

351 3463 452 3538 qui
483 3473 617 3520 ante
646 3461 977 3518 Luciferum
1009 3461 1242 3534 genitus
1271 3464 1379 3528 est,
1415 3460 1516 3516 sed
1549 3461 1600 3516 ei
1626 3461 1865 3531 juravit,
1896 3463 1997 3534 qui

350 3557 484 3625 post
517 3552 850 3608 Luciferum
878 3555 1052 3606 natus
1081 3567 1150 3605 ex
1195 3549 1434 3622 Virgine
1487 3553 1593 3605 est.
1633 3571 1660 3599 »
1692 3551 1779 3606 Tu
1811 3567 1874 3607 es
1905 3569 1998 3608 sa-

349 3642 555 3697 cerdos
585 3640 644 3694 in
677 3643 960 3696 internum
1012 3639 1338 3695 secundum
1389 3638 1652 3694 ordinem
1696 3639 2000 3696 Melchise-

350 3731 477 3785 dec.
510 3747 537 3778 η
583 3728 955 3798 Supertluum
987 3730 1076 3782 est
1132 3744 1237 3782 nos
1268 3729 1340 3783 de
1396 3728 1509 3784 isto
1536 3728 1824 3785 versiculo
1855 3729 2002 3786 velle

351 3815 745 3890 interpretari,
780 3831 915 3870 cum
946 3819 1184 3870 sanctus
1241 3817 1552 3887 Apostolus
1613 3819 1683 3874 ad
1738 3819 2002 3875 Hebraeos

352 3903 698 3980 plenissime
754 3902 1156 3976 disputaverit.
1217 3904 1348 3975 Ipse
1405 3904 1562 3959 enim
1620 3905 1740 3962 ait:
1792 3911 1897 3963 Iste
1928 3916 2007 3964 est

352 3994 722 4061 Metehisedec,
753 3995 881 4050 sine
904 4000 1080 4066 patre,
1102 3993 1223 4047 sine
1251 3999 1443 4060 matre,
1493 3995 1616 4048 sine
1645 3998 2004 4063 generatione

351 4084 536 4155 (Hebr.
568 4100 670 4154 vn,
720 4082 796 4154 3).
846 4069 914 4137 Et
954 4081 1374 4153 interpretatur
1421 4080 1499 4136 ibi
1531 4080 1999 4154 diligentissime,

351 4188 533 4245 quare
554 4170 680 4227 sine
705 4174 890 4244 patre,
922 4169 1050 4226 sine
1082 4175 1287 4237 matre,
1334 4169 1462 4225 sine
1510 4170 1905 4242 generatione.
1939 4177 2004 4229 Et

351 4261 425 4317 ab
456 4259 732 4316 omnibus
756 4259 1166 4316 ecclesiasticis
1196 4258 1418 4314 dictum
1444 4263 1552 4331 est,
1577 4259 1853 4331 quoniam
1879 4262 2004 4318 sine

351 4353 515 4423 patre
544 4347 760 4405 dicitur
801 4348 1128 4405 secundum
1160 4364 1394 4404 carnem
1422 4364 1434 4403 :
1470 4348 1596 4405 sine
1646 4354 1831 4406 matre
1860 4349 2002 4406 dici-

349 4443 448 4495 tur
477 4438 804 4495 secundum
835 4437 1040 4492 Deum.
1077 4438 1193 4492 Hoc
1241 4437 1432 4492 solum
1471 4454 1607 4510 ergo
1661 4437 2002 4511 interprete-

353 4545 521 4585 mur:
558 4550 587 4578 ‹‹
619 4527 705 4582 Tu
731 4541 794 4582 es
825 4519 1097 4582 sacerdos
1128 4526 1185 4581 in
1226 4532 1504 4582 aeternum
1555 4527 1880 4582 secundum
1911 4546 2002 4584 or-

350 4618 547 4674 dinem
605 4614 1007 4672 Melchisedec.
1059 4614 1175 4670 Hoc
1224 4614 1415 4671 solum
1468 4616 1760 4684 dicamus,
1821 4633 2000 4688 quare
2033 4634 2080 4698 Ι)

351 4705 561 4764 dixerit
596 4729 619 4755 α
653 4705 978 4762 secundum
1009 4703 1295 4765 ordinem.
1332 4727 1359 4752 »
1399 4725 1425 4757 α
1473 4704 1803 4761 Secundum
1847 4707 2001 4761 ordi-

349 4810 508 4864 nem,
543 4815 571 4845 ι(
605 4809 975 4865 nequaquam
1009 4792 1280 4849 sacerdos
1310 4793 1425 4848 eris
1475 4793 1799 4849 secundum
1832 4795 1999 4850 victi-

350 4901 480 4940 mas
502 4883 778 4940 Judaicas
805 4900 816 4950 ;
853 4882 954 4939 sed
986 4881 1102 4938 eris
1133 4882 1405 4938 sacerdos
1431 4904 1459 4930 «
1493 4883 1817 4937 secundum
1851 4883 1998 4938 ordi-

349 4990 484 5030 nem
517 4972 920 5029 Melchisedec.
977 4993 1004 5020 ››
1055 4969 1354 5035 Quomodo
1403 4970 1559 5026 enim
1595 4969 1996 5037 Melchisedeo,

351 5077 448 5116 rex
480 5061 695 5133 Salem,
727 5060 940 5117 obtulit
974 5076 1181 5132 panem
1215 5064 1273 5114 et
1305 5059 1502 5117 vinum
1536 5059 1694 5129 (Gen.
1730 5077 1843 5127 XIV,
1890 5062 1998 5128 l8),

353 5149 437 5204 sic
466 5154 525 5204 et
556 5154 616 5204 tu
648 5152 854 5205 oll‘cres
885 5135 1096 5221 corpus
1128 5153 1294 5204 tuum
1321 5153 1377 5203 et
1402 5149 1773 5220 sanguinem,
1799 5166 1998 5204 verum

355 5255 561 5310 panem
621 5245 679 5293 et
734 5256 932 5294 verum
994 5239 1216 5294 vinum.
1279 5237 1389 5293 Iste
1449 5237 1832 5293 Melchisedec
1890 5240 2001 5295 ista

354 5328 630 5397 mysteria
685 5343 813 5398 qua
863 5327 1168 5397 habemus,
1205 5327 1364 5382 dedit
1394 5326 1583 5382 nobis.
1621 5331 1750 5399 Ipse
1781 5332 1869 5382 est
1901 5328 1995 5398 qui

348 5415 532 5472 dixit:
571 5416 674 5482 Qui
702 5417 1122 5472 manducauerit
1178 5431 1401 5471 carnem
1457 5432 1656 5481 meam,
1707 5419 1758 5470 et
1807 5417 1999 5472 biberit

349 5506 681 5575 sanguinem
711 5506 1186 5575 meum(Joan.v1,
1205 5507 1318 5574 55).
1339 5527 1366 5554 ‹‹
1384 5505 1718 5560 Secundum
1735 5505 1998 5561 ordinem

351 5593 752 5661 Melchisedec,
791 5613 817 5645 α
848 5592 1088 5649 tradidit
1122 5593 1289 5649 nobis
1333 5599 1768 5650 sacramentum
1800 5611 1997 5649 suum.

430 5705 451 5732 α
483 5683 768 5741 Dominus
799 5699 832 5740 a
863 5681 1079 5738 dextris
1133 5681 1272 5738 tuis.
1307 5705 1334 5733 ››
1371 5684 1511 5740 Rem
1572 5700 1778 5738 novam
1811 5683 1996 5739 video.

2107 3376 2158 3426 et
2186 3374 2635 3429 resurrectionem
2657 3373 2987 3444 multorum,
3020 3384 3075 3431 et
3127 3375 3184 3431 in
3231 3378 3457 3446 signum
3503 3379 3600 3432 cui
3644 3395 3762 3434 con-

2115 3461 2590 3532 tradicetur(Luc.
2628 3480 2691 3528 u,
2752 3465 2864 3535 34).
2899 3489 2924 3510 α
2988 3464 3260 3536 Implebit
3315 3465 3549 3522 ruinas.
3587 3491 3609 3519 ι
3647 3468 3765 3523 Non

2109 3549 2498 3620 credentium,
2531 3551 2632 3623 qui
2690 3569 2804 3609 non
2865 3553 3237 3609 crediderunt
3296 3553 3765 3627 exploratoribus

2109 3637 2410 3710 apostolis.
2446 3643 2517 3695 Et
2549 3641 2778 3713 Moyses
2835 3642 2990 3698 enim
3053 3643 3216 3698 misit
3261 3642 3663 3716 exploratores
3709 3646 3763 3700 in

2112 3728 2400 3784 mundum
2431 3729 2614 3799 (Num.
2646 3748 2771 3800 xm,
2807 3733 2837 3785 4
2865 3735 3054 3804 seqq’.),
3087 3737 3144 3786 et
3173 3732 3310 3804 quia
3364 3749 3484 3788 non
3525 3734 3764 3790 credidit

2111 3815 2364 3890 populus
2423 3817 2908 3890 exploratoribus,
2969 3823 3275 3892 propterea
3329 3823 3670 3878 ceciderunt
3707 3823 3762 3877 in

2112 3907 2359 3962 deserto.
2410 3907 2603 3979 Usque
2625 3907 2800 3964 hodie
2820 3925 3060 3981 corpora
3108 3926 3223 3965 non
3271 3912 3639 3967 credentium
3673 3929 3760 3967 cas

2112 3997 2262 4051 dunt
2283 3995 2338 4049 in
2355 3996 2582 4052 deserto
2597 3995 2769 4052 istius
2783 3997 3002 4053 saeculi.
3021 4021 3045 4047 α
3060 3999 3761 4074 Conquassabitcapitaiu

2110 4088 2267 4139 terra
2292 4084 2634 4140 multorum.
2659 4085 2932 4158 Implebit
2955 4086 3176 4155 ruinas,
3197 4111 3224 4134 »
3243 4104 3359 4142 non
3376 4089 3761 4144 credentium.

2113 4196 2140 4222 ‹‹
2173 4175 2604 4245 Conquassabit
2655 4175 2866 4248 capita,
2926 4193 3128 4231 eorum
3188 4177 3292 4248 qui
3349 4176 3501 4232 dubii
3559 4183 3756 4245 sunt;

2111 4278 2313 4317 eorum
2337 4263 2438 4333 qui
2465 4281 2579 4324 non
2605 4264 2821 4320 habent
2843 4265 3153 4336 perfectam
3177 4266 3357 4321 tidem
3394 4289 3413 4314 ι
3457 4265 3761 4337 Conquas-

2112 4350 2265 4418 sabit
2297 4351 2488 4422 capita
2516 4352 2575 4406 in
2607 4357 2761 4408 terra
2792 4352 3133 4425 multorum,
3159 4377 3187 4402 ››
3239 4371 3354 4410 non
3378 4353 3668 4411 omnium.
3699 4355 3760 4411 Si

2111 4437 2267 4493 enim
2325 4439 2588 4506 dixisset,
2651 4440 2917 4496 omnium
2977 4440 3174 4498 nullus
3232 4443 3306 4497 de
3369 4443 3542 4499 nobis
3602 4460 3760 4516 spem

2111 4525 2372 4583 haberet.
2405 4528 2714 4599 Multorum,
2775 4529 3008 4596 dicitur,
3069 4534 3135 4584 ut
3185 4530 3282 4586 alii
3331 4531 3757 4604 relinquantur.

2189 4640 2209 4665 α
2247 4621 2324 4672 De
2354 4621 2611 4672 torrente
2641 4617 2699 4672 in
2731 4619 2822 4673 via
2872 4619 3039 4674 bibit.
3072 4642 3098 4666 ιι
3152 4620 3292 4684 Quis
3342 4619 3494 4676 bibit
3543 4623 3615 4678 de
3644 4616 3760 4676 tor-

2114 4712 2274 4762 rente
2305 4705 2362 4760 in
2394 4706 2532 4761 via?
2557 4708 2669 4762 Iste
2698 4707 2791 4762 cui
2821 4706 3043 4764 dictum
3075 4715 3197 4764 est:
3240 4730 3266 4761 α
3295 4709 3454 4766 Dixit
3479 4711 3760 4767 Dominus

2111 4795 2357 4851 Domino
2392 4811 2558 4850 meo:
2587 4783 2733 4851 Sede
2765 4813 2796 4850 a
2827 4797 3046 4853 dextris
3077 4798 3243 4854 meis.
3280 4823 3302 4851 ι
3358 4799 3475 4855 Iste
3524 4801 3633 4872 qui
3660 4817 3759 4855 au-

2111 4883 2291 4939 divit:
2322 4907 2342 4931 σι
2367 4884 2452 4939 Tu
2477 4900 2538 4939 es
2565 4886 2838 4940 sacerdos
2878 4885 2936 4939 in
2973 4891 3252 4942 aeternum
3304 4889 3639 4945 secundum
3670 4906 3757 4944 or-

2111 4973 2305 5026 dinem
2326 4971 2726 5028 Melchisedeo.
2756 4996 2782 5022 »
2816 4974 2928 5030 Iste
2966 4976 3066 5046 qui
3099 4976 3385 5049 confregit
3433 4978 3494 5033 in
3542 4979 3640 5035 die
3670 4979 3756 5032 ira:

2111 5078 2228 5116 sua:
2262 5078 2426 5131 reges
2456 5080 2468 5128 ;
2503 5060 2769 5132 implebit
2800 5062 3041 5128 ruinas;
3103 5067 3523 5136 conquassabit
3574 5066 3755 5138 capita

2112 5150 2166 5204 in
2204 5153 2353 5204 terra
2410 5149 2751 5206 multorum.
2815 5152 2925 5207 lste
2984 5153 3124 5224 quid
3184 5154 3319 5209 facit
3375 5155 3640 5211 aliudz’n
3675 5154 3755 5210 De

2110 5243 2362 5294 torrente
2397 5240 2455 5294 in
2487 5241 2578 5294 via
2638 5240 2805 5308 bibit,
2846 5267 2864 5289 ει
2902 5241 3222 5299 Videamus
3282 5248 3416 5301 ante
3475 5245 3641 5310 viam,
3685 5251 3750 5298 ut

2112 5333 2312 5400 postea
2343 5329 2642 5385 videamus
2677 5328 2734 5384 in
2779 5331 2870 5386 via
2915 5334 3257 5389 torrentem.
3317 5333 3424 5389 Via
3479 5330 3748 5389 saeculum

2111 5417 2267 5472 istud
2304 5417 2541 5480 dicitur,
2577 5433 2675 5490 per
2709 5437 2886 5491 quam
2941 5420 3279 5476 ambulavit.
3304 5422 3564 5495 Denique
3615 5422 3746 5478 scri-

2110 5511 2275 5577 ptum
2309 5509 2399 5561 est
2430 5506 2486 5560 in
2511 5495 2821 5580 Evangelio
2853 5511 3013 5565 :Esto
3042 5512 3380 5566 consentiens
3437 5511 3743 5567 adversan'o

2109 5601 2198 5650 tuo
2228 5594 2358 5649 dum
2386 5611 2440 5649 es
2473 5597 2530 5650 in
2560 5596 2655 5650 via
2685 5597 2888 5668 (Matth.
2917 5614 2974 5667 ν,
3005 5599 3118 5668 25),
3152 5599 3259 5655 hoc
3285 5604 3396 5668 est,
3440 5601 3583 5657 dum
3623 5613 3740 5654 am-

2095 5683 2275 5740 ‘bulas
2307 5683 2362 5740 in
2397 5684 2507 5742 isto
2539 5685 2772 5758 seculo,
2799 5693 2856 5743 et
2888 5702 2990 5759 per
3040 5689 3197 5745 viam
3253 5690 3418 5746 vadis
3479 5691 3552 5747 ad
3589 5704 3735 5752 cum,
