3976 6188
208 378 363 447 123⁸7

1385 349 1874 443 BREVIARIUM
1923 380 2000 441 IN
2043 378 2425 442 PSALMOS.

3457 367 3615 436 1-238

208 516 312 587 qui
336 529 475 572 vera
503 518 592 571 est
619 514 732 572 via.
764 515 925 573 Unde
967 515 1180 572 dicitur
1209 522 1265 571 et
1296 516 1351 571 in
1402 518 1720 572 centesimo
1751 517 1851 572 de-
1883 518 1932 580 Α
1967 516 2367 588 confragosus.
2400 514 2618 571 Cedron
2667 512 2871 586 lingua
2907 513 3146 570 Hebraea
3191 509 3621 586 interpretatur,

210 605 369 662 cimo
399 609 600 662 octavo
651 606 877 677 psalmo
909 608 1064 676 (vers.
1102 608 1152 678 1)
1186 623 1199 662 :
1233 609 1392 663 Beati
1419 610 1767 664 immaculati
1796 610 1854 665 in

212 697 332 753 via.
364 693 526 750 Beati
568 699 706 750 sunt
735 695 834 767 qui
866 697 924 751 in
978 695 1093 752 ista
1123 696 1318 753 saeculi
1371 697 1464 752 via
1493 697 1857 754 immaculati

212 788 380 850 sunt,
411 788 470 840 et
500 784 559 838 in
597 784 710 840 isto
743 787 981 842 mundo.
1014 787 1163 859 Ergo
1211 786 1480 842 sacerdos
1531 788 1857 843 secundum

210 873 485 930 ordinem
523 872 904 930 Melehisedec
936 892 950 930 :
984 874 1260 947 quoniam
1313 876 1474 932 venit
1517 876 1578 931 in
1632 876 1724 932 via
1753 895 1857 932 saa-

212 961 456 1035 culi,_et
507 961 830 1017 ambulavit
876 963 934 1018 in
965 964 1060 1018 via
1106 968 1326 1032 nostra,
1361 964 1505 1020 bibit
1551 968 1608 1020 et
1635 964 1760 1036 ipse
1791 965 1861 1020 de

209 1054 492 1119 torrente,
526 1051 628 1122 qui
680 1058 805 1106 erat
851 1051 910 1106 in
963 1052 1192 1108 saeculo.
1227 1054 1482 1109 Torrens
1529 1071 1645 1108 non
1685 1053 1862 1110 habet

213 1156 400 1212 aquas
424 1139 740 1208 naturales,
766 1158 880 1197 non
913 1141 1088 1198 habet
1113 1159 1296 1213 aquas
1325 1160 1452 1215 quae
1483 1160 1716 1215 semper
1736 1161 1861 1215 per-

216 1229 407 1284 ﬂuunt
441 1245 454 1284 :
489 1229 588 1284 sed
620 1228 795 1285 habet
823 1247 1008 1302 aquas
1037 1232 1107 1287 de
1138 1233 1608 1304 tempestatibus,
1635 1235 1706 1289 de
1738 1232 1863 1300 plu-

212 1317 346 1389 viis,
389 1318 460 1373 de
503 1319 758 1386 turbine,
791 1319 863 1376 de
913 1320 1204 1392 procellis.
1255 1323 1506 1378 Torrens
1553 1339 1860 1393 nunquam

211 1412 302 1463 est
332 1407 391 1462 in
425 1407 747 1474 montibus,
783 1409 884 1465 sed
914 1426 1146 1482 semper
1172 1410 1231 1466 in
1264 1410 1532 1482 vallibus,
1567 1411 1624 1466 in
1661 1411 1861 1484 praeei-

213 1495 437 1568 pitibus
466 1495 631 1552 locis.
657 1496 892 1554 Alienas
924 1515 1109 1570 aquas
1138 1500 1408 1573 concipit,
1436 1505 1493 1556 et
1513 1501 1783 1572 parturit,
1805 1504 1864 1557 et

214 1589 451 1641 tumens
481 1585 656 1643 vadit.
687 1610 714 1637 ‹‹
747 1587 827 1643 De
857 1592 1113 1645 torrente
1144 1590 1202 1645 in
1227 1589 1320 1646 via
1349 1591 1515 1646 bibit.
1549 1612 1577 1641 »
1611 1592 1864 1646 Torrens

215 1689 526 1746 nunquam
556 1674 732 1731 habet
764 1678 1047 1733 mundam
1079 1695 1314 1750 aquam,
1348 1681 1447 1736 sed
1481 1695 1712 1751 semper
1741 1683 1862 1734 tur-

217 1762 446 1819 bidam.
487 1764 607 1820 Hoc
655 1764 888 1835 dicitur,
921 1768 1200 1839 quoniam
1251 1768 1448 1824 saeculi
1481 1768 1653 1824 istius
1697 1785 1862 1840 aqua:

219 1869 452 1924 semper
498 1853 744 1909 turbidae
794 1860 950 1926 sunt,
983 1873 1216 1930 semper
1261 1857 1443 1930 plenas
1492 1862 1858 1930 tempestate.

214 1940 408 1996 Vultis
441 1942 588 1998 scire
618 1945 910 2015 quomodo
939 1946 1010 2001 de
1053 1951 1308 2004 torrente
1337 1948 1572 2003 turbido
1603 1945 1864 2002 biberit?

216 2030 289 2085 Et
318 2030 443 2102 ipse
473 2031 616 2087 dicit
647 2049 660 2088 :
699 2035 884 2090 Tristis
917 2038 993 2091 est
1022 2038 1213 2092 anima
1257 2053 1380 2092 mea
1411 2053 1580 2107 usque
1617 2036 1687 2091 ad
1714 2053 1862 2091 mor-

218 2121 330 2174 tem
360 2120 572 2190 (Illatth.
615 2139 764 2191 xxvx,
799 2123 911 2194 38).
943 2125 1014 2178 Et
1059 2125 1274 2178 dicitur
1319 2124 1377 2179 in
1411 2125 1717 2197 Evangelio
1752 2141 1765 2179 :
1801 2127 1864 2180 Et

220 2211 401 2280 coepit,
451 2209 662 2280 inquit,
695 2214 1012 2268 contristari
1057 2216 1107 2268 et
1145 2215 1466 2268 conturbari
1517 2215 1701 2284 (Marc.
1743 2231 1861 2278 XIV,

217 2296 332 2364 33).
367 2296 522 2352 Bibit
549 2313 685 2370 ergo
728 2299 903 2355 etiam
936 2301 1220 2357 Dominus
1269 2308 1467 2358 noster
1496 2303 1567 2359 de
1609 2307 1864 2358 torrente

220 2384 393 2440 istius
425 2384 621 2441 sseculi
666 2404 851 2458 aquas
897 2389 1184 2455 turbidas,
1217 2407 1402 2462 aquas
1431 2391 1646 2460 tristes,
1679 2409 1866 2464 aquas

219 2489 347 2543 quae
382 2490 495 2529 non
525 2474 744 2531 habent
775 2475 1053 2534 laetitiam.
1087 2478 1244 2534 Tulit
1269 2479 1531 2547 calicem,
1564 2485 1622 2536 et
1651 2480 1866 2551 imple-

217 2561 302 2615 vit
345 2561 418 2616 de
449 2566 705 2620 torrente
737 2567 962 2633 mundi,
997 2572 1055 2624 et
1085 2567 1364 2639 quoniam
1414 2570 1660 2625 turbidae
1704 2578 1867 2626 erant

216 2665 405 2721 aquae,
442 2651 585 2708 dicit
617 2670 630 2707 :
665 2659 856 2722 Pater,
889 2657 942 2710 si
987 2657 1250 2727 possibile
1284 2661 1382 2724 est,
1437 2662 1688 2716 transeat
1715 2661 1867 2714 calix

222 2739 330 2794 iste
356 2756 389 2795 α
420 2757 506 2800 me
544 2742 703 2813 (Ibid.
736 2744 849 2804 36).
884 2745 1040 2800 Bibit
1087 2762 1224 2819 ergo
1253 2747 1324 2802 de
1373 2751 1629 2804 torrente
1661 2749 1865 2804 mundi

217 2827 423 2884 istius:
448 2830 550 2885 sed
572 2848 686 2887 non
722 2832 868 2888 bibit
889 2835 1058 2905 quasi
1093 2835 1151 2890 in
1183 2836 1355 2892 domo
1387 2853 1514 2907 sua,
1547 2838 1647 2893 sed
1672 2837 1730 2892 in
1751 2837 1864 2908 via,

219 2917 291 2972 ad
322 2916 437 2972 alia
463 2916 548 2974 ire
598 2920 901 2978 festinans.
939 2945 960 2972 α
999 2923 1147 2979 Bibit
1197 2925 1268 2980 de
1298 2929 1562 2997 torrentg
1591 2925 1649 2981 in
1694 2927 1806 2981 via.
1838 2948 1866 2975 »

220 3009 533 3078 Propterea
562 3007 712 3065 bibit
740 3010 813 3066 de
858 3015 1135 3078 torrente,
1170 3014 1308 3085 quia
1338 3013 1398 3068 in
1428 3015 1522 3069 via
1551 3019 1694 3070 erat.
1729 3038 1756 3064 ‹‹
1790 3016 1870 3070 De

224 3100 481 3151 torrente
498 3097 664 3155 bibit.
692 3118 719 3151 ι)
746 3098 802 3154 Si
825 3100 1106 3156 Dominus
1129 3101 1364 3158 bibitde
1387 3108 1641 3159 torrente
1664 3104 1869 3159 mundi

226 3181 420 3255 istius,
453 3192 672 3258 quanto
703 3188 892 3261 magis
922 3189 1110 3245 sancti
1133 3190 1160 3244 ?
1188 3190 1380 3246 Vultis
1418 3191 1567 3247 scire
1593 3193 1868 3264 quoniam

1967 607 2215 662 tenebrae.
2271 604 2494 661 Videtis
2541 603 2720 676 igitur
2769 603 3046 675 quoniam
3097 607 3384 661 torrentes
3436 601 3611 659 istius

1969 695 2166 753 saeculi
2196 696 2256 750 in
2275 693 2532 751 tenebris
2550 698 2707 750 sunt.
2728 692 3008 749 Dominus
3025 709 3160 765 ergo
3183 709 3315 748 cum
3337 692 3610 762 traditur,

1970 803 2084 842 non
2113 785 2365 840 traditur
2393 800 2628 839 rursum
2656 783 2714 838 in
2748 786 2944 839 monte
2965 781 3190 851 Oliveti,
3215 798 3328 838 non
3361 781 3616 838 traditur

1969 875 2030 930 in
2078 874 2344 946 templo:
2388 873 2488 929 sed
2539 872 2793 928 traditur
2835 871 2896 928 in
2947 873 3227 941 torrente,
3256 873 3313 925 et
3358 873 3615 927 torrente

1969 965 2368 1030 tenebrarum,
2400 962 2508 1018 hoc
2539 967 2630 1018 est
2659 962 2900 1018 Cedron.
2925 962 3140 1018 Omnes
3167 959 3325 1015 enim
3355 957 3456 1030 qui
3481 959 3616 1015 odio

1970 1054 2188 1109 habent
2218 1052 2430 1117 lucem,
2464 1056 2665 1108 amant
2692 1051 2982 1107 tenebras.
3009 1071 3038 1099 ‹‹
3070 1054 3150 1105 De
3169 1052 3426 1106 torrente
3445 1047 3504 1102 in
3527 1047 3621 1102 via

1972 1143 2138 1199 bibit.
2177 1166 2196 1193 ι
2243 1144 2389 1210 Quia
2435 1159 2570 1215 ergo
2620 1141 2768 1198 bibit
2798 1141 3084 1197 Dominus
3133 1142 3204 1196 de
3251 1143 3527 1208 torrente,
3559 1141 3620 1195 et

1969 1234 2229 1306 gustavit
2277 1237 2546 1304 mortem,
2574 1235 2879 1304 propterea
2922 1229 3198 1286 exaltavit
3242 1245 3378 1285 eum
3417 1229 3610 1295 Pater,

1972 1327 2029 1379 et
2057 1323 2217 1379 dedit
2260 1321 2312 1378 ei
2361 1338 2572 1378 nomen
2623 1321 2778 1392 quod
2828 1325 2918 1376 est
2949 1335 3128 1392 super
3174 1335 3345 1374 omne
3374 1333 3612 1375 nomen.

1972 1412 2191 1468 Deinde
2220 1429 2375 1466 nunc
2407 1410 2621 1466 dicitur
2653 1427 2665 1465 :
2706 1429 2728 1456 α
2760 1410 2841 1465 De
2870 1412 3124 1464 torrente
3167 1408 3226 1462 in
3257 1407 3352 1462 via
3381 1405 3548 1463 bibit.
3585 1427 3616 1456 ››

1973 1503 2042 1556 Et
2069 1499 2204 1570 quia
2251 1499 2400 1556 bibit
2428 1500 2498 1554 de
2542 1502 2800 1554 torrente
2829 1498 2886 1552 in
2918 1496 3029 1566 via,
3065 1520 3093 1547 ‹‹
3127 1498 3433 1569 propterea
3461 1493 3619 1552 exal-

1971 1589 2128 1645 vavit
2174 1593 2364 1660 caput.
2401 1612 2421 1641 ι
2462 1592 2528 1642 Et
2573 1588 2714 1660 quid
2745 1586 2929 1642 dicit?
2959 1587 3098 1642 Cum
3135 1587 3410 1642 excitatus
3437 1587 3618 1655 fuero,

1973 1681 2160 1735 omnia
2188 1679 2405 1734 traham
2442 1678 2512 1733 ad
2540 1693 2627 1733 me
2657 1681 2845 1744 (Joan.
2872 1693 2974 1743 xu,
3008 1675 3120 1746 32).
3155 1673 3256 1730 Ille
3279 1677 3370 1729 est
3399 1672 3620 1729 exalta-

1973 1776 2090 1835 tus,
2123 1774 2180 1824 et
2208 1785 2314 1824 nos
2361 1766 2654 1824 exaltavit.
2691 1767 2867 1822 Istius
2915 1770 3090 1838 caput
3136 1766 3454 1820 exaltatum
3485 1770 3574 1820 est
3606 1779 3621 1819 :

1895 1890 1943 1954 B
1974 1862 2246 1914 caeterum
2278 1855 2548 1912 draconis
2578 1856 2770 1927 capita
2789 1854 3221 1925 conquassavit,
3245 1858 3303 1908 et
3331 1852 3627 1909 confracta

1975 1951 2115 2003 sunt
2145 1947 2204 2000 in
2257 1945 2434 2001 mari.
2470 1966 2499 1995 «
2534 1948 2844 2017 Propterea
2887 1943 3161 1999 exaltavit
3208 1947 3404 2014 caput.
3437 1961 3464 1994 ι
3498 1941 3626 1998 Non

1974 2035 2118 2092 dixit
2151 2052 2164 2089 :
2199 2038 2511 2106 Propterea
2541 2032 2859 2089 exaltatum
2881 2036 2972 2088 est
3001 2034 3177 2103 caput
3204 2032 3354 2102 ejus,
3378 2031 3488 2087 hoc
3507 2034 3625 2098 est,

1974 2124 2046 2179 ab
2099 2123 2211 2179 alio
2261 2121 2548 2178 exaltatus
2578 2137 2593 2176 :
2625 2122 2726 2176 sed
2777 2121 2876 2192 qui
2928 2135 2990 2176 se
3029 2117 3459 2188 humiliaverat,
3491 2117 3619 2190 ipse

1975 2212 2266 2269 exaltavit.
2302 2212 2430 2284 Ipse
2461 2211 2617 2266 enim
2649 2210 2791 2266 dicit
2820 2210 2877 2265 in
2911 2207 3218 2281 Evangelio
3251 2223 3265 2264 :
3301 2209 3625 2263 Potestatem

1973 2302 2141 2358 habeo
2187 2301 2434 2356 animam
2481 2316 2661 2356 meam
2709 2299 2967 2372 ponendi,
2999 2302 3051 2354 et
3096 2301 3410 2370 potestatem
3448 2295 3617 2353 habeo

1976 2390 2288 2448 resumendi
2333 2405 2457 2446 eam
2485 2393 2674 2458 (Joan.
2707 2407 2761 2456 x,
2797 2389 2906 2458 18).
2949 2409 2977 2436 ‹‹
3013 2390 3317 2459 Propterea
3345 2383 3619 2440 exaltavit

1974 2485 2169 2552 caput.
2201 2499 2228 2530 ιο
2262 2479 2534 2551 Seipsum
2566 2477 2858 2542 exaltavit,
2881 2477 2978 2548 qui
3010 2479 3186 2547 caput
3215 2478 3305 2531 est
3325 2473 3616 2530 omnium.

1973 2573 2093 2625 Aut
2137 2573 2293 2624 certe
2344 2569 2498 2640 quod
2553 2566 2743 2623 dicit:
2799 2587 2826 2616 «
2857 2563 3142 2622 Exaltavit
3189 2568 3385 2636 caput,
3419 2585 3448 2614 »
3498 2579 3617 2619 non

1975 2657 2234 2729 seipsum
2266 2655 2557 2712 exaltavit.
2618 2675 2646 2707 α
2687 2655 2996 2726 Propterea
3041 2652 3314 2709 exaltavit
3358 2655 3554 2725 caput.
3592 2674 3615 2702 ι

1975 2746 2216 2818 Semper
2265 2746 2422 2801 enim
2472 2744 2570 2800 ille
2618 2743 2774 2801 altus
2810 2743 2938 2798 fuit.
2980 2742 3091 2798 Sed
3141 2741 3377 2812 quando
3430 2740 3619 2797 dicit:

1983 2859 2003 2884 ι
2041 2834 2321 2890 Exaltavit
2349 2838 2546 2906 caput,
2582 2856 2608 2882 ››
2641 2836 2911 2889 nostrum
2962 2829 3236 2886 exaltavit
3265 2831 3441 2901 caput
3473 2845 3486 2883 :
3520 2827 3625 2900 qui

1978 2923 2136 2980 curvi
2166 2941 2280 2979 non
2332 2927 2669 2995 poteramus
2719 2921 2981 2994 aspicere
3009 2919 3082 2975 ad
3132 2917 3364 2984 coelum,
3397 2917 3500 2972 sed
3551 2916 3625 2973 ad

1983 3019 2215 3071 terram.
2247 3012 2438 3068 Vultis
2469 3011 2618 3067 scire
2649 3010 2930 3084 quoniam
2953 3008 3079 3081 ipse
3103 3006 3377 3065 exaltavit
3404 3006 3628 3079 caput?

1980 3103 2049 3158 Et
2075 3101 2235 3157 illam
2289 3101 2597 3156 mulierem
2637 3117 2816 3172 quam
2850 3098 3134 3172 ligaverat
3177 3094 3468 3164 diabolus,
3500 3095 3629 3168 ipse

1982 3191 2255 3247 liberavit
2299 3190 2452 3260 (Luc.
2502 3207 2628 3260 xm,
2662 3191 2750 3254 12,
2783 3190 2892 3260 16).
2937 3185 3224 3244 Exaltavit
3251 3189 3430 3258 caput
3471 3185 3624 3256 ejus,

227 3274 416 3329 sancti
446 3275 517 3330 de
561 3260 825 3334 torrente,
865 3279 1094 3334 bibunt.
1141 3280 1292 3335 Dicit
1333 3285 1392 3336 et
1439 3281 1497 3336 in
1532 3260 1644 3337 alio
1697 3281 1822 3339 loco
1856 3299 1868 3337 :
1903 3260 1946 3326 (ἶ
1985 3298 2113 3352 qua;
2145 3272 2377 3352 semper
2403 3279 2706 3336 incurvata
2755 3277 2911 3334 fuit:
2945 3282 3003 3333 et
3050 3275 3314 3332 adoravit
3335 3291 3493 3331 eum.
3521 3273 3627 3331 Cui

232 3364 546 3420 Torrentem
596 3369 950 3437 pertransivit
998 3370 1189 3424 anima
1233 3380 1425 3426 nostra
1470 3371 1642 3443 (Psal.
1675 3371 1870 3440 cx‘xm,

225 3451 302 3522 5).
345 3473 372 3505 ι
402 3453 483 3509 De
531 3457 788 3512 torrente
836 3456 894 3511 in
948 3457 1042 3513 via
1086 3458 1254 3514 bibit.
1290 3481 1319 3509 »
1351 3459 1612 3516 Diximus
1660 3461 1730 3516 de
1759 3464 1873 3516 tor.

226 3546 408 3613 rente,
440 3543 708 3601 dicamus
738 3545 916 3601 etiam
969 3552 1026 3602 et
1072 3547 1496 3604 testimonium.
1533 3550 1871 3606 Torrentem

222 3631 606 3700 pertransivit
652 3634 851 3690 anima
897 3640 1116 3691 nostra.
1151 3637 1341 3704 vultis
1391 3638 1540 3693 seire
1587 3644 1644 3693 et
1691 3637 1873 3694 alium

227 3721 596 3775 torrentem?
627 3721 782 3777 Elias
814 3729 1054 3780 sanctus
1094 3725 1379 3798 propheta
1411 3728 1646 3797 quando
1680 3743 1876 3798 perse-

225 3808 518 3896 quebatur
547 3825 682 3865 eum
733 3812 980 3879 Jezabel,
1014 3815 1249 3884 quando
1300 3816 1521 3886 accepit
1571 3816 1791 3880 cibum,
1823 3820 1882 3870 et
1927 3885 1940 3896 ο

237 3895 627 3968 quadraginta
655 3898 863 3954 diebus
903 3901 1195 3957 transiens
1227 3903 1476 3972 perrexit
1507 3904 1562 3957 in
1595 3920 1878 3971 eremum,

237 3985 387 4054 Erat,
421 3983 634 4056 inquit,
670 3989 726 4041 in
760 3988 992 4056 deserto,
1025 3999 1078 4045 et
1121 3990 1334 4045 bibebat
1363 3991 1430 4046 de
1478 3996 1714 4048 torrente
1746 3992 1880 4048 Cho-

239 4077 338 4131 bar
390 4076 486 4147 (III
515 4079 639 4148 Reg.
690 4095 829 4143 xvu,
877 4081 954 4149 6).
1006 4079 1218 4136 Verum
1252 4081 1553 4137 audientes
1600 4086 1884 4138 torrentes

238 4163 410 4220 istius
440 4165 654 4231 saeculi,
681 4167 860 4224 nolite
900 4168 1226 4239 desperare.
1260 4171 1616 4241 Frequenter
1639 4170 1733 4226 hic
1764 4176 1882 4227 tor-

242 4269 377 4310 rens
426 4255 624 4310 defieit
660 4256 821 4326 (Ibid.
855 4258 930 4328 7).
962 4257 1206 4314 Videtur
1250 4259 1487 4331 quidem
1534 4265 1882 4327 tumescere,

242 4341 473 4396 videtur
502 4341 716 4398 habere
763 4361 950 4416 aquas
997 4347 1236 4413 multas,
1272 4349 1371 4404 sed
1423 4349 1534 4404 cito
1583 4350 1800 4418 deficit,
1835 4349 1885 4405 si

243 4429 558 4487 sustineas.
592 4431 660 4486 Et
690 4430 845 4487 Elias
875 4433 1024 4488 bibit
1053 4437 1291 4506 quidem
1314 4437 1373 4490 in
1396 4437 1626 4493 deserto
1648 4454 1888 4509 aquam,

242 4535 309 4575 eo
339 4523 600 4591 tempore
632 4537 746 4592 quo
777 4527 900 4577 erat
931 4522 988 4576 in
1021 4523 1276 4590 tristitia,
1311 4541 1425 4596 quo
1456 4531 1580 4581 erat
1610 4526 1670 4580 in
1703 4543 1888 4598 angu-

1984 3369 2060 3426 sit
2092 3369 2277 3441 gloria
2306 3370 2365 3424 in
2397 3367 2610 3425 saecula
2639 3367 3008 3425 saeculorum.
3040 3369 3248 3421 Amen.

2493 3476 2619 3532 PSA
2629 3475 2820 3531 LMUS
2857 3474 2964 3530 CX.

1984 3567 2245 3623 Alleluia.
2279 3564 2548 3620 Psalmus
2579 3564 2710 3636 iste,
2745 3564 2973 3636 primus
3003 3561 3327 3636 secundum
3360 3559 3626 3616 ordinem

2057 3637 2336 3694 scribitur
2355 3633 2724 3692 litterarum:
2745 3633 2893 3690 licet
2912 3633 3082 3689 multi
3107 3633 3452 3688 vicesimum
3482 3647 3628 3704 quo-

2059 3726 2172 3781 que
2222 3713 2497 3779 quartum
2532 3707 2849 3781 psalmum,
2881 3711 2940 3761 et
2988 3704 3354 3781 tricesimum
3399 3707 3627 3781 sextum

2061 3775 2346 3852 scriptum
2381 3775 2588 3852 putent
2616 3779 2968 3852 inuHebra-m,
2998 3775 3324 3852 secundum
3365 3775 3630 3852 ordinem

2059 3845 2420 3907 litterarum}
2446 3851 2544 3906 sed
2573 3851 2631 3907 in
2656 3850 2794 3916 illis,
2817 3848 2904 3904 vel
2938 3849 3153 3904 desunt
3175 3846 3380 3918 aliqua:
3402 3845 3634 3909 litteras,

2060 3921 2150 3977 vel
2181 3928 2517 3995 supersunt,
2547 3927 2608 3995 et
2656 3937 3080 3995 nonnunquam
3135 3917 3287 3995 quia
3310 3933 3447 3995 cum
3479 3933 3638 3995 unus

2062 3987 2273 4050 versus
2295 3987 2606 4064 brevis'rsit,
2631 3992 2782 4049 alius
2811 3987 3043 4064 infinita
3062 3987 3640 4064 Ion—gitudine_major

2063 4070 2172 4140 est.
2206 4067 2286 4122 Ex
2315 4082 2431 4136 quo
2462 4058 2838 4140 pute__magi_s
2871 4058 3273 4140 observatione
3302 4059 3417 4140 hoc
3439 4058 3640 4140 legen-

2064 4137 2238 4203 tium,
2274 4130 2679 4208 quam'studio
2711 4130 3012 4206 scriptoris
3043 4131 3335 4208 effectum.
3366 4130 3639 4208 _De_niqu_e

2066 4214 2122 4264 et
2170 4200 2553 4280 septuaginta
2601 4200 2974 4280 interpretes,
3015 4202 3156 4280 quia
3193 4200 3420 4280 _aliqui_s_
3445 4201 3507 4280 i_n
3543 4200 3641 4256 eis

2067 4272 2804 4350 serupulusvnaseebatur,
2854 4277 2915 4330 in
2959 4272 3342 4331 translatione
3370 4273 3642 4329 Hebraeae

2069 4347 2294 4406 litteras
2328 4366 2542 4422 ponere
2570 4347 2904 4404 noluerunt.

2070 4461 2096 4488 ‹‹
2131 4438 2460 4494 Confitebor
2504 4436 2631 4503 tibi,
2667 4436 2931 4500 Domine,
2962 4435 3021 4490 in
3070 4437 3192 4490 toto
3222 4434 3396 4490 corde
3425 4448 3578 4490 meo.
3613 4455 3638 4486 ι

1999 4527 2060 4582 Si
2090 4543 2205 4582 non
2238 4525 2447 4581 fuisset
2478 4525 2729 4598 simplex
2760 4523 2958 4590 David,
2989 4527 3048 4578 et
3083 4522 3389 4579 habuisset
3417 4521 3643 4589 dolum,

246 4609 376 4665 stia.
412 4609 724 4666 Dimiserat
749 4610 1038 4680 Judaeam,
1069 4617 1126 4666 et
1174 4618 1502 4684 perrexerat
1530 4614 1588 4668 in
1632 4619 1888 4670 montem
1919 4632 1966 4696 D
1999 4633 2115 4672 non
2164 4615 2403 4671 dixisset
2439 4633 2452 4672 :
2491 4638 2512 4664 α
2547 4615 2876 4671 Confitebor
2920 4612 3051 4682 tibi,
3101 4612 3365 4679 Domine,
3414 4610 3475 4666 in
3522 4613 3644 4666 toto

247 4698 386 4755 Sina
418 4715 432 4752 :
464 4699 926 4771 persequebatur
978 4700 1133 4756 enim
1182 4717 1316 4756 eum
1364 4701 1619 4770 Jezabel,
1650 4707 1708 4758 et
1753 4721 1888 4773 pro-

247 4793 445 4861 pterea
491 4787 728 4844 bibebat
774 4789 846 4844 de
891 4793 1148 4845 torrente
1191 4789 1440 4846 Chobar.
1487 4790 1702 4846 Verum
1753 4792 1894 4864 quia

248 4877 632 4950 perseveravit
657 4893 841 4950 usque
873 4878 930 4932 in
962 4879 1162 4947 ﬁnem,
1190 4884 1494 4950 prepterea
1511 4879 1721 4935 defecit
1740 4896 1894 4951 aqua

249 4966 544 5021 torrentis.
578 4969 647 5020 Et
695 4966 909 5021 dicitur
940 4968 1010 5023 ad
1065 4983 1200 5023 eum
1234 4985 1268 5024 a
1318 4969 1582 5034 Domino,
1615 4969 1893 5038 quoniam

248 5055 539 5111 defecerat
565 5072 719 5127 aqua
766 5055 1045 5112 torrentis
1077 5074 1090 5111 :
1133 5057 1290 5123 Vade,
1325 5057 1538 5129 inquit,
1571 5058 1641 5112 ad
1669 5059 1897 5114 riduam

249 5145 311 5199 in
354 5145 585 5217 Sarepta
642 5145 1012 5215 Sidoniorum,
1061 5150 1170 5201 etc.
1221 5146 1380 5218 (Ibid.
1431 5149 1508 5218 9).
1561 5148 1700 5203 Ecce
1749 5147 1896 5203 bibit

251 5236 308 5289 et
335 5232 492 5290 Elias
521 5234 591 5289 de
637 5237 908 5290 torrente.
940 5235 1049 5291 Sed
1100 5235 1225 5307 ipse
1253 5235 1542 5292 Dominus
1571 5242 1745 5309 atque
1774 5237 1899 5292 Sal-

251 5326 415 5378 vator
470 5323 618 5380 bibit
671 5327 728 5379 et
780 5322 1021 5380 calicem
1075 5325 1146 5382 de
1202 5330 1457 5382 torrente
1516 5327 1758 5383 Cedron.
1804 5326 1896 5381 Sic

251 5411 409 5468 enim
458 5412 761 5483 Scriptura
807 5413 1000 5479 refert,
1035 5414 1270 5485 quando
1317 5420 1601 5471 venerunt
1630 5419 1688 5470 et
1732 5432 1896 5470 com-

253 5500 690 5573 prehenderunt
734 5518 890 5558 eum.
924 5502 1246 5571 Venerunt,
1295 5503 1505 5576 inquit,
1538 5509 1594 5559 ct
1641 5521 1898 5576 compre-

254 5590 586 5646 henderunt
624 5607 758 5648 eum
806 5592 866 5646 in
920 5596 1198 5659 torrente,
1233 5596 1342 5648 etc.
1394 5596 1576 5665 (Joan.
1626 5610 1786 5661 xvm,
1824 5595 1894 5672 1).

254 5677 478 5737 Videtis
527 5693 706 5751 quam
755 5679 998 5739 humilis
1049 5679 1125 5738 sit
1172 5679 1334 5738 locus
1383 5683 1679 5754 torrentis,
1719 5699 1898 5754 quam

2001 4706 2174 4761 corde
2221 4720 2372 4760 meo.
2403 4727 2432 4754 »
2464 4704 2588 4760 Non
2638 4702 2810 4759 labiis
2840 4706 3092 4772 tantum,
3126 4701 3228 4757 sed
3275 4702 3398 4755 toto
3448 4699 3643 4754 corde.

2006 4817 2034 4844 «
2068 4796 2131 4848 In
2181 4792 2424 4850 consilio
2449 4795 2750 4864 justorum
2795 4795 2852 4848 et
2899 4788 3350 4863 congregatione
3384 4806 3397 4845 :
3431 4802 3649 4860 magna

2005 4899 2181 4955 Opera
2229 4882 2536 4938 Domini.»
2571 4883 2883 4938 Reetorum
2929 4879 3072 4937 dicit
3116 4893 3320 4934 eorum
3367 4876 3468 4949 qui
3516 4878 3652 4932 ante

2007 4977 2343 5045 peccatores
2387 4975 2572 5039 erant,
2606 4987 2762 5026 nunc
2808 4985 2942 5026 vero
2983 4966 3155 5040 justi.
3187 4965 3314 5023 Non
3366 4968 3457 5022 est
3491 4964 3652 5022 enim

2006 5061 2227 5116 mirari.
2261 5059 2484 5116 Videtis
2531 5059 2900 5133 elephantem
2931 5062 2989 5113 et
3030 5054 3344 5123 camelum,
3379 5053 3656 5111 similiter

2006 5155 2063 5206 et
2092 5165 2360 5205 muscam
2409 5153 2468 5205 et
2512 5147 2781 5217 culicem,
2815 5145 3082 5203 eamdem
3126 5143 3512 5201 mobilitatem
3545 5142 3652 5200 ha-

2011 5239 2169 5304 bere,
2202 5241 2258 5294 et
2287 5237 2586 5309 spiritum,
2618 5241 2676 5294 et
2705 5235 2986 5292 membra.

2081 5349 2108 5376 ‹‹
2144 5329 2351 5383 Escam
2402 5327 2566 5383 dedit
2611 5325 2958 5382 timentibus
2987 5340 3072 5380 sc.
3118 5344 3140 5372 »
3176 5323 3241 5380 In
3285 5323 3439 5380 fame
3495 5323 3655 5397 pavit

2007 5414 2195 5471 Eliam
2244 5416 2341 5485 (III
2390 5417 2518 5486 Reg.
2555 5432 2690 5485 xvu,
2741 5415 2844 5482 6);
2897 5412 2954 5468 in
3007 5411 3256 5478 deserto,
3290 5409 3506 5485 populo
3547 5411 3653 5468 Ju-

2008 5507 2267 5559 daiorum
2293 5521 2513 5559 manna
2542 5501 2692 5576 pluit
2721 5501 2910 5572 (Emori.
2935 5518 3050 5566 xw,
3075 5501 3186 5572 13),
3207 5503 3264 5556 et
3291 5497 3648 5571 completum

2005 5597 2095 5648 est
2124 5592 2280 5663 quod
2325 5591 2538 5646 dicitur
2570 5608 2583 5646 :
2618 5614 2644 5641 ‹‹
2681 5591 2884 5646 Escam
2936 5587 3098 5644 dedit
3126 5588 3469 5645 timentibus
3499 5600 3581 5640 se.
3617 5607 3642 5637 ι

2007 5682 2125 5739 Hoc
2147 5681 2472 5740 secundum
2499 5680 2774 5738 litteram.
2795 5680 3002 5738 Escam
3032 5682 3228 5737 autem
3252 5676 3416 5734 dedit
3435 5687 3648 5750 panem
