3976 6188
313 345 483 410 £239.

1806 348 2230 411 APPENDIX.

3566 327 3736 409 lato

311 476 415 555 qui
444 480 517 537 de
544 477 688 537 ccslo
735 479 1037 539 descendit
1066 481 1242 553 (Joan.
1270 498 1348 549 v1,
1378 481 1470 553 51)
1505 497 1518 538 :
1552 497 1669 554 quo
1714 480 1764 537 si
1799 480 1961 554 digni
1991 483 2048 550 Α
2076 481 2177 537 Dei
2210 480 2317 537 feci
2347 480 2666 551 voluntate,
2699 480 2917 554 dignus
2946 494 3081 536 sum
3118 483 3186 536 ut
3213 479 3356 536 ﬁam
3389 482 3557 551 pater
3588 497 3733 536 san.

312 585 545 641 sumus,
571 569 890 642 paseimur.
923 569 1134 635 Quanti
1156 570 1313 626 enim
1338 575 1624 644 martyres
1654 571 1808 627 fame
1837 587 1965 627 cor-

314 658 471 732 rupti
503 662 663 730 sunt,
694 662 755 715 et
785 675 944 717 nunc
973 664 1114 716 sunt
1141 676 1276 715 cum
1305 659 1553 716 Domino
1573 662 1601 715 ?

386 771 416 811 ς(
447 748 731 809 Sanctum
778 752 837 805 et
866 746 1125 804 terribile
1174 765 1387 805 nomen
1431 749 1581 820 ejus.
1621 772 1642 798 ι
1678 750 1963 815 Sanctum,

314 837 539 905 sancti;
568 836 838 904 terribile,
870 836 1296 909 peccatoribus.
1333 860 1353 886 α
1390 837 1633 894 Initium
1666 836 1964 910 sapientiae

311 926 491 987 timor
518 925 772 983 Domini.
799 947 827 974 »
859 925 967 990 Qui
994 943 1110 983 non
1137 925 1348 983 timent
1367 927 1705 995 Dominum,
1734 944 1850 984 non
1875 931 1966 983 est

310 1016 373 1073 in
405 1015 490 1074 eis
542 1014 849 1087 sapientia.
880 1017 998 1072 Aut
1045 1015 1147 1087 qui
1178 1032 1294 1071 non
1346 1014 1563 1072 habent
1591 1015 1962 1087 sapientiam,

311 1121 428 1163 non
463 1104 684 1167 habent
710 1103 1005 1161 timorem.

380 1215 411 1243 «
445 1192 728 1259 Laudatis
751 1194 880 1264 ejus
906 1198 1106 1250 manet
1127 1194 1187 1249 in
1215 1193 1495 1250 saeculum
1519 1193 1737 1251 saeculi.
1756 1214 1783 1247 ι
1810 1194 1961 1258 Quo-

311 1280 471 1350 niam
502 1281 562 1337 in
611 1280 783 1337 titulo
832 1280 1084 1339 Alleluia
1135 1287 1522 1355 praenotatum
1559 1289 1666 1351 est,
1692 1284 1854 1354 justo
1903 1282 1960 1337 in

310 1370 646 1433 laudatione
677 1370 808 1433 ﬁnit
847 1370 1136 1444 psalmus.
1168 1371 1470 1445 Siquidem
1502 1371 1757 1429 Alleluia
1786 1372 1962 1428 inter-

311 1464 597 1533 pretatur,
632 1460 853 1521 laudate
881 1463 1193 1519 Dominum.

887 1568 1210 1626 PSALMUS
1248 1568 1385 1624 CXI.

311 1657 728 1729 Alleluiariste
781 1656 1046 1729 psalmus
1076 1661 1351 1729 provocat
1401 1672 1507 1729 nos
1538 1672 1642 1729 per
1689 1655 1959 1729 timorem

356 1764 366 1796 λ
456 1729 555 1785 Dei
588 1727 646 1784 in
677 1727 906 1795 asternai
936 1727 1150 1784 domus
1181 1727 1555 1784 habitatione
1573 1728 1825 1783 fundari.

2076 574 2323 626 ctorum.
2356 571 2614 626 Breviter
2644 569 2920 639 dicimus,
2945 585 3018 624 ne
3046 569 3281 642 longius
3301 568 3574 624 trahatur
3596 586 3728 625 ora-

2075 658 2252 714 tio.‘«
2283 658 2589 716 Generatio
2638 663 2930 715 rectorum
2980 658 3380 715 benedicetur.
3415 679 3446 707 ιο
3498 658 3733 715 Praestet

2073 747 2382 816 Dominus,
2416 754 2481 804 ut
2510 752 2568 804 et
2624 764 2727 804 vos
2755 748 2856 819 qui
2891 763 2986 803 me
3029 747 3267 816 auditis,
3300 746 3605 821 generatio
3628 764 3726 802 re-

2074 841 2299 893 ctorum
2331 837 2479 893 sitis.

2144 948 2173 976 α
2207 927 2404 983 Gloria
2434 932 2492 983 et
2540 927 2754 984 divitias
2807 928 2866 983 in
2897 928 3070 983 domo
3117 927 3266 997 ejus.
3304 947 3336 975 ››
3367 948 3397 976 (ι
3432 925 3638 982 Gloria
3680 932 3734 982 et

2074 1015 2310 1071 divitiae.
2343 1037 2371 1066 »
2406 1019 2692 1072 Putamus
2721 1016 2967 1089 gloriam
2991 1019 3050 1071 et
3078 1014 3311 1070 divitias
3340 1013 3553 1069 saeculi
3586 1014 3738 1070 dici?

2075 1106 2205 1161 Ideo
2235 1105 2369 1177 quis
2400 1104 2539 1162 facit
2566 1105 2929 1161 voluntatem
2964 1105 3064 1160 Dei
3095 1110 3153 1160 et
3181 1103 3476 1159 mandata
3504 1106 3658 1175 ejus,
3677 1108 3737 1160 ut

2072 1193 2308 1250 divitias
2360 1195 2567 1250 mundi
2623 1195 2799 1250 istius
2846 1197 3242 1265 consequatur
3263 1193 3292 1247 ‘I
3325 1193 3398 1248 Et
3427 1197 3595 1249 certe
3625 1210 3737 1248 non

2072 1281 2214 1338 facit
2244 1285 2521 1339 mandata
2555 1284 2651 1340 Dei
2700 1284 2813 1339 nisi
2847 1283 3081 1339 divitias
3119 1282 3325 1338 mundi
3361 1287 3737 1354 contempse-

2072 1371 2166 1426 rit.
2203 1393 2232 1422 ‹‹
2264 1371 2459 1427 Gloria
2490 1376 2547 1427 et
2591 1371 2805 1427 divitia:
2837 1372 2896 1427 in
2928 1373 3102 1428 domo
3132 1372 3281 1443 ejus.
3320 1394 3344 1420 ι
3380 1370 3589 1426 Gloria
3622 1387 3735 1425 cre-

2072 1460 2338 1516 dentium
2369 1465 2479 1527 est,
2508 1460 2663 1516 sicut
2691 1461 2835 1517 dicit
2868 1461 3184 1532 Apostolus
3215 1476 3230 1515 :
3263 1460 3465 1516 Nonne
3498 1476 3594 1515 eos
3618 1460 3738 1527 glo-

2069 1551 2160 1605 ria
2203 1566 2328 1605 mea
2367 1551 2503 1607 estis
2556 1554 2605 1605 ct
2657 1551 2867 1605 divitiae
2898 1551 2941 1621 (1
2975 1551 3145 1605 Thess.
3180 1566 3240 1620 ιι,
3294 1548 3436 1621 19)?
3489 1547 3732 1615 Divitis,

2071 1638 2142 1693 de
2173 1638 2387 1710 quibus
2432 1638 2576 1694 dicit
2613 1638 2740 1711 ipse
2788 1638 3104 1712 Apostolus
3136 1656 3149 1693 :
3184 1637 3335 1707 Quod
3365 1637 3576 1693 divite:
3600 1638 3743 1710 farti

2068 1728 2193 1783 silis
2221 1728 2281 1781 in
2328 1730 2484 1783 omni
2528 1730 2755 1784 scientia
2786 1736 2841 1783 et
2873 1729 3095 1799 justitia
3139 1727 3183 1797 (Ι
3237 1727 3365 1782 Cor.
3406 1744 3445 1793 ι,
3480 1727 3564 1797 5).
3606 1748 3637 1775 α
3666 1727 3731 1781 Et

385 1838 415 1867 ‹‹
447 1817 659 1874 Beatus
688 1815 777 1870 vir
807 1815 907 1888 qui
950 1816 1122 1873 timet
1167 1816 1507 1873 Dominum.
1543 1838 1570 1867 »
1605 1817 1961 1889 Frequenter
1992 1860 2040 1924 Β
2062 1816 2303 1886 justitia
2332 1818 2461 1888 ejus
2491 1820 2691 1872 manet
2717 1816 2776 1871 in
2811 1816 3086 1873 saeculum
3117 1815 3336 1871 saeculi.
3372 1839 3399 1868 ι

385 1904 431 1924 νκέ
499 1903 760 1924 _._4-A,3,,__
810 1905 982 1924 -__,,f,
1201 1906 1213 1919 ⁸
1360 1922 1509 1924 κγᾼκή
1614 1906 1625 1924 Ρ
1684 1906 1747 1924 ,n'
1787 1906 1931 1924 ξηιΑα
2212 1905 2476 1924 Ιπ,κ,κι>ΑμΑ
2527 1910 2598 1924 -Αι
2638 1905 2688 1924 ξφ
2749 1906 2897 1924 n_,_|
2926 1922 2997 1924 ,,__
3035 1904 3225 1924 irr4__,A
3265 1904 3399 1924 _,-_13

315 1904 456 1975 dixi,
489 1903 771 1978 quoniam
802 1905 1001 1962 omnia
1040 1923 1168 1980 quae
1198 1906 1258 1962 in
1310 1922 1560 1979 persona
1605 1906 1752 1977 justi
1785 1906 1961 1961 inter-

315 1997 642 2067 pretantur,
670 1993 1006 2057 referuntur
1034 1995 1106 2051 ad
1132 1994 1453 2052 Christum.
1480 1995 1538 2050 Si
1571 1994 1727 2051 enim
1754 1994 1967 2063 sancti,

315 2086 492 2156 typus
523 2087 580 2140 et
608 2084 798 2157 figura
830 2084 1150 2141 Salvatoris
1198 2089 1339 2141 sunt
1369 2101 1383 2140 :
1418 2084 1468 2140 si
1502 2083 1635 2156 quis
1667 2099 1799 2140 vere
1827 2100 1967 2139 san-

318 2175 450 2239 ctus
488 2177 599 2244 est,
626 2172 788 2229 verbi
843 2189 1023 2229 causa
1055 2189 1068 2227 :
1102 2172 1263 2230 Isaac
1295 2178 1466 2246 typus
1517 2172 1751 2228 Domini
1777 2171 1967 2228 Salva-

321 2260 465 2319 toris
493 2265 603 2331 est,
626 2260 866 2334 Ioseph,
893 2261 1189 2332 Salomon,
1222 2262 1426 2328 David,
1450 2265 1507 2317 et
1536 2261 1724 2317 caeteri
1755 2262 1966 2316 sancti.

320 2351 470 2422 Ergo
502 2353 560 2407 et
610 2350 722 2405 iste
772 2350 979 2411 beatus
1009 2350 1097 2406 vir
1138 2351 1238 2423 qui
1270 2368 1427 2406 nunc
1474 2350 1845 2418 describitur,
1880 2367 1968 2405 re-

324 2436 512 2503 fertur
539 2436 776 2509 quidem
828 2439 898 2493 ad
932 2438 1123 2493 virum
1163 2439 1420 2509 justum.
1452 2439 1521 2494 Et
1570 2455 1700 2495 vere
1730 2439 1801 2494 de
1845 2439 1968 2494 viro

315 2525 484 2596 justo
531 2524 747 2589 dicitur
778 2542 790 2579 :
826 2525 928 2581 sed
979 2527 1092 2582 iste
1140 2526 1229 2582 vir
1266 2528 1490 2597 justus,
1523 2531 1697 2600 typus
1744 2531 1834 2582 est
1862 2527 1967 2581 viri

312 2612 486 2685 justi.
521 2633 550 2663 «
580 2613 792 2673 Beatus
819 2614 909 2671 vir
953 2615 1054 2687 qui
1100 2614 1269 2672 timet
1300 2615 1632 2673 Dominum.
1667 2637 1695 2664 »
1727 2615 1966 2672 Interim

322 2699 661 2769 dimisimus
692 2701 1011 2775 psalmum,
1043 2719 1200 2760 nunc
1240 2704 1508 2761 dicamus
1538 2704 1609 2759 de
1637 2703 1757 2760 viro
1779 2704 1964 2775 justo.

323 2811 353 2842 «
384 2791 598 2855 Beatus
639 2790 726 2849 vir
752 2793 855 2864 qui
888 2791 1054 2849 timet
1099 2792 1436 2850 Dominum.
1476 2816 1497 2842 ιι
1537 2793 1804 2851 Psalmus
1834 2810 1964 2849 cen-

323 2879 576 2945 tesimus
607 2879 955 2947 undecimus
1002 2881 1403 2954 alphabeticus
1435 2887 1542 2939 est.
1576 2883 1880 2954 Siquidem
1912 2886 1969 2937 et

318 2968 676 3037 centesimus
697 2969 981 3043 decimus,
1002 2975 1060 3026 et
1089 2971 1214 3044 ipse
1244 2973 1353 3028 sub
1377 2971 1685 3045 alphabeto
1715 2975 1823 3028 est.
1844 2970 1965 3027 Pri-

320 3072 455 3127 mus
505 3057 827 3115 versiculus
871 3076 939 3116 ex
986 3059 1156 3133 aleph
1206 3061 1529 3118 scribitur:
1564 3086 1591 3112 ‹‹
1625 3066 1840 3117 Beatus
1880 3059 1968 3116 vir

316 3144 421 3216 qui
466 3145 638 3209 timet
687 3146 1022 3205 Dominum.
1059 3170 1087 3200 »
1141 3150 1468 3217 Secundus,
1501 3167 1569 3206 ex
1617 3150 1756 3207 betb
1789 3166 1802 3205 :
1838 3172 1865 3201 «
1900 3152 1961 3205 In

2148 1928 2175 1953 ‹‹
2212 1905 2487 1960 Exortum
2519 1910 2609 1962 est
2637 1905 2699 1960 in
2746 1906 3006 1962 tenebris
3035 1904 3234 1961 lumen
3263 1903 3444 1960 rectis
3476 1904 3678 1960 corde.
3702 1928 3727 1953 ε

2076 1994 2192 2050 Nos
2222 1994 2519 2065 quondam
2549 1995 2894 2050 errabamus
2941 1993 3001 2048 in
3032 1994 3289 2049 tenebris
3319 2008 3335 2047 :
3374 1992 3734 2049 sedebamus

2078 2082 2135 2139 in
2169 2082 2427 2139 tenebris
2458 2086 2515 2138 et
2543 2083 2754 2139 umbra
2791 2082 2997 2139 mortis
3030 2101 3044 2138 :
3079 2083 3180 2139 sed
3211 2081 3311 2137 lux
3339 2086 3480 2138 orta
3508 2085 3601 2137 est
3630 2099 3729 2137 no~

2076 2170 2190 2237 bis,
2223 2172 2547 2227 secundum
2580 2171 2794 2228 Isaiam
2826 2175 2973 2243 (cap.
3000 2188 3088 2242 Lx,
3119 2172 3175 2243 '2)
3208 2187 3220 2227 :
3261 2194 3281 2219 ο
3316 2171 3649 2227 Misericors
3670 2179 3723 2227 et

2078 2259 2387 2317 miseratur
2416 2265 2475 2315 et
2513 2261 2736 2332 justus.
2770 2280 2796 2313 υ
2833 2283 2862 2310 ‹‹
2898 2260 3224 2318 Misericors
3262 2264 3320 2315 et
3340 2260 3578 2331 justus.
3612 2284 3633 2312 ι
3668 2261 3729 2315 Si

2077 2353 2347 2420 peccator
2366 2366 2449 2417 es,
2476 2349 2594 2405 noli
2618 2351 2925 2422 desperare
2953 2351 3184 2404 veniam
3214 2364 3229 2405 :
3250 2348 3599 2405 misericors
3622 2355 3729 2405 est.

2023 2440 2029 2446 ’
2078 2437 2137 2493 Si
2167 2454 2304 2494 vero
2349 2439 2637 2510 superbus
2679 2455 2763 2509 es,
2794 2443 2852 2495 et
2879 2438 3127 2494 confidis
3155 2437 3257 2493 tibi
3306 2438 3381 2493 de
3411 2437 3730 2494 clementia

2079 2528 2201 2594 Dei,
2236 2526 2356 2584 noli
2407 2544 2536 2584 esse
2586 2527 2908 2599 negligens,
2941 2532 3001 2583 et
3037 2528 3240 2598 justus
3286 2530 3399 2582 est.
3438 2548 3461 2577 ε
3498 2527 3729 2583 Miseri—

2077 2634 2207 2673 cors
2237 2620 2292 2673 et
2330 2617 2639 2673 miserator
2686 2623 2742 2689 et
2765 2618 2985 2687 justus.
3018 2637 3047 2665 »
3095 2615 3302 2671 Videte
3329 2616 3472 2688 quid
3530 2615 3735 2672 fecerit

2077 2706 2390 2780 prudentia
2410 2705 2734 2761 Psalmistaa
2769 2722 2782 2761 :
2810 2705 3052 2762 Justitia
3071 2704 3320 2776 simplex
3339 2709 3434 2761 est
3453 2722 3466 2771 ;
3490 2705 3699 2760 miseri
3709 2735 3733 2745 -

2077 2795 2274 2852 cordia
2300 2795 2516 2867 duplex
2541 2799 2648 2850 est.
2689 2815 2716 2847 α
2747 2794 3076 2851 Misericors
3108 2799 3164 2848 et
3204 2795 3510 2849 miserator
3534 2798 3593 2849 et
3610 2795 3724 2864 ju-

2077 2889 2224 2941 stus.
2259 2905 2287 2933 ››
2318 2884 2466 2949 Quia
2496 2883 2827 2940 misericors
2856 2887 2945 2940 est
2988 2882 3275 2939 Dominus
3304 2886 3362 2938 et
3389 2882 3720 2947 miserator,

2076 2978 2133 3029 et
2158 2973 2468 3044 virjustus
2500 2972 2766 3028 imitetur
2812 2972 3126 3028 Dominum
3159 2987 3357 3037 suum,
3392 2971 3467 3026 sit
3492 2974 3552 3026 et
3590 2971 3727 3043 ipse

2077 3062 2433 3119 misericors.

2152 3172 2180 3200 «
2208 3151 2512 3206 Iucundus
2544 3151 2719 3206 homo
2751 3149 2852 3223 qui
2884 3150 3198 3206 miseretur
3225 3154 3283 3204 et
3311 3150 3674 3206 commodat.
3696 3173 3727 3199 ιι

317 3233 613 3303 mandatis
641 3236 772 3307 ejus
821 3236 1017 3308 cupiet
1046 3238 1245 3297 nimis.
1281 3260 1310 3288 »
1351 3239 1603 3305 Tertius,
1636 3256 1704 3294 ex
1732 3238 1909 3311 gimcl
1944 3257 1958 3295 :
1995 3226 2037 3293 C
2075 3238 2245 3295 Putat
2273 3239 2486 3312 aliquis
2520 3240 2675 3311 quod
2707 3240 2779 3294 de
2827 3255 2968 3295 auro
2999 3238 3154 3293 dicat
3184 3241 3241 3293 et
3268 3243 3538 3311 argento,
3570 3244 3629 3294 et
3657 3239 3728 3293 de

317 3343 347 3371 ‹‹
383 3321 591 3378 Potens
640 3323 701 3379 in
729 3328 885 3391 terra
931 3326 1042 3382 erit
1087 3343 1288 3384 semen
1320 3329 1469 3399 ejus,
1505 3351 1533 3378 ››
1572 3332 1631 3384 et
1673 3344 1859 3401 usque
1890 3328 1963 3384 ad

314 3410 658 3469 vicesimam
678 3416 997 3472 secundam
1020 3415 1277 3473 litteram
1304 3418 1469 3474 thau.
1489 3416 1764 3490 Singulos
1787 3417 1967 3488 igitur

277 3521 283 3525 ·
313 3498 654 3571 versiculos,
686 3504 898 3560 vestris
950 3504 1312 3562 orationibus
1343 3506 1727 3562 disseramus.
1761 3528 1787 3555 «
1822 3505 1963 3560 Bea-

313 3591 412 3649 tus
439 3589 528 3644 vir
556 3590 658 3661 qui
711 3585 881 3647 timet
913 3594 1225 3651 Dominum
1253 3613 1266 3663 ;
1303 3617 1332 3645 »
1364 3594 1720 3669 principium
1752 3593 1965 3666 psalmi

314 3678 443 3742 est;
477 3677 740 3733 nondum
788 3679 931 3735 dicit
962 3698 974 3737 :
1010 3682 1221 3740 Beatus
1269 3684 1358 3739 vir
1397 3683 1499 3757 qui
1547 3682 1738 3755 diligit
1768 3683 1963 3739 Domi-

312 3779 478 3819 num.
510 3763 785 3822 Virorum
815 3769 976 3823 enim
1006 3768 1416 3844 incipientium
1449 3778 1541 3828 est
1559 3773 1766 3829 timere
1792 3817 1805 3841 ,
1841 3789 1965 3844 per—

314 3851 597 3918 factorum
629 3870 763 3935 vero
794 3855 1059 3929 diligere.
1094 3859 1394 3930 Siquidem
1427 3862 1684 3932 perfecta
1706 3861 1962 3929 dilectio,

296 3940 468 4007 foras
500 3942 682 4005 mittit
711 3944 983 4002 timorem
1016 3949 1061 4019 (ι
1088 3949 1246 4004 Joan.
1279 3966 1353 4020 ιν,
1380 3950 1488 4021 18).
1522 3954 1670 4022 Ergo
1700 3951 1772 4006 de
1804 3953 1963 4024 prin-

309 4031 463 4104 cipio
494 4026 656 4099 dicit,
686 4033 797 4091 hoc
826 4041 935 4108 est,
971 4037 1287 4111 incipiente
1336 4038 1458 4094 viro
1490 4045 1712 4096 sancto.
1746 4042 1962 4097 Videa-

314 4137 451 4187 mus
479 4138 617 4196 ergo,
647 4125 913 4185 ordinem
949 4128 1168 4183 Psalmi
1196 4145 1215 4182 .·
1248 4151 1277 4178 ‹‹
1307 4132 1518 4184 Beatus
1548 4128 1636 4184 vir
1664 4129 1766 4201 qui
1797 4130 1967 4186 timet

313 4209 650 4281 Dominum.
678 4235 708 4262 »
738 4214 844 4279 Qui
864 4215 1387 4283 timetDomiuum,
1410 4218 1550 4290 quid
1583 4218 1770 4273 facit?
1790 4219 1966 4274 Audit

314 4300 491 4354 verba
518 4300 638 4370 Dei,
663 4303 870 4361 doctus
916 4305 976 4360 in
1006 4306 1130 4379 lege
1160 4308 1293 4364 est?
1323 4308 1447 4364 Non
1480 4307 1590 4363 hoc
1621 4306 1781 4364 dicit.
1815 4309 1963 4375 Quid

313 4385 502 4459 dicit?
536 4410 565 4440 ιι
588 4388 653 4447 In
675 4394 970 4455 mandatis
991 4396 1120 4467 ejus
1150 4397 1347 4469 cupiet
1376 4396 1573 4453 nimis.
1605 4420 1624 4446 ο
1660 4397 1768 4462 Qui
1799 4399 1965 4454 timet

312 4475 670 4537 Dominum:
704 4481 806 4553 qui
839 4482 1044 4540 beatus
1064 4493 1153 4541 est
1175 4500 1188 4539 ε
1212 4485 1487 4541 mandata
1507 4485 1695 4558 ipsius
1718 4486 1966 4544 libenter

314 4565 471 4661 facit.
505 4569 631 4661 «ﬂia
683 4571 977 4661 mandatis
1030 4574 1160 4645 ejus
1211 4574 1408 4646 cupiet
1457 4574 1655 4631 nimis.
1694 4599 1714 4625 υ
1760 4576 1963 4633 Videte
1994 4597 2039 4661 Β

314 4655 456 4727 quid
506 4656 663 4719 dicat
695 4675 708 4715 :
744 4660 867 4717 Non
921 4661 1085 4727 dixit,
1130 4663 1404 4719 mandata
1432 4665 1560 4733 ejus
1609 4665 1765 4720 facit.
1797 4665 1960 4721 Multi

314 4744 474 4813 enim
505 4748 562 4807 et
589 4747 800 4815 timore
845 4750 1090 4820 faciunt,
1123 4757 1181 4807 et
1210 4753 1539 4809 mercedem
1571 4770 1685 4808 non
1718 4754 1953 4810 habent.

317 4833 423 4907 Qui
457 4835 613 4901 enim
643 4838 971 4911 gehennam
1004 4839 1192 4912 timet,
1216 4845 1273 4897 et
1301 4845 1606 4914 propterea
1638 4860 1752 4897 non
1784 4844 1958 4899 forni-

317 4927 502 4994 catur,
536 4942 650 4985 non
689 4927 866 4985 habet
897 4932 1117 4985 tantam
1170 4930 1519 4997 mercedem,
1553 4936 1835 5002 quantam
1867 4930 1963 4987 ille

318 5011 419 5081 qui
453 5019 688 5086 propter
716 5014 1085 5075 dilectionem
1116 5019 1212 5074 Dei
1235 5019 1390 5074 facit.
1423 5024 1486 5074 In
1511 5021 1803 5076 mandatis
1833 5020 1961 5091 ejus

316 5099 488 5168 volet,
523 5102 632 5161 hoc
680 5110 789 5175 est,
820 5106 945 5163 vult
991 5107 1189 5173 nimis,
1224 5108 1331 5164 hoc
1361 5113 1471 5172 est,
1504 5108 1782 5165 mandata
1833 5110 1961 5179 ejus

318 5188 508 5244 facere
561 5194 870 5252 desiderat.
914 5197 1213 5261 Quomodo
1263 5197 1497 5270 aliquis,
1530 5199 1579 5254 si
1628 5198 1685 5252 in
1721 5200 1959 5255 aestibus

318 5277 416 5347 sit,
465 5280 633 5337 sitit:
668 5283 748 5340 ita
796 5286 890 5343 ille
937 5287 1230 5344 desiderat
1279 5288 1557 5345 mandata
1608 5289 1859 5344 Domini.
1896 5290 1956 5344 ln

317 5368 610 5439 mandatis
640 5370 868 5429 Domini
899 5376 1049 5432 volet
1084 5377 1279 5432 nimis.
1312 5377 1497 5432 Anxie
1530 5378 1802 5434 mandata
1830 5379 1958 5447 ejus

316 5476 431 5517 non
480 5461 638 5531 facit,
671 5463 768 5519 sed
820 5464 988 5522 vult:
1021 5471 1079 5522 et
1121 5467 1247 5522 vult
1299 5485 1413 5523 non
1466 5468 1821 5534 transitorie,
1854 5469 1956 5524 sed

312 5551 506 5611 nimis.
541 5551 773 5608 Tertius
802 5555 1122 5611 versiculus
1151 5562 1238 5613 est
1268 5573 1279 5611 :

362 5662 417 5707 _«
447 5640 656 5700 Potens
685 5641 746 5698 in
779 5645 934 5701 terra
957 5643 1066 5707 erit
1084 5661 1285 5703 semen
1308 5647 1457 5718 ejus.
1483 5668 1510 5698 »
1536 5647 1644 5713 Qui
1676 5649 1955 5705 mandata

2074 3328 2360 3400 pecunia?
2388 3328 2543 3384 Justi
2575 3329 2867 3383 intentum
2899 3344 3015 3383 non
3039 3327 3369 3382 habuerunt
3400 3328 3562 3398 quod
3596 3327 3725 3383 aliis

2073 3418 2536 3483 commodarent,
2569 3422 2635 3472 ut
2682 3417 2793 3488 ipsi
2839 3416 3037 3471 cibum
3069 3417 3144 3471 ab
3186 3414 3317 3471 aliis
3363 3416 3720 3487 acciperent.

2076 3506 2222 3578 Ergo
2255 3506 2304 3563 si
2336 3523 2451 3562 non
2483 3507 2741 3562 habuero
2769 3506 2923 3578 quod
2972 3506 3125 3576 dem,
3151 3505 3276 3577 jam
3310 3521 3430 3560 non
3465 3522 3601 3561 sum
3617 3506 3724 3575 ju-

2074 3600 2201 3651 stus
2226 3596 2255 3650 ‘I
2280 3594 2339 3650 Si
2363 3612 2477 3651 non
2511 3596 2695 3651 fecero
2716 3594 3168 3667 eleemosynam,
3192 3594 3250 3649 in
3275 3594 3583 3663 justorum
3612 3612 3719 3649 nu-

2074 3700 2234 3740 mero
2279 3700 2393 3739 non
2443 3683 2702 3739 habebor
2731 3684 2759 3738 ‘I
2813 3682 3023 3748 Quanti
3074 3688 3417 3738 sanctorum
3466 3683 3725 3739 iecerunt

2074 3772 2524 3844 eleemosynam,
2559 3773 2659 3828 sed
2691 3771 2751 3826 in
2801 3770 3109 3827 sanctitate
3154 3772 3442 3828 ruerunt!
3477 3772 3720 3828 Per-lecti

2074 3878 2189 3918 non
2223 3862 2482 3918 fecerunt
2502 3860 2924 3933 eleemosynas,
2950 3859 3089 3932 quia
3110 3877 3225 3916 non
3252 3858 3554 3915 habebant
3574 3862 3725 3916 unde

2073 3951 2348 4008 facerent.
2382 3950 2792 4021 Eleemosyuas
2823 3967 2938 4011 non
2965 3951 3172 4017 facere,
3199 3949 3422 4005 crimen
3455 3949 3725 4006 habentis

2073 4045 2181 4096 est.
2213 4041 2497 4095 Caeterum
2530 4038 2627 4110 qui
2656 4055 2768 4094 non
2803 4037 2979 4093 habet
3008 4038 3165 4093 unde
3196 4038 3373 4094 faciat
3396 4038 3720 4109 elecmosy~

2075 4145 2233 4193 nam,
2295 4127 2440 4184 liber
2497 4136 2601 4184 est.
2666 4128 3197 4198 Quantumcunque
3255 4128 3395 4183 dare
3448 4127 3706 4191 voluerit,

2072 4220 2300 4273 tantum
2350 4216 2512 4272 dedit
2543 4233 2556 4272 :
2591 4217 2730 4288 quia
2771 4221 2902 4271 voto
2926 4214 3102 4272 dedit.
3149 4216 3373 4273 Tamen
3410 4216 3625 4272 habent
3650 4218 3712 4272 et

2074 4306 2259 4363 sancti
2290 4307 2445 4361 unde
2495 4305 2712 4362 faciant
2735 4304 3156 4377 eleemosynas,
3187 4305 3343 4361 Dicit
3381 4313 3441 4361 et
3465 4309 3714 4361 Petrus:

2074 4397 2373 4465 Argentum
2402 4400 2451 4450 et
2480 4412 2685 4451 aurum
2728 4411 2838 4450 non
2879 4394 3046 4450 Ιιναὺθο
3076 4413 3096 4448 :
3127 4394 3269 4465 quod
3294 4403 3484 4450 autem
3526 4395 3715 4465 habeo,

2074 4483 2171 4539 hoc
2198 4485 2267 4540 do
2315 4484 2439 4541 tibi.
2473 4488 2541 4539 In
2588 4485 2812 4539 nomine
2857 4484 3087 4539 Domini
3129 4484 3278 4551 Iesu,
3332 4500 3497 4554 surge
3524 4491 3579 4538 et
3603 4498 3717 4537 am-

2074 4576 2203 4630 bula
2233 4576 2367 4645 (Act.
2407 4590 2489 4643 ιιι,
2520 4575 2597 4644 6).
2631 4573 2779 4637 Quid
2813 4576 2902 4628 est
2947 4572 3164 4643 majus,
3196 4572 3512 4644 pecuniam
3563 4572 3717 4635 dare,

2071 4681 2142 4719 an
2175 4662 2426 4719 debilem
2468 4679 2678 4717 sanum
2730 4662 2919 4717 facere
2940 4660 2970 4716 ‘I
2993 4684 3021 4711 α
3048 4661 3361 4716 Jucundus
3410 4661 3592 4717 homo
3627 4661 3721 4734 qui

2069 4752 2376 4808 miseretur
2404 4756 2461 4807 et
2509 4751 2861 4806 commodat.
2898 4772 2925 4798 ››
2957 4751 3091 4816 Quae
3121 4754 3261 4804 sunt
3306 4748 3434 4805 ista:
3466 4748 3721 4806 eleemo-

2074 4858 2251 4913 synae,
2284 4840 2424 4913 quid
2458 4841 2536 4896 sit
2565 4840 2673 4895 hoc
2701 4839 2853 4910 quod
2886 4839 3220 4893 commodat
3245 4838 3337 4893 vir
3356 4839 3719 4911 justus?se-

2073 4931 2302 4987 cundus
2349 4928 2676 4985 versiculus
2723 4928 2998 4984 ostendit.
3037 4951 3058 4975 ι
3095 4925 3370 4999 Disponit
3415 4943 3716 4983 sermones

2073 5037 2211 5076 suos
2243 5020 2299 5074 in
2344 5019 2589 5089 judicio.
2626 5039 2654 5068 »
2685 5019 2809 5073 Non
2845 5016 2990 5071 dixit
3020 5032 3033 5070 :
3068 5032 3279 5071 aurum
3312 5033 3512 5085 suum,
3543 5022 3603 5073 et
3631 5034 3712 5071 ar-

2070 5112 2334 5181 gentum,
2369 5113 2426 5164 ct
2474 5107 2779 5179 pecuniam
2827 5105 3089 5177 disponit
3148 5105 3205 5159 in
3248 5104 3477 5176 judicio
3526 5125 3541 5162 :
3590 5106 3705 5170 sed,

2074 5221 2103 5247 ‹‹
2135 5215 2435 5253 sermones
2467 5214 2605 5253 suos
2636 5196 2896 5267 disponit
2946 5195 3004 5249 in
3030 5194 3275 5267 judicio.
3313 5217 3342 5245 υ
3375 5197 3463 5250 Ita
3488 5200 3573 5251 est
3600 5193 3699 5249 mi-

2070 5288 2405 5354 sericordia,
2439 5286 2487 5341 si
2518 5286 2603 5340 vir
2632 5290 2872 5341 sanctus
2897 5284 3103 5339 doceat
3137 5282 3284 5340 alios
3305 5285 3406 5356 qui
3430 5302 3547 5341 non
3574 5285 3705 5341 sunt

2070 5376 2278 5432 sancti.
2313 5399 2338 5425 «
2373 5376 2644 5447 Disponit
2675 5390 2975 5430 sermones
3022 5390 3163 5428 suos
3193 5373 3252 5428 in
3276 5374 3525 5445 judicio.
3558 5397 3579 5426 ι
3620 5374 3703 5430 In-

2067 5465 2395 5522 telleximus
2427 5481 2562 5537 ergo
2585 5482 2712 5536 qua:
2745 5468 2887 5519 sunt
2903 5461 3165 5534 pecunia
3180 5480 3307 5535 qum
3335 5464 3702 5520 commoden-

2066 5560 2182 5611 tur.
2214 5553 2433 5609 Verum
2484 5555 2592 5610 hoc
2642 5554 2795 5625 quod
2847 5551 3009 5621 dicit,
3044 5574 3073 5600 «
3104 5553 3364 5624 disponit
3411 5567 3702 5611 sermones

2066 5662 2205 5702 suos
2236 5644 2296 5700 in
2314 5643 2559 5715 judicio,
2586 5664 2616 5693 ιι
2641 5642 2748 5699 hoc
2772 5645 2860 5699 est
2885 5641 3041 5713 quod
3065 5640 3278 5698 dicitur
3298 5642 3358 5699 in
3376 5642 3695 5716 Evangelia,
