  <div class='ocr_page' id='page_1' title='image "/cluster/home/n/w/nwhite01/storage/ocr_20150623/26/hvd.32044052772472/652.png"; bbox 0 0 3976 6188; ppageno 0'>
   <div class='ocr_carea' id='block_1_1' title="bbox 227 367 379 444">
    <p class='ocr_par' dir='ltr' id='par_1_1' title="bbox 227 367 379 444">
     <span class='ocr_line' id='line_1_1' title="bbox 227 367 379 444; baseline 0.033 -5"><span class='ocrx_word' id='word_1_1' title='bbox 227 367 379 444; x_wconf 68' lang='lat'><strong>1341</strong></span> 
     </span>
    </p>
   </div>
   <div class='ocr_carea' id='block_1_2' title="bbox 1406 379 2467 451">
    <p class='ocr_par' dir='ltr' id='par_1_2' title="bbox 1406 379 2467 451">
     <span class='ocr_line' id='line_1_2' title="bbox 1406 379 2467 451; baseline 0 -10"><span class='ocrx_word' id='word_1_2' title='bbox 1406 379 1901 444; x_wconf 75' lang='lat' dir='ltr'><strong>BREVlARIUM</strong></span> <span class='ocrx_word' id='word_1_3' title='bbox 1942 379 2024 442; x_wconf 73' lang='grc' dir='ltr'><strong>ΙΝ</strong></span> <span class='ocrx_word' id='word_1_4' title='bbox 2070 379 2467 451; x_wconf 50' lang='grc' dir='ltr'><strong>ΡΞΑΙΑΜΟΞἰ</strong></span> 
     </span>
    </p>
   </div>
   <div class='ocr_carea' id='block_1_3' title="bbox 3479 376 3637 443">
    <p class='ocr_par' dir='ltr' id='par_1_3' title="bbox 3479 376 3637 443">
     <span class='ocr_line' id='line_1_3' title="bbox 3479 376 3637 443; baseline 0.006 -3"><span class='ocrx_word' id='word_1_5' title='bbox 3479 376 3509 440; x_wconf 73' lang='grc' dir='ltr'><strong>Ι</strong></span> <span class='ocrx_word' id='word_1_6' title='bbox 3519 379 3637 443; x_wconf 67' lang='grc'><strong>242</strong></span> 
     </span>
    </p>
   </div>
   <div class='ocr_carea' id='block_1_4' title="bbox 222 502 3639 586">
    <p class='ocr_par' dir='ltr' id='par_1_4' title="bbox 222 502 3639 586">
     <span class='ocr_line' id='line_1_4' title="bbox 222 502 3639 586; baseline 0.002 -24"><span class='ocrx_word' id='word_1_7' title='bbox 222 521 299 563; x_wconf 87' lang='lat' dir='ltr'><strong>ne</strong></span> <span class='ocrx_word' id='word_1_8' title='bbox 371 502 681 563; x_wconf 77' lang='lat' dir='ltr'><strong>mittamus</strong></span> <span class='ocrx_word' id='word_1_9' title='bbox 754 510 1102 583; x_wconf 88' lang='lat' dir='ltr'><strong>margaritas</strong></span> <span class='ocrx_word' id='word_1_10' title='bbox 1167 516 1402 569; x_wconf 86' lang='lat' dir='ltr'><strong>nostras</strong></span> <span class='ocrx_word' id='word_1_11' title='bbox 1463 518 1598 570; x_wconf 92' lang='lat' dir='ltr'><strong>ante</strong></span> <span class='ocrx_word' id='word_1_12' title='bbox 1664 530 1870 586; x_wconf 92' lang='lat' dir='ltr'><strong>porcos</strong></span> <span class='ocrx_word' id='word_1_13' title='bbox 1900 517 1953 582; x_wconf 80' lang='grc' dir='ltr'>Α</span> <span class='ocrx_word' id='word_1_14' title='bbox 1981 518 2037 570; x_wconf 89' lang='lat' dir='ltr'><strong>et</strong></span> <span class='ocrx_word' id='word_1_15' title='bbox 2089 514 2501 585; x_wconf 83' lang='lat' dir='ltr'><strong>confundantur</strong></span> <span class='ocrx_word' id='word_1_16' title='bbox 2550 512 2711 585; x_wconf 88' lang='lat' dir='ltr'><strong>(Ibid.</strong></span> <span class='ocrx_word' id='word_1_17' title='bbox 2773 513 2859 585; x_wconf 83' lang='grc' dir='ltr'><strong>ιι).</strong></span> <span class='ocrx_word' id='word_1_18' title='bbox 2921 506 2985 569; x_wconf 83' lang='lat' dir='ltr'><strong>Et</strong></span> <span class='ocrx_word' id='word_1_19' title='bbox 3031 513 3191 570; x_wconf 81' lang='lat' dir='ltr'><strong>alibi.</strong></span> <span class='ocrx_word' id='word_1_20' title='bbox 3250 513 3523 571; x_wconf 78' lang='lat' dir='ltr'><strong>Videbunt</strong></span> <span class='ocrx_word' id='word_1_21' title='bbox 3577 516 3639 570; x_wconf 83' lang='lat' dir='ltr'><strong>in</strong></span> 
     </span>
    </p>
   </div>
   <div class='ocr_carea' id='block_1_5' title="bbox 225 594 1877 676">
    <p class='ocr_par' dir='ltr' id='par_1_5' title="bbox 225 594 1877 676">
     <span class='ocr_line' id='line_1_5' title="bbox 225 594 1877 676; baseline 0.004 -25"><span class='ocrx_word' id='word_1_22' title='bbox 225 594 431 665; x_wconf 75' lang='lat' dir='ltr'><strong>(Matth.</strong></span> <span class='ocrx_word' id='word_1_23' title='bbox 460 612 562 662; x_wconf 84' lang='lat' dir='ltr'><strong>vn,</strong></span> <span class='ocrx_word' id='word_1_24' title='bbox 606 596 683 667; x_wconf 90' lang='lat'><strong>6).</strong></span> <span class='ocrx_word' id='word_1_25' title='bbox 729 601 849 654; x_wconf 92' lang='lat' dir='ltr'><strong>Hoc</strong></span> <span class='ocrx_word' id='word_1_26' title='bbox 877 602 985 667; x_wconf 90' lang='lat' dir='ltr'><strong>est,</strong></span> <span class='ocrx_word' id='word_1_27' title='bbox 1040 604 1104 656; x_wconf 90' lang='lat' dir='ltr'><strong>ut</strong></span> <span class='ocrx_word' id='word_1_28' title='bbox 1151 600 1298 657; x_wconf 82' lang='lat' dir='ltr'><strong>sciat</strong></span> <span class='ocrx_word' id='word_1_29' title='bbox 1345 601 1753 676; x_wconf 86' lang='lat' dir='ltr'><strong>unusquisque</strong></span> <span class='ocrx_word' id='word_1_30' title='bbox 1784 603 1877 659; x_wconf 91' lang='lat' dir='ltr'><strong>cui</strong></span> 
     </span>
    </p>
   </div>
   <div class='ocr_carea' id='block_1_6' title="bbox 222 683 1878 763">
    <p class='ocr_par' dir='ltr' id='par_1_6' title="bbox 222 683 1878 763">
     <span class='ocr_line' id='line_1_6' title="bbox 222 683 1878 763; baseline 0.004 -23"><span class='ocrx_word' id='word_1_31' title='bbox 222 683 455 755; x_wconf 83' lang='lat' dir='ltr'><strong>tribuit,</strong></span> <span class='ocrx_word' id='word_1_32' title='bbox 489 684 631 756; x_wconf 93' lang='lat' dir='ltr'><strong>quid</strong></span> <span class='ocrx_word' id='word_1_33' title='bbox 662 687 850 757; x_wconf 82' lang='lat' dir='ltr'><strong>possit</strong></span> <span class='ocrx_word' id='word_1_34' title='bbox 870 688 1150 760; x_wconf 86' lang='lat' dir='ltr'><strong>accipere,</strong></span> <span class='ocrx_word' id='word_1_35' title='bbox 1171 690 1311 761; x_wconf 92' lang='lat' dir='ltr'><strong>quid</strong></span> <span class='ocrx_word' id='word_1_36' title='bbox 1337 706 1451 746; x_wconf 88' lang='lat' dir='ltr'><strong>non</strong></span> <span class='ocrx_word' id='word_1_37' title='bbox 1484 691 1688 763; x_wconf 86' lang='lat' dir='ltr'><strong>possit.</strong></span> <span class='ocrx_word' id='word_1_38' title='bbox 1715 691 1878 748; x_wconf 90' lang='lat' dir='ltr'><strong>Unde</strong></span> 
     </span>
    </p>
   </div>
   <div class='ocr_carea' id='block_1_7' title="bbox 220 773 1879 852">
    <p class='ocr_par' dir='ltr' id='par_1_7' title="bbox 220 773 1879 852">
     <span class='ocr_line' id='line_1_7' title="bbox 220 773 1879 852; baseline 0.005 -25"><span class='ocrx_word' id='word_1_39' title='bbox 220 773 312 837; x_wconf 85' lang='lat' dir='ltr'><strong>vir</strong></span> <span class='ocrx_word' id='word_1_40' title='bbox 340 777 581 829; x_wconf 88' lang='lat' dir='ltr'><strong>sanctus</strong></span> <span class='ocrx_word' id='word_1_41' title='bbox 613 774 756 830; x_wconf 83' lang='lat' dir='ltr'><strong>dicit</strong></span> <span class='ocrx_word' id='word_1_42' title='bbox 804 793 817 832; x_wconf 87' lang='lat'><strong>:</strong></span> <span class='ocrx_word' id='word_1_43' title='bbox 868 781 938 833; x_wconf 85' lang='lat' dir='ltr'><strong>In</strong></span> <span class='ocrx_word' id='word_1_44' title='bbox 981 778 1141 835; x_wconf 86' lang='lat' dir='ltr'><strong>corde</strong></span> <span class='ocrx_word' id='word_1_45' title='bbox 1185 796 1305 836; x_wconf 86' lang='lat' dir='ltr'><strong>meo</strong></span> <span class='ocrx_word' id='word_1_46' title='bbox 1354 779 1616 836; x_wconf 79' lang='lat' dir='ltr'><strong>abscondi</strong></span> <span class='ocrx_word' id='word_1_47' title='bbox 1656 781 1879 852; x_wconf 85' lang='lat' dir='ltr'><strong>eloquia</strong></span> 
     </span>
    </p>
   </div>
   <div class='ocr_carea' id='block_1_8' title="bbox 222 867 1878 940">
    <p class='ocr_par' dir='ltr' id='par_1_8' title="bbox 222 867 1878 940">
     <span class='ocr_line' id='line_1_8' title="bbox 222 867 1878 940; baseline 0.004 -22"><span class='ocrx_word' id='word_1_48' title='bbox 222 870 343 929; x_wconf 86' lang='lat' dir='ltr'><strong>tua,</strong></span> <span class='ocrx_word' id='word_1_49' title='bbox 393 867 454 917; x_wconf 84' lang='lat' dir='ltr'><strong>ut</strong></span> <span class='ocrx_word' id='word_1_50' title='bbox 494 879 600 919; x_wconf 86' lang='lat' dir='ltr'><strong>non</strong></span> <span class='ocrx_word' id='word_1_51' title='bbox 649 880 859 935; x_wconf 79' lang='lat' dir='ltr'><strong>peccem</strong></span> <span class='ocrx_word' id='word_1_52' title='bbox 907 868 1012 923; x_wconf 89' lang='lat' dir='ltr'><strong>tibi</strong></span> <span class='ocrx_word' id='word_1_53' title='bbox 1059 867 1460 939; x_wconf 82' lang='lat' dir='ltr'><strong>(Psal.cxv1u,</strong></span> <span class='ocrx_word' id='word_1_54' title='bbox 1496 870 1603 940; x_wconf 89' lang='grc'><strong>11).</strong></span> <span class='ocrx_word' id='word_1_55' title='bbox 1636 869 1763 926; x_wconf 91' lang='lat' dir='ltr'><strong>Non</strong></span> <span class='ocrx_word' id='word_1_56' title='bbox 1810 886 1878 925; x_wconf 89' lang='lat' dir='ltr'><strong>ea</strong></span> 
     </span>
    </p>
   </div>
   <div class='ocr_carea' id='block_1_9' title="bbox 222 950 1879 1024">
    <p class='ocr_par' dir='ltr' id='par_1_9' title="bbox 222 950 1879 1024">
     <span class='ocr_line' id='line_1_9' title="bbox 222 950 1879 1024; baseline 0.004 -17"><span class='ocrx_word' id='word_1_57' title='bbox 222 950 359 1023; x_wconf 77' lang='lat' dir='ltr'><strong>dedi</strong></span> <span class='ocrx_word' id='word_1_58' title='bbox 391 951 608 1024; x_wconf 87' lang='lat' dir='ltr'><strong>quibus</strong></span> <span class='ocrx_word' id='word_1_59' title='bbox 638 951 828 1010; x_wconf 90' lang='lat' dir='ltr'><strong>libuit.</strong></span> <span class='ocrx_word' id='word_1_60' title='bbox 859 955 985 1011; x_wconf 90' lang='lat' dir='ltr'><strong>Non</strong></span> <span class='ocrx_word' id='word_1_61' title='bbox 1017 960 1287 1017; x_wconf 86' lang='lat' dir='ltr'><strong>sanctum</strong></span> <span class='ocrx_word' id='word_1_62' title='bbox 1340 962 1508 1015; x_wconf 89' lang='lat' dir='ltr'><strong>tuum</strong></span> <span class='ocrx_word' id='word_1_63' title='bbox 1558 958 1692 1014; x_wconf 90' lang='lat' dir='ltr'><strong>misi</strong></span> <span class='ocrx_word' id='word_1_64' title='bbox 1725 958 1879 1015; x_wconf 90' lang='lat' dir='ltr'><strong>cani-</strong></span> 
     </span>
    </p>
   </div>
   <div class='ocr_carea' id='block_1_10' title="bbox 222 1040 1876 1119">
    <p class='ocr_par' dir='ltr' id='par_1_10' title="bbox 222 1040 1876 1119">
     <span class='ocr_line' id='line_1_10' title="bbox 222 1040 1876 1119; baseline 0.004 -24"><span class='ocrx_word' id='word_1_65' title='bbox 222 1040 359 1107; x_wconf 85' lang='lat' dir='ltr'>bus,</span> <span class='ocrx_word' id='word_1_66' title='bbox 390 1043 448 1096; x_wconf 90' lang='lat' dir='ltr'><strong>et</strong></span> <span class='ocrx_word' id='word_1_67' title='bbox 476 1042 823 1113; x_wconf 84' lang='lat' dir='ltr'><strong>margaritas</strong></span> <span class='ocrx_word' id='word_1_68' title='bbox 853 1044 986 1099; x_wconf 89' lang='lat' dir='ltr'><strong>dedi</strong></span> <span class='ocrx_word' id='word_1_69' title='bbox 1020 1045 1232 1117; x_wconf 84' lang='lat' dir='ltr'><strong>porcis.</strong></span> <span class='ocrx_word' id='word_1_70' title='bbox 1262 1046 1493 1103; x_wconf 78' lang='lat' dir='ltr'><strong>Grande</strong></span> <span class='ocrx_word' id='word_1_71' title='bbox 1523 1046 1701 1119; x_wconf 79' lang='lat' dir='ltr'><strong>igitur</strong></span> <span class='ocrx_word' id='word_1_72' title='bbox 1729 1046 1876 1119; x_wconf 89' lang='lat' dir='ltr'><strong>peri-</strong></span> 
     </span>
    </p>
   </div>
   <div class='ocr_carea' id='block_1_11' title="bbox 221 1128 1871 1207">
    <p class='ocr_par' dir='ltr' id='par_1_11' title="bbox 221 1128 1871 1207">
     <span class='ocr_line' id='line_1_11' title="bbox 221 1128 1871 1207; baseline 0.004 -23"><span class='ocrx_word' id='word_1_73' title='bbox 221 1128 424 1185; x_wconf 91' lang='lat' dir='ltr'><strong>culum</strong></span> <span class='ocrx_word' id='word_1_74' title='bbox 456 1134 546 1185; x_wconf 89' lang='lat' dir='ltr'><strong>est</strong></span> <span class='ocrx_word' id='word_1_75' title='bbox 575 1130 853 1200; x_wconf 91' lang='lat' dir='ltr'><strong>doctoris,</strong></span> <span class='ocrx_word' id='word_1_76' title='bbox 874 1134 1049 1189; x_wconf 87' lang='lat' dir='ltr'><strong>verba</strong></span> <span class='ocrx_word' id='word_1_77' title='bbox 1079 1134 1311 1190; x_wconf 87' lang='lat' dir='ltr'><strong>Domini</strong></span> <span class='ocrx_word' id='word_1_78' title='bbox 1341 1136 1533 1207; x_wconf 90' lang='lat' dir='ltr'><strong>porcis</strong></span> <span class='ocrx_word' id='word_1_79' title='bbox 1554 1136 1871 1192; x_wconf 81' lang='lat' dir='ltr'><strong>eﬂ‘undere.</strong></span> 
     </span>
    </p>
   </div>
   <div class='ocr_carea' id='block_1_12' title="bbox 220 1216 1873 1296">
    <p class='ocr_par' dir='ltr' id='par_1_12' title="bbox 220 1216 1873 1296">
     <span class='ocr_line' id='line_1_12' title="bbox 220 1216 1873 1296; baseline 0.004 -23"><span class='ocrx_word' id='word_1_80' title='bbox 220 1216 405 1289; x_wconf 74' lang='lat' dir='ltr'><strong>Multa</strong></span> <span class='ocrx_word' id='word_1_81' title='bbox 435 1223 583 1275; x_wconf 78' lang='lat' dir='ltr'><strong>sunt</strong></span> <span class='ocrx_word' id='word_1_82' title='bbox 607 1236 735 1292; x_wconf 67' lang='lat' dir='ltr'><strong>qua</strong></span> <span class='ocrx_word' id='word_1_83' title='bbox 762 1220 1035 1278; x_wconf 83' lang='lat' dir='ltr'><strong>dicantur</strong></span> <span class='ocrx_word' id='word_1_84' title='bbox 1063 1222 1134 1278; x_wconf 89' lang='lat' dir='ltr'><strong>de</strong></span> <span class='ocrx_word' id='word_1_85' title='bbox 1164 1223 1413 1295; x_wconf 89' lang='lat' dir='ltr'><strong>psalmo.</strong></span> <span class='ocrx_word' id='word_1_86' title='bbox 1450 1225 1559 1280; x_wconf 91' lang='lat' dir='ltr'><strong>Sed</strong></span> <span class='ocrx_word' id='word_1_87' title='bbox 1593 1225 1873 1296; x_wconf 89' lang='lat' dir='ltr'><strong>quoniam</strong></span> 
     </span>
    </p>
   </div>
   <div class='ocr_carea' id='block_1_13' title="bbox 220 1305 1874 1385">
    <p class='ocr_par' dir='ltr' id='par_1_13' title="bbox 220 1305 1874 1385">
     <span class='ocr_line' id='line_1_13' title="bbox 220 1305 1874 1385; baseline 0.003 -21"><span class='ocrx_word' id='word_1_88' title='bbox 220 1305 589 1364; x_wconf 83' lang='lat' dir='ltr'><strong>excludimur</strong></span> <span class='ocrx_word' id='word_1_89' title='bbox 618 1308 781 1377; x_wconf 91' lang='lat' dir='ltr'><strong>hora,</strong></span> <span class='ocrx_word' id='word_1_90' title='bbox 814 1311 1232 1368; x_wconf 90' lang='lat' dir='ltr'><strong>benedicamus</strong></span> <span class='ocrx_word' id='word_1_91' title='bbox 1264 1313 1722 1385; x_wconf 87' lang='lat' dir='ltr'><strong>omnipotentem</strong></span> <span class='ocrx_word' id='word_1_92' title='bbox 1766 1318 1874 1369; x_wconf 91' lang='lat' dir='ltr'><strong>Do-</strong></span> 
     </span>
    </p>
   </div>
   <div class='ocr_carea' id='block_1_14' title="bbox 221 1395 1871 1474">
    <p class='ocr_par' dir='ltr' id='par_1_14' title="bbox 221 1395 1871 1474">
     <span class='ocr_line' id='line_1_14' title="bbox 221 1395 1871 1474; baseline 0 -18"><span class='ocrx_word' id='word_1_93' title='bbox 221 1395 473 1466; x_wconf 87' lang='lat' dir='ltr'><strong>minum,</strong></span> <span class='ocrx_word' id='word_1_94' title='bbox 507 1400 563 1453; x_wconf 89' lang='lat' dir='ltr'><strong>et</strong></span> <span class='ocrx_word' id='word_1_95' title='bbox 611 1398 713 1470; x_wconf 88' lang='lat' dir='ltr'>qui</span> <span class='ocrx_word' id='word_1_96' title='bbox 765 1399 940 1456; x_wconf 87' lang='lat' dir='ltr'><strong>habet</strong></span> <span class='ocrx_word' id='word_1_97' title='bbox 992 1400 1138 1457; x_wconf 84' lang='lat' dir='ltr'><strong>tales</strong></span> <span class='ocrx_word' id='word_1_98' title='bbox 1170 1402 1475 1474; x_wconf 88' lang='lat' dir='ltr'><strong>pecunias,</strong></span> <span class='ocrx_word' id='word_1_99' title='bbox 1507 1402 1728 1459; x_wconf 88' lang='lat' dir='ltr'><strong>tribuat</strong></span> <span class='ocrx_word' id='word_1_100' title='bbox 1757 1419 1871 1458; x_wconf 91' lang='lat' dir='ltr'><strong>non</strong></span> 
     </span>
    </p>
   </div>
   <div class='ocr_carea' id='block_1_15' title="bbox 219 1484 1871 1564">
    <p class='ocr_par' dir='ltr' id='par_1_15' title="bbox 219 1484 1871 1564">
     <span class='ocr_line' id='line_1_15' title="bbox 219 1484 1871 1564; baseline 0.003 -24"><span class='ocrx_word' id='word_1_101' title='bbox 219 1484 597 1543; x_wconf 86' lang='lat' dir='ltr'><strong>habentibus.</strong></span> <span class='ocrx_word' id='word_1_102' title='bbox 630 1487 737 1552; x_wconf 85' lang='lat' dir='ltr'><strong>Qui</strong></span> <span class='ocrx_word' id='word_1_103' title='bbox 770 1503 903 1544; x_wconf 88' lang='lat' dir='ltr'><strong>vero</strong></span> <span class='ocrx_word' id='word_1_104' title='bbox 935 1506 1048 1545; x_wconf 92' lang='lat' dir='ltr'><strong>non</strong></span> <span class='ocrx_word' id='word_1_105' title='bbox 1098 1489 1292 1559; x_wconf 83' lang='lat' dir='ltr'><strong>habet,</strong></span> <span class='ocrx_word' id='word_1_106' title='bbox 1327 1491 1577 1548; x_wconf 87' lang='lat' dir='ltr'><strong>libenter</strong></span> <span class='ocrx_word' id='word_1_107' title='bbox 1603 1491 1871 1564; x_wconf 87' lang='lat' dir='ltr'><strong>accipiat.</strong></span> 
     </span>
    </p>
   </div>
   <div class='ocr_carea' id='block_1_16' title="bbox 220 1573 1872 1653">
    <p class='ocr_par' dir='ltr' id='par_1_16' title="bbox 220 1573 1872 1653">
     <span class='ocr_line' id='line_1_16' title="bbox 220 1573 1872 1653; baseline 0.003 -23"><span class='ocrx_word' id='word_1_108' title='bbox 220 1573 461 1631; x_wconf 65' lang='lat' dir='ltr'><strong>Praestet</strong></span> <span class='ocrx_word' id='word_1_109' title='bbox 485 1578 680 1631; x_wconf 90' lang='lat' dir='ltr'><strong>autem</strong></span> <span class='ocrx_word' id='word_1_110' title='bbox 716 1577 997 1633; x_wconf 89' lang='lat' dir='ltr'><strong>Dominus</strong></span> <span class='ocrx_word' id='word_1_111' title='bbox 1026 1582 1083 1634; x_wconf 90' lang='lat' dir='ltr'><strong>et</strong></span> <span class='ocrx_word' id='word_1_112' title='bbox 1113 1579 1280 1647; x_wconf 88' lang='lat' dir='ltr'><strong>mihi,</strong></span> <span class='ocrx_word' id='word_1_113' title='bbox 1315 1585 1380 1635; x_wconf 91' lang='lat' dir='ltr'><strong>ut</strong></span> <span class='ocrx_word' id='word_1_114' title='bbox 1408 1585 1465 1635; x_wconf 91' lang='lat' dir='ltr'><strong>et</strong></span> <span class='ocrx_word' id='word_1_115' title='bbox 1490 1597 1597 1653; x_wconf 85' lang='lat' dir='ltr'><strong>ego</strong></span> <span class='ocrx_word' id='word_1_116' title='bbox 1628 1581 1740 1637; x_wconf 88' lang='lat' dir='ltr'><strong>ista</strong></span> <span class='ocrx_word' id='word_1_117' title='bbox 1768 1580 1872 1635; x_wconf 88' lang='lat' dir='ltr'><strong>ha-</strong></span> 
     </span>
    </p>
   </div>
   <div class='ocr_carea' id='block_1_17' title="bbox 218 1663 1876 1739">
    <p class='ocr_par' dir='ltr' id='par_1_17' title="bbox 218 1663 1876 1739">
     <span class='ocr_line' id='line_1_17' title="bbox 218 1663 1876 1739; baseline 0.003 -20"><span class='ocrx_word' id='word_1_118' title='bbox 218 1663 390 1719; x_wconf 87' lang='lat' dir='ltr'><strong>beam</strong></span> <span class='ocrx_word' id='word_1_119' title='bbox 425 1663 686 1733; x_wconf 87' lang='lat' dir='ltr'><strong>divitias;</strong></span> <span class='ocrx_word' id='word_1_120' title='bbox 720 1670 783 1721; x_wconf 89' lang='lat' dir='ltr'><strong>ut</strong></span> <span class='ocrx_word' id='word_1_121' title='bbox 803 1671 861 1721; x_wconf 91' lang='lat' dir='ltr'><strong>et</strong></span> <span class='ocrx_word' id='word_1_122' title='bbox 884 1684 998 1723; x_wconf 91' lang='lat' dir='ltr'><strong>non</strong></span> <span class='ocrx_word' id='word_1_123' title='bbox 1030 1667 1383 1724; x_wconf 88' lang='lat' dir='ltr'><strong>habentibus</strong></span> <span class='ocrx_word' id='word_1_124' title='bbox 1405 1669 1560 1739; x_wconf 90' lang='lat' dir='ltr'><strong>dem,</strong></span> <span class='ocrx_word' id='word_1_125' title='bbox 1583 1673 1640 1725; x_wconf 90' lang='lat' dir='ltr'><strong>et</strong></span> <span class='ocrx_word' id='word_1_126' title='bbox 1661 1669 1876 1724; x_wconf 88' lang='lat' dir='ltr'><strong>haben-</strong></span> 
     </span>
    </p>
   </div>
   <div class='ocr_carea' id='block_1_18' title="bbox 219 1750 1875 1827">
    <p class='ocr_par' dir='ltr' id='par_1_18' title="bbox 219 1750 1875 1827">
     <span class='ocr_line' id='line_1_18' title="bbox 219 1750 1875 1827; baseline 0.004 -20"><span class='ocrx_word' id='word_1_127' title='bbox 219 1750 381 1808; x_wconf 87' lang='lat' dir='ltr'><strong>tibus</strong></span> <span class='ocrx_word' id='word_1_128' title='bbox 398 1752 631 1809; x_wconf 89' lang='lat' dir='ltr'><strong>divitias</strong></span> <span class='ocrx_word' id='word_1_129' title='bbox 657 1755 1048 1822; x_wconf 88' lang='lat' dir='ltr'><strong>cumulem,ut</strong></span> <span class='ocrx_word' id='word_1_130' title='bbox 1069 1758 1487 1814; x_wconf 87' lang='lat' dir='ltr'><strong>beatitudinem</strong></span> <span class='ocrx_word' id='word_1_131' title='bbox 1513 1758 1773 1827; x_wconf 88' lang='lat' dir='ltr'><strong>istam,et</strong></span> <span class='ocrx_word' id='word_1_132' title='bbox 1792 1758 1875 1813; x_wconf 90' lang='lat' dir='ltr'><strong>di-</strong></span> 
     </span>
    </p>
   </div>
   <div class='ocr_carea' id='block_1_19' title="bbox 219 1842 1873 1920">
    <p class='ocr_par' dir='ltr' id='par_1_19' title="bbox 219 1842 1873 1920">
     <span class='ocr_line' id='line_1_19' title="bbox 219 1842 1873 1920; baseline 0.003 -24"><span class='ocrx_word' id='word_1_133' title='bbox 219 1858 358 1897; x_wconf 91' lang='lat' dir='ltr'><strong>cens</strong></span> <span class='ocrx_word' id='word_1_134' title='bbox 382 1842 628 1899; x_wconf 81' lang='lat' dir='ltr'><strong>habeam</strong></span> <span class='ocrx_word' id='word_1_135' title='bbox 650 1849 707 1899; x_wconf 88' lang='lat' dir='ltr'><strong>et</strong></span> <span class='ocrx_word' id='word_1_136' title='bbox 727 1844 1211 1903; x_wconf 89' lang='lat' dir='ltr'><strong>audiens.Beatus</strong></span> <span class='ocrx_word' id='word_1_137' title='bbox 1227 1852 1316 1903; x_wconf 87' lang='lat' dir='ltr'><strong>est</strong></span> <span class='ocrx_word' id='word_1_138' title='bbox 1336 1847 1490 1904; x_wconf 90' lang='lat' dir='ltr'><strong>enim</strong></span> <span class='ocrx_word' id='word_1_139' title='bbox 1506 1847 1604 1920; x_wconf 91' lang='lat' dir='ltr'>qui</span> <span class='ocrx_word' id='word_1_140' title='bbox 1628 1847 1682 1902; x_wconf 93' lang='lat' dir='ltr'><strong>in</strong></span> <span class='ocrx_word' id='word_1_141' title='bbox 1703 1864 1873 1904; x_wconf 89' lang='lat' dir='ltr'><strong>aures</strong></span> 
     </span>
    </p>
   </div>
   <div class='ocr_carea' id='block_1_20' title="bbox 223 1929 1873 2008">
    <p class='ocr_par' dir='ltr' id='par_1_20' title="bbox 223 1929 1873 2008">
     <span class='ocr_line' id='line_1_20' title="bbox 223 1929 1873 2008; baseline 0.004 -24"><span class='ocrx_word' id='word_1_142' title='bbox 223 1929 484 2001; x_wconf 89' lang='lat' dir='ltr'><strong>loquitur</strong></span> <span class='ocrx_word' id='word_1_143' title='bbox 505 1932 971 1999; x_wconf 88' lang='lat' dir='ltr'><strong>audientis.Quid</strong></span> <span class='ocrx_word' id='word_1_144' title='bbox 990 1935 1145 1990; x_wconf 90' lang='lat' dir='ltr'><strong>enim</strong></span> <span class='ocrx_word' id='word_1_145' title='bbox 1170 1936 1313 1991; x_wconf 88' lang='lat' dir='ltr'><strong>mihi</strong></span> <span class='ocrx_word' id='word_1_146' title='bbox 1342 1938 1579 2008; x_wconf 86' lang='lat' dir='ltr'><strong>prodest</strong></span> <span class='ocrx_word' id='word_1_147' title='bbox 1608 1936 1790 2008; x_wconf 88' lang='lat' dir='ltr'><strong>loqui,</strong></span> <span class='ocrx_word' id='word_1_148' title='bbox 1824 1936 1873 1991; x_wconf 89' lang='lat' dir='ltr'><strong>si</strong></span> 
     </span>
    </p>
   </div>
   <div class='ocr_carea' id='block_1_21' title="bbox 220 2017 1874 2097">
    <p class='ocr_par' dir='ltr' id='par_1_21' title="bbox 220 2017 1874 2097">
     <span class='ocr_line' id='line_1_21' title="bbox 220 2017 1874 2097; baseline 0.004 -24"><span class='ocrx_word' id='word_1_149' title='bbox 220 2017 372 2075; x_wconf 89' lang='lat' dir='ltr'><strong>alius</strong></span> <span class='ocrx_word' id='word_1_150' title='bbox 394 2021 570 2077; x_wconf 89' lang='lat' dir='ltr'><strong>verba</strong></span> <span class='ocrx_word' id='word_1_151' title='bbox 592 2039 721 2078; x_wconf 89' lang='lat' dir='ltr'><strong>mea</strong></span> <span class='ocrx_word' id='word_1_152' title='bbox 742 2040 858 2079; x_wconf 91' lang='lat' dir='ltr'><strong>non</strong></span> <span class='ocrx_word' id='word_1_153' title='bbox 883 2024 1214 2097; x_wconf 88' lang='lat' dir='ltr'><strong>suspiciat?</strong></span> <span class='ocrx_word' id='word_1_154' title='bbox 1245 2025 1393 2089; x_wconf 87' lang='lat' dir='ltr'><strong>Quid</strong></span> <span class='ocrx_word' id='word_1_155' title='bbox 1426 2026 1664 2096; x_wconf 87' lang='lat' dir='ltr'><strong>prodest</strong></span> <span class='ocrx_word' id='word_1_156' title='bbox 1686 2024 1874 2080; x_wconf 89' lang='lat' dir='ltr'><strong>mitte-</strong></span> 
     </span>
    </p>
   </div>
   <div class='ocr_carea' id='block_1_22' title="bbox 219 2109 1873 2184">
    <p class='ocr_par' dir='ltr' id='par_1_22' title="bbox 219 2109 1873 2184">
     <span class='ocr_line' id='line_1_22' title="bbox 219 2109 1873 2184; baseline 0.003 -21"><span class='ocrx_word' id='word_1_157' title='bbox 219 2124 281 2163; x_wconf 89' lang='lat' dir='ltr'><strong>re</strong></span> <span class='ocrx_word' id='word_1_158' title='bbox 302 2109 593 2182; x_wconf 89' lang='lat' dir='ltr'><strong>vinum,si</strong></span> <span class='ocrx_word' id='word_1_159' title='bbox 615 2111 814 2167; x_wconf 88' lang='lat' dir='ltr'><strong>statim</strong></span> <span class='ocrx_word' id='word_1_160' title='bbox 839 2114 994 2184; x_wconf 93' lang='lat' dir='ltr'><strong>quod</strong></span> <span class='ocrx_word' id='word_1_161' title='bbox 1021 2113 1670 2181; x_wconf 80' lang='lat' dir='ltr'><strong>mittitur,etl‘undatur?</strong></span> <span class='ocrx_word' id='word_1_162' title='bbox 1698 2112 1873 2168; x_wconf 88' lang='lat' dir='ltr'><strong>Vides</strong></span> 
     </span>
    </p>
   </div>
   <div class='ocr_carea' id='block_1_23' title="bbox 217 2196 1869 2272">
    <p class='ocr_par' dir='ltr' id='par_1_23' title="bbox 217 2196 1869 2272">
     <span class='ocr_line' id='line_1_23' title="bbox 217 2196 1869 2272; baseline 0.004 -23"><span class='ocrx_word' id='word_1_163' title='bbox 217 2196 371 2266; x_wconf 91' lang='lat' dir='ltr'><strong>quod</strong></span> <span class='ocrx_word' id='word_1_164' title='bbox 425 2196 484 2250; x_wconf 92' lang='lat' dir='ltr'><strong>in</strong></span> <span class='ocrx_word' id='word_1_165' title='bbox 533 2197 844 2269; x_wconf 89' lang='lat' dir='ltr'><strong>Evangelio</strong></span> <span class='ocrx_word' id='word_1_166' title='bbox 876 2215 1028 2271; x_wconf 89' lang='lat' dir='ltr'><strong>aqua</strong></span> <span class='ocrx_word' id='word_1_167' title='bbox 1056 2198 1156 2254; x_wconf 88' lang='lat' dir='ltr'><strong>illa</strong></span> <span class='ocrx_word' id='word_1_168' title='bbox 1184 2198 1245 2254; x_wconf 88' lang='lat' dir='ltr'><strong>in</strong></span> <span class='ocrx_word' id='word_1_169' title='bbox 1277 2199 1545 2272; x_wconf 81' lang='lat' dir='ltr'><strong>hydriam</strong></span> <span class='ocrx_word' id='word_1_170' title='bbox 1594 2200 1869 2268; x_wconf 88' lang='lat' dir='ltr'><strong>mittitur,</strong></span> 
     </span>
    </p>
   </div>
   <div class='ocr_carea' id='block_1_24' title="bbox 216 2283 1869 2361">
    <p class='ocr_par' dir='ltr' id='par_1_24' title="bbox 216 2283 1869 2361">
     <span class='ocr_line' id='line_1_24' title="bbox 216 2283 1869 2361; baseline 0.004 -23"><span class='ocrx_word' id='word_1_171' title='bbox 216 2286 276 2338; x_wconf 90' lang='lat' dir='ltr'><strong>et</strong></span> <span class='ocrx_word' id='word_1_172' title='bbox 305 2283 365 2338; x_wconf 90' lang='lat' dir='ltr'><strong>in</strong></span> <span class='ocrx_word' id='word_1_173' title='bbox 395 2283 596 2339; x_wconf 88' lang='lat' dir='ltr'><strong>vinum</strong></span> <span class='ocrx_word' id='word_1_174' title='bbox 624 2286 892 2355; x_wconf 85' lang='lat' dir='ltr'><strong>vertitur,</strong></span> <span class='ocrx_word' id='word_1_175' title='bbox 936 2293 993 2343; x_wconf 91' lang='lat' dir='ltr'><strong>et</strong></span> <span class='ocrx_word' id='word_1_176' title='bbox 1033 2292 1301 2344; x_wconf 87' lang='lat' dir='ltr'><strong>servatur</strong></span> <span class='ocrx_word' id='word_1_177' title='bbox 1346 2306 1417 2344; x_wconf 89' lang='lat' dir='ltr'><strong>ne</strong></span> <span class='ocrx_word' id='word_1_178' title='bbox 1460 2294 1660 2361; x_wconf 89' lang='lat' dir='ltr'><strong>pereat</strong></span> <span class='ocrx_word' id='word_1_179' title='bbox 1689 2289 1869 2361; x_wconf 85' lang='lat' dir='ltr'><strong>(Joan.</strong></span> 
     </span>
    </p>
   </div>
   <div class='ocr_carea' id='block_1_25' title="bbox 218 2373 1868 2446">
    <p class='ocr_par' dir='ltr' id='par_1_25' title="bbox 218 2373 1868 2446">
     <span class='ocr_line' id='line_1_25' title="bbox 218 2373 1868 2446; baseline 0.005 -21"><span class='ocrx_word' id='word_1_180' title='bbox 218 2387 283 2443; x_wconf 83' lang='grc' dir='ltr'><strong>ιι,</strong></span> <span class='ocrx_word' id='word_1_181' title='bbox 332 2373 509 2443; x_wconf 86' lang='grc'><strong>6-10).</strong></span> <span class='ocrx_word' id='word_1_182' title='bbox 559 2375 860 2443; x_wconf 82' lang='lat' dir='ltr'><strong>Miseretur,</strong></span> <span class='ocrx_word' id='word_1_183' title='bbox 890 2375 948 2431; x_wconf 91' lang='lat' dir='ltr'><strong>id</strong></span> <span class='ocrx_word' id='word_1_184' title='bbox 1000 2381 1089 2431; x_wconf 90' lang='lat' dir='ltr'><strong>est</strong></span> <span class='ocrx_word' id='word_1_185' title='bbox 1136 2378 1199 2431; x_wconf 79' lang='lat' dir='ltr'><strong>in</strong></span> <span class='ocrx_word' id='word_1_186' title='bbox 1244 2379 1434 2446; x_wconf 90' lang='lat' dir='ltr'><strong>corde,</strong></span> <span class='ocrx_word' id='word_1_187' title='bbox 1486 2383 1545 2434; x_wconf 93' lang='lat' dir='ltr'><strong>et</strong></span> <span class='ocrx_word' id='word_1_188' title='bbox 1587 2378 1773 2435; x_wconf 89' lang='lat' dir='ltr'><strong>credit</strong></span> <span class='ocrx_word' id='word_1_189' title='bbox 1810 2379 1868 2433; x_wconf 91' lang='lat' dir='ltr'><strong>in</strong></span> 
     </span>
    </p>
   </div>
   <div class='ocr_carea' id='block_1_26' title="bbox 218 2462 1867 2532">
    <p class='ocr_par' dir='ltr' id='par_1_26' title="bbox 218 2462 1867 2532">
     <span class='ocr_line' id='line_1_26' title="bbox 218 2462 1867 2532; baseline 0.004 -15"><span class='ocrx_word' id='word_1_190' title='bbox 218 2477 411 2532; x_wconf 89' lang='lat' dir='ltr'><strong>opere.</strong></span> <span class='ocrx_word' id='word_1_191' title='bbox 447 2462 673 2518; x_wconf 90' lang='lat' dir='ltr'><strong>Bonum</strong></span> <span class='ocrx_word' id='word_1_192' title='bbox 696 2468 785 2519; x_wconf 89' lang='lat' dir='ltr'><strong>est</strong></span> <span class='ocrx_word' id='word_1_193' title='bbox 813 2464 1068 2521; x_wconf 87' lang='lat' dir='ltr'><strong>tribuere</strong></span> <span class='ocrx_word' id='word_1_194' title='bbox 1100 2466 1494 2523; x_wconf 85' lang='lat' dir='ltr'><strong>substantiam</strong></span> <span class='ocrx_word' id='word_1_195' title='bbox 1525 2472 1813 2523; x_wconf 84' lang='lat' dir='ltr'><strong>terrenam</strong></span> <span class='ocrx_word' id='word_1_196' title='bbox 1855 2488 1867 2524; x_wconf 88' lang='lat'><strong>:</strong></span> 
     </span>
    </p>
   </div>
   <div class='ocr_carea' id='block_1_27' title="bbox 218 2549 1867 2628">
    <p class='ocr_par' dir='ltr' id='par_1_27' title="bbox 218 2549 1867 2628">
     <span class='ocr_line' id='line_1_27' title="bbox 218 2549 1867 2628; baseline 0.004 -23"><span class='ocrx_word' id='word_1_197' title='bbox 218 2550 322 2605; x_wconf 85' lang='lat' dir='ltr'><strong>sed</strong></span> <span class='ocrx_word' id='word_1_198' title='bbox 356 2549 567 2606; x_wconf 88' lang='lat' dir='ltr'><strong>melius</strong></span> <span class='ocrx_word' id='word_1_199' title='bbox 597 2556 687 2608; x_wconf 84' lang='lat' dir='ltr'><strong>est</strong></span> <span class='ocrx_word' id='word_1_200' title='bbox 724 2551 783 2607; x_wconf 89' lang='lat' dir='ltr'><strong>in</strong></span> <span class='ocrx_word' id='word_1_201' title='bbox 814 2554 1281 2611; x_wconf 88' lang='lat' dir='ltr'><strong>annuntiandam</strong></span> <span class='ocrx_word' id='word_1_202' title='bbox 1315 2555 1867 2628; x_wconf 89' lang='lat' dir='ltr'><strong>misericordiam,id</strong></span> 
     </span>
    </p>
   </div>
   <div class='ocr_carea' id='block_1_28' title="bbox 218 2639 1867 2717">
    <p class='ocr_par' dir='ltr' id='par_1_28' title="bbox 218 2639 1867 2717">
     <span class='ocr_line' id='line_1_28' title="bbox 218 2639 1867 2717; baseline 0.005 -24"><span class='ocrx_word' id='word_1_203' title='bbox 218 2642 328 2709; x_wconf 90' lang='lat' dir='ltr'><strong>est,</strong></span> <span class='ocrx_word' id='word_1_204' title='bbox 363 2642 428 2694; x_wconf 91' lang='lat' dir='ltr'><strong>ut</strong></span> <span class='ocrx_word' id='word_1_205' title='bbox 455 2639 656 2695; x_wconf 87' lang='lat' dir='ltr'><strong>tradas</strong></span> <span class='ocrx_word' id='word_1_206' title='bbox 684 2640 742 2695; x_wconf 88' lang='lat' dir='ltr'><strong>in</strong></span> <span class='ocrx_word' id='word_1_207' title='bbox 785 2641 1158 2710; x_wconf 89' lang='lat' dir='ltr'><strong>oblivionem,</strong></span> <span class='ocrx_word' id='word_1_208' title='bbox 1205 2644 1304 2716; x_wconf 92' lang='lat' dir='ltr'><strong>qui</strong></span> <span class='ocrx_word' id='word_1_209' title='bbox 1353 2644 1459 2700; x_wconf 89' lang='lat' dir='ltr'><strong>tibi</strong></span> <span class='ocrx_word' id='word_1_210' title='bbox 1513 2644 1665 2701; x_wconf 90' lang='lat' dir='ltr'><strong>male</strong></span> <span class='ocrx_word' id='word_1_211' title='bbox 1715 2645 1867 2717; x_wconf 86' lang='lat' dir='ltr'><strong>fecit,</strong></span> 
     </span>
    </p>
   </div>
   <div class='ocr_carea' id='block_1_29' title="bbox 216 2728 1869 2807">
    <p class='ocr_par' dir='ltr' id='par_1_29' title="bbox 216 2728 1869 2807">
     <span class='ocr_line' id='line_1_29' title="bbox 216 2728 1869 2807; baseline 0.005 -24"><span class='ocrx_word' id='word_1_212' title='bbox 216 2728 327 2784; x_wconf 90' lang='lat' dir='ltr'><strong>hoc</strong></span> <span class='ocrx_word' id='word_1_213' title='bbox 359 2733 466 2799; x_wconf 85' lang='lat' dir='ltr'><strong>est,</strong></span> <span class='ocrx_word' id='word_1_214' title='bbox 498 2733 563 2783; x_wconf 88' lang='lat' dir='ltr'><strong>ut</strong></span> <span class='ocrx_word' id='word_1_215' title='bbox 591 2728 901 2802; x_wconf 86' lang='lat' dir='ltr'><strong>indulgeas</strong></span> <span class='ocrx_word' id='word_1_216' title='bbox 941 2732 1039 2803; x_wconf 92' lang='lat' dir='ltr'><strong>qui</strong></span> <span class='ocrx_word' id='word_1_217' title='bbox 1089 2733 1149 2787; x_wconf 92' lang='lat' dir='ltr'><strong>in</strong></span> <span class='ocrx_word' id='word_1_218' title='bbox 1198 2736 1255 2788; x_wconf 90' lang='lat' dir='ltr'><strong>te</strong></span> <span class='ocrx_word' id='word_1_219' title='bbox 1301 2735 1576 2806; x_wconf 86' lang='lat' dir='ltr'><strong>peccavit.</strong></span> <span class='ocrx_word' id='word_1_220' title='bbox 1613 2758 1632 2783; x_wconf 80' lang='grc' dir='ltr'>ιι</span> <span class='ocrx_word' id='word_1_221' title='bbox 1670 2735 1869 2807; x_wconf 78' lang='grc' dir='ltr'><strong>Πίερο-</strong></span> 
     </span>
    </p>
   </div>
   <div class='ocr_carea' id='block_1_30' title="bbox 216 2816 1869 2895">
    <p class='ocr_par' dir='ltr' id='par_1_30' title="bbox 216 2816 1869 2895">
     <span class='ocr_line' id='line_1_30' title="bbox 216 2816 1869 2895; baseline 0.005 -23"><span class='ocrx_word' id='word_1_222' title='bbox 216 2816 337 2872; x_wconf 90' lang='lat' dir='ltr'><strong>suit</strong></span> <span class='ocrx_word' id='word_1_223' title='bbox 367 2833 666 2873; x_wconf 88' lang='lat' dir='ltr'><strong>sermones</strong></span> <span class='ocrx_word' id='word_1_224' title='bbox 717 2836 857 2876; x_wconf 90' lang='lat' dir='ltr'><strong>suos</strong></span> <span class='ocrx_word' id='word_1_225' title='bbox 902 2822 960 2875; x_wconf 91' lang='lat' dir='ltr'><strong>in</strong></span> <span class='ocrx_word' id='word_1_226' title='bbox 996 2822 1242 2893; x_wconf 89' lang='lat' dir='ltr'><strong>judicio,</strong></span> <span class='ocrx_word' id='word_1_227' title='bbox 1301 2845 1320 2871; x_wconf 76' lang='grc' dir='ltr'><strong>ο</strong></span> <span class='ocrx_word' id='word_1_228' title='bbox 1379 2823 1487 2878; x_wconf 91' lang='lat' dir='ltr'><strong>hoc</strong></span> <span class='ocrx_word' id='word_1_229' title='bbox 1536 2828 1644 2893; x_wconf 85' lang='lat' dir='ltr'><strong>est,</strong></span> <span class='ocrx_word' id='word_1_230' title='bbox 1682 2824 1869 2895; x_wconf 81' lang='lat' dir='ltr'><strong>judex</strong></span> 
     </span>
    </p>
   </div>
   <div class='ocr_carea' id='block_1_31' title="bbox 216 2905 1866 2985">
    <p class='ocr_par' dir='ltr' id='par_1_31' title="bbox 216 2905 1866 2985">
     <span class='ocr_line' id='line_1_31' title="bbox 216 2905 1866 2985; baseline 0.005 -24"><span class='ocrx_word' id='word_1_231' title='bbox 216 2905 624 2978; x_wconf 85' lang='lat' dir='ltr'><strong>suimetipsius</strong></span> <span class='ocrx_word' id='word_1_232' title='bbox 653 2908 933 2965; x_wconf 89' lang='lat' dir='ltr'><strong>est.Dieit</strong></span> <span class='ocrx_word' id='word_1_233' title='bbox 961 2912 1114 2983; x_wconf 91' lang='lat' dir='ltr'><strong>apud</strong></span> <span class='ocrx_word' id='word_1_234' title='bbox 1148 2912 1866 2985; x_wconf 89' lang='lat' dir='ltr'><strong>semetipsum:Dominus</strong></span> 
     </span>
    </p>
   </div>
   <div class='ocr_carea' id='block_1_32' title="bbox 214 2994 1867 3072">
    <p class='ocr_par' dir='ltr' id='par_1_32' title="bbox 214 2994 1867 3072">
     <span class='ocr_line' id='line_1_32' title="bbox 214 2994 1867 3072; baseline 0.005 -23"><span class='ocrx_word' id='word_1_235' title='bbox 214 2994 400 3050; x_wconf 80' lang='lat' dir='ltr'><strong>dixit:</strong></span> <span class='ocrx_word' id='word_1_236' title='bbox 433 2994 489 3049; x_wconf 88' lang='lat' dir='ltr'><strong>Si</strong></span> <span class='ocrx_word' id='word_1_237' title='bbox 524 2994 798 3064; x_wconf 89' lang='lat' dir='ltr'><strong>dimittis,</strong></span> <span class='ocrx_word' id='word_1_238' title='bbox 830 2997 1160 3056; x_wconf 88' lang='lat' dir='ltr'><strong>dimittetur</strong></span> <span class='ocrx_word' id='word_1_239' title='bbox 1190 2998 1296 3056; x_wconf 85' lang='lat' dir='ltr'><strong>tibi</strong></span> <span class='ocrx_word' id='word_1_240' title='bbox 1333 3018 1345 3056; x_wconf 93' lang='lat'><strong>:</strong></span> <span class='ocrx_word' id='word_1_241' title='bbox 1379 3001 1429 3056; x_wconf 89' lang='lat' dir='ltr'><strong>si</strong></span> <span class='ocrx_word' id='word_1_242' title='bbox 1469 3002 1595 3072; x_wconf 89' lang='lat' dir='ltr'><strong>das,</strong></span> <span class='ocrx_word' id='word_1_243' title='bbox 1630 3002 1867 3057; x_wconf 89' lang='lat' dir='ltr'><strong>dabitur</strong></span> 
     </span>
    </p>
   </div>
   <div class='ocr_carea' id='block_1_33' title="bbox 213 3082 1865 3160">
    <p class='ocr_par' dir='ltr' id='par_1_33' title="bbox 213 3082 1865 3160">
     <span class='ocr_line' id='line_1_33' title="bbox 213 3082 1865 3160; baseline 0.005 -23"><span class='ocrx_word' id='word_1_244' title='bbox 213 3083 321 3137; x_wconf 90' lang='lat' dir='ltr'><strong>tibi</strong></span> <span class='ocrx_word' id='word_1_245' title='bbox 350 3084 560 3154; x_wconf 80' lang='lat' dir='ltr'><strong>(Matth.</strong></span> <span class='ocrx_word' id='word_1_246' title='bbox 593 3102 671 3156; x_wconf 82' lang='lat' dir='ltr'><strong>v1,</strong></span> <span class='ocrx_word' id='word_1_247' title='bbox 706 3087 815 3156; x_wconf 84' lang='grc'>15).</span> <span class='ocrx_word' id='word_1_248' title='bbox 849 3087 995 3153; x_wconf 89' lang='lat' dir='ltr'><strong>Quia</strong></span> <span class='ocrx_word' id='word_1_249' title='bbox 1025 3087 1121 3143; x_wconf 91' lang='lat' dir='ltr'><strong>ille</strong></span> <span class='ocrx_word' id='word_1_250' title='bbox 1151 3088 1251 3160; x_wconf 91' lang='lat' dir='ltr'><strong>qui</strong></span> <span class='ocrx_word' id='word_1_251' title='bbox 1280 3089 1365 3145; x_wconf 89' lang='lat' dir='ltr'><strong>sic</strong></span> <span class='ocrx_word' id='word_1_252' title='bbox 1395 3106 1458 3145; x_wconf 90' lang='lat' dir='ltr'><strong>se</strong></span> <span class='ocrx_word' id='word_1_253' title='bbox 1493 3082 1725 3160; x_wconf 84' lang='lat' dir='ltr'><strong>judicat</strong></span> <span class='ocrx_word' id='word_1_254' title='bbox 1772 3089 1865 3146; x_wconf 90' lang='lat' dir='ltr'><strong>hic</strong></span> 
     </span>
    </p>
   </div>
   <div class='ocr_carea' id='block_1_34' title="bbox 212 3170 1866 3245">
    <p class='ocr_par' dir='ltr' id='par_1_34' title="bbox 212 3170 1866 3245">
     <span class='ocr_line' id='line_1_34' title="bbox 212 3170 1866 3245; baseline 0.004 -18"><span class='ocrx_word' id='word_1_255' title='bbox 212 3170 274 3227; x_wconf 90' lang='lat' dir='ltr'><strong>in</strong></span> <span class='ocrx_word' id='word_1_256' title='bbox 305 3173 598 3245; x_wconf 68' lang='lat' dir='ltr'><strong>prmsenti,</strong></span> <span class='ocrx_word' id='word_1_257' title='bbox 636 3179 784 3231; x_wconf 89' lang='lat' dir='ltr'><strong>Deus</strong></span> <span class='ocrx_word' id='word_1_258' title='bbox 813 3174 982 3231; x_wconf 89' lang='lat' dir='ltr'><strong>illum</strong></span> <span class='ocrx_word' id='word_1_259' title='bbox 1015 3182 1254 3233; x_wconf 88' lang='lat' dir='ltr'><strong>coronat</strong></span> <span class='ocrx_word' id='word_1_260' title='bbox 1296 3178 1355 3233; x_wconf 90' lang='lat' dir='ltr'><strong>in</strong></span> <span class='ocrx_word' id='word_1_261' title='bbox 1406 3183 1623 3234; x_wconf 87' lang='lat' dir='ltr'><strong>tuturo.</strong></span> <span class='ocrx_word' id='word_1_262' title='bbox 1658 3202 1687 3227; x_wconf 84' lang='grc'>‹‹</span> <span class='ocrx_word' id='word_1_263' title='bbox 1720 3178 1866 3243; x_wconf 89' lang='lat' dir='ltr'><strong>Quia</strong></span> 
     </span>
    </p>
   </div>
   <div class='ocr_carea' id='block_1_35' title="bbox 1905 1891 1952 1955">
    <p class='ocr_par' dir='ltr' id='par_1_35' title="bbox 1905 1891 1952 1955">
     <span class='ocr_line' id='line_1_35' title="bbox 1905 1891 1952 1955; baseline 0 0"><span class='ocrx_word' id='word_1_264' title='bbox 1905 1891 1952 1955; x_wconf 89' lang='grc' dir='ltr'><strong>Β</strong></span> 
     </span>
    </p>
   </div>
   <div class='ocr_carea' id='block_1_36' title="bbox 1985 602 3636 676">
    <p class='ocr_par' dir='ltr' id='par_1_36' title="bbox 1985 602 3636 676">
     <span class='ocr_line' id='line_1_36' title="bbox 1985 602 3636 676; baseline 0 -17"><span class='ocrx_word' id='word_1_265' title='bbox 1985 619 2145 676; x_wconf 83' lang='lat' dir='ltr'><strong>quem</strong></span> <span class='ocrx_word' id='word_1_266' title='bbox 2172 604 2611 675; x_wconf 74' lang='lat' dir='ltr'><strong>compunxerunt</strong></span> <span class='ocrx_word' id='word_1_267' title='bbox 2640 602 2893 675; x_wconf 86' lang='lat' dir='ltr'><strong>(Zachar.</strong></span> <span class='ocrx_word' id='word_1_268' title='bbox 2925 617 3027 670; x_wconf 83' lang='lat' dir='ltr'><strong>xu,</strong></span> <span class='ocrx_word' id='word_1_269' title='bbox 3065 604 3173 671; x_wconf 91' lang='grc'><strong>10),</strong></span> <span class='ocrx_word' id='word_1_270' title='bbox 3206 603 3265 675; x_wconf 88' lang='lat' dir='ltr'><strong>id</strong></span> <span class='ocrx_word' id='word_1_271' title='bbox 3295 607 3403 670; x_wconf 89' lang='lat' dir='ltr'><strong>est,</strong></span> <span class='ocrx_word' id='word_1_272' title='bbox 3453 603 3636 660; x_wconf 82' lang='lat' dir='ltr'><strong>visuri</strong></span> 
     </span>
    </p>
   </div>
   <div class='ocr_carea' id='block_1_37' title="bbox 1985 690 3636 764">
    <p class='ocr_par' dir='ltr' id='par_1_37' title="bbox 1985 690 3636 764">
     <span class='ocr_line' id='line_1_37' title="bbox 1985 690 3636 764; baseline -0.001 -16"><span class='ocrx_word' id='word_1_273' title='bbox 1985 696 2158 748; x_wconf 89' lang='lat' dir='ltr'><strong>erunt</strong></span> <span class='ocrx_word' id='word_1_274' title='bbox 2178 691 2340 748; x_wconf 87' lang='lat' dir='ltr'><strong>illam</strong></span> <span class='ocrx_word' id='word_1_275' title='bbox 2371 693 2620 747; x_wconf 82' lang='lat' dir='ltr'><strong>formam</strong></span> <span class='ocrx_word' id='word_1_276' title='bbox 2652 692 2801 747; x_wconf 91' lang='lat' dir='ltr'><strong>servi</strong></span> <span class='ocrx_word' id='word_1_277' title='bbox 2833 696 2890 746; x_wconf 88' lang='lat' dir='ltr'><strong>et</strong></span> <span class='ocrx_word' id='word_1_278' title='bbox 2922 690 3201 759; x_wconf 89' lang='lat' dir='ltr'><strong>hominis,</strong></span> <span class='ocrx_word' id='word_1_279' title='bbox 3227 707 3405 763; x_wconf 91' lang='lat' dir='ltr'><strong>quam</strong></span> <span class='ocrx_word' id='word_1_280' title='bbox 3438 691 3636 764; x_wconf 88' lang='lat' dir='ltr'><strong>digna-</strong></span> 
     </span>
    </p>
   </div>
   <div class='ocr_carea' id='block_1_38' title="bbox 1985 779 3632 854">
    <p class='ocr_par' dir='ltr' id='par_1_38' title="bbox 1985 779 3632 854">
     <span class='ocr_line' id='line_1_38' title="bbox 1985 779 3632 854; baseline -0.001 -18"><span class='ocrx_word' id='word_1_281' title='bbox 1985 784 2083 837; x_wconf 91' lang='lat' dir='ltr'><strong>tus</strong></span> <span class='ocrx_word' id='word_1_282' title='bbox 2114 786 2205 837; x_wconf 90' lang='lat' dir='ltr'><strong>est</strong></span> <span class='ocrx_word' id='word_1_283' title='bbox 2234 782 2532 854; x_wconf 87' lang='lat' dir='ltr'><strong>suscipere</strong></span> <span class='ocrx_word' id='word_1_284' title='bbox 2560 782 2632 835; x_wconf 89' lang='lat' dir='ltr'><strong>de</strong></span> <span class='ocrx_word' id='word_1_285' title='bbox 2663 785 2863 836; x_wconf 89' lang='lat' dir='ltr'><strong>nostra</strong></span> <span class='ocrx_word' id='word_1_286' title='bbox 2889 780 3284 845; x_wconf 82' lang='lat' dir='ltr'><strong>humanitate;</strong></span> <span class='ocrx_word' id='word_1_287' title='bbox 3318 780 3419 836; x_wconf 89' lang='lat' dir='ltr'><strong>sed</strong></span> <span class='ocrx_word' id='word_1_288' title='bbox 3469 779 3632 835; x_wconf 89' lang='lat' dir='ltr'><strong>illam</strong></span> 
     </span>
    </p>
   </div>
   <div class='ocr_carea' id='block_1_39' title="bbox 1985 858 3635 943">
    <p class='ocr_par' dir='ltr' id='par_1_39' title="bbox 1985 858 3635 943">
     <span class='ocr_line' id='line_1_39' title="bbox 1985 858 3635 943; baseline -0.001 -18"><span class='ocrx_word' id='word_1_289' title='bbox 1985 869 2232 943; x_wconf 83' lang='lat' dir='ltr'><strong>gloriam</strong></span> <span class='ocrx_word' id='word_1_290' title='bbox 2265 886 2443 942; x_wconf 87' lang='lat' dir='ltr'><strong>quam</strong></span> <span class='ocrx_word' id='word_1_291' title='bbox 2475 870 2661 925; x_wconf 87' lang='lat' dir='ltr'><strong>sancti</strong></span> <span class='ocrx_word' id='word_1_292' title='bbox 2692 858 3020 938; x_wconf 62' lang='lat' dir='ltr'><strong>habebunt;</strong></span> <span class='ocrx_word' id='word_1_293' title='bbox 3045 885 3152 925; x_wconf 91' lang='lat' dir='ltr'><strong>nec</strong></span> <span class='ocrx_word' id='word_1_294' title='bbox 3200 868 3502 924; x_wconf 87' lang='lat' dir='ltr'><strong>habebunt</strong></span> <span class='ocrx_word' id='word_1_295' title='bbox 3531 885 3635 924; x_wconf 82' lang='lat' dir='ltr'><strong>nec</strong></span> 
     </span>
    </p>
   </div>
   <div class='ocr_carea' id='block_1_40' title="bbox 1983 956 3635 1029">
    <p class='ocr_par' dir='ltr' id='par_1_40' title="bbox 1983 956 3635 1029">
     <span class='ocr_line' id='line_1_40' title="bbox 1983 956 3635 1029; baseline -0.002 -15"><span class='ocrx_word' id='word_1_296' title='bbox 1983 958 2284 1027; x_wconf 87' lang='lat' dir='ltr'><strong>videbunt,</strong></span> <span class='ocrx_word' id='word_1_297' title='bbox 2317 963 2376 1014; x_wconf 89' lang='lat' dir='ltr'><strong>et</strong></span> <span class='ocrx_word' id='word_1_298' title='bbox 2403 964 2693 1029; x_wconf 87' lang='lat' dir='ltr'><strong>quantum</strong></span> <span class='ocrx_word' id='word_1_299' title='bbox 2724 958 3023 1025; x_wconf 89' lang='lat' dir='ltr'><strong>videbunt,</strong></span> <span class='ocrx_word' id='word_1_300' title='bbox 3048 958 3120 1013; x_wconf 91' lang='lat' dir='ltr'><strong>ad</strong></span> <span class='ocrx_word' id='word_1_301' title='bbox 3143 956 3379 1011; x_wconf 90' lang='lat' dir='ltr'><strong>illorum</strong></span> <span class='ocrx_word' id='word_1_302' title='bbox 3406 972 3635 1028; x_wconf 66' lang='lat' dir='ltr'><strong>pinnam</strong></span> 
     </span>
    </p>
   </div>
   <div class='ocr_carea' id='block_1_41' title="bbox 1984 1045 3634 1115">
    <p class='ocr_par' dir='ltr' id='par_1_41' title="bbox 1984 1045 3634 1115">
     <span class='ocr_line' id='line_1_41' title="bbox 1984 1045 3634 1115; baseline -0.001 -13"><span class='ocrx_word' id='word_1_303' title='bbox 1984 1046 2287 1103; x_wconf 90' lang='lat' dir='ltr'><strong>videbunt.</strong></span> <span class='ocrx_word' id='word_1_304' title='bbox 2318 1071 2346 1097; x_wconf 85' lang='lat'><strong>«</strong></span> <span class='ocrx_word' id='word_1_305' title='bbox 2381 1048 2448 1103; x_wconf 88' lang='lat' dir='ltr'><strong>Et</strong></span> <span class='ocrx_word' id='word_1_306' title='bbox 2478 1048 2780 1103; x_wconf 91' lang='lat' dir='ltr'><strong>irascetur.</strong></span> <span class='ocrx_word' id='word_1_307' title='bbox 2816 1070 2838 1099; x_wconf 72' lang='grc' dir='ltr'><strong><em>ι</em></strong></span> <span class='ocrx_word' id='word_1_308' title='bbox 2873 1047 2993 1102; x_wconf 90' lang='lat' dir='ltr'><strong>Hoc</strong></span> <span class='ocrx_word' id='word_1_309' title='bbox 3024 1050 3134 1113; x_wconf 89' lang='lat' dir='ltr'><strong>est,</strong></span> <span class='ocrx_word' id='word_1_310' title='bbox 3163 1048 3368 1101; x_wconf 89' lang='lat' dir='ltr'><strong>contra</strong></span> <span class='ocrx_word' id='word_1_311' title='bbox 3391 1045 3634 1115; x_wconf 83' lang='lat' dir='ltr'><strong>seipsos;</strong></span> 
     </span>
    </p>
   </div>
   <div class='ocr_carea' id='block_1_42' title="bbox 1984 1133 3639 1207">
    <p class='ocr_par' dir='ltr' id='par_1_42' title="bbox 1984 1133 3639 1207">
     <span class='ocr_line' id='line_1_42' title="bbox 1984 1133 3639 1207; baseline -0.001 -16"><span class='ocrx_word' id='word_1_312' title='bbox 1984 1152 2051 1191; x_wconf 91' lang='lat' dir='ltr'><strong>eo</strong></span> <span class='ocrx_word' id='word_1_313' title='bbox 2082 1137 2233 1207; x_wconf 91' lang='lat' dir='ltr'><strong>quod</strong></span> <span class='ocrx_word' id='word_1_314' title='bbox 2269 1153 2385 1192; x_wconf 92' lang='lat' dir='ltr'><strong>non</strong></span> <span class='ocrx_word' id='word_1_315' title='bbox 2415 1136 2679 1192; x_wconf 88' lang='lat' dir='ltr'><strong>fecerunt</strong></span> <span class='ocrx_word' id='word_1_316' title='bbox 2725 1135 2894 1191; x_wconf 90' lang='lat' dir='ltr'><strong>bona.</strong></span> <span class='ocrx_word' id='word_1_317' title='bbox 2944 1134 3087 1191; x_wconf 88' lang='lat' dir='ltr'><strong>Sera</strong></span> <span class='ocrx_word' id='word_1_318' title='bbox 3138 1133 3480 1206; x_wconf 72' lang='lat' dir='ltr'><strong>poenitentia</strong></span> <span class='ocrx_word' id='word_1_319' title='bbox 3528 1134 3639 1189; x_wconf 88' lang='lat' dir='ltr'><strong>erit</strong></span> 
     </span>
    </p>
   </div>
   <div class='ocr_carea' id='block_1_43' title="bbox 1984 1221 3635 1296">
    <p class='ocr_par' dir='ltr' id='par_1_43' title="bbox 1984 1221 3635 1296">
     <span class='ocr_line' id='line_1_43' title="bbox 1984 1221 3635 1296; baseline -0.002 -17"><span class='ocrx_word' id='word_1_320' title='bbox 1984 1223 2091 1289; x_wconf 85' lang='lat' dir='ltr'><strong>illi.</strong></span> <span class='ocrx_word' id='word_1_321' title='bbox 2120 1225 2340 1281; x_wconf 89' lang='lat' dir='ltr'><strong>Dicturi</strong></span> <span class='ocrx_word' id='word_1_322' title='bbox 2370 1229 2543 1281; x_wconf 90' lang='lat' dir='ltr'><strong>erunt</strong></span> <span class='ocrx_word' id='word_1_323' title='bbox 2592 1241 2604 1279; x_wconf 91' lang='lat'>:</span> <span class='ocrx_word' id='word_1_324' title='bbox 2653 1224 2755 1280; x_wconf 88' lang='lat' dir='ltr'><strong>Isti</strong></span> <span class='ocrx_word' id='word_1_325' title='bbox 2777 1223 3170 1296; x_wconf 91' lang='lat' dir='ltr'><strong>sunt,quosin</strong></span> <span class='ocrx_word' id='word_1_326' title='bbox 3204 1221 3635 1294; x_wconf 84' lang='lat' dir='ltr'><strong>despectionem</strong></span> 
     </span>
    </p>
   </div>
   <div class='ocr_carea' id='block_1_44' title="bbox 1984 1312 3636 1385">
    <p class='ocr_par' dir='ltr' id='par_1_44' title="bbox 1984 1312 3636 1385">
     <span class='ocr_line' id='line_1_44' title="bbox 1984 1312 3636 1385; baseline -0.001 -16"><span class='ocrx_word' id='word_1_327' title='bbox 1984 1312 2303 1369; x_wconf 89' lang='lat' dir='ltr'><strong>habuimus</strong></span> <span class='ocrx_word' id='word_1_328' title='bbox 2335 1332 2347 1369; x_wconf 90' lang='lat'><strong>:</strong></span> <span class='ocrx_word' id='word_1_329' title='bbox 2380 1329 2511 1369; x_wconf 88' lang='lat' dir='ltr'><strong>ecce</strong></span> <span class='ocrx_word' id='word_1_330' title='bbox 2542 1313 2693 1369; x_wconf 89' lang='lat' dir='ltr'><strong>inter</strong></span> <span class='ocrx_word' id='word_1_331' title='bbox 2722 1313 2882 1385; x_wconf 91' lang='lat' dir='ltr'><strong>ipsos</strong></span> <span class='ocrx_word' id='word_1_332' title='bbox 2915 1312 3013 1368; x_wconf 87' lang='lat' dir='ltr'><strong>Dei</strong></span> <span class='ocrx_word' id='word_1_333' title='bbox 3046 1329 3243 1368; x_wconf 89' lang='lat' dir='ltr'><strong>servos</strong></span> <span class='ocrx_word' id='word_1_334' title='bbox 3292 1318 3434 1367; x_wconf 91' lang='lat' dir='ltr'><strong>sunt</strong></span> <span class='ocrx_word' id='word_1_335' title='bbox 3464 1328 3636 1383; x_wconf 86' lang='lat' dir='ltr'><strong>repu-</strong></span> 
     </span>
    </p>
   </div>
   <div class='ocr_carea' id='block_1_45' title="bbox 1984 1400 3636 1473">
    <p class='ocr_par' dir='ltr' id='par_1_45' title="bbox 1984 1400 3636 1473">
     <span class='ocr_line' id='line_1_45' title="bbox 1984 1400 3636 1473; baseline -0.001 -16"><span class='ocrx_word' id='word_1_336' title='bbox 1984 1402 2111 1457; x_wconf 90' lang='lat' dir='ltr'><strong>tati.</strong></span> <span class='ocrx_word' id='word_1_337' title='bbox 2156 1402 2313 1457; x_wconf 85' lang='lat' dir='ltr'><strong>Nihil</strong></span> <span class='ocrx_word' id='word_1_338' title='bbox 2359 1402 2703 1473; x_wconf 86' lang='lat' dir='ltr'><strong>profuerunt</strong></span> <span class='ocrx_word' id='word_1_339' title='bbox 2761 1402 2931 1457; x_wconf 91' lang='lat' dir='ltr'><strong>nobis</strong></span> <span class='ocrx_word' id='word_1_340' title='bbox 2978 1401 3347 1457; x_wconf 70' lang='lat' dir='ltr'><strong>abundantia:</strong></span> <span class='ocrx_word' id='word_1_341' title='bbox 3406 1400 3636 1456; x_wconf 84' lang='lat' dir='ltr'><strong>divitia-</strong></span> 
     </span>
    </p>
   </div>
   <div class='ocr_carea' id='block_1_46' title="bbox 1983 1489 3635 1546">
    <p class='ocr_par' dir='ltr' id='par_1_46' title="bbox 1983 1489 3635 1546">
     <span class='ocr_line' id='line_1_46' title="bbox 1983 1489 3635 1546; baseline -0.001 -2"><span class='ocrx_word' id='word_1_342' title='bbox 1983 1506 2115 1546; x_wconf 90' lang='lat' dir='ltr'><strong>rum</strong></span> <span class='ocrx_word' id='word_1_343' title='bbox 2150 1506 2162 1545; x_wconf 90' lang='lat'>:</span> <span class='ocrx_word' id='word_1_344' title='bbox 2194 1489 2288 1546; x_wconf 87' lang='lat' dir='ltr'><strong>Sol</strong></span> <span class='ocrx_word' id='word_1_345' title='bbox 2337 1507 2454 1546; x_wconf 88' lang='lat' dir='ltr'><strong>non</strong></span> <span class='ocrx_word' id='word_1_346' title='bbox 2502 1496 2666 1546; x_wconf 90' lang='lat' dir='ltr'><strong>ortus</strong></span> <span class='ocrx_word' id='word_1_347' title='bbox 2730 1496 2820 1545; x_wconf 90' lang='lat' dir='ltr'><strong>est</strong></span> <span class='ocrx_word' id='word_1_348' title='bbox 2863 1490 3052 1546; x_wconf 90' lang='lat' dir='ltr'><strong>nobis.</strong></span> <span class='ocrx_word' id='word_1_349' title='bbox 3109 1512 3130 1539; x_wconf 72' lang='grc' dir='ltr'>ι</span> <span class='ocrx_word' id='word_1_350' title='bbox 3179 1489 3465 1545; x_wconf 84' lang='lat' dir='ltr'><strong>Dentibus</strong></span> <span class='ocrx_word' id='word_1_351' title='bbox 3510 1490 3635 1543; x_wconf 90' lang='lat' dir='ltr'><strong>suis</strong></span> 
     </span>
    </p>
   </div>
   <div class='ocr_carea' id='block_1_47' title="bbox 1982 1577 3634 1645">
    <p class='ocr_par' dir='ltr' id='par_1_47' title="bbox 1982 1577 3634 1645">
     <span class='ocr_line' id='line_1_47' title="bbox 1982 1577 3634 1645; baseline -0.001 -12"><span class='ocrx_word' id='word_1_352' title='bbox 1982 1578 2192 1636; x_wconf 81' lang='lat' dir='ltr'><strong>fremet</strong></span> <span class='ocrx_word' id='word_1_353' title='bbox 2223 1584 2280 1634; x_wconf 92' lang='lat' dir='ltr'><strong>et</strong></span> <span class='ocrx_word' id='word_1_354' title='bbox 2309 1579 2583 1635; x_wconf 88' lang='lat' dir='ltr'><strong>tabescet.</strong></span> <span class='ocrx_word' id='word_1_355' title='bbox 2618 1603 2646 1630; x_wconf 85' lang='grc'><strong>››</strong></span> <span class='ocrx_word' id='word_1_356' title='bbox 2686 1580 2788 1635; x_wconf 85' lang='lat' dir='ltr'><strong>Per</strong></span> <span class='ocrx_word' id='word_1_357' title='bbox 2835 1579 3145 1635; x_wconf 89' lang='lat' dir='ltr'><strong>stridorem</strong></span> <span class='ocrx_word' id='word_1_358' title='bbox 3195 1578 3482 1645; x_wconf 89' lang='lat' dir='ltr'><strong>dentium,</strong></span> <span class='ocrx_word' id='word_1_359' title='bbox 3536 1577 3634 1632; x_wconf 84' lang='lat' dir='ltr'><strong>fri-</strong></span> 
     </span>
    </p>
   </div>
   <div class='ocr_carea' id='block_1_48' title="bbox 1983 1666 3638 1740">
    <p class='ocr_par' dir='ltr' id='par_1_48' title="bbox 1983 1666 3638 1740">
     <span class='ocr_line' id='line_1_48' title="bbox 1983 1666 3638 1740; baseline -0.001 -18"><span class='ocrx_word' id='word_1_360' title='bbox 1983 1683 2093 1740; x_wconf 89' lang='lat' dir='ltr'><strong>gus</strong></span> <span class='ocrx_word' id='word_1_361' title='bbox 2140 1666 2508 1740; x_wconf 86' lang='lat' dir='ltr'><strong>intelligitur,</strong></span> <span class='ocrx_word' id='word_1_362' title='bbox 2562 1672 2627 1722; x_wconf 91' lang='lat' dir='ltr'><strong>ut</strong></span> <span class='ocrx_word' id='word_1_363' title='bbox 2671 1667 2819 1723; x_wconf 90' lang='lat' dir='ltr'><strong>illud</strong></span> <span class='ocrx_word' id='word_1_364' title='bbox 2854 1684 2867 1723; x_wconf 90' lang='lat'><strong>:</strong></span> <span class='ocrx_word' id='word_1_365' title='bbox 2901 1668 2983 1722; x_wconf 88' lang='lat' dir='ltr'><strong>Ibi</strong></span> <span class='ocrx_word' id='word_1_366' title='bbox 3011 1668 3124 1723; x_wconf 84' lang='lat' dir='ltr'><strong>erit</strong></span> <span class='ocrx_word' id='word_1_367' title='bbox 3148 1666 3308 1739; x_wconf 82' lang='lat' dir='ltr'><strong>ﬂetus</strong></span> <span class='ocrx_word' id='word_1_368' title='bbox 3345 1674 3396 1721; x_wconf 88' lang='lat' dir='ltr'><strong>et</strong></span> <span class='ocrx_word' id='word_1_369' title='bbox 3431 1666 3638 1722; x_wconf 78' lang='lat' dir='ltr'><strong>stridor</strong></span> 
     </span>
    </p>
   </div>
   <div class='ocr_carea' id='block_1_49' title="bbox 1982 1754 3638 1828">
    <p class='ocr_par' dir='ltr' id='par_1_49' title="bbox 1982 1754 3638 1828">
     <span class='ocr_line' id='line_1_49' title="bbox 1982 1754 3638 1828; baseline 0 -17"><span class='ocrx_word' id='word_1_370' title='bbox 1982 1756 2229 1813; x_wconf 82' lang='lat' dir='ltr'><strong>dentium</strong></span> <span class='ocrx_word' id='word_1_371' title='bbox 2275 1757 2481 1828; x_wconf 78' lang='lat' dir='ltr'><strong>(Matth.</strong></span> <span class='ocrx_word' id='word_1_372' title='bbox 2524 1774 2655 1824; x_wconf 88' lang='lat' dir='ltr'><strong>xxv,</strong></span> <span class='ocrx_word' id='word_1_373' title='bbox 2703 1758 2814 1826; x_wconf 89' lang='lat'><strong>30).</strong></span> <span class='ocrx_word' id='word_1_374' title='bbox 2848 1755 2996 1821; x_wconf 87' lang='lat' dir='ltr'><strong>Quia</strong></span> <span class='ocrx_word' id='word_1_375' title='bbox 3038 1760 3096 1811; x_wconf 91' lang='lat' dir='ltr'><strong>et</strong></span> <span class='ocrx_word' id='word_1_376' title='bbox 3143 1755 3327 1828; x_wconf 82' lang='lat' dir='ltr'><strong>frigus</strong></span> <span class='ocrx_word' id='word_1_377' title='bbox 3374 1759 3434 1810; x_wconf 89' lang='lat' dir='ltr'><strong>et</strong></span> <span class='ocrx_word' id='word_1_378' title='bbox 3480 1754 3638 1811; x_wconf 88' lang='lat' dir='ltr'><strong>calor</strong></span> 
     </span>
    </p>
   </div>
   <div class='ocr_carea' id='block_1_50' title="bbox 1982 1844 3635 1917">
    <p class='ocr_par' dir='ltr' id='par_1_50' title="bbox 1982 1844 3635 1917">
     <span class='ocr_line' id='line_1_50' title="bbox 1982 1844 3635 1917; baseline -0.001 -16"><span class='ocrx_word' id='word_1_379' title='bbox 1982 1845 2092 1901; x_wconf 89' lang='lat' dir='ltr'><strong>erit</strong></span> <span class='ocrx_word' id='word_1_380' title='bbox 2120 1845 2222 1911; x_wconf 85' lang='lat' dir='ltr'><strong>ibi,</strong></span> <span class='ocrx_word' id='word_1_381' title='bbox 2254 1851 2311 1901; x_wconf 88' lang='lat' dir='ltr'><strong>et</strong></span> <span class='ocrx_word' id='word_1_382' title='bbox 2340 1846 2503 1902; x_wconf 88' lang='lat' dir='ltr'><strong>nulla</strong></span> <span class='ocrx_word' id='word_1_383' title='bbox 2532 1845 2785 1917; x_wconf 89' lang='lat' dir='ltr'><strong>requies.</strong></span> <span class='ocrx_word' id='word_1_384' title='bbox 2806 1868 2827 1895; x_wconf 76' lang='grc' dir='ltr'>ι</span> <span class='ocrx_word' id='word_1_385' title='bbox 2862 1844 3229 1902; x_wconf 89' lang='lat' dir='ltr'><strong>Desiderium</strong></span> <span class='ocrx_word' id='word_1_386' title='bbox 3261 1848 3635 1916; x_wconf 86' lang='lat' dir='ltr'><strong>peccatorum</strong></span> 
     </span>
    </p>
   </div>
   <div class='ocr_carea' id='block_1_51' title="bbox 1982 1932 3635 2005">
    <p class='ocr_par' dir='ltr' id='par_1_51' title="bbox 1982 1932 3635 2005">
     <span class='ocr_line' id='line_1_51' title="bbox 1982 1932 3635 2005; baseline -0.002 -15"><span class='ocrx_word' id='word_1_387' title='bbox 1982 1932 2213 2005; x_wconf 90' lang='lat' dir='ltr'><strong>peribit,</strong></span> <span class='ocrx_word' id='word_1_388' title='bbox 2239 1955 2266 1983; x_wconf 86' lang='lat'><strong>»</strong></span> <span class='ocrx_word' id='word_1_389' title='bbox 2293 1933 2403 1989; x_wconf 92' lang='lat' dir='ltr'><strong>hoc</strong></span> <span class='ocrx_word' id='word_1_390' title='bbox 2433 1938 2541 2002; x_wconf 88' lang='lat' dir='ltr'><strong>est,</strong></span> <span class='ocrx_word' id='word_1_391' title='bbox 2575 1933 2774 1990; x_wconf 89' lang='lat' dir='ltr'><strong>omnia</strong></span> <span class='ocrx_word' id='word_1_392' title='bbox 2802 1935 2957 1991; x_wconf 86' lang='lat' dir='ltr'><strong>bona</strong></span> <span class='ocrx_word' id='word_1_393' title='bbox 2985 1950 3113 2005; x_wconf 64' lang='lat' dir='ltr'><strong>quas</strong></span> <span class='ocrx_word' id='word_1_394' title='bbox 3144 1933 3241 1989; x_wconf 91' lang='lat' dir='ltr'><strong>hic</strong></span> <span class='ocrx_word' id='word_1_395' title='bbox 3272 1933 3332 1988; x_wconf 92' lang='lat' dir='ltr'><strong>in</strong></span> <span class='ocrx_word' id='word_1_396' title='bbox 3362 1933 3635 2005; x_wconf 66' lang='lat' dir='ltr'><strong>praesenti</strong></span> 
     </span>
    </p>
   </div>
   <div class='ocr_carea' id='block_1_52' title="bbox 1983 2021 3627 2095">
    <p class='ocr_par' dir='ltr' id='par_1_52' title="bbox 1983 2021 3627 2095">
     <span class='ocr_line' id='line_1_52' title="bbox 1983 2021 3627 2095; baseline 0 -18"><span class='ocrx_word' id='word_1_397' title='bbox 1983 2022 2334 2078; x_wconf 90' lang='lat' dir='ltr'><strong>habuerunt.</strong></span> <span class='ocrx_word' id='word_1_398' title='bbox 2370 2022 2684 2095; x_wconf 87' lang='lat' dir='ltr'><strong>Diligenter</strong></span> <span class='ocrx_word' id='word_1_399' title='bbox 2710 2022 2888 2094; x_wconf 89' lang='lat' dir='ltr'><strong>igitur</strong></span> <span class='ocrx_word' id='word_1_400' title='bbox 2912 2021 3224 2079; x_wconf 86' lang='lat' dir='ltr'><strong>audiamus</strong></span> <span class='ocrx_word' id='word_1_401' title='bbox 3256 2023 3432 2078; x_wconf 87' lang='lat' dir='ltr'><strong>verba</strong></span> <span class='ocrx_word' id='word_1_402' title='bbox 3478 2021 3579 2077; x_wconf 90' lang='lat' dir='ltr'><strong>Dei</strong></span> <span class='ocrx_word' id='word_1_403' title='bbox 3613 2039 3627 2077; x_wconf 90' lang='lat'>:</span> 
     </span>
    </p>
   </div>
   <div class='ocr_carea' id='block_1_53' title="bbox 1982 2109 3370 2183">
    <p class='ocr_par' dir='ltr' id='par_1_53' title="bbox 1982 2109 3370 2183">
     <span class='ocr_line' id='line_1_53' title="bbox 1982 2109 3370 2183; baseline -0.001 -16"><span class='ocrx_word' id='word_1_404' title='bbox 1982 2111 2077 2167; x_wconf 92' lang='lat' dir='ltr'><strong>cui</strong></span> <span class='ocrx_word' id='word_1_405' title='bbox 2109 2111 2182 2168; x_wconf 81' lang='lat' dir='ltr'><strong>sit</strong></span> <span class='ocrx_word' id='word_1_406' title='bbox 2210 2111 2396 2183; x_wconf 86' lang='lat' dir='ltr'><strong>gloria</strong></span> <span class='ocrx_word' id='word_1_407' title='bbox 2423 2112 2481 2168; x_wconf 91' lang='lat' dir='ltr'><strong>in</strong></span> <span class='ocrx_word' id='word_1_408' title='bbox 2516 2111 2727 2168; x_wconf 84' lang='lat' dir='ltr'><strong>saecula</strong></span> <span class='ocrx_word' id='word_1_409' title='bbox 2756 2109 3127 2168; x_wconf 65' lang='lat' dir='ltr'><strong>saculorum.</strong></span> <span class='ocrx_word' id='word_1_410' title='bbox 3161 2117 3370 2167; x_wconf 87' lang='lat' dir='ltr'><strong>Amen.</strong></span> 
     </span>
    </p>
   </div>
   <div class='ocr_carea' id='block_1_54' title="bbox 2562 2235 3093 2293">
    <p class='ocr_par' dir='ltr' id='par_1_54' title="bbox 2562 2235 3093 2293">
     <span class='ocr_line' id='line_1_54' title="bbox 2562 2235 3093 2293; baseline 0.002 -1"><span class='ocrx_word' id='word_1_411' title='bbox 2562 2236 2888 2293; x_wconf 81' lang='lat' dir='ltr'><strong>PSALMUS</strong></span> <span class='ocrx_word' id='word_1_412' title='bbox 2927 2235 3093 2293; x_wconf 80' lang='lat' dir='ltr'><strong>CXII.</strong></span> 
     </span>
    </p>
   </div>
   <div class='ocr_carea' id='block_1_55' title="bbox 1979 2324 3632 2397">
    <p class='ocr_par' dir='ltr' id='par_1_55' title="bbox 1979 2324 3632 2397">
     <span class='ocr_line' id='line_1_55' title="bbox 1979 2324 3632 2397; baseline -0.001 -16"><span class='ocrx_word' id='word_1_413' title='bbox 1979 2324 2235 2382; x_wconf 78' lang='lat' dir='ltr'><strong>Alleluia.</strong></span> <span class='ocrx_word' id='word_1_414' title='bbox 2259 2325 2384 2397; x_wconf 85' lang='lat' dir='ltr'><strong>Iste</strong></span> <span class='ocrx_word' id='word_1_415' title='bbox 2417 2325 2682 2397; x_wconf 90' lang='lat' dir='ltr'><strong>psalmus</strong></span> <span class='ocrx_word' id='word_1_416' title='bbox 2713 2327 2881 2381; x_wconf 90' lang='lat' dir='ltr'><strong>docet</strong></span> <span class='ocrx_word' id='word_1_417' title='bbox 2911 2342 3041 2396; x_wconf 90' lang='lat' dir='ltr'><strong>nos,</strong></span> <span class='ocrx_word' id='word_1_418' title='bbox 3070 2329 3154 2392; x_wconf 89' lang='lat' dir='ltr'><strong>ut,</strong></span> <span class='ocrx_word' id='word_1_419' title='bbox 3179 2324 3448 2397; x_wconf 86' lang='lat' dir='ltr'><strong>deposita</strong></span> <span class='ocrx_word' id='word_1_420' title='bbox 3471 2328 3632 2397; x_wconf 43' lang='lat' dir='ltr'><strong>vste:-</strong></span> 
     </span>
    </p>
   </div>
   <div class='ocr_carea' id='block_1_56' title="bbox 2052 2396 3627 2479">
    <p class='ocr_par' dir='ltr' id='par_1_56' title="bbox 2052 2396 3627 2479">
     <span class='ocr_line' id='line_1_56' title="bbox 2052 2396 3627 2479; baseline 0.001 -29"><span class='ocrx_word' id='word_1_421' title='bbox 2052 2396 2099 2479; x_wconf 74' lang='lat' dir='ltr'><strong>ri</strong></span> <span class='ocrx_word' id='word_1_422' title='bbox 2134 2396 2376 2479; x_wconf 71' lang='lat' dir='ltr'><strong>malitia,</strong></span> <span class='ocrx_word' id='word_1_423' title='bbox 2398 2403 2693 2479; x_wconf 71' lang='lat' dir='ltr'><strong>tanquam</strong></span> <span class='ocrx_word' id='word_1_424' title='bbox 2724 2397 2896 2479; x_wconf 72' lang='lat' dir='ltr'><strong>modo</strong></span> <span class='ocrx_word' id='word_1_425' title='bbox 2926 2397 3109 2479; x_wconf 85' lang='lat' dir='ltr'><strong>geniti</strong></span> <span class='ocrx_word' id='word_1_426' title='bbox 3152 2396 3405 2452; x_wconf 75' lang='lat' dir='ltr'><strong>infantes</strong></span> <span class='ocrx_word' id='word_1_427' title='bbox 3436 2396 3496 2451; x_wconf 90' lang='lat' dir='ltr'><strong>in</strong></span> <span class='ocrx_word' id='word_1_428' title='bbox 3526 2396 3627 2451; x_wconf 90' lang='lat' dir='ltr'><strong>Dei</strong></span> 
     </span>
    </p>
   </div>
   <div class='ocr_carea' id='block_1_57' title="bbox 2051 2467 3056 2541">
    <p class='ocr_par' dir='ltr' id='par_1_57' title="bbox 2051 2467 3056 2541">
     <span class='ocr_line' id='line_1_57' title="bbox 2051 2467 3056 2541; baseline 0 -19"><span class='ocrx_word' id='word_1_429' title='bbox 2051 2467 2328 2524; x_wconf 88' lang='lat' dir='ltr'><strong>laudibus</strong></span> <span class='ocrx_word' id='word_1_430' title='bbox 2356 2467 2694 2541; x_wconf 81' lang='lat' dir='ltr'><strong>gloriemur.</strong></span> <span class='ocrx_word' id='word_1_431' title='bbox 2728 2469 2825 2523; x_wconf 85' lang='lat' dir='ltr'><strong>Ait</strong></span> <span class='ocrx_word' id='word_1_432' title='bbox 2852 2467 3009 2524; x_wconf 81' lang='lat' dir='ltr'><strong>enim</strong></span> <span class='ocrx_word' id='word_1_433' title='bbox 3044 2485 3056 2522; x_wconf 92' lang='lat'>:</span> 
     </span>
    </p>
   </div>
   <div class='ocr_carea' id='block_1_58' title="bbox 2054 2555 3630 2628">
    <p class='ocr_par' dir='ltr' id='par_1_58' title="bbox 2054 2555 3630 2628">
     <span class='ocr_line' id='line_1_58' title="bbox 2054 2555 3630 2628; baseline 0 -16"><span class='ocrx_word' id='word_1_434' title='bbox 2054 2578 2081 2606; x_wconf 88' lang='grc'><strong>‹‹</strong></span> <span class='ocrx_word' id='word_1_435' title='bbox 2114 2557 2391 2625; x_wconf 88' lang='lat' dir='ltr'><strong>Laudate,</strong></span> <span class='ocrx_word' id='word_1_436' title='bbox 2422 2558 2606 2628; x_wconf 86' lang='lat' dir='ltr'><strong>pueri,</strong></span> <span class='ocrx_word' id='word_1_437' title='bbox 2639 2557 2980 2625; x_wconf 90' lang='lat' dir='ltr'><strong>Dominum,</strong></span> <span class='ocrx_word' id='word_1_438' title='bbox 3012 2555 3244 2612; x_wconf 88' lang='lat' dir='ltr'><strong>laudate</strong></span> <span class='ocrx_word' id='word_1_439' title='bbox 3273 2571 3487 2612; x_wconf 89' lang='lat' dir='ltr'><strong>nomen</strong></span> <span class='ocrx_word' id='word_1_440' title='bbox 3522 2557 3630 2612; x_wconf 88' lang='lat' dir='ltr'><strong>Do-</strong></span> 
     </span>
    </p>
   </div>
   <div class='ocr_carea' id='block_1_59' title="bbox 1979 2644 3627 2718">
    <p class='ocr_par' dir='ltr' id='par_1_59' title="bbox 1979 2644 3627 2718">
     <span class='ocr_line' id='line_1_59' title="bbox 1979 2644 3627 2718; baseline -0.001 -18"><span class='ocrx_word' id='word_1_441' title='bbox 1979 2644 2144 2700; x_wconf 87' lang='lat' dir='ltr'><strong>mini.</strong></span> <span class='ocrx_word' id='word_1_442' title='bbox 2177 2666 2205 2695; x_wconf 82' lang='lat'>»</span> <span class='ocrx_word' id='word_1_443' title='bbox 2240 2644 2343 2701; x_wconf 90' lang='lat' dir='ltr'><strong>Hic</strong></span> <span class='ocrx_word' id='word_1_444' title='bbox 2372 2645 2537 2717; x_wconf 90' lang='lat' dir='ltr'><strong>pueri</strong></span> <span class='ocrx_word' id='word_1_445' title='bbox 2569 2650 2958 2718; x_wconf 89' lang='lat' dir='ltr'><strong>provocantur</strong></span> <span class='ocrx_word' id='word_1_446' title='bbox 2986 2646 3058 2700; x_wconf 86' lang='lat' dir='ltr'><strong>ad</strong></span> <span class='ocrx_word' id='word_1_447' title='bbox 3090 2644 3325 2701; x_wconf 88' lang='lat' dir='ltr'><strong>laudem</strong></span> <span class='ocrx_word' id='word_1_448' title='bbox 3359 2645 3468 2700; x_wconf 89' lang='lat' dir='ltr'><strong>:de</strong></span> <span class='ocrx_word' id='word_1_449' title='bbox 3499 2644 3627 2716; x_wconf 86' lang='lat' dir='ltr'>qui-</span> 
     </span>
    </p>
   </div>
   <div class='ocr_carea' id='block_1_60' title="bbox 1978 2733 3630 2804">
    <p class='ocr_par' dir='ltr' id='par_1_60' title="bbox 1978 2733 3630 2804">
     <span class='ocr_line' id='line_1_60' title="bbox 1978 2733 3630 2804; baseline -0.001 -15"><span class='ocrx_word' id='word_1_450' title='bbox 1978 2733 2089 2789; x_wconf 91' lang='lat' dir='ltr'><strong>bus</strong></span> <span class='ocrx_word' id='word_1_451' title='bbox 2119 2733 2177 2789; x_wconf 90' lang='lat' dir='ltr'><strong>in</strong></span> <span class='ocrx_word' id='word_1_452' title='bbox 2209 2734 2362 2790; x_wconf 88' lang='lat' dir='ltr'><strong>Isaia</strong></span> <span class='ocrx_word' id='word_1_453' title='bbox 2394 2734 2659 2790; x_wconf 86' lang='lat' dir='ltr'><strong>Salvator</strong></span> <span class='ocrx_word' id='word_1_454' title='bbox 2688 2734 2771 2791; x_wconf 91' lang='lat' dir='ltr'><strong>ait</strong></span> <span class='ocrx_word' id='word_1_455' title='bbox 2815 2749 2828 2787; x_wconf 90' lang='lat'>:</span> <span class='ocrx_word' id='word_1_456' title='bbox 2877 2736 3006 2790; x_wconf 83' lang='lat' dir='ltr'><strong>Ecce</strong></span> <span class='ocrx_word' id='word_1_457' title='bbox 3051 2750 3147 2803; x_wconf 89' lang='lat' dir='ltr'><strong>ego</strong></span> <span class='ocrx_word' id='word_1_458' title='bbox 3188 2736 3239 2789; x_wconf 83' lang='lat' dir='ltr'><strong>et</strong></span> <span class='ocrx_word' id='word_1_459' title='bbox 3278 2734 3449 2804; x_wconf 87' lang='lat' dir='ltr'><strong>pueri</strong></span> <span class='ocrx_word' id='word_1_460' title='bbox 3495 2749 3630 2803; x_wconf 86' lang='lat' dir='ltr'><strong>quos</strong></span> 
     </span>
    </p>
   </div>
   <div class='ocr_carea' id='block_1_61' title="bbox 1974 2820 3625 2894">
    <p class='ocr_par' dir='ltr' id='par_1_61' title="bbox 1974 2820 3625 2894">
     <span class='ocr_line' id='line_1_61' title="bbox 1974 2820 3625 2894; baseline -0.002 -16"><span class='ocrx_word' id='word_1_461' title='bbox 1974 2824 2116 2878; x_wconf 84' lang='lat' dir='ltr'><strong>mihi</strong></span> <span class='ocrx_word' id='word_1_462' title='bbox 2140 2823 2286 2879; x_wconf 84' lang='lat' dir='ltr'><strong>dedit</strong></span> <span class='ocrx_word' id='word_1_463' title='bbox 2306 2824 2569 2879; x_wconf 75' lang='lat' dir='ltr'><strong>Dominus</strong></span> <span class='ocrx_word' id='word_1_464' title='bbox 2601 2825 2725 2894; x_wconf 90' lang='lat' dir='ltr'><strong>(Isa.</strong></span> <span class='ocrx_word' id='word_1_465' title='bbox 2756 2839 2883 2889; x_wconf 76' lang='grc' dir='ltr'><strong>νηί,</strong></span> <span class='ocrx_word' id='word_1_466' title='bbox 2913 2821 3024 2893; x_wconf 77' lang='grc'>48).</span> <span class='ocrx_word' id='word_1_467' title='bbox 3059 2822 3137 2877; x_wconf 84' lang='lat' dir='ltr'><strong>Ex</strong></span> <span class='ocrx_word' id='word_1_468' title='bbox 3162 2838 3261 2878; x_wconf 91' lang='lat' dir='ltr'><strong>ore</strong></span> <span class='ocrx_word' id='word_1_469' title='bbox 3290 2820 3508 2894; x_wconf 87' lang='lat' dir='ltr'><strong>quippe</strong></span> <span class='ocrx_word' id='word_1_470' title='bbox 3536 2823 3625 2876; x_wconf 88' lang='lat' dir='ltr'><strong>in-</strong></span> 
     </span>
    </p>
   </div>
   <div class='ocr_carea' id='block_1_62' title="bbox 1975 2908 3623 2982">
    <p class='ocr_par' dir='ltr' id='par_1_62' title="bbox 1975 2908 3623 2982">
     <span class='ocr_line' id='line_1_62' title="bbox 1975 2908 3623 2982; baseline -0.001 -15"><span class='ocrx_word' id='word_1_471' title='bbox 1975 2912 2224 2967; x_wconf 87' lang='lat' dir='ltr'><strong>fantium</strong></span> <span class='ocrx_word' id='word_1_472' title='bbox 2257 2917 2314 2967; x_wconf 90' lang='lat' dir='ltr'><strong>et</strong></span> <span class='ocrx_word' id='word_1_473' title='bbox 2341 2910 2706 2978; x_wconf 79' lang='lat' dir='ltr'><strong>laetantium,</strong></span> <span class='ocrx_word' id='word_1_474' title='bbox 2739 2911 2869 2968; x_wconf 90' lang='lat' dir='ltr'><strong>laus</strong></span> <span class='ocrx_word' id='word_1_475' title='bbox 2898 2911 2959 2966; x_wconf 93' lang='lat' dir='ltr'><strong>in</strong></span> <span class='ocrx_word' id='word_1_476' title='bbox 2998 2911 3180 2968; x_wconf 90' lang='lat' dir='ltr'><strong>Deum</strong></span> <span class='ocrx_word' id='word_1_477' title='bbox 3229 2908 3403 2982; x_wconf 89' lang='lat' dir='ltr'><strong>plena</strong></span> <span class='ocrx_word' id='word_1_478' title='bbox 3452 2910 3623 2981; x_wconf 84' lang='lat' dir='ltr'><strong>perﬁ-</strong></span> 
     </span>
    </p>
   </div>
   <div class='ocr_carea' id='block_1_63' title="bbox 1975 3000 2588 3074">
    <p class='ocr_par' dir='ltr' id='par_1_63' title="bbox 1975 3000 2588 3074">
     <span class='ocr_line' id='line_1_63' title="bbox 1975 3000 2588 3074; baseline 0 -18"><span class='ocrx_word' id='word_1_479' title='bbox 1975 3001 2128 3057; x_wconf 89' lang='lat' dir='ltr'><strong>citur</strong></span> <span class='ocrx_word' id='word_1_480' title='bbox 2156 3003 2326 3069; x_wconf 86' lang='lat' dir='ltr'><strong>(Psal.</strong></span> <span class='ocrx_word' id='word_1_481' title='bbox 2355 3019 2479 3070; x_wconf 84' lang='lat' dir='ltr'><strong>VIII,</strong></span> <span class='ocrx_word' id='word_1_482' title='bbox 2512 3000 2588 3074; x_wconf 88' lang='lat'><strong>3).</strong></span> 
     </span>
    </p>
   </div>
   <div class='ocr_carea' id='block_1_64' title="bbox 2049 3087 3624 3147">
    <p class='ocr_par' dir='ltr' id='par_1_64' title="bbox 2049 3087 3624 3147">
     <span class='ocr_line' id='line_1_64' title="bbox 2049 3087 3624 3147; baseline -0.001 0"><span class='ocrx_word' id='word_1_483' title='bbox 2049 3113 2074 3140; x_wconf 81' lang='grc' dir='ltr'>α</span> <span class='ocrx_word' id='word_1_484' title='bbox 2125 3091 2214 3147; x_wconf 86' lang='lat' dir='ltr'><strong>Sit</strong></span> <span class='ocrx_word' id='word_1_485' title='bbox 2265 3107 2478 3147; x_wconf 89' lang='lat' dir='ltr'><strong>nomen</strong></span> <span class='ocrx_word' id='word_1_486' title='bbox 2528 3090 2761 3147; x_wconf 90' lang='lat' dir='ltr'><strong>Domini</strong></span> <span class='ocrx_word' id='word_1_487' title='bbox 2790 3088 3186 3146; x_wconf 85' lang='lat' dir='ltr'><strong>benedictum.</strong></span> <span class='ocrx_word' id='word_1_488' title='bbox 3225 3112 3246 3138; x_wconf 74' lang='grc' dir='ltr'><strong>ι</strong></span> <span class='ocrx_word' id='word_1_489' title='bbox 3282 3087 3386 3145; x_wconf 87' lang='lat' dir='ltr'><strong>Cui</strong></span> <span class='ocrx_word' id='word_1_490' title='bbox 3431 3089 3624 3145; x_wconf 89' lang='lat' dir='ltr'><strong>omnis</strong></span> 
     </span>
    </p>
   </div>
   <div class='ocr_carea' id='block_1_65' title="bbox 1973 3177 3624 3236">
    <p class='ocr_par' dir='ltr' id='par_1_65' title="bbox 1973 3177 3624 3236">
     <span class='ocr_line' id='line_1_65' title="bbox 1973 3177 3624 3236; baseline -0.001 -1"><span class='ocrx_word' id='word_1_491' title='bbox 1973 3183 2237 3236; x_wconf 87' lang='lat' dir='ltr'><strong>creatura</strong></span> <span class='ocrx_word' id='word_1_492' title='bbox 2265 3179 2581 3236; x_wconf 86' lang='lat' dir='ltr'><strong>benedicit.</strong></span> <span class='ocrx_word' id='word_1_493' title='bbox 2640 3179 2903 3236; x_wconf 85' lang='lat' dir='ltr'><strong>Forsitan</strong></span> <span class='ocrx_word' id='word_1_494' title='bbox 2944 3194 3060 3234; x_wconf 90' lang='lat' dir='ltr'><strong>non</strong></span> <span class='ocrx_word' id='word_1_495' title='bbox 3106 3177 3217 3233; x_wconf 84' lang='lat' dir='ltr'><strong>fuit</strong></span> <span class='ocrx_word' id='word_1_496' title='bbox 3246 3182 3418 3234; x_wconf 82' lang='lat' dir='ltr'><strong>antea</strong></span> <span class='ocrx_word' id='word_1_497' title='bbox 3448 3177 3624 3234; x_wconf 86' lang='lat' dir='ltr'><strong>bene-</strong></span> 
     </span>
    </p>
   </div>
   <div class='ocr_carea' id='block_1_66' title="bbox 212 3257 3626 3341">
    <p class='ocr_par' dir='ltr' id='par_1_66' title="bbox 212 3257 3626 3341">
     <span class='ocr_line' id='line_1_66' title="bbox 212 3257 3626 3341; baseline 0.002 -26"><span class='ocrx_word' id='word_1_498' title='bbox 212 3260 274 3315; x_wconf 87' lang='lat' dir='ltr'><strong>in</strong></span> <span class='ocrx_word' id='word_1_499' title='bbox 326 3266 607 3319; x_wconf 58' lang='lat' dir='ltr'><strong>aeternum</strong></span> <span class='ocrx_word' id='word_1_500' title='bbox 657 3280 772 3319; x_wconf 90' lang='lat' dir='ltr'><strong>non</strong></span> <span class='ocrx_word' id='word_1_501' title='bbox 821 3265 1301 3322; x_wconf 85' lang='lat' dir='ltr'><strong>commovebitur.</strong></span> <span class='ocrx_word' id='word_1_502' title='bbox 1334 3288 1362 3316; x_wconf 84' lang='lat'><strong>»</strong></span> <span class='ocrx_word' id='word_1_503' title='bbox 1397 3268 1511 3323; x_wconf 89' lang='lat' dir='ltr'><strong>Iste</strong></span> <span class='ocrx_word' id='word_1_504' title='bbox 1558 3266 1691 3324; x_wconf 89' lang='lat' dir='ltr'><strong>talis</strong></span> <span class='ocrx_word' id='word_1_505' title='bbox 1744 3285 1860 3323; x_wconf 90' lang='lat' dir='ltr'><strong>non</strong></span> <span class='ocrx_word' id='word_1_506' title='bbox 1893 3257 1936 3323; x_wconf 87' lang='lat' dir='ltr'>C</span> <span class='ocrx_word' id='word_1_507' title='bbox 1971 3268 2235 3324; x_wconf 87' lang='lat' dir='ltr'><strong>dictum?</strong></span> <span class='ocrx_word' id='word_1_508' title='bbox 2276 3268 2409 3324; x_wconf 86' lang='lat' dir='ltr'><strong>Fuit</strong></span> <span class='ocrx_word' id='word_1_509' title='bbox 2465 3284 2715 3341; x_wconf 89' lang='lat' dir='ltr'><strong>semper,</strong></span> <span class='ocrx_word' id='word_1_510' title='bbox 2757 3268 2857 3324; x_wconf 87' lang='lat' dir='ltr'><strong>sed</strong></span> <span class='ocrx_word' id='word_1_511' title='bbox 2915 3271 3113 3324; x_wconf 88' lang='lat' dir='ltr'><strong>tamen</strong></span> <span class='ocrx_word' id='word_1_512' title='bbox 3171 3271 3341 3323; x_wconf 90' lang='lat' dir='ltr'><strong>antea</strong></span> <span class='ocrx_word' id='word_1_513' title='bbox 3396 3267 3457 3322; x_wconf 92' lang='lat' dir='ltr'><strong>in</strong></span> <span class='ocrx_word' id='word_1_514' title='bbox 3506 3274 3626 3323; x_wconf 82' lang='lat' dir='ltr'><strong>una</strong></span> 
     </span>
    </p>
   </div>
   <div class='ocr_carea' id='block_1_67' title="bbox 212 3352 1797 3427">
    <p class='ocr_par' dir='ltr' id='par_1_67' title="bbox 212 3352 1797 3427">
     <span class='ocr_line' id='line_1_67' title="bbox 212 3352 1797 3427; baseline 0.003 -21"><span class='ocrx_word' id='word_1_515' title='bbox 212 3352 675 3408; x_wconf 87' lang='lat' dir='ltr'><strong>commovebitur</strong></span> <span class='ocrx_word' id='word_1_516' title='bbox 702 3371 715 3409; x_wconf 88' lang='lat'><strong>:</strong></span> <span class='ocrx_word' id='word_1_517' title='bbox 750 3354 891 3426; x_wconf 90' lang='lat' dir='ltr'><strong>quia</strong></span> <span class='ocrx_word' id='word_1_518' title='bbox 920 3371 1095 3427; x_wconf 89' lang='lat' dir='ltr'><strong>supra</strong></span> <span class='ocrx_word' id='word_1_519' title='bbox 1129 3359 1353 3427; x_wconf 88' lang='lat' dir='ltr'><strong>petram</strong></span> <span class='ocrx_word' id='word_1_520' title='bbox 1381 3357 1658 3412; x_wconf 83' lang='lat' dir='ltr'><strong>fundatus</strong></span> <span class='ocrx_word' id='word_1_521' title='bbox 1689 3361 1797 3413; x_wconf 87' lang='lat' dir='ltr'><strong>est.</strong></span> 
     </span>
    </p>
   </div>
   <div class='ocr_carea' id='block_1_68' title="bbox 284 3439 1862 3515">
    <p class='ocr_par' dir='ltr' id='par_1_68' title="bbox 284 3439 1862 3515">
     <span class='ocr_line' id='line_1_68' title="bbox 284 3439 1862 3515; baseline 0.004 -20"><span class='ocrx_word' id='word_1_522' title='bbox 284 3446 313 3489; x_wconf 62' lang='grc' dir='ltr'><strong>ά</strong></span> <span class='ocrx_word' id='word_1_523' title='bbox 347 3439 411 3496; x_wconf 87' lang='lat' dir='ltr'><strong>In</strong></span> <span class='ocrx_word' id='word_1_524' title='bbox 444 3441 728 3498; x_wconf 89' lang='lat' dir='ltr'><strong>memoria</strong></span> <span class='ocrx_word' id='word_1_525' title='bbox 773 3447 989 3499; x_wconf 64' lang='lat' dir='ltr'><strong>acterna</strong></span> <span class='ocrx_word' id='word_1_526' title='bbox 1035 3444 1145 3500; x_wconf 89' lang='lat' dir='ltr'><strong>erit</strong></span> <span class='ocrx_word' id='word_1_527' title='bbox 1190 3445 1406 3515; x_wconf 81' lang='lat' dir='ltr'><strong>iustus.</strong></span> <span class='ocrx_word' id='word_1_528' title='bbox 1444 3468 1472 3495; x_wconf 84' lang='grc'><strong>››</strong></span> <span class='ocrx_word' id='word_1_529' title='bbox 1516 3445 1614 3502; x_wconf 89' lang='lat' dir='ltr'><strong>Ille</strong></span> <span class='ocrx_word' id='word_1_530' title='bbox 1654 3446 1862 3515; x_wconf 88' lang='lat' dir='ltr'><strong>justus</strong></span> 
     </span>
    </p>
   </div>
   <div class='ocr_carea' id='block_1_69' title="bbox 213 3530 1862 3602">
    <p class='ocr_par' dir='ltr' id='par_1_69' title="bbox 213 3530 1862 3602">
     <span class='ocr_line' id='line_1_69' title="bbox 213 3530 1862 3602; baseline 0.004 -17"><span class='ocrx_word' id='word_1_531' title='bbox 213 3545 447 3602; x_wconf 89' lang='lat' dir='ltr'><strong>semper</strong></span> <span class='ocrx_word' id='word_1_532' title='bbox 474 3530 533 3586; x_wconf 91' lang='lat' dir='ltr'><strong>in</strong></span> <span class='ocrx_word' id='word_1_533' title='bbox 567 3531 850 3588; x_wconf 88' lang='lat' dir='ltr'><strong>memoria</strong></span> <span class='ocrx_word' id='word_1_534' title='bbox 883 3533 976 3589; x_wconf 90' lang='lat' dir='ltr'><strong>Dei</strong></span> <span class='ocrx_word' id='word_1_535' title='bbox 1009 3538 1118 3589; x_wconf 89' lang='lat' dir='ltr'><strong>est.</strong></span> <span class='ocrx_word' id='word_1_536' title='bbox 1154 3555 1181 3583; x_wconf 87' lang='grc'><strong>‹‹</strong></span> <span class='ocrx_word' id='word_1_537' title='bbox 1215 3536 1301 3590; x_wconf 87' lang='lat' dir='ltr'><strong>Ab</strong></span> <span class='ocrx_word' id='word_1_538' title='bbox 1333 3534 1538 3591; x_wconf 89' lang='lat' dir='ltr'><strong>auditu</strong></span> <span class='ocrx_word' id='word_1_539' title='bbox 1568 3535 1724 3592; x_wconf 88' lang='lat' dir='ltr'><strong>male</strong></span> <span class='ocrx_word' id='word_1_540' title='bbox 1745 3553 1862 3592; x_wconf 93' lang='lat' dir='ltr'><strong>non</strong></span> 
     </span>
    </p>
   </div>
   <div class='ocr_carea' id='block_1_70' title="bbox 210 3618 1859 3695">
    <p class='ocr_par' dir='ltr' id='par_1_70' title="bbox 210 3618 1859 3695">
     <span class='ocr_line' id='line_1_70' title="bbox 210 3618 1859 3695; baseline 0.004 -21"><span class='ocrx_word' id='word_1_541' title='bbox 210 3618 460 3675; x_wconf 85' lang='lat' dir='ltr'><strong>timebit.</strong></span> <span class='ocrx_word' id='word_1_542' title='bbox 493 3642 521 3671; x_wconf 86' lang='grc'><strong>››</strong></span> <span class='ocrx_word' id='word_1_543' title='bbox 556 3620 641 3676; x_wconf 87' lang='lat' dir='ltr'><strong>Ab</strong></span> <span class='ocrx_word' id='word_1_544' title='bbox 692 3621 816 3693; x_wconf 92' lang='lat' dir='ltr'><strong>illo,</strong></span> <span class='ocrx_word' id='word_1_545' title='bbox 865 3622 1165 3694; x_wconf 89' lang='lat' dir='ltr'><strong>discedite,</strong></span> <span class='ocrx_word' id='word_1_546' title='bbox 1228 3641 1260 3679; x_wconf 93' lang='grc' dir='ltr'>ο</span> <span class='ocrx_word' id='word_1_547' title='bbox 1317 3625 1608 3681; x_wconf 85' lang='lat' dir='ltr'><strong>maledicti</strong></span> <span class='ocrx_word' id='word_1_548' title='bbox 1653 3625 1859 3695; x_wconf 78' lang='lat' dir='ltr'><strong>(Matth.</strong></span> 
     </span>
    </p>
   </div>
   <div class='ocr_carea' id='block_1_71' title="bbox 206 3709 493 3779">
    <p class='ocr_par' dir='ltr' id='par_1_71' title="bbox 206 3709 493 3779">
     <span class='ocr_line' id='line_1_71' title="bbox 206 3709 493 3779; baseline 0 -16"><span class='ocrx_word' id='word_1_549' title='bbox 206 3724 337 3776; x_wconf 81' lang='lat' dir='ltr'><strong>xxv,</strong></span> <span class='ocrx_word' id='word_1_550' title='bbox 371 3710 462 3779; x_wconf 83' lang='grc'>41)</span> <span class='ocrx_word' id='word_1_551' title='bbox 481 3709 493 3763; x_wconf 88' lang='lat'><strong>!</strong></span> 
     </span>
    </p>
   </div>
   <div class='ocr_carea' id='block_1_72' title="bbox 280 3796 1861 3872">
    <p class='ocr_par' dir='ltr' id='par_1_72' title="bbox 280 3796 1861 3872">
     <span class='ocr_line' id='line_1_72' title="bbox 280 3796 1861 3872; baseline 0.006 -23"><span class='ocrx_word' id='word_1_552' title='bbox 280 3818 309 3846; x_wconf 86' lang='lat'>«</span> <span class='ocrx_word' id='word_1_553' title='bbox 340 3796 620 3852; x_wconf 84' lang='lat' dir='ltr'><strong>Paratum</strong></span> <span class='ocrx_word' id='word_1_554' title='bbox 669 3814 768 3854; x_wconf 91' lang='lat' dir='ltr'><strong>cor</strong></span> <span class='ocrx_word' id='word_1_555' title='bbox 814 3800 941 3870; x_wconf 82' lang='lat' dir='ltr'><strong>eius</strong></span> <span class='ocrx_word' id='word_1_556' title='bbox 987 3818 1220 3872; x_wconf 90' lang='lat' dir='ltr'><strong>sperare</strong></span> <span class='ocrx_word' id='word_1_557' title='bbox 1269 3802 1328 3856; x_wconf 91' lang='lat' dir='ltr'><strong>in</strong></span> <span class='ocrx_word' id='word_1_558' title='bbox 1376 3802 1646 3858; x_wconf 90' lang='lat' dir='ltr'><strong>Domino.</strong></span> <span class='ocrx_word' id='word_1_559' title='bbox 1683 3826 1710 3852; x_wconf 89' lang='grc'><strong>››</strong></span> <span class='ocrx_word' id='word_1_560' title='bbox 1742 3808 1861 3859; x_wconf 84' lang='lat' dir='ltr'><strong>Hoc</strong></span> 
     </span>
    </p>
   </div>
   <div class='ocr_carea' id='block_1_73' title="bbox 205 3888 1860 3960">
    <p class='ocr_par' dir='ltr' id='par_1_73' title="bbox 205 3888 1860 3960">
     <span class='ocr_line' id='line_1_73' title="bbox 205 3888 1860 3960; baseline 0.004 -21"><span class='ocrx_word' id='word_1_561' title='bbox 205 3888 318 3951; x_wconf 90' lang='lat' dir='ltr'><strong>est,</strong></span> <span class='ocrx_word' id='word_1_562' title='bbox 351 3901 459 3940; x_wconf 92' lang='lat' dir='ltr'><strong>sua</strong></span> <span class='ocrx_word' id='word_1_563' title='bbox 489 3900 624 3956; x_wconf 90' lang='lat' dir='ltr'><strong>spes</strong></span> <span class='ocrx_word' id='word_1_564' title='bbox 655 3902 888 3958; x_wconf 88' lang='lat' dir='ltr'><strong>semper</strong></span> <span class='ocrx_word' id='word_1_565' title='bbox 916 3888 973 3941; x_wconf 91' lang='lat' dir='ltr'><strong>in</strong></span> <span class='ocrx_word' id='word_1_566' title='bbox 1007 3888 1124 3944; x_wconf 90' lang='lat' dir='ltr'><strong>Deo</strong></span> <span class='ocrx_word' id='word_1_567' title='bbox 1172 3894 1381 3960; x_wconf 89' lang='lat' dir='ltr'><strong>parata</strong></span> <span class='ocrx_word' id='word_1_568' title='bbox 1424 3894 1533 3947; x_wconf 91' lang='lat' dir='ltr'><strong>est.</strong></span> <span class='ocrx_word' id='word_1_569' title='bbox 1573 3914 1594 3941; x_wconf 74' lang='grc' dir='ltr'>ι</span> <span class='ocrx_word' id='word_1_570' title='bbox 1638 3893 1860 3946; x_wconf 82' lang='lat' dir='ltr'><strong>Conﬁr-</strong></span> 
     </span>
    </p>
   </div>
   <div class='ocr_carea' id='block_1_74' title="bbox 207 3976 1858 4047">
    <p class='ocr_par' dir='ltr' id='par_1_74' title="bbox 207 3976 1858 4047">
     <span class='ocr_line' id='line_1_74' title="bbox 207 3976 1858 4047; baseline 0.006 -20"><span class='ocrx_word' id='word_1_571' title='bbox 207 3977 433 4029; x_wconf 86' lang='lat' dir='ltr'><strong>matum</strong></span> <span class='ocrx_word' id='word_1_572' title='bbox 464 3978 552 4029; x_wconf 88' lang='lat' dir='ltr'><strong>est</strong></span> <span class='ocrx_word' id='word_1_573' title='bbox 580 3990 680 4029; x_wconf 92' lang='lat' dir='ltr'><strong>cor</strong></span> <span class='ocrx_word' id='word_1_574' title='bbox 709 3977 858 4047; x_wconf 87' lang='lat' dir='ltr'><strong>ejus.</strong></span> <span class='ocrx_word' id='word_1_575' title='bbox 894 3999 922 4025; x_wconf 84' lang='lat'>»</span> <span class='ocrx_word' id='word_1_576' title='bbox 951 3976 1162 4032; x_wconf 89' lang='lat' dir='ltr'><strong>Anima</strong></span> <span class='ocrx_word' id='word_1_577' title='bbox 1191 3976 1352 4034; x_wconf 90' lang='lat' dir='ltr'><strong>illius</strong></span> <span class='ocrx_word' id='word_1_578' title='bbox 1402 3978 1460 4033; x_wconf 93' lang='lat' dir='ltr'><strong>in</strong></span> <span class='ocrx_word' id='word_1_579' title='bbox 1484 3980 1616 4035; x_wconf 85' lang='lat' dir='ltr'><strong>ﬁde.</strong></span> <span class='ocrx_word' id='word_1_580' title='bbox 1654 4003 1681 4029; x_wconf 89' lang='grc'><strong>‹‹</strong></span> <span class='ocrx_word' id='word_1_581' title='bbox 1733 3981 1858 4036; x_wconf 92' lang='lat' dir='ltr'><strong>Non</strong></span> 
     </span>
    </p>
   </div>
   <div class='ocr_carea' id='block_1_75' title="bbox 207 4062 1855 4139">
    <p class='ocr_par' dir='ltr' id='par_1_75' title="bbox 207 4062 1855 4139">
     <span class='ocr_line' id='line_1_75' title="bbox 207 4062 1855 4139; baseline 0.005 -22"><span class='ocrx_word' id='word_1_582' title='bbox 207 4062 691 4119; x_wconf 85' lang='lat' dir='ltr'><strong>commovebitur.</strong></span> <span class='ocrx_word' id='word_1_583' title='bbox 738 4086 766 4115; x_wconf 80' lang='lat'>»</span> <span class='ocrx_word' id='word_1_584' title='bbox 817 4065 899 4122; x_wconf 91' lang='lat' dir='ltr'><strong>De</strong></span> <span class='ocrx_word' id='word_1_585' title='bbox 944 4065 1072 4139; x_wconf 88' lang='lat' dir='ltr'><strong>ipsa</strong></span> <span class='ocrx_word' id='word_1_586' title='bbox 1121 4066 1234 4123; x_wconf 81' lang='lat' dir='ltr'><strong>ﬁde</strong></span> <span class='ocrx_word' id='word_1_587' title='bbox 1280 4068 1351 4123; x_wconf 89' lang='lat' dir='ltr'><strong>ad</strong></span> <span class='ocrx_word' id='word_1_588' title='bbox 1400 4067 1855 4126; x_wconf 83' lang='lat' dir='ltr'><strong>inﬁdelitatem:</strong></span> 
     </span>
    </p>
   </div>
   <div class='ocr_carea' id='block_1_76' title="bbox 205 4150 1860 4232">
    <p class='ocr_par' dir='ltr' id='par_1_76' title="bbox 205 4150 1860 4232">
     <span class='ocr_line' id='line_1_76' title="bbox 205 4150 1860 4232; baseline 0.007 -28"><span class='ocrx_word' id='word_1_589' title='bbox 205 4150 345 4222; x_wconf 90' lang='lat' dir='ltr'><strong>quia</strong></span> <span class='ocrx_word' id='word_1_590' title='bbox 394 4168 577 4224; x_wconf 91' lang='lat' dir='ltr'><strong>super</strong></span> <span class='ocrx_word' id='word_1_591' title='bbox 629 4158 855 4226; x_wconf 89' lang='lat' dir='ltr'><strong>petram</strong></span> <span class='ocrx_word' id='word_1_592' title='bbox 915 4154 1352 4223; x_wconf 82' lang='lat' dir='ltr'><strong>fundatns&#39;est,</strong></span> <span class='ocrx_word' id='word_1_593' title='bbox 1406 4157 1465 4213; x_wconf 91' lang='lat' dir='ltr'><strong>id</strong></span> <span class='ocrx_word' id='word_1_594' title='bbox 1523 4162 1630 4224; x_wconf 89' lang='lat' dir='ltr'><strong>est,</strong></span> <span class='ocrx_word' id='word_1_595' title='bbox 1683 4175 1860 4232; x_wconf 86' lang='lat' dir='ltr'><strong>super</strong></span> 
     </span>
    </p>
   </div>
   <div class='ocr_carea' id='block_1_77' title="bbox 204 4238 1853 4316">
    <p class='ocr_par' dir='ltr' id='par_1_77' title="bbox 204 4238 1853 4316">
     <span class='ocr_line' id='line_1_77' title="bbox 204 4238 1853 4316; baseline 0.005 -21"><span class='ocrx_word' id='word_1_596' title='bbox 204 4238 559 4297; x_wconf 53' lang='lat' dir='ltr'><strong>Christuma</strong></span> <span class='ocrx_word' id='word_1_597' title='bbox 595 4242 787 4299; x_wconf 84' lang='lat' dir='ltr'><strong>Donec</strong></span> <span class='ocrx_word' id='word_1_598' title='bbox 816 4243 1102 4316; x_wconf 89' lang='lat' dir='ltr'><strong>despiciat</strong></span> <span class='ocrx_word' id='word_1_599' title='bbox 1128 4245 1400 4303; x_wconf 90' lang='lat' dir='ltr'><strong>inimicos</strong></span> <span class='ocrx_word' id='word_1_600' title='bbox 1429 4263 1623 4303; x_wconf 68' lang='lat' dir='ltr'><strong>suos.»</strong></span> <span class='ocrx_word' id='word_1_601' title='bbox 1654 4248 1712 4303; x_wconf 90' lang='lat' dir='ltr'><strong>Id</strong></span> <span class='ocrx_word' id='word_1_602' title='bbox 1745 4252 1853 4316; x_wconf 89' lang='lat' dir='ltr'><strong>est,</strong></span> 
     </span>
    </p>
   </div>
   <div class='ocr_carea' id='block_1_78' title="bbox 201 4329 1857 4408">
    <p class='ocr_par' dir='ltr' id='par_1_78' title="bbox 201 4329 1857 4408">
     <span class='ocr_line' id='line_1_78' title="bbox 201 4329 1857 4408; baseline 0.007 -26"><span class='ocrx_word' id='word_1_603' title='bbox 201 4329 345 4384; x_wconf 89' lang='lat' dir='ltr'><strong>vitia</strong></span> <span class='ocrx_word' id='word_1_604' title='bbox 373 4333 431 4384; x_wconf 88' lang='lat' dir='ltr'><strong>et</strong></span> <span class='ocrx_word' id='word_1_605' title='bbox 459 4334 713 4400; x_wconf 88' lang='lat' dir='ltr'><strong>peccata,</strong></span> <span class='ocrx_word' id='word_1_606' title='bbox 749 4348 953 4389; x_wconf 91' lang='lat' dir='ltr'><strong>omnes</strong></span> <span class='ocrx_word' id='word_1_607' title='bbox 983 4334 1348 4405; x_wconf 72' lang='lat' dir='ltr'><strong>haereses,vel</strong></span> <span class='ocrx_word' id='word_1_608' title='bbox 1379 4339 1727 4408; x_wconf 89' lang='lat' dir='ltr'><strong>potestatem</strong></span> <span class='ocrx_word' id='word_1_609' title='bbox 1752 4338 1857 4393; x_wconf 80' lang='lat' dir='ltr'><strong>ini.</strong></span> 
     </span>
    </p>
   </div>
   <div class='ocr_carea' id='block_1_79' title="bbox 205 4415 791 4490">
    <p class='ocr_par' dir='ltr' id='par_1_79' title="bbox 205 4415 791 4490">
     <span class='ocr_line' id='line_1_79' title="bbox 205 4415 791 4490; baseline 0.002 -19"><span class='ocrx_word' id='word_1_610' title='bbox 205 4415 494 4473; x_wconf 90' lang='lat' dir='ltr'><strong>micorum</strong></span> <span class='ocrx_word' id='word_1_611' title='bbox 524 4416 791 4490; x_wconf 89' lang='lat' dir='ltr'><strong>despicit.</strong></span> 
     </span>
    </p>
   </div>
   <div class='ocr_carea' id='block_1_80' title="bbox 281 4505 1856 4585">
    <p class='ocr_par' dir='ltr' id='par_1_80' title="bbox 281 4505 1856 4585">
     <span class='ocr_line' id='line_1_80' title="bbox 281 4505 1856 4585; baseline 0.01 -29"><span class='ocrx_word' id='word_1_612' title='bbox 281 4529 309 4556; x_wconf 84' lang='lat'><strong>«</strong></span> <span class='ocrx_word' id='word_1_613' title='bbox 344 4505 820 4579; x_wconf 89' lang='lat' dir='ltr'><strong>Dispersit,dedit</strong></span> <span class='ocrx_word' id='word_1_614' title='bbox 849 4510 1476 4583; x_wconf 87' lang='lat' dir='ltr'><strong>pauperibus,justitia</strong></span> <span class='ocrx_word' id='word_1_615' title='bbox 1495 4515 1625 4585; x_wconf 88' lang='lat' dir='ltr'><strong>ejus</strong></span> <span class='ocrx_word' id='word_1_616' title='bbox 1656 4521 1856 4572; x_wconf 90' lang='lat' dir='ltr'><strong>manet</strong></span> 
     </span>
    </p>
   </div>
   <div class='ocr_carea' id='block_1_81' title="bbox 206 4594 1932 4689">
    <p class='ocr_par' dir='ltr' id='par_1_81' title="bbox 206 4594 1932 4689">
     <span class='ocr_line' id='line_1_81' title="bbox 206 4594 1932 4689; baseline 0.006 -38"><span class='ocrx_word' id='word_1_617' title='bbox 206 4596 265 4651; x_wconf 92' lang='lat' dir='ltr'><strong>in</strong></span> <span class='ocrx_word' id='word_1_618' title='bbox 315 4594 616 4689; x_wconf 59' lang='lat' dir='ltr'><strong>saeculum</strong></span> <span class='ocrx_word' id='word_1_619' title='bbox 645 4594 863 4689; x_wconf 63' lang='lat' dir='ltr'><strong>saeculi.</strong></span> <span class='ocrx_word' id='word_1_620' title='bbox 896 4618 925 4649; x_wconf 84' lang='lat'>»</span> <span class='ocrx_word' id='word_1_621' title='bbox 960 4600 1259 4689; x_wconf 63' lang='lat' dir='ltr'><strong>Dispersit,</strong></span> <span class='ocrx_word' id='word_1_622' title='bbox 1308 4600 1416 4657; x_wconf 91' lang='lat' dir='ltr'><strong>hoc</strong></span> <span class='ocrx_word' id='word_1_623' title='bbox 1458 4605 1573 4689; x_wconf 88' lang='lat' dir='ltr'><strong>est,</strong></span> <span class='ocrx_word' id='word_1_624' title='bbox 1603 4594 1857 4674; x_wconf 85' lang='lat' dir='ltr'><strong>partitus</strong></span> <span class='ocrx_word' id='word_1_625' title='bbox 1886 4623 1932 4689; x_wconf 72' lang='grc' dir='ltr'>ι)</span> 
     </span>
    </p>
   </div>
   <div class='ocr_carea' id='block_1_82' title="bbox 205 4684 1854 4761">
    <p class='ocr_par' dir='ltr' id='par_1_82' title="bbox 205 4684 1854 4761">
     <span class='ocr_line' id='line_1_82' title="bbox 205 4684 1854 4761; baseline 0.006 -20"><span class='ocrx_word' id='word_1_626' title='bbox 205 4690 314 4742; x_wconf 88' lang='lat' dir='ltr'><strong>est.</strong></span> <span class='ocrx_word' id='word_1_627' title='bbox 345 4684 470 4741; x_wconf 90' lang='lat' dir='ltr'><strong>Non</strong></span> <span class='ocrx_word' id='word_1_628' title='bbox 502 4684 649 4741; x_wconf 86' lang='lat' dir='ltr'><strong>dixit</strong></span> <span class='ocrx_word' id='word_1_629' title='bbox 678 4703 692 4740; x_wconf 89' lang='lat'><strong>:</strong></span> <span class='ocrx_word' id='word_1_630' title='bbox 726 4687 937 4742; x_wconf 90' lang='lat' dir='ltr'><strong>Totum</strong></span> <span class='ocrx_word' id='word_1_631' title='bbox 983 4687 1058 4743; x_wconf 92' lang='lat' dir='ltr'><strong>da</strong></span> <span class='ocrx_word' id='word_1_632' title='bbox 1096 4687 1198 4744; x_wconf 89' lang='lat' dir='ltr'><strong>uni</strong></span> <span class='ocrx_word' id='word_1_633' title='bbox 1246 4688 1493 4761; x_wconf 87' lang='lat' dir='ltr'><strong>homini,</strong></span> <span class='ocrx_word' id='word_1_634' title='bbox 1525 4692 1627 4747; x_wconf 88' lang='lat' dir='ltr'><strong>sed</strong></span> <span class='ocrx_word' id='word_1_635' title='bbox 1669 4691 1809 4747; x_wconf 91' lang='lat' dir='ltr'><strong>dicit</strong></span> <span class='ocrx_word' id='word_1_636' title='bbox 1838 4710 1854 4751; x_wconf 87' lang='lat'><strong>:</strong></span> 
     </span>
    </p>
   </div>
   <div class='ocr_carea' id='block_1_83' title="bbox 211 4774 1857 4852">
    <p class='ocr_par' dir='ltr' id='par_1_83' title="bbox 211 4774 1857 4852">
     <span class='ocr_line' id='line_1_83' title="bbox 211 4774 1857 4852; baseline 0.002 -20"><span class='ocrx_word' id='word_1_637' title='bbox 211 4774 350 4832; x_wconf 83' lang='lat' dir='ltr'><strong>Vade</strong></span> <span class='ocrx_word' id='word_1_638' title='bbox 397 4783 448 4830; x_wconf 88' lang='lat' dir='ltr'><strong>et</strong></span> <span class='ocrx_word' id='word_1_639' title='bbox 491 4775 662 4831; x_wconf 80' lang='lat' dir='ltr'><strong>vende</strong></span> <span class='ocrx_word' id='word_1_640' title='bbox 707 4778 903 4832; x_wconf 81' lang='lat' dir='ltr'><strong>omnia</strong></span> <span class='ocrx_word' id='word_1_641' title='bbox 946 4794 1065 4849; x_wconf 69' lang='lat' dir='ltr'><strong>qua:</strong></span> <span class='ocrx_word' id='word_1_642' title='bbox 1114 4777 1300 4846; x_wconf 82' lang='lat' dir='ltr'><strong>habes,</strong></span> <span class='ocrx_word' id='word_1_643' title='bbox 1331 4782 1383 4834; x_wconf 83' lang='lat' dir='ltr'><strong>et</strong></span> <span class='ocrx_word' id='word_1_644' title='bbox 1410 4779 1481 4835; x_wconf 84' lang='lat' dir='ltr'><strong>da</strong></span> <span class='ocrx_word' id='word_1_645' title='bbox 1519 4783 1857 4852; x_wconf 75' lang='lat' dir='ltr'><strong>pauperibus</strong></span> 
     </span>
    </p>
   </div>
   <div class='ocr_carea' id='block_1_84' title="bbox 204 4864 1854 4941">
    <p class='ocr_par' dir='ltr' id='par_1_84' title="bbox 204 4864 1854 4941">
     <span class='ocr_line' id='line_1_84' title="bbox 204 4864 1854 4941; baseline 0.003 -20"><span class='ocrx_word' id='word_1_646' title='bbox 204 4864 403 4936; x_wconf 83' lang='lat' dir='ltr'><strong>(Marc.</strong></span> <span class='ocrx_word' id='word_1_647' title='bbox 436 4882 493 4935; x_wconf 86' lang='lat' dir='ltr'><strong>x,</strong></span> <span class='ocrx_word' id='word_1_648' title='bbox 525 4866 617 4936; x_wconf 81' lang='grc'><strong>21,</strong></span> <span class='ocrx_word' id='word_1_649' title='bbox 648 4872 701 4921; x_wconf 89' lang='lat' dir='ltr'><strong>et</strong></span> <span class='ocrx_word' id='word_1_650' title='bbox 731 4865 856 4921; x_wconf 87' lang='lat' dir='ltr'><strong>Luc.</strong></span> <span class='ocrx_word' id='word_1_651' title='bbox 906 4882 1068 4937; x_wconf 83' lang='lat' dir='ltr'><strong>xvm,</strong></span> <span class='ocrx_word' id='word_1_652' title='bbox 1122 4867 1229 4935; x_wconf 90' lang='grc'><strong>18).</strong></span> <span class='ocrx_word' id='word_1_653' title='bbox 1286 4867 1434 4934; x_wconf 89' lang='lat' dir='ltr'><strong>Quia</strong></span> <span class='ocrx_word' id='word_1_654' title='bbox 1490 4886 1592 4941; x_wconf 88' lang='lat' dir='ltr'><strong>per</strong></span> <span class='ocrx_word' id='word_1_655' title='bbox 1640 4869 1854 4926; x_wconf 90' lang='lat' dir='ltr'><strong>multos</strong></span> 
     </span>
    </p>
   </div>
   <div class='ocr_carea' id='block_1_85' title="bbox 203 4952 1854 5029">
    <p class='ocr_par' dir='ltr' id='par_1_85' title="bbox 203 4952 1854 5029">
     <span class='ocr_line' id='line_1_85' title="bbox 203 4952 1854 5029; baseline 0.004 -20"><span class='ocrx_word' id='word_1_656' title='bbox 203 4952 305 5009; x_wconf 86' lang='lat' dir='ltr'><strong>illa</strong></span> <span class='ocrx_word' id='word_1_657' title='bbox 327 4953 580 5026; x_wconf 91' lang='lat' dir='ltr'><strong>partitus</strong></span> <span class='ocrx_word' id='word_1_658' title='bbox 610 4957 720 5021; x_wconf 90' lang='lat' dir='ltr'><strong>est,</strong></span> <span class='ocrx_word' id='word_1_659' title='bbox 752 4953 840 5011; x_wconf 91' lang='lat' dir='ltr'><strong>vel</strong></span> <span class='ocrx_word' id='word_1_660' title='bbox 869 4955 1143 5028; x_wconf 87' lang='lat' dir='ltr'><strong>dispersit</strong></span> <span class='ocrx_word' id='word_1_661' title='bbox 1171 4973 1184 5011; x_wconf 91' lang='lat'><strong>:</strong></span> <span class='ocrx_word' id='word_1_662' title='bbox 1217 4956 1355 5029; x_wconf 91' lang='lat' dir='ltr'><strong>quia</strong></span> <span class='ocrx_word' id='word_1_663' title='bbox 1382 4956 1516 5028; x_wconf 88' lang='lat' dir='ltr'><strong>plus</strong></span> <span class='ocrx_word' id='word_1_664' title='bbox 1553 4962 1643 5015; x_wconf 89' lang='lat' dir='ltr'><strong>est</strong></span> <span class='ocrx_word' id='word_1_665' title='bbox 1671 4959 1854 5015; x_wconf 89' lang='lat' dir='ltr'><strong>oratio</strong></span> 
     </span>
    </p>
   </div>
   <div class='ocr_carea' id='block_1_86' title="bbox 205 5042 1853 5120">
    <p class='ocr_par' dir='ltr' id='par_1_86' title="bbox 205 5042 1853 5120">
     <span class='ocr_line' id='line_1_86' title="bbox 205 5042 1853 5120; baseline 0.004 -23"><span class='ocrx_word' id='word_1_666' title='bbox 205 5042 527 5100; x_wconf 87' lang='lat' dir='ltr'><strong>multorum</strong></span> <span class='ocrx_word' id='word_1_667' title='bbox 576 5061 755 5115; x_wconf 87' lang='lat' dir='ltr'><strong>quam</strong></span> <span class='ocrx_word' id='word_1_668' title='bbox 807 5044 984 5103; x_wconf 88' lang='lat' dir='ltr'><strong>unius</strong></span> <span class='ocrx_word' id='word_1_669' title='bbox 1029 5045 1306 5102; x_wconf 90' lang='lat' dir='ltr'><strong>hominis.</strong></span> <span class='ocrx_word' id='word_1_670' title='bbox 1358 5069 1385 5095; x_wconf 89' lang='grc'><strong>‹‹</strong></span> <span class='ocrx_word' id='word_1_671' title='bbox 1433 5047 1672 5104; x_wconf 86' lang='lat' dir='ltr'><strong>Justilia</strong></span> <span class='ocrx_word' id='word_1_672' title='bbox 1726 5050 1853 5120; x_wconf 88' lang='lat' dir='ltr'><strong>ejus</strong></span> 
     </span>
    </p>
   </div>
   <div class='ocr_carea' id='block_1_87' title="bbox 205 5132 1851 5209">
    <p class='ocr_par' dir='ltr' id='par_1_87' title="bbox 205 5132 1851 5209">
     <span class='ocr_line' id='line_1_87' title="bbox 205 5132 1851 5209; baseline 0.002 -20"><span class='ocrx_word' id='word_1_673' title='bbox 205 5136 403 5189; x_wconf 85' lang='lat' dir='ltr'><strong>manet</strong></span> <span class='ocrx_word' id='word_1_674' title='bbox 432 5133 490 5188; x_wconf 88' lang='lat' dir='ltr'><strong>in</strong></span> <span class='ocrx_word' id='word_1_675' title='bbox 522 5132 800 5189; x_wconf 63' lang='lat' dir='ltr'><strong>saeculum</strong></span> <span class='ocrx_word' id='word_1_676' title='bbox 841 5134 1059 5208; x_wconf 67' lang='lat' dir='ltr'><strong>saeculi,</strong></span> <span class='ocrx_word' id='word_1_677' title='bbox 1096 5158 1121 5183; x_wconf 80' lang='lat' dir='ltr'><strong>n</strong></span> <span class='ocrx_word' id='word_1_678' title='bbox 1154 5135 1262 5191; x_wconf 91' lang='lat' dir='ltr'><strong>hoc</strong></span> <span class='ocrx_word' id='word_1_679' title='bbox 1310 5140 1400 5192; x_wconf 90' lang='lat' dir='ltr'><strong>est</strong></span> <span class='ocrx_word' id='word_1_680' title='bbox 1446 5153 1641 5209; x_wconf 90' lang='lat' dir='ltr'><strong>opera,</strong></span> <span class='ocrx_word' id='word_1_681' title='bbox 1690 5136 1851 5194; x_wconf 89' lang='lat' dir='ltr'><strong>illius</strong></span> 
     </span>
    </p>
   </div>
   <div class='ocr_carea' id='block_1_88' title="bbox 205 5214 1852 5301">
    <p class='ocr_par' dir='ltr' id='par_1_88' title="bbox 205 5214 1852 5301">
     <span class='ocr_line' id='line_1_88' title="bbox 205 5214 1852 5301; baseline 0.003 -24"><span class='ocrx_word' id='word_1_682' title='bbox 205 5221 333 5294; x_wconf 88' lang='lat' dir='ltr'><strong>ipsa</strong></span> <span class='ocrx_word' id='word_1_683' title='bbox 364 5228 726 5294; x_wconf 86' lang='lat' dir='ltr'><strong>permanent.</strong></span> <span class='ocrx_word' id='word_1_684' title='bbox 760 5246 788 5273; x_wconf 92' lang='grc'><strong>‹‹</strong></span> <span class='ocrx_word' id='word_1_685' title='bbox 821 5226 1011 5280; x_wconf 85' lang='lat' dir='ltr'><strong>Cornu</strong></span> <span class='ocrx_word' id='word_1_686' title='bbox 1059 5225 1588 5295; x_wconf 50' lang='lat' dir='ltr'><strong>ejus&#39;exaltabitur</strong></span> <span class='ocrx_word' id='word_1_687' title='bbox 1618 5226 1675 5282; x_wconf 91' lang='lat' dir='ltr'><strong>in</strong></span> <span class='ocrx_word' id='word_1_688' title='bbox 1723 5214 1852 5301; x_wconf 85' lang='lat' dir='ltr'><strong>glo-</strong></span> 
     </span>
    </p>
   </div>
   <div class='ocr_carea' id='block_1_89' title="bbox 204 5310 1847 5387">
    <p class='ocr_par' dir='ltr' id='par_1_89' title="bbox 204 5310 1847 5387">
     <span class='ocr_line' id='line_1_89' title="bbox 204 5310 1847 5387; baseline 0.004 -22"><span class='ocrx_word' id='word_1_689' title='bbox 204 5310 307 5365; x_wconf 87' lang='lat' dir='ltr'><strong>ria.</strong></span> <span class='ocrx_word' id='word_1_690' title='bbox 346 5335 371 5359; x_wconf 81' lang='grc'><strong>››</strong></span> <span class='ocrx_word' id='word_1_691' title='bbox 403 5312 520 5368; x_wconf 86' lang='lat' dir='ltr'><strong>Hoc</strong></span> <span class='ocrx_word' id='word_1_692' title='bbox 550 5315 659 5378; x_wconf 87' lang='lat' dir='ltr'><strong>est,</strong></span> <span class='ocrx_word' id='word_1_693' title='bbox 692 5329 937 5385; x_wconf 88' lang='lat' dir='ltr'><strong>regnum</strong></span> <span class='ocrx_word' id='word_1_694' title='bbox 970 5313 1157 5385; x_wconf 89' lang='lat' dir='ltr'><strong>ipsius</strong></span> <span class='ocrx_word' id='word_1_695' title='bbox 1188 5314 1535 5371; x_wconf 68' lang='lat' dir='ltr'><strong>exaltabitur</strong></span> <span class='ocrx_word' id='word_1_696' title='bbox 1567 5319 1624 5370; x_wconf 86' lang='lat' dir='ltr'><strong>in</strong></span> <span class='ocrx_word' id='word_1_697' title='bbox 1648 5318 1847 5387; x_wconf 79' lang='lat' dir='ltr'><strong>gloria,</strong></span> 
     </span>
    </p>
   </div>
   <div class='ocr_carea' id='block_1_90' title="bbox 200 5399 919 5468">
    <p class='ocr_par' dir='ltr' id='par_1_90' title="bbox 200 5399 919 5468">
     <span class='ocr_line' id='line_1_90' title="bbox 200 5399 919 5468; baseline 0.001 -13"><span class='ocrx_word' id='word_1_698' title='bbox 200 5399 307 5461; x_wconf 86' lang='lat' dir='ltr'><strong>hee</strong></span> <span class='ocrx_word' id='word_1_699' title='bbox 337 5404 447 5468; x_wconf 86' lang='lat' dir='ltr'><strong>est,</strong></span> <span class='ocrx_word' id='word_1_700' title='bbox 480 5418 613 5461; x_wconf 89' lang='lat' dir='ltr'><strong>cum</strong></span> <span class='ocrx_word' id='word_1_701' title='bbox 644 5401 761 5459; x_wconf 89' lang='lat' dir='ltr'><strong>Deo</strong></span> <span class='ocrx_word' id='word_1_702' title='bbox 790 5401 919 5457; x_wconf 89' lang='lat' dir='ltr'><strong>erit.</strong></span> 
     </span>
    </p>
   </div>
   <div class='ocr_carea' id='block_1_91' title="bbox 268 5490 1851 5566">
    <p class='ocr_par' dir='ltr' id='par_1_91' title="bbox 268 5490 1851 5566">
     <span class='ocr_line' id='line_1_91' title="bbox 268 5490 1851 5566; baseline 0.004 -23"><span class='ocrx_word' id='word_1_703' title='bbox 268 5491 521 5547; x_wconf 70' lang='lat' dir='ltr'><strong>Peccator</strong></span> <span class='ocrx_word' id='word_1_704' title='bbox 549 5490 767 5550; x_wconf 72' lang='lat' dir='ltr'><strong>videbit.</strong></span> <span class='ocrx_word' id='word_1_705' title='bbox 789 5492 1091 5557; x_wconf 87' lang='lat' dir='ltr'><strong>Quomodo</strong></span> <span class='ocrx_word' id='word_1_706' title='bbox 1122 5492 1360 5565; x_wconf 83' lang='lat' dir='ltr'><strong>videbit,</strong></span> <span class='ocrx_word' id='word_1_707' title='bbox 1391 5494 1531 5566; x_wconf 87' lang='lat' dir='ltr'><strong>quia</strong></span> <span class='ocrx_word' id='word_1_708' title='bbox 1564 5494 1851 5566; x_wconf 89' lang='lat' dir='ltr'><strong>Propheta</strong></span> 
     </span>
    </p>
   </div>
   <div class='ocr_carea' id='block_1_92' title="bbox 197 5577 1846 5654">
    <p class='ocr_par' dir='ltr' id='par_1_92' title="bbox 197 5577 1846 5654">
     <span class='ocr_line' id='line_1_92' title="bbox 197 5577 1846 5654; baseline 0.002 -20"><span class='ocrx_word' id='word_1_709' title='bbox 197 5577 384 5634; x_wconf 88' lang='lat' dir='ltr'><strong>dicit:</strong></span> <span class='ocrx_word' id='word_1_710' title='bbox 428 5579 667 5635; x_wconf 84' lang='lat' dir='ltr'><strong>Tollatur</strong></span> <span class='ocrx_word' id='word_1_711' title='bbox 713 5581 919 5652; x_wconf 82' lang='lat' dir='ltr'><strong>impius</strong></span> <span class='ocrx_word' id='word_1_712' title='bbox 963 5598 1032 5637; x_wconf 88' lang='lat' dir='ltr'><strong>ne</strong></span> <span class='ocrx_word' id='word_1_713' title='bbox 1077 5580 1256 5638; x_wconf 79' lang='lat' dir='ltr'><strong>videat</strong></span> <span class='ocrx_word' id='word_1_714' title='bbox 1300 5584 1539 5654; x_wconf 80' lang='lat' dir='ltr'><strong>gloriam</strong></span> <span class='ocrx_word' id='word_1_715' title='bbox 1578 5584 1673 5639; x_wconf 84' lang='lat' dir='ltr'><strong>Dei</strong></span> <span class='ocrx_word' id='word_1_716' title='bbox 1722 5584 1846 5653; x_wconf 89' lang='lat' dir='ltr'><strong>(lsa.</strong></span> 
     </span>
    </p>
   </div>
   <div class='ocr_carea' id='block_1_93' title="bbox 196 5667 1848 5744">
    <p class='ocr_par' dir='ltr' id='par_1_93' title="bbox 196 5667 1848 5744">
     <span class='ocr_line' id='line_1_93' title="bbox 196 5667 1848 5744; baseline 0.003 -22"><span class='ocrx_word' id='word_1_717' title='bbox 196 5682 348 5736; x_wconf 74' lang='lat' dir='ltr'><strong>xxvx,</strong></span> <span class='ocrx_word' id='word_1_718' title='bbox 394 5668 480 5733; x_wconf 82' lang='lat' dir='ltr'><strong>lO,</strong></span> <span class='ocrx_word' id='word_1_719' title='bbox 510 5683 615 5724; x_wconf 84' lang='lat' dir='ltr'><strong>sec.</strong></span> <span class='ocrx_word' id='word_1_720' title='bbox 649 5667 829 5741; x_wconf 77' lang='lat' dir='ltr'><strong>LXX).</strong></span> <span class='ocrx_word' id='word_1_721' title='bbox 878 5669 1098 5728; x_wconf 87' lang='lat' dir='ltr'><strong>Tamen</strong></span> <span class='ocrx_word' id='word_1_722' title='bbox 1140 5671 1527 5744; x_wconf 88' lang='lat' dir='ltr'><strong>subsequitur</strong></span> <span class='ocrx_word' id='word_1_723' title='bbox 1559 5689 1573 5729; x_wconf 87' lang='lat'><strong>:</strong></span> <span class='ocrx_word' id='word_1_724' title='bbox 1607 5671 1848 5728; x_wconf 75' lang='lat' dir='ltr'><strong>Videant</strong></span> 
     </span>
    </p>
   </div>
   <div class='ocr_carea' id='block_1_94' title="bbox 1972 3354 3626 3430">
    <p class='ocr_par' dir='ltr' id='par_1_94' title="bbox 1972 3354 3626 3430">
     <span class='ocr_line' id='line_1_94' title="bbox 1972 3354 3626 3430; baseline -0.002 -17"><span class='ocrx_word' id='word_1_725' title='bbox 1972 3362 2144 3430; x_wconf 89' lang='lat' dir='ltr'><strong>gente</strong></span> <span class='ocrx_word' id='word_1_726' title='bbox 2171 3358 2503 3413; x_wconf 73' lang='lat' dir='ltr'><strong>Iudaeorum</strong></span> <span class='ocrx_word' id='word_1_727' title='bbox 2534 3356 2942 3412; x_wconf 85' lang='lat' dir='ltr'><strong>tantummodo</strong></span> <span class='ocrx_word' id='word_1_728' title='bbox 2983 3354 3067 3410; x_wconf 89' lang='lat' dir='ltr'><strong>illi</strong></span> <span class='ocrx_word' id='word_1_729' title='bbox 3118 3355 3537 3412; x_wconf 89' lang='lat' dir='ltr'><strong>benedicebant</strong></span> <span class='ocrx_word' id='word_1_730' title='bbox 3567 3360 3626 3411; x_wconf 89' lang='lat' dir='ltr'><strong>et</strong></span> 
     </span>
    </p>
   </div>
   <div class='ocr_carea' id='block_1_95' title="bbox 1972 3444 3622 3517">
    <p class='ocr_par' dir='ltr' id='par_1_95' title="bbox 1972 3444 3622 3517">
     <span class='ocr_line' id='line_1_95' title="bbox 1972 3444 3622 3517; baseline -0.001 -15"><span class='ocrx_word' id='word_1_731' title='bbox 1972 3446 2286 3502; x_wconf 88' lang='lat' dir='ltr'><strong>credebant</strong></span> <span class='ocrx_word' id='word_1_732' title='bbox 2318 3463 2331 3501; x_wconf 87' lang='lat'><strong>:</strong></span> <span class='ocrx_word' id='word_1_733' title='bbox 2366 3446 2467 3502; x_wconf 89' lang='lat' dir='ltr'><strong>sed</strong></span> <span class='ocrx_word' id='word_1_734' title='bbox 2499 3445 2673 3502; x_wconf 91' lang='lat' dir='ltr'><strong>modo</strong></span> <span class='ocrx_word' id='word_1_735' title='bbox 2702 3444 2761 3500; x_wconf 93' lang='lat' dir='ltr'><strong>in</strong></span> <span class='ocrx_word' id='word_1_736' title='bbox 2794 3445 3072 3501; x_wconf 89' lang='lat' dir='ltr'><strong>omnibus</strong></span> <span class='ocrx_word' id='word_1_737' title='bbox 3110 3444 3385 3517; x_wconf 89' lang='lat' dir='ltr'><strong>gentibus</strong></span> <span class='ocrx_word' id='word_1_738' title='bbox 3414 3448 3471 3500; x_wconf 92' lang='lat' dir='ltr'><strong>et</strong></span> <span class='ocrx_word' id='word_1_739' title='bbox 3498 3459 3622 3500; x_wconf 87' lang='lat' dir='ltr'><strong>ere-</strong></span> 
     </span>
    </p>
   </div>
   <div class='ocr_carea' id='block_1_96' title="bbox 1972 3534 3620 3606">
    <p class='ocr_par' dir='ltr' id='par_1_96' title="bbox 1972 3534 3620 3606">
     <span class='ocr_line' id='line_1_96' title="bbox 1972 3534 3620 3606; baseline -0.001 -16"><span class='ocrx_word' id='word_1_740' title='bbox 1972 3535 2148 3604; x_wconf 85' lang='lat' dir='ltr'><strong>ditur,</strong></span> <span class='ocrx_word' id='word_1_741' title='bbox 2202 3538 2258 3591; x_wconf 89' lang='lat' dir='ltr'><strong>et</strong></span> <span class='ocrx_word' id='word_1_742' title='bbox 2308 3534 2692 3591; x_wconf 88' lang='lat' dir='ltr'><strong>benedicitur.</strong></span> <span class='ocrx_word' id='word_1_743' title='bbox 2727 3555 2755 3583; x_wconf 86' lang='lat'><strong><em>«</em></strong></span> <span class='ocrx_word' id='word_1_744' title='bbox 2788 3534 2867 3589; x_wconf 85' lang='lat' dir='ltr'><strong>Ex</strong></span> <span class='ocrx_word' id='word_1_745' title='bbox 2896 3534 3003 3590; x_wconf 93' lang='lat' dir='ltr'><strong>hoc</strong></span> <span class='ocrx_word' id='word_1_746' title='bbox 3035 3550 3193 3590; x_wconf 84' lang='lat' dir='ltr'><strong>nunc</strong></span> <span class='ocrx_word' id='word_1_747' title='bbox 3240 3537 3296 3590; x_wconf 90' lang='lat' dir='ltr'><strong>et</strong></span> <span class='ocrx_word' id='word_1_748' title='bbox 3343 3549 3533 3606; x_wconf 90' lang='lat' dir='ltr'><strong>usque</strong></span> <span class='ocrx_word' id='word_1_749' title='bbox 3560 3534 3620 3589; x_wconf 90' lang='lat' dir='ltr'><strong>in</strong></span> 
     </span>
    </p>
   </div>
   <div class='ocr_carea' id='block_1_97' title="bbox 1971 3622 3622 3695">
    <p class='ocr_par' dir='ltr' id='par_1_97' title="bbox 1971 3622 3622 3695">
     <span class='ocr_line' id='line_1_97' title="bbox 1971 3622 3622 3695; baseline -0.002 -15"><span class='ocrx_word' id='word_1_750' title='bbox 1971 3624 2269 3680; x_wconf 82' lang='lat' dir='ltr'><strong>saeculum.</strong></span> <span class='ocrx_word' id='word_1_751' title='bbox 2307 3648 2335 3675; x_wconf 80' lang='grc' dir='ltr'><strong>(ι</strong></span> <span class='ocrx_word' id='word_1_752' title='bbox 2364 3624 2445 3679; x_wconf 85' lang='lat' dir='ltr'><strong>Ex</strong></span> <span class='ocrx_word' id='word_1_753' title='bbox 2473 3624 2602 3691; x_wconf 90' lang='lat' dir='ltr'><strong>hcc,</strong></span> <span class='ocrx_word' id='word_1_754' title='bbox 2637 3623 2691 3678; x_wconf 83' lang='lat' dir='ltr'><strong>id</strong></span> <span class='ocrx_word' id='word_1_755' title='bbox 2725 3628 2833 3693; x_wconf 90' lang='lat' dir='ltr'><strong>est,</strong></span> <span class='ocrx_word' id='word_1_756' title='bbox 2878 3639 2994 3695; x_wconf 92' lang='lat' dir='ltr'><strong>quo</strong></span> <span class='ocrx_word' id='word_1_757' title='bbox 3043 3623 3385 3695; x_wconf 89' lang='lat' dir='ltr'><strong>inceperunt</strong></span> <span class='ocrx_word' id='word_1_758' title='bbox 3424 3622 3622 3679; x_wconf 90' lang='lat' dir='ltr'><strong>homi-</strong></span> 
     </span>
    </p>
   </div>
   <div class='ocr_carea' id='block_1_98' title="bbox 1972 3711 3618 3785">
    <p class='ocr_par' dir='ltr' id='par_1_98' title="bbox 1972 3711 3618 3785">
     <span class='ocr_line' id='line_1_98' title="bbox 1972 3711 3618 3785; baseline -0.001 -17"><span class='ocrx_word' id='word_1_759' title='bbox 1972 3730 2095 3785; x_wconf 86' lang='lat' dir='ltr'><strong>nes,</strong></span> <span class='ocrx_word' id='word_1_760' title='bbox 2125 3717 2183 3769; x_wconf 93' lang='lat' dir='ltr'><strong>et</strong></span> <span class='ocrx_word' id='word_1_761' title='bbox 2211 3713 2445 3769; x_wconf 90' lang='lat' dir='ltr'><strong>credere</strong></span> <span class='ocrx_word' id='word_1_762' title='bbox 2474 3716 2532 3768; x_wconf 89' lang='lat' dir='ltr'><strong>et</strong></span> <span class='ocrx_word' id='word_1_763' title='bbox 2560 3712 2821 3768; x_wconf 89' lang='lat' dir='ltr'><strong>laudare.</strong></span> <span class='ocrx_word' id='word_1_764' title='bbox 2846 3712 2916 3768; x_wconf 90' lang='lat' dir='ltr'><strong>Et</strong></span> <span class='ocrx_word' id='word_1_765' title='bbox 2934 3727 3105 3783; x_wconf 84' lang='lat' dir='ltr'><strong>nunc,</strong></span> <span class='ocrx_word' id='word_1_766' title='bbox 3123 3711 3236 3768; x_wconf 91' lang='lat' dir='ltr'><strong>hoc</strong></span> <span class='ocrx_word' id='word_1_767' title='bbox 3263 3715 3356 3767; x_wconf 89' lang='lat' dir='ltr'><strong>est</strong></span> <span class='ocrx_word' id='word_1_768' title='bbox 3385 3711 3445 3767; x_wconf 92' lang='lat' dir='ltr'><strong>in</strong></span> <span class='ocrx_word' id='word_1_769' title='bbox 3473 3728 3618 3784; x_wconf 70' lang='lat' dir='ltr'><strong>prte-</strong></span> 
     </span>
    </p>
   </div>
   <div class='ocr_carea' id='block_1_99' title="bbox 1970 3800 3616 3873">
    <p class='ocr_par' dir='ltr' id='par_1_99' title="bbox 1970 3800 3616 3873">
     <span class='ocr_line' id='line_1_99' title="bbox 1970 3800 3616 3873; baseline -0.001 -16"><span class='ocrx_word' id='word_1_770' title='bbox 1970 3803 2119 3858; x_wconf 91' lang='lat' dir='ltr'><strong>senti</strong></span> <span class='ocrx_word' id='word_1_771' title='bbox 2153 3818 2165 3855; x_wconf 90' lang='lat'><strong>:</strong></span> <span class='ocrx_word' id='word_1_772' title='bbox 2193 3824 2220 3853; x_wconf 86' lang='grc'><strong>‹‹</strong></span> <span class='ocrx_word' id='word_1_773' title='bbox 2246 3802 2315 3857; x_wconf 87' lang='lat' dir='ltr'><strong>Et</strong></span> <span class='ocrx_word' id='word_1_774' title='bbox 2343 3818 2529 3873; x_wconf 89' lang='lat' dir='ltr'><strong>usque</strong></span> <span class='ocrx_word' id='word_1_775' title='bbox 2560 3801 2619 3857; x_wconf 92' lang='lat' dir='ltr'><strong>in</strong></span> <span class='ocrx_word' id='word_1_776' title='bbox 2649 3801 2955 3869; x_wconf 76' lang='lat' dir='ltr'><strong>saeculum,</strong></span> <span class='ocrx_word' id='word_1_777' title='bbox 2976 3822 3004 3851; x_wconf 86' lang='grc'><strong>››</strong></span> <span class='ocrx_word' id='word_1_778' title='bbox 3039 3801 3150 3858; x_wconf 93' lang='lat' dir='ltr'><strong>hoc</strong></span> <span class='ocrx_word' id='word_1_779' title='bbox 3180 3806 3289 3871; x_wconf 87' lang='lat' dir='ltr'><strong>est,</strong></span> <span class='ocrx_word' id='word_1_780' title='bbox 3323 3800 3451 3858; x_wconf 87' lang='lat' dir='ltr'><strong>sine</strong></span> <span class='ocrx_word' id='word_1_781' title='bbox 3484 3801 3616 3857; x_wconf 83' lang='lat' dir='ltr'><strong>ﬁne.</strong></span> 
     </span>
    </p>
   </div>
   <div class='ocr_carea' id='block_1_100' title="bbox 1968 3890 3224 3963">
    <p class='ocr_par' dir='ltr' id='par_1_100' title="bbox 1968 3890 3224 3963">
     <span class='ocr_line' id='line_1_100' title="bbox 1968 3890 3224 3963; baseline -0.001 -17"><span class='ocrx_word' id='word_1_782' title='bbox 1968 3891 2115 3946; x_wconf 90' lang='lat' dir='ltr'><strong>Nam</strong></span> <span class='ocrx_word' id='word_1_783' title='bbox 2147 3896 2205 3947; x_wconf 88' lang='lat' dir='ltr'><strong>et</strong></span> <span class='ocrx_word' id='word_1_784' title='bbox 2235 3896 2404 3948; x_wconf 85' lang='lat' dir='ltr'><strong>antea</strong></span> <span class='ocrx_word' id='word_1_785' title='bbox 2434 3906 2669 3963; x_wconf 89' lang='lat' dir='ltr'><strong>semper</strong></span> <span class='ocrx_word' id='word_1_786' title='bbox 2698 3890 2807 3946; x_wconf 80' lang='lat' dir='ltr'><strong>fuit</strong></span> <span class='ocrx_word' id='word_1_787' title='bbox 2828 3891 3224 3947; x_wconf 89' lang='lat' dir='ltr'><strong>benedictum.</strong></span> 
     </span>
    </p>
   </div>
   <div class='ocr_carea' id='block_1_101' title="bbox 2041 3978 3617 4053">
    <p class='ocr_par' dir='ltr' id='par_1_101' title="bbox 2041 3978 3617 4053">
     <span class='ocr_line' id='line_1_101' title="bbox 2041 3978 3617 4053; baseline -0.003 -17"><span class='ocrx_word' id='word_1_788' title='bbox 2041 4002 2069 4029; x_wconf 87' lang='grc'><strong>‹‹</strong></span> <span class='ocrx_word' id='word_1_789' title='bbox 2100 3982 2145 4035; x_wconf 89' lang='grc' dir='ltr'>Α</span> <span class='ocrx_word' id='word_1_790' title='bbox 2191 3980 2333 4036; x_wconf 90' lang='lat' dir='ltr'><strong>solis</strong></span> <span class='ocrx_word' id='word_1_791' title='bbox 2384 3984 2514 4036; x_wconf 92' lang='lat' dir='ltr'><strong>ortu</strong></span> <span class='ocrx_word' id='word_1_792' title='bbox 2558 3997 2747 4053; x_wconf 90' lang='lat' dir='ltr'><strong>usque</strong></span> <span class='ocrx_word' id='word_1_793' title='bbox 2795 3980 2867 4036; x_wconf 89' lang='lat' dir='ltr'><strong>ad</strong></span> <span class='ocrx_word' id='word_1_794' title='bbox 2916 3995 3211 4036; x_wconf 89' lang='lat' dir='ltr'><strong>occasum.</strong></span> <span class='ocrx_word' id='word_1_795' title='bbox 3247 4000 3274 4029; x_wconf 84' lang='lat'>»</span> <span class='ocrx_word' id='word_1_796' title='bbox 3308 3978 3370 4034; x_wconf 91' lang='lat' dir='ltr'><strong>Id</strong></span> <span class='ocrx_word' id='word_1_797' title='bbox 3399 3981 3509 4046; x_wconf 90' lang='lat' dir='ltr'><strong>est,</strong></span> <span class='ocrx_word' id='word_1_798' title='bbox 3544 3978 3617 4033; x_wconf 91' lang='lat' dir='ltr'><strong>ab</strong></span> 
     </span>
    </p>
   </div>
   <div class='ocr_carea' id='block_1_102' title="bbox 1966 4066 3613 4140">
    <p class='ocr_par' dir='ltr' id='par_1_102' title="bbox 1966 4066 3613 4140">
     <span class='ocr_line' id='line_1_102' title="bbox 1966 4066 3613 4140; baseline -0.001 -17"><span class='ocrx_word' id='word_1_799' title='bbox 1966 4067 2134 4125; x_wconf 92' lang='lat' dir='ltr'><strong>initio</strong></span> <span class='ocrx_word' id='word_1_800' title='bbox 2167 4069 2486 4126; x_wconf 86' lang='lat' dir='ltr'><strong>nativitatis</strong></span> <span class='ocrx_word' id='word_1_801' title='bbox 2517 4074 2729 4124; x_wconf 73' lang='lat' dir='ltr'><strong>nostrae</strong></span> <span class='ocrx_word' id='word_1_802' title='bbox 2761 4085 2950 4140; x_wconf 87' lang='lat' dir='ltr'><strong>usque</strong></span> <span class='ocrx_word' id='word_1_803' title='bbox 2980 4068 3052 4124; x_wconf 90' lang='lat' dir='ltr'><strong>ad</strong></span> <span class='ocrx_word' id='word_1_804' title='bbox 3084 4070 3353 4124; x_wconf 88' lang='lat' dir='ltr'><strong>mortem.</strong></span> <span class='ocrx_word' id='word_1_805' title='bbox 3386 4088 3416 4116; x_wconf 85' lang='lat'><strong><em>«</em></strong></span> <span class='ocrx_word' id='word_1_806' title='bbox 3465 4066 3613 4122; x_wconf 91' lang='lat' dir='ltr'><strong>Lau-</strong></span> 
     </span>
    </p>
   </div>
   <div class='ocr_carea' id='block_1_103' title="bbox 1967 4155 3224 4228">
    <p class='ocr_par' dir='ltr' id='par_1_103' title="bbox 1967 4155 3224 4228">
     <span class='ocr_line' id='line_1_103' title="bbox 1967 4155 3224 4228; baseline -0.004 -14"><span class='ocrx_word' id='word_1_807' title='bbox 1967 4156 2159 4214; x_wconf 90' lang='lat' dir='ltr'><strong>dabile</strong></span> <span class='ocrx_word' id='word_1_808' title='bbox 2193 4175 2402 4214; x_wconf 90' lang='lat' dir='ltr'><strong>nomen</strong></span> <span class='ocrx_word' id='word_1_809' title='bbox 2434 4156 2681 4213; x_wconf 89' lang='lat' dir='ltr'><strong>Domini.</strong></span> <span class='ocrx_word' id='word_1_810' title='bbox 2720 4183 2741 4205; x_wconf 75' lang='grc' dir='ltr'><strong><em>υ</em></strong></span> <span class='ocrx_word' id='word_1_811' title='bbox 2776 4157 2850 4212; x_wconf 91' lang='lat' dir='ltr'><strong>Ut</strong></span> <span class='ocrx_word' id='word_1_812' title='bbox 2877 4173 3057 4228; x_wconf 90' lang='lat' dir='ltr'><strong>supra</strong></span> <span class='ocrx_word' id='word_1_813' title='bbox 3085 4155 3224 4211; x_wconf 81' lang='lat' dir='ltr'><strong>dixi.</strong></span> 
     </span>
    </p>
   </div>
   <div class='ocr_carea' id='block_1_104' title="bbox 2045 4246 3618 4317">
    <p class='ocr_par' dir='ltr' id='par_1_104' title="bbox 2045 4246 3618 4317">
     <span class='ocr_line' id='line_1_104' title="bbox 2045 4246 3618 4317; baseline -0.003 -14"><span class='ocrx_word' id='word_1_814' title='bbox 2045 4267 2065 4295; x_wconf 75' lang='grc' dir='ltr'>ι</span> <span class='ocrx_word' id='word_1_815' title='bbox 2100 4247 2374 4303; x_wconf 85' lang='lat' dir='ltr'><strong>Exeelsus</strong></span> <span class='ocrx_word' id='word_1_816' title='bbox 2408 4248 2689 4302; x_wconf 89' lang='lat' dir='ltr'><strong>Dominus</strong></span> <span class='ocrx_word' id='word_1_817' title='bbox 2718 4262 2894 4316; x_wconf 89' lang='lat' dir='ltr'><strong>super</strong></span> <span class='ocrx_word' id='word_1_818' title='bbox 2922 4261 3129 4301; x_wconf 89' lang='lat' dir='ltr'><strong>omnes</strong></span> <span class='ocrx_word' id='word_1_819' title='bbox 3157 4247 3416 4317; x_wconf 87' lang='lat' dir='ltr'><strong>gentes.»</strong></span> <span class='ocrx_word' id='word_1_820' title='bbox 3430 4246 3618 4300; x_wconf 85' lang='lat' dir='ltr'><strong>Num-</strong></span> 
     </span>
    </p>
   </div>
   <div class='ocr_carea' id='block_1_105' title="bbox 1966 4332 3616 4409">
    <p class='ocr_par' dir='ltr' id='par_1_105' title="bbox 1966 4332 3616 4409">
     <span class='ocr_line' id='line_1_105' title="bbox 1966 4332 3616 4409; baseline -0.002 -18"><span class='ocrx_word' id='word_1_821' title='bbox 1966 4336 2106 4409; x_wconf 91' lang='lat' dir='ltr'><strong>quid</strong></span> <span class='ocrx_word' id='word_1_822' title='bbox 2138 4341 2306 4391; x_wconf 80' lang='lat' dir='ltr'><strong>antea</strong></span> <span class='ocrx_word' id='word_1_823' title='bbox 2339 4351 2451 4390; x_wconf 91' lang='lat' dir='ltr'><strong>non</strong></span> <span class='ocrx_word' id='word_1_824' title='bbox 2482 4338 2608 4390; x_wconf 88' lang='lat' dir='ltr'><strong>erat</strong></span> <span class='ocrx_word' id='word_1_825' title='bbox 2636 4332 2942 4390; x_wconf 84' lang='lat' dir='ltr'><strong>excelsus?</strong></span> <span class='ocrx_word' id='word_1_826' title='bbox 2972 4332 3109 4389; x_wconf 89' lang='lat' dir='ltr'><strong>Erat</strong></span> <span class='ocrx_word' id='word_1_827' title='bbox 3147 4338 3205 4388; x_wconf 83' lang='lat' dir='ltr'><strong>in</strong></span> <span class='ocrx_word' id='word_1_828' title='bbox 3236 4333 3458 4400; x_wconf 66' lang='lat' dir='ltr'><strong>Judaaa,</strong></span> <span class='ocrx_word' id='word_1_829' title='bbox 3492 4349 3616 4389; x_wconf 85' lang='lat' dir='ltr'><strong>mo-</strong></span> 
     </span>
    </p>
   </div>
   <div class='ocr_carea' id='block_1_106' title="bbox 1965 4422 3611 4497">
    <p class='ocr_par' dir='ltr' id='par_1_106' title="bbox 1965 4422 3611 4497">
     <span class='ocr_line' id='line_1_106' title="bbox 1965 4422 3611 4497; baseline -0.002 -16"><span class='ocrx_word' id='word_1_830' title='bbox 1965 4426 2038 4481; x_wconf 90' lang='lat' dir='ltr'><strong>do</strong></span> <span class='ocrx_word' id='word_1_831' title='bbox 2067 4440 2244 4497; x_wconf 90' lang='lat' dir='ltr'><strong>super</strong></span> <span class='ocrx_word' id='word_1_832' title='bbox 2272 4440 2476 4479; x_wconf 89' lang='lat' dir='ltr'><strong>omnes</strong></span> <span class='ocrx_word' id='word_1_833' title='bbox 2505 4426 2730 4496; x_wconf 88' lang='lat' dir='ltr'><strong>gentes.</strong></span> <span class='ocrx_word' id='word_1_834' title='bbox 2761 4422 2912 4478; x_wconf 92' lang='lat' dir='ltr'><strong>Dicit</strong></span> <span class='ocrx_word' id='word_1_835' title='bbox 2934 4439 3035 4495; x_wconf 87' lang='lat' dir='ltr'><strong>per</strong></span> <span class='ocrx_word' id='word_1_836' title='bbox 3055 4422 3397 4495; x_wconf 87' lang='lat' dir='ltr'><strong>prophetam</strong></span> <span class='ocrx_word' id='word_1_837' title='bbox 3424 4440 3437 4478; x_wconf 89' lang='lat'>:</span> <span class='ocrx_word' id='word_1_838' title='bbox 3461 4423 3611 4486; x_wconf 93' lang='lat' dir='ltr'><strong>Quo-</strong></span> 
     </span>
    </p>
   </div>
   <div class='ocr_carea' id='block_1_107' title="bbox 1965 4510 3611 4585">
    <p class='ocr_par' dir='ltr' id='par_1_107' title="bbox 1965 4510 3611 4585">
     <span class='ocr_line' id='line_1_107' title="bbox 1965 4510 3611 4585; baseline -0.002 -17"><span class='ocrx_word' id='word_1_839' title='bbox 1965 4513 2123 4568; x_wconf 90' lang='lat' dir='ltr'><strong>niam</strong></span> <span class='ocrx_word' id='word_1_840' title='bbox 2166 4510 2349 4567; x_wconf 90' lang='lat' dir='ltr'><strong>voluit</strong></span> <span class='ocrx_word' id='word_1_841' title='bbox 2394 4512 2705 4583; x_wconf 91' lang='lat' dir='ltr'><strong>reprobare</strong></span> <span class='ocrx_word' id='word_1_842' title='bbox 2750 4510 3004 4580; x_wconf 67' lang='lat' dir='ltr'><strong>Judazos,</strong></span> <span class='ocrx_word' id='word_1_843' title='bbox 3037 4515 3095 4567; x_wconf 90' lang='lat' dir='ltr'><strong>et</strong></span> <span class='ocrx_word' id='word_1_844' title='bbox 3131 4511 3342 4585; x_wconf 89' lang='lat' dir='ltr'><strong>eligere</strong></span> <span class='ocrx_word' id='word_1_845' title='bbox 3389 4514 3611 4583; x_wconf 89' lang='lat' dir='ltr'><strong>gentes.</strong></span> 
     </span>
    </p>
   </div>
   <div class='ocr_carea' id='block_1_108' title="bbox 1963 4599 3611 4675">
    <p class='ocr_par' dir='ltr' id='par_1_108' title="bbox 1963 4599 3611 4675">
     <span class='ocr_line' id='line_1_108' title="bbox 1963 4599 3611 4675; baseline 0.002 -23"><span class='ocrx_word' id='word_1_846' title='bbox 1963 4625 1991 4652; x_wconf 87' lang='grc'><strong>‹‹</strong></span> <span class='ocrx_word' id='word_1_847' title='bbox 2029 4603 2098 4657; x_wconf 86' lang='lat' dir='ltr'><strong>Et</strong></span> <span class='ocrx_word' id='word_1_848' title='bbox 2127 4618 2304 4675; x_wconf 85' lang='lat' dir='ltr'><strong>super</strong></span> <span class='ocrx_word' id='word_1_849' title='bbox 2333 4600 2509 4657; x_wconf 68' lang='lat' dir='ltr'><strong>caelos</strong></span> <span class='ocrx_word' id='word_1_850' title='bbox 2539 4599 2726 4673; x_wconf 87' lang='lat' dir='ltr'><strong>gloria</strong></span> <span class='ocrx_word' id='word_1_851' title='bbox 2754 4601 2904 4673; x_wconf 89' lang='lat' dir='ltr'><strong>ejus.</strong></span> <span class='ocrx_word' id='word_1_852' title='bbox 2928 4624 2954 4650; x_wconf 82' lang='grc'><strong>››</strong></span> <span class='ocrx_word' id='word_1_853' title='bbox 2986 4600 3105 4656; x_wconf 87' lang='lat' dir='ltr'><strong>Hoc</strong></span> <span class='ocrx_word' id='word_1_854' title='bbox 3134 4604 3245 4668; x_wconf 90' lang='lat' dir='ltr'><strong>est,</strong></span> <span class='ocrx_word' id='word_1_855' title='bbox 3275 4615 3450 4671; x_wconf 89' lang='lat' dir='ltr'><strong>super</strong></span> <span class='ocrx_word' id='word_1_856' title='bbox 3470 4604 3611 4655; x_wconf 77' lang='lat' dir='ltr'><strong>San-</strong></span> 
     </span>
    </p>
   </div>
   <div class='ocr_carea' id='block_1_109' title="bbox 1965 4689 2459 4767">
    <p class='ocr_par' dir='ltr' id='par_1_109' title="bbox 1965 4689 2459 4767">
     <span class='ocr_line' id='line_1_109' title="bbox 1965 4689 2459 4767; baseline -0.004 -21"><span class='ocrx_word' id='word_1_857' title='bbox 1965 4695 2091 4759; x_wconf 80' lang='lat' dir='ltr'><strong>etes</strong></span> <span class='ocrx_word' id='word_1_858' title='bbox 2120 4708 2227 4746; x_wconf 90' lang='lat' dir='ltr'><strong>sua</strong></span> <span class='ocrx_word' id='word_1_859' title='bbox 2256 4689 2459 4767; x_wconf 87' lang='lat' dir='ltr'><strong>gloria.</strong></span> 
     </span>
    </p>
   </div>
   <div class='ocr_carea' id='block_1_110' title="bbox 2038 4776 3610 4844">
    <p class='ocr_par' dir='ltr' id='par_1_110' title="bbox 2038 4776 3610 4844">
     <span class='ocr_line' id='line_1_110' title="bbox 2038 4776 3610 4844; baseline 0.001 -13"><span class='ocrx_word' id='word_1_860' title='bbox 2038 4804 2064 4831; x_wconf 87' lang='grc'><strong>‹‹</strong></span> <span class='ocrx_word' id='word_1_861' title='bbox 2099 4780 2240 4844; x_wconf 91' lang='lat' dir='ltr'><strong>Quis</strong></span> <span class='ocrx_word' id='word_1_862' title='bbox 2270 4779 2425 4836; x_wconf 89' lang='lat' dir='ltr'><strong>sicut</strong></span> <span class='ocrx_word' id='word_1_863' title='bbox 2474 4779 2758 4837; x_wconf 86' lang='lat' dir='ltr'><strong>Dominus</strong></span> <span class='ocrx_word' id='word_1_864' title='bbox 2808 4779 2963 4835; x_wconf 89' lang='lat' dir='ltr'><strong>Deus</strong></span> <span class='ocrx_word' id='word_1_865' title='bbox 3014 4778 3246 4835; x_wconf 84' lang='lat' dir='ltr'><strong>noster?</strong></span> <span class='ocrx_word' id='word_1_866' title='bbox 3276 4800 3304 4829; x_wconf 86' lang='grc'><strong>››</strong></span> <span class='ocrx_word' id='word_1_867' title='bbox 3333 4780 3412 4833; x_wconf 83' lang='lat' dir='ltr'><strong>Ae</strong></span> <span class='ocrx_word' id='word_1_868' title='bbox 3442 4776 3489 4833; x_wconf 88' lang='lat' dir='ltr'><strong>si</strong></span> <span class='ocrx_word' id='word_1_869' title='bbox 3523 4776 3610 4832; x_wconf 91' lang='lat' dir='ltr'><strong>di-</strong></span> 
     </span>
    </p>
   </div>
   <div class='ocr_carea' id='block_1_111' title="bbox 1966 4864 3613 4937">
    <p class='ocr_par' dir='ltr' id='par_1_111' title="bbox 1966 4864 3613 4937">
     <span class='ocr_line' id='line_1_111' title="bbox 1966 4864 3613 4937; baseline -0.004 -12"><span class='ocrx_word' id='word_1_870' title='bbox 1966 4872 2058 4925; x_wconf 90' lang='lat' dir='ltr'><strong>cat</strong></span> <span class='ocrx_word' id='word_1_871' title='bbox 2090 4885 2102 4925; x_wconf 92' lang='lat'>:</span> <span class='ocrx_word' id='word_1_872' title='bbox 2138 4867 2346 4925; x_wconf 79' lang='lat' dir='ltr'><strong>Nullus</strong></span> <span class='ocrx_word' id='word_1_873' title='bbox 2378 4867 2533 4924; x_wconf 90' lang='lat' dir='ltr'><strong>talis.</strong></span> <span class='ocrx_word' id='word_1_874' title='bbox 2566 4867 2640 4925; x_wconf 92' lang='lat' dir='ltr'><strong>Ut</strong></span> <span class='ocrx_word' id='word_1_875' title='bbox 2669 4867 2813 4924; x_wconf 90' lang='lat' dir='ltr'><strong>illud</strong></span> <span class='ocrx_word' id='word_1_876' title='bbox 2848 4886 2863 4923; x_wconf 87' lang='lat'><strong>:</strong></span> <span class='ocrx_word' id='word_1_877' title='bbox 2897 4869 3029 4937; x_wconf 84' lang='lat' dir='ltr'><strong>Quis</strong></span> <span class='ocrx_word' id='word_1_878' title='bbox 3055 4868 3262 4924; x_wconf 76' lang='lat' dir='ltr'><strong>similis</strong></span> <span class='ocrx_word' id='word_1_879' title='bbox 3292 4869 3436 4923; x_wconf 89' lang='lat' dir='ltr'><strong>inter</strong></span> <span class='ocrx_word' id='word_1_880' title='bbox 3463 4864 3613 4936; x_wconf 80' lang='lat' dir='ltr'><strong>ﬁlios</strong></span> 
     </span>
    </p>
   </div>
   <div class='ocr_carea' id='block_1_112' title="bbox 1967 4956 3611 5030">
    <p class='ocr_par' dir='ltr' id='par_1_112' title="bbox 1967 4956 3611 5030">
     <span class='ocr_line' id='line_1_112' title="bbox 1967 4956 3611 5030; baseline -0.003 -15"><span class='ocrx_word' id='word_1_881' title='bbox 1967 4960 2068 5015; x_wconf 86' lang='lat' dir='ltr'><strong>Dei</strong></span> <span class='ocrx_word' id='word_1_882' title='bbox 2096 4959 2265 5030; x_wconf 88' lang='lat' dir='ltr'><strong>(Psal.</strong></span> <span class='ocrx_word' id='word_1_883' title='bbox 2299 4976 2567 5022; x_wconf 79' lang='lat' dir='ltr'><strong>Lxxxvm,</strong></span> <span class='ocrx_word' id='word_1_884' title='bbox 2611 4958 2706 5030; x_wconf 82' lang='lat'><strong>7)?</strong></span> <span class='ocrx_word' id='word_1_885' title='bbox 2754 4959 2822 5013; x_wconf 91' lang='lat' dir='ltr'><strong>Et</strong></span> <span class='ocrx_word' id='word_1_886' title='bbox 2868 4956 3006 5013; x_wconf 88' lang='lat' dir='ltr'><strong>alibi</strong></span> <span class='ocrx_word' id='word_1_887' title='bbox 3055 4956 3198 5012; x_wconf 87' lang='lat' dir='ltr'><strong>dicit</strong></span> <span class='ocrx_word' id='word_1_888' title='bbox 3228 4973 3241 5011; x_wconf 91' lang='lat'>:</span> <span class='ocrx_word' id='word_1_889' title='bbox 3275 4957 3391 5012; x_wconf 87' lang='lat' dir='ltr'><strong>Non</strong></span> <span class='ocrx_word' id='word_1_890' title='bbox 3424 4964 3503 5011; x_wconf 90' lang='lat' dir='ltr'><strong>est</strong></span> <span class='ocrx_word' id='word_1_891' title='bbox 3529 4957 3611 5011; x_wconf 83' lang='lat' dir='ltr'><strong>si-</strong></span> 
     </span>
    </p>
   </div>
   <div class='ocr_carea' id='block_1_113' title="bbox 1960 5044 3611 5117">
    <p class='ocr_par' dir='ltr' id='par_1_113' title="bbox 1960 5044 3611 5117">
     <span class='ocr_line' id='line_1_113' title="bbox 1960 5044 3611 5117; baseline -0.002 -14"><span class='ocrx_word' id='word_1_892' title='bbox 1960 5048 2113 5103; x_wconf 82' lang='lat' dir='ltr'><strong>milis</strong></span> <span class='ocrx_word' id='word_1_893' title='bbox 2143 5049 2247 5103; x_wconf 86' lang='lat' dir='ltr'><strong>tibi</strong></span> <span class='ocrx_word' id='word_1_894' title='bbox 2276 5049 2334 5103; x_wconf 83' lang='lat' dir='ltr'><strong>in</strong></span> <span class='ocrx_word' id='word_1_895' title='bbox 2361 5049 2496 5115; x_wconf 87' lang='lat' dir='ltr'><strong>diis,</strong></span> <span class='ocrx_word' id='word_1_896' title='bbox 2531 5049 2755 5104; x_wconf 82' lang='lat' dir='ltr'><strong>Domino</strong></span> <span class='ocrx_word' id='word_1_897' title='bbox 2783 5048 2956 5117; x_wconf 86' lang='lat' dir='ltr'><strong>(Psal.</strong></span> <span class='ocrx_word' id='word_1_898' title='bbox 3002 5063 3200 5115; x_wconf 77' lang='lat' dir='ltr'><strong>Lxxxv,</strong></span> <span class='ocrx_word' id='word_1_899' title='bbox 3230 5045 3306 5116; x_wconf 83' lang='lat'><strong>5).</strong></span> <span class='ocrx_word' id='word_1_900' title='bbox 3340 5068 3368 5095; x_wconf 88' lang='grc'><strong>‹‹</strong></span> <span class='ocrx_word' id='word_1_901' title='bbox 3414 5044 3521 5111; x_wconf 92' lang='lat' dir='ltr'><strong>Qui</strong></span> <span class='ocrx_word' id='word_1_902' title='bbox 3550 5044 3611 5100; x_wconf 92' lang='lat' dir='ltr'><strong>in</strong></span> 
     </span>
    </p>
   </div>
   <div class='ocr_carea' id='block_1_114' title="bbox 1963 5132 3611 5208">
    <p class='ocr_par' dir='ltr' id='par_1_114' title="bbox 1963 5132 3611 5208">
     <span class='ocr_line' id='line_1_114' title="bbox 1963 5132 3611 5208; baseline -0.004 -15"><span class='ocrx_word' id='word_1_903' title='bbox 1963 5136 2097 5193; x_wconf 90' lang='lat' dir='ltr'><strong>altis</strong></span> <span class='ocrx_word' id='word_1_904' title='bbox 2139 5136 2386 5206; x_wconf 87' lang='lat' dir='ltr'><strong>habitat,</strong></span> <span class='ocrx_word' id='word_1_905' title='bbox 2437 5141 2495 5192; x_wconf 90' lang='lat' dir='ltr'><strong>et</strong></span> <span class='ocrx_word' id='word_1_906' title='bbox 2540 5136 2790 5192; x_wconf 87' lang='lat' dir='ltr'><strong>humilia</strong></span> <span class='ocrx_word' id='word_1_907' title='bbox 2837 5134 3075 5208; x_wconf 90' lang='lat' dir='ltr'><strong>respicit</strong></span> <span class='ocrx_word' id='word_1_908' title='bbox 3125 5133 3185 5189; x_wconf 91' lang='lat' dir='ltr'><strong>in</strong></span> <span class='ocrx_word' id='word_1_909' title='bbox 3243 5133 3385 5190; x_wconf 83' lang='lat' dir='ltr'><strong>coelo</strong></span> <span class='ocrx_word' id='word_1_910' title='bbox 3414 5137 3496 5189; x_wconf 75' lang='lat' dir='ltr'><strong>.et</strong></span> <span class='ocrx_word' id='word_1_911' title='bbox 3551 5132 3611 5188; x_wconf 91' lang='lat' dir='ltr'><strong>in</strong></span> 
     </span>
    </p>
   </div>
   <div class='ocr_carea' id='block_1_115' title="bbox 1961 5221 3609 5295">
    <p class='ocr_par' dir='ltr' id='par_1_115' title="bbox 1961 5221 3609 5295">
     <span class='ocr_line' id='line_1_115' title="bbox 1961 5221 3609 5295; baseline -0.002 -14"><span class='ocrx_word' id='word_1_912' title='bbox 1961 5229 2137 5281; x_wconf 85' lang='lat' dir='ltr'><strong>terra.</strong></span> <span class='ocrx_word' id='word_1_913' title='bbox 2175 5252 2196 5276; x_wconf 77' lang='grc' dir='ltr'><strong><em>ι</em></strong></span> <span class='ocrx_word' id='word_1_914' title='bbox 2241 5247 2262 5273; x_wconf 75' lang='grc' dir='ltr'><strong>α</strong></span> <span class='ocrx_word' id='word_1_915' title='bbox 2298 5227 2360 5281; x_wconf 90' lang='lat' dir='ltr'><strong>ln</strong></span> <span class='ocrx_word' id='word_1_916' title='bbox 2392 5225 2550 5290; x_wconf 88' lang='lat' dir='ltr'><strong>altis,</strong></span> <span class='ocrx_word' id='word_1_917' title='bbox 2586 5247 2615 5275; x_wconf 82' lang='lat'>»</span> <span class='ocrx_word' id='word_1_918' title='bbox 2650 5224 2756 5281; x_wconf 89' lang='lat' dir='ltr'><strong>hoc</strong></span> <span class='ocrx_word' id='word_1_919' title='bbox 2788 5228 2876 5280; x_wconf 89' lang='lat' dir='ltr'><strong>est</strong></span> <span class='ocrx_word' id='word_1_920' title='bbox 2922 5224 2983 5279; x_wconf 91' lang='lat' dir='ltr'><strong>in</strong></span> <span class='ocrx_word' id='word_1_921' title='bbox 3028 5223 3269 5280; x_wconf 88' lang='lat' dir='ltr'><strong>sanctis.</strong></span> <span class='ocrx_word' id='word_1_922' title='bbox 3312 5221 3609 5295; x_wconf 89' lang='lat' dir='ltr'><strong>Numquid</strong></span> 
     </span>
    </p>
   </div>
   <div class='ocr_carea' id='block_1_116' title="bbox 1960 5312 3609 5385">
    <p class='ocr_par' dir='ltr' id='par_1_116' title="bbox 1960 5312 3609 5385">
     <span class='ocr_line' id='line_1_116' title="bbox 1960 5312 3609 5385; baseline -0.002 -15"><span class='ocrx_word' id='word_1_923' title='bbox 1960 5318 2016 5370; x_wconf 90' lang='lat' dir='ltr'><strong>et</strong></span> <span class='ocrx_word' id='word_1_924' title='bbox 2047 5316 2105 5370; x_wconf 90' lang='lat' dir='ltr'><strong>in</strong></span> <span class='ocrx_word' id='word_1_925' title='bbox 2137 5314 2463 5371; x_wconf 87' lang='lat' dir='ltr'><strong>humilibus</strong></span> <span class='ocrx_word' id='word_1_926' title='bbox 2494 5331 2608 5371; x_wconf 90' lang='lat' dir='ltr'><strong>non</strong></span> <span class='ocrx_word' id='word_1_927' title='bbox 2639 5312 2856 5369; x_wconf 79' lang='lat' dir='ltr'><strong>habitat</strong></span> <span class='ocrx_word' id='word_1_928' title='bbox 2878 5314 2904 5368; x_wconf 81' lang='lat'><strong>?</strong></span> <span class='ocrx_word' id='word_1_929' title='bbox 2936 5313 3171 5385; x_wconf 81' lang='lat' dir='ltr'><strong>Habitat,</strong></span> <span class='ocrx_word' id='word_1_930' title='bbox 3204 5312 3343 5385; x_wconf 83' lang='lat' dir='ltr'><strong>quia</strong></span> <span class='ocrx_word' id='word_1_931' title='bbox 3388 5312 3447 5368; x_wconf 92' lang='lat' dir='ltr'><strong>in</strong></span> <span class='ocrx_word' id='word_1_932' title='bbox 3499 5312 3609 5367; x_wconf 88' lang='lat' dir='ltr'><strong>hu-</strong></span> 
     </span>
    </p>
   </div>
   <div class='ocr_carea' id='block_1_117' title="bbox 1960 5403 3608 5477">
    <p class='ocr_par' dir='ltr' id='par_1_117' title="bbox 1960 5403 3608 5477">
     <span class='ocr_line' id='line_1_117' title="bbox 1960 5403 3608 5477; baseline -0.002 -17"><span class='ocrx_word' id='word_1_933' title='bbox 1960 5403 2202 5460; x_wconf 89' lang='lat' dir='ltr'><strong>milibus</strong></span> <span class='ocrx_word' id='word_1_934' title='bbox 2232 5403 2471 5477; x_wconf 89' lang='lat' dir='ltr'><strong>respicit</strong></span> <span class='ocrx_word' id='word_1_935' title='bbox 2523 5419 2537 5459; x_wconf 89' lang='lat'><strong>:</strong></span> <span class='ocrx_word' id='word_1_936' title='bbox 2587 5407 2650 5458; x_wconf 93' lang='lat' dir='ltr'><strong>ut</strong></span> <span class='ocrx_word' id='word_1_937' title='bbox 2676 5403 2819 5458; x_wconf 83' lang='lat' dir='ltr'><strong>illud</strong></span> <span class='ocrx_word' id='word_1_938' title='bbox 2856 5419 2868 5456; x_wconf 89' lang='lat'><strong>:</strong></span> <span class='ocrx_word' id='word_1_939' title='bbox 2902 5404 3078 5474; x_wconf 82' lang='lat' dir='ltr'><strong>Super</strong></span> <span class='ocrx_word' id='word_1_940' title='bbox 3108 5420 3270 5474; x_wconf 83' lang='lat' dir='ltr'><strong>quem</strong></span> <span class='ocrx_word' id='word_1_941' title='bbox 3300 5403 3608 5475; x_wconf 79' lang='lat' dir='ltr'><strong>respiciam,</strong></span> 
     </span>
    </p>
   </div>
   <div class='ocr_carea' id='block_1_118' title="bbox 1960 5493 3609 5564">
    <p class='ocr_par' dir='ltr' id='par_1_118' title="bbox 1960 5493 3609 5564">
     <span class='ocr_line' id='line_1_118' title="bbox 1960 5493 3609 5564; baseline -0.002 -17"><span class='ocrx_word' id='word_1_942' title='bbox 1960 5495 2071 5549; x_wconf 87' lang='lat' dir='ltr'><strong>nisi</strong></span> <span class='ocrx_word' id='word_1_943' title='bbox 2126 5510 2291 5564; x_wconf 76' lang='lat' dir='ltr'><strong>super</strong></span> <span class='ocrx_word' id='word_1_944' title='bbox 2345 5493 2613 5548; x_wconf 82' lang='lat' dir='ltr'><strong>humilem</strong></span> <span class='ocrx_word' id='word_1_945' title='bbox 2655 5501 2707 5548; x_wconf 85' lang='lat' dir='ltr'><strong>et</strong></span> <span class='ocrx_word' id='word_1_946' title='bbox 2758 5495 3079 5549; x_wconf 81' lang='lat' dir='ltr'><strong>trementem</strong></span> <span class='ocrx_word' id='word_1_947' title='bbox 3133 5507 3410 5549; x_wconf 73' lang='lat' dir='ltr'><strong>sermones</strong></span> <span class='ocrx_word' id='word_1_948' title='bbox 3464 5504 3609 5544; x_wconf 87' lang='lat' dir='ltr'><strong>meos</strong></span> 
     </span>
    </p>
   </div>
   <div class='ocr_carea' id='block_1_119' title="bbox 1959 5577 3605 5653">
    <p class='ocr_par' dir='ltr' id='par_1_119' title="bbox 1959 5577 3605 5653">
     <span class='ocr_line' id='line_1_119' title="bbox 1959 5577 3605 5653; baseline -0.004 -16"><span class='ocrx_word' id='word_1_949' title='bbox 1959 5582 2084 5652; x_wconf 89' lang='lat' dir='ltr'><strong>(lsa.</strong></span> <span class='ocrx_word' id='word_1_950' title='bbox 2137 5599 2283 5653; x_wconf 72' lang='lat' dir='ltr'><strong>wa,</strong></span> <span class='ocrx_word' id='word_1_951' title='bbox 2341 5581 2435 5653; x_wconf 84' lang='lat'><strong>2)?</strong></span> <span class='ocrx_word' id='word_1_952' title='bbox 2486 5582 2728 5646; x_wconf 89' lang='lat' dir='ltr'><strong>Quando</strong></span> <span class='ocrx_word' id='word_1_953' title='bbox 2777 5586 2917 5637; x_wconf 90' lang='lat' dir='ltr'><strong>sunt</strong></span> <span class='ocrx_word' id='word_1_954' title='bbox 2962 5581 3063 5637; x_wconf 89' lang='lat' dir='ltr'><strong>alti</strong></span> <span class='ocrx_word' id='word_1_955' title='bbox 3103 5580 3327 5639; x_wconf 80' lang='lat' dir='ltr'><strong>sancti?</strong></span> <span class='ocrx_word' id='word_1_956' title='bbox 3365 5577 3605 5642; x_wconf 87' lang='lat' dir='ltr'><strong>Quando</strong></span> 
     </span>
    </p>
   </div>
   <div class='ocr_carea' id='block_1_120' title="bbox 1960 5662 3604 5743">
    <p class='ocr_par' dir='ltr' id='par_1_120' title="bbox 1960 5662 3604 5743">
     <span class='ocr_line' id='line_1_120' title="bbox 1960 5662 3604 5743; baseline -0.004 -16"><span class='ocrx_word' id='word_1_957' title='bbox 1960 5669 2434 5743; x_wconf 88' lang='lat' dir='ltr'><strong>contemplantur</strong></span> <span class='ocrx_word' id='word_1_958' title='bbox 2462 5670 2534 5727; x_wconf 92' lang='lat' dir='ltr'><strong>de</strong></span> <span class='ocrx_word' id='word_1_959' title='bbox 2561 5669 2994 5729; x_wconf 84' lang='lat' dir='ltr'><strong>eoelestibus.Et</strong></span> <span class='ocrx_word' id='word_1_960' title='bbox 3022 5675 3162 5729; x_wconf 88' lang='lat' dir='ltr'><strong>tunc</strong></span> <span class='ocrx_word' id='word_1_961' title='bbox 3182 5672 3319 5727; x_wconf 87' lang='lat' dir='ltr'><strong>sunt</strong></span> <span class='ocrx_word' id='word_1_962' title='bbox 3349 5662 3604 5724; x_wconf 90' lang='lat' dir='ltr'><strong>humiles</strong></span> 
     </span>
    </p>
   </div>
  </div>
