3976 6188
293 335 446 397 1243

1780 339 2205 405 APPENDIX.

3542 343 3686 407 Ii“

289 472 351 530 in
380 478 534 530 terra
566 488 578 528 :
612 473 848 546 quando
878 491 940 532 se
969 472 1286 533 humiliant
1314 472 1372 532 in
1403 476 1607 542 activa,
1635 476 1935 533 elevantur
1963 477 2018 542 Α
2045 475 2223 531 tualis
2254 476 2465 532 domus
2493 477 2674 533 Jacob
2705 476 2930 534 liberati
2961 493 3169 534 sumus
3200 475 3275 534 ab
3305 475 3426 534 illis
3457 477 3694 535 inﬁdeli-

293 563 353 619 in
396 563 863 637 contemplativa.
915 568 982 620 Et
1030 564 1114 619 illi
1170 566 1270 637 qui
1328 565 1423 622 hic
1481 566 1539 620 in
1600 571 1755 622 terra
1803 570 1944 622 sunt

294 653 569 724 humiles,
603 656 756 728 apud
787 654 967 710 Deum
1009 659 1150 710 sunt
1198 656 1318 712 alti.
1369 659 1557 722 Quare
1605 674 1720 713 non
1776 656 1940 726 dixit,

294 744 355 802 in
423 745 708 801 humilem
771 743 998 799 habitat
1056 763 1069 800 :
1121 746 1220 801 sed
1279 746 1444 814 dixit,
1504 749 1747 816 respicit.
1813 747 1942 802 Ideo

296 837 435 909 quia
485 837 583 893 ubi
638 835 894 906 respicit,
928 829 1008 891 ibi
1041 835 1285 899 habitat,
1341 841 1399 892 et
1444 835 1541 890 ubi
1584 835 1827 903 habitat,
1863 835 1943 891 ibi

299 927 554 998 respicit.
1402 973 1410 980 _

370 1039 399 1066 α
431 1015 733 1071 Suscitans
784 1033 818 1071 a
863 1019 1018 1071 terra
1061 1016 1316 1088 inepem.
1353 1038 1380 1065 ››
1413 1016 1482 1071 Et
1513 1017 1584 1072 de
1627 1015 1835 1088 capite,
1889 1017 1948 1070 et

297 1107 370 1162 de
388 1104 669 1161 membris
691 1104 1053 1176 intelligitur.
1089 1105 1391 1170 Suscitans,
1420 1106 1528 1163 hoc
1558 1111 1666 1171 est,
1700 1104 1943 1161 suscita-

295 1195 378 1251 vit
409 1200 559 1251 Deus
589 1197 760 1250 Pater
787 1193 1106 1260 Christum,
1139 1195 1238 1266 qui
1270 1195 1439 1266 inops
1489 1200 1546 1251 et
1592 1185 1812 1267 pauper
1843 1212 1945 1266 pro

299 1284 470 1340 nobis
524 1284 710 1339 Iactus
742 1287 848 1337 est.
883 1284 952 1338 Et
983 1301 1088 1340 nos
1119 1284 1341 1356 inopes,
1373 1285 1428 1339 id
1470 1289 1576 1353 est,
1611 1283 1736 1339 sine
1786 1288 1946 1356 patre

296 1372 548 1438 diabolo,
584 1372 707 1427 sine
745 1376 928 1430 matre
958 1372 1305 1445 gentilitate,
1339 1374 1696 1429 suscitamur
1725 1391 1759 1428 a
1789 1373 1948 1428 Chri-

299 1467 408 1520 sto.
445 1485 472 1513 «
504 1463 574 1518 Et
620 1463 690 1517 de
731 1465 983 1518 stercore
1032 1463 1262 1534 erigens
1309 1479 1646 1534 pauperem.
1703 1486 1730 1512 ››
1783 1463 1946 1527 Quod

298 1552 462 1616 dixit,
495 1555 664 1618 terra,
696 1551 805 1607 hoc
835 1555 922 1606 est
947 1555 1206 1607 stercus:
1241 1557 1299 1607 et
1323 1554 1479 1623 quod
1509 1552 1674 1622 dixit,
1707 1555 1945 1624 inOpem,

299 1641 409 1697 hoc
449 1644 558 1705 est,
592 1645 648 1695 et.
680 1656 1014 1711 pauperem.
1049 1641 1193 1706 Quia
1239 1642 1309 1696 de
1353 1645 1508 1697 terra
1549 1645 1605 1697 et
1643 1641 1949 1713 putredine

301 1734 671 1802 peccatorum
705 1733 1037 1784 nostrorum
1067 1730 1248 1786 erexit
1275 1747 1382 1787 nos
1435 1749 1447 1786 :
1488 1735 1554 1786 ut
1582 1729 1725 1786 illud
1763 1747 1776 1785 :
1812 1730 1951 1798 Quid

303 1820 573 1891 superbis,
601 1819 784 1890 pulvis
813 1827 866 1874 et
896 1827 1044 1874 terra
1073 1821 1259 1891 (Eccli.
1294 1839 1352 1888 x,
1379 1821 1456 1892 9).

375 1932 402 1958 «
440 1907 513 1963 Ut
541 1907 782 1964 collocet
805 1925 938 1964 eum
971 1926 1104 1964 cum
1137 1909 1520 1982 principibus,
1553 1926 1686 1966 cum
1734 1911 1946 1981 princi-

304 1997 479 2069 pibus
527 1997 725 2070 populi
760 1999 871 2054 sui.
905 2019 930 2050 υ
961 1998 1271 2055 Collocavit
1325 2000 1480 2056 Deus
1530 2001 1697 2056 Pater
1736 2000 1947 2055 Filium

303 2104 477 2143 suum
511 2087 566 2141 in
601 2087 936 2144 coelestibus
965 2087 1028 2144 in
1057 2089 1294 2145 dextera
1319 2090 1520 2145 sua.Et
1548 2089 1950 2145 dominabitur

301 2193 480 2242 super
507 2175 820 2249 principes.
854 2177 911 2232 id
942 2182 1053 2247 est,
1084 2194 1262 2250 super
1291 2193 1495 2234 novem
1517 2179 1752 2234 ordines
1773 2195 1948 2251 ange-

297 2265 512 2333 lorum,
537 2267 860 2322 secundum
890 2265 1035 2321 illud
1071 2285 1083 2322 :
1119 2267 1391 2339 Princeps
1425 2267 1758 2335 militiae,vel
1789 2269 1948 2340 prin-

303 2372 439 2427 ceps
467 2355 750 2409 virtutum
781 2370 886 2426 ego
919 2371 1072 2409 sum.
1110 2357 1181 2410 Et
1217 2355 1459 2427 insuper
1488 2361 1741 2426 sanctos,
1757 2362 1813 2413 et
1843 2375 1952 2414 sua

305 2443 570 2499 membra
600 2441 900 2498 collocavit
927 2459 1060 2498 cum
1093 2443 1240 2515 ipsis
1270 2460 1474 2500 novem
1507 2446 1811 2503 ordinibus
1842 2464 1950 2502 an-

303 2531 586 2604 gelorum.

375 2643 404 2670 ‹‹
437 2619 543 2686 Qui
577 2620 840 2677 habitare
891 2621 1027 2677 facit
1072 2622 1328 2679 sterilem
1377 2624 1436 2678 in
1476 2624 1668 2691 domo,
1704 2627 1952 2680 matrem

311 2708 566 2766 ﬁliorum
607 2710 925 2766 laetantem.
977 2733 1005 2760 »
1059 2701 1308 2782 Sterilis,
1336 2711 1446 2768 hoc
1475 2716 1583 2782 est,
1617 2715 1821 2769 saneta
1852 2707 1952 2768 Ec-

309 2799 504 2856 clesia.
539 2799 704 2856 Unde
733 2800 790 2855 in
826 2800 1114 2872 Propheta
1142 2801 1320 2857 dicit:
1356 2803 1587 2867 Laetare,
1608 2805 1952 2870 sterilis,etc.

313 2889 444 2960 (Isa.
475 2907 590 2958 x1v,
626 2889 696 2959 1).
725 2888 1009 2946 Primitus
1038 2890 1256 2946 sterilis
1289 2892 1400 2946 fuit
1448 2896 1650 2948 sancta
1679 2892 1952 2960 Ecclesia,

315 2977 454 3049 quia
484 2995 599 3033 non
631 2979 948 3050 generabat
988 2978 1161 3045 ﬁlios,
1213 2980 1325 3036 nisi
1374 2997 1620 3052 paucos;
1653 2982 1958 3054 Synagoga

310 3066 518 3123 habuit
544 3067 732 3123 virum
765 3068 974 3134 Deum,
1007 3069 1108 3125 sed
1140 3073 1337 3125 tamen
1375 3087 1593 3142 paucos
1639 3070 1955 3142 generavit.

307 3156 518 3212 Postea
561 3155 832 3225 Ecclesia,
886 3173 1011 3228 quae
1059 3162 1193 3213 ante
1241 3157 1458 3214 sterilis
1505 3160 1710 3230 fuerat,
1745 3159 1802 3214 in
1837 3153 1954 3214 un'o

308 3244 401 3300 die
427 3244 515 3302 vel
548 3246 799 3315 duobus,
832 3225 1082 3318 grandes
1115 3251 1320 3320 partus
1368 3248 1536 3319 fudit,
1583 3225 1816 3319 quando
1855 3265 1951 3320 ge-
1983 3225 2029 3289 (ἶ

311 3334 535 3391 neravit
569 3341 700 3392 octo
747 3335 934 3392 millia
981 3339 1117 3410 (Act.
1170 3356 1231 3407 ιι,
1281 3339 1378 3404 41ς
1415 3355 1490 3407 ιν,
1523 3337 1598 3406 4).
1635 3338 1701 3392 Et
1727 3337 1787 3392 in
1821 3338 1955 3392 Pro-

313 3424 489 3496 pheta
531 3425 674 3482 dicit
725 3443 738 3482 :
791 3428 1069 3497 Qui_sunt
1114 3428 1250 3494 isti,-
1281 3431 1376 3482 aut
1425 3429 1548 3497 quis
1591 3428 1781 3498 genuit
1832 3427 1958 3482 illos

309 3514 452 3569 mihi
481 3515 607 3584 (Isa.
640 3533 792 3579 xux,
821 3515 956 3586 21)?
984 3519 1089 3573 Fac
1115 3516 1260 3572 mihi
1282 3517 1526 3587 spatium
1571 3524 1622 3572 et
1668 3516 1827 3572 urbes
1865 3515 1960 3571 ubi

314 3603 574 3658 habitem.
625 3605 689 3658 Et
733 3606 994 3660 Dominus
1040 3606 1185 3662 dixit
1231 3623 1250 3660 :
1297 3607 1406 3674 Ego
1446 3607 1651 3676 faciam
1679 3606 1835 3676 (Ibid.
1865 3607 1956 3669 20,

311 3691 403 3759 22)

313 3727 425 3744 wn

485 3693 546 3745 In
599 3707 817 3747 omnem
869 3696 1079 3749 terram
1123 3696 1295 3750 exivit
1349 3711 1513 3752 sonus
1568 3711 1754 3751 eorum
1781 3695 1956 3763 (Psat.

315 3795 476 3844 xvm,
505 3777 582 3847 5),
614 3779 724 3834 hoc
772 3784 879 3850 est,
931 3781 992 3836 in
1048 3785 1168 3838 toto
1219 3784 1460 3838 mundo.
1502 3805 1524 3834 ι
1559 3783 1664 3846 Qui
1699 3783 1962 3838 habitare

317 3868 454 3923 facit
499 3867 756 3924 sterilem
790 3869 846 3924 in
880 3870 1074 3940 domo,
1116 3891 1142 3920 »
1201 3871 1309 3926 hoc
1339 3876 1448 3931 est.
1477 3873 1534 3926 in
1571 3871 1843 3928 Ecclesia.
1894 3873 1964 3926 Et

313 3956 444 4029 ipsa
472 3961 563 4012 est
590 3956 826 4028 sterilis,
855 3961 912 4013 et
940 3958 1070 4031 ipsa
1099 3963 1188 4015 est
1218 3964 1419 4029 mater,
1435 3964 1492 4015 et
1521 3961 1630 4030 ipsi
1662 3965 1804 4015 sunt
1833 3959 1963 4038 ﬁlii;

318 4050 375 4100 et
403 4045 462 4101 in
497 4047 813 4120 semetipsa
847 4047 1090 4104 habitat.
1138 4052 1257 4104 Hoc
1303 4053 1412 4116 est,
1446 4047 1644 4104 unitas
1672 4047 1958 4113 Ecclesiae,

317 4150 435 4190 una
463 4149 556 4190 res
585 4140 694 4204 est,
725 4139 783 4192 et
810 4136 1000 4193 multa
1029 4138 1294 4193 membra
1340 4153 1352 4192 :
1404 4137 1504 4192 sed
1535 4153 1720 4192 unum
1751 4153 1963 4208 corpus

319 4223 491 4278 multi
525 4227 754 4291 sunt,ut
788 4225 998 4282 Paulus
1029 4225 1168 4282 dicit
1197 4227 1370 4299 (Rom.
1404 4227 1584 4297 x11,4),
1617 4229 1673 4281 et
1702 4224 1782 4281 ibi
1813 4224 1966 4280 laeta-

315 4310 476 4366 bitur
504 4312 563 4367 in
591 4313 927 4385 semetipsa,
961 4315 1072 4371 hoc
1099 4319 1208 4382 est,
1239 4317 1300 4370 in
1327 4315 1570 4371 unitate.

862 4436 1186 4493 PSALMUS
1225 4437 1420 4494 CXIII.

318 4523 590 4598 Alleluia._
610 4526 725 4598 Iste
768 4524 1034 4596 psalmus
1087 4542 1289 4598 vocem
1319 4525 1595 4598 continet
1641 4526 1962 4598 Prophetas,

389 4595 870 4667 ostendentis’ut
919 4613 1044 4667 quin
1093 4597 1150 4652 in
1201 4613 1267 4653 eo
1317 4597 1594 4653 historice
1637 4595 1970 4667 narrantur,
2003 4596 2049 4662 D

400 4665 784 4738 spiritualiter
810 4665 967 4724 dicta
994 4667 1417 4741 intelligantur.

399 4757 524 4811 «In
558 4755 716 4812 exitu
765 4756 942 4814 Israel
992 4757 1063 4812 de
1107 4759 1372 4830 (Egypto,
1415 4757 1627 4812 domus
1673 4757 1852 4812 Jacob
1903 4757 1974 4813 de

329 4843 545 4916 populo
573 4845 841 4902 barbaro.
877 4846 991 4902 Iste
1017 4847 1282 4918 psalmus
1312 4846 1635 4903 secundum
1670 4845 1974 4902 historiam

328 4935 1010 5006 commemorat,quando
1031 4935 1136 4991 ﬁlii
1159 4935 1335 4992 Israel
1357 4934 1622 4992 exierunt
1643 4935 1714 4990 de
1734 4935 1975 5008 Egypto

328 5023 518 5089 (Exod.
577 5041 697 5091 x111,
763 5026 871 5091 17).
934 5025 1045 5081 Sed
1093 5024 1224 5097 plus
1273 5025 1525 5096 pertinet
1577 5025 1650 5080 ad
1709 5041 1972 5093 sensum,

329 5112 563 5181 quando
593 5129 700 5168 nos
729 5111 958 5168 liberati
991 5113 1213 5169 fuimus
1243 5115 1314 5170 de
1342 5114 1608 5187 Egypto,
1641 5113 1748 5168 hoc
1779 5117 1868 5168 est
1904 5113 1976 5168 de

326 5200 582 5256 tenebris
598 5201 938 5275 ignorantiae
963 5207 1331 5275 peccatorum
1353 5207 1687 5260 nostrorum
1710 5218 1808 5274 per
1826 5202 1975 5275 bap-

327 5287 594 5344 tismum.
629 5311 657 5339 ››
687 5296 905 5348 Domus
933 5293 1110 5349 Jacob
1144 5293 1215 5348 de
1243 5291 1457 5365 populo
1489 5292 1792 5348 barbaro.»
1811 5291 1974 5347 Libe-

328 5379 438 5436 rati
467 5379 702 5434 fuerunt
732 5379 817 5434 illi
847 5380 1152 5438 lsraelitici
1200 5383 1271 5438 de
1318 5381 1532 5455 populo
1560 5381 1832 5452 barbaro,
1867 5381 1976 5437 hoc

325 5472 436 5535 est,
464 5468 535 5523 de
566 5465 682 5522 illis
711 5468 982 5540 gentibus
1029 5487 1155 5542 qum
1204 5471 1263 5526 in
1314 5472 1555 5544 Egypto
1607 5470 1972 5526 habitabant.

327 5562 393 5613 Et
423 5559 495 5613 ad
528 5557 1070 5614 sensum.«Domus
1098 5560 1300 5626 Jacob,
1331 5561 1366 5610 ››’
1394 5560 1870 5634 supplantatores
1889 5559 1974 5614 vi-

327 5647 539 5706 tiorum
571 5645 925 5722 intelligunt.
961 5647 1204 5704 Liberati
1237 5653 1378 5705 sunt
1416 5649 1535 5718 isti,
1565 5652 1623 5705 et
1653 5665 1761 5708 nos
1799 5647 1975 5726 Spiri-

2052 565 2183 634 bus,
2237 567 2336 638 qui
2385 567 2442 622 in
2498 567 2840 623 inﬁdelitate
2886 573 3358 639 permanserunt.
3417 591 3436 615 ιι
3490 569 3699 626 Domus

2050 655 2291 712 Jacoba
2328 657 2606 713 Primitus
2637 657 2746 712 fuit
2772 661 3010 712 vocatus
3039 657 3239 724 Jacob,
3276 659 3696 729 postealsrael.

2053 744 2214 800 Unde
2271 746 2418 802 dixit
2473 764 2487 804 :
2554 748 2672 803 Vidi
2725 748 3016 802 Dominum
3069 747 3214 816 facie
3258 746 3330 801 ad
3381 745 3607 818 faciem,
3652 751 3702 803 et

2050 834 2209 890 salva
2236 838 2388 907 facta
2419 841 2496 891 est
2525 838 2719 891 anima
2765 852 2889 891 mea
2937 835 3086 907 (Gen.
3134 852 3310 906 xxxii,
3346 836 3465 902 30).
3503 835 3570 889 Et
3607 837 3700 892 Do-

2055 925 2251 980 minus
2299 925 2445 994 dixit
2498 927 2570 982 ad
2620 925 2787 981 illum
2831 928 2998 982 :Jam
3042 941 3154 980 non
3199 925 3487 980 vocaberis
3535 926 3706 996 Jacob,

2051 1013 2142 1069 sed
2169 1016 2343 1088 Isrgel
2375 1017 2487 1070 erit
2515 1031 2713 1070 nomen
2745 1019 2902 1070 tuum
2935 1013 3093 1085 (Ibid.
3119 1015 3230 1082 28).
3265 1014 3333 1068 Et
3367 1030 3480 1069 nos
3516 1013 3708 1084 primi-

2052 1107 2150 1159 tus
2192 1103 2473 1160 debemus
2503 1120 2633 1159 esse
2660 1105 2862 1170 Jacob,
2912 1103 3022 1158 hoc
3068 1106 3175 1173 est,
3227 1101 3710 1176 supplantatores

2052 1193 2327 1249 vitiorum
2363 1211 2375 1248 :
2410 1199 2475 1248 ut
2503 1198 2703 1266 postea
2733 1192 3032 1266 possimus
3077 1209 3206 1248 esse
3259 1191 3468 1258 Israel,
3504 1191 3564 1246 id
3609 1200 3710 1260 est,

2054 1282 2267 1338 anima;
2291 1283 2555 1338 videntes
2586 1288 2790 1346 Deum,
2815 1286 2874 1338 et
2893 1281 3078 1338 oculis
3097 1281 3289 1337 cordis
3320 1281 3712 1352 contemplari

2059 1373 2238 1427 Deum
2275 1388 2286 1427 :
2321 1373 2648 1428 secundum
2678 1371 2821 1426 illud
2857 1388 2869 1427 :
2905 1373 3062 1426 Beati
3099 1371 3300 1426 mundo
3349 1371 3541 1436 corde,
3592 1386 3717 1440 quo-

2055 1463 2212 1516 niam
2244 1463 2349 1534 ipsi
2377 1463 2546 1516 Deum
2575 1460 2834 1516 videbunt
2866 1461 3072 1532 (Matth.
3105 1478 3160 1525 v,
3191 1460 3269 1530 8).

2129 1601 2156 1626 «
2192 1578 2365 1632 Facta
2393 1582 2481 1632 est
2503 1577 2707 1632 Judaaa
2746 1575 3130 1632 sanctificatio
3173 1576 3322 1645 ejus.
3361 1598 3390 1622 ››
3424 1575 3491 1629 In
3518 1575 3719 1630 Judaa

2060 1665 2334 1738 primitus
2367 1665 2476 1720 fuit
2506 1665 2892 1722 sanctiﬁcatio
2916 1664 3162 1720 Dei.Sed
3193 1663 3423 1733 Judma,
3450 1667 3718 1733 confessio

2059 1755 2494 1826 interpretatur,
2526 1755 2584 1808 id
2616 1759 2723 1818 est,
2756 1753 2813 1808 in
2848 1753 2965 1809 illis
3013 1753 3112 1824 qui
3151 1752 3515 1809 conﬁtentur
3547 1754 3716 1809 ﬁdem

1979 1851 2026 1915 B
2059 1843 2381 1908 Trinitatis,
2415 1850 2474 1898 et
2504 1844 2744 1899 veniunt
2773 1844 2844 1898 ad
2871 1844 3260 1916 baptismum,
3291 1842 3394 1896 ubi
3427 1847 3525 1898 est
3551 1859 3714 1898 sanc-

2059 1933 2300 1988 tiﬁcatio
2333 1933 2456 1988 Dei.
2496 1931 2728 1988 «Israel
2777 1935 3034 2004 potestas
3087 1933 3236 2000 ejus.
3275 1953 3295 1980 ι
3329 1932 3404 1986 Et
3456 1936 3717 2004 potestas

2059 2021 2157 2076 Dei
2205 2026 2315 2088 est,
2366 2027 2431 2076 ut
2483 2020 2658 2078 Israel
2705 2037 2834 2076 esse
2880 2036 3230 2084 mereamur,
3265 2018 3325 2073 id
3357 2024 3470 2084 est,
3508 2020 3718 2074 anima

2059 2110 2325 2166 videntes
2355 2110 2537 2166 Deum
2568 2125 2863 2166 vocemur.
2897 2108 3041 2165 Irael
3071 2107 3334 2180 regnavit
3367 2107 3430 2161 in
3461 2123 3555 2162 ea.

2132 2250 2159 2276 ‹‹
2193 2230 2345 2282 Mare
2377 2225 2520 2282 vidit
2550 2230 2606 2282 et
2636 2226 2804 2298 fugit.
2836 2246 2862 2277 η
2897 2247 2926 2275 ‹‹
2973 2224 3130 2279 Mare
3179 2222 3323 2278 vidit
3373 2229 3434 2278 et
3485 2223 3649 2296 fugit,
3685 2246 3712 2271 π

2061 2317 2294 2388 quando
2341 2316 2568 2388 Moyses
2617 2331 2750 2370 cum
2801 2313 3014 2387 populo
3046 2329 3152 2369 suo
3183 2312 3338 2368 venit
3369 2314 3572 2383 (Exod.
3602 2329 3719 2383 xxv,

2059 2406 2172 2477 21).
2207 2409 2272 2460 Et
2301 2405 2593 2476 quomodo
2623 2403 2806 2459 vidit?
2856 2405 2920 2458 Id
2969 2407 3080 2471 est,
3127 2400 3418 2458 intellexit
3448 2401 3720 2457 volunta-

2062 2497 2180 2550 tem
2210 2493 2516 2559 Creatoris,
2559 2496 2616 2548 et
2644 2492 2881 2548 donavit
2910 2491 3105 2548 locum
3134 2489 3220 2546 illi
3250 2488 3492 2563 populo.
3520 2490 3724 2556 Aliter,

2063 2584 2388 2639 secundum
2421 2598 2660 2638 sensum
2694 2597 2708 2636 :
2743 2582 2924 2648 Mare,
2955 2580 3276 2654 gentilitas,
3307 2579 3456 2634 vidit
3485 2583 3723 2635 sanctos

2064 2671 2490 2744 praedicatores,
2523 2669 2995 2744 supplantatores
3048 2668 3346 2736 vitiorum,
3390 2673 3448 2721 et
3504 2668 3721 2723 animm

2063 2761 2325 2816 videntes
2375 2761 2559 2816 Deum
2612 2761 2908 2832 fugerunt,
2968 2758 3027 2814 id
3080 2762 3190 2824 est,
3222 2774 3338 2812 non
3370 2761 3711 2828 potuerunt,

2067 2850 2333 2906 resistere
2365 2849 2668 2920 apostolis,
2702 2848 2840 2920 quia
2869 2848 3024 2903 Deus
3054 2845 3113 2902 in
3145 2845 3264 2902 illis
3292 2851 3466 2900 erat.«
3494 2844 3712 2899 Jorda-

2067 2939 2159 2994 nis
2191 2955 2507 2994 conversus
2557 2943 2646 2994 est
2691 2942 3035 2993 retrorsum.
3071 2959 3099 2985 »
3129 2935 3443 2991 Jordanem
3469 2949 3722 2988 conver-

2066 3045 2199 3084 sum
2231 3045 2358 3083 esse
2389 3032 2706 3083 retrorsum
2753 3043 2869 3082 non
2919 3026 3134 3098 legitur
3162 3026 3221 3079 in
3253 3023 3503 3079 historia
3541 3023 3725 3091 (Iosue

2068 3116 2388 3187 111,16),nisi
2414 3117 2648 3187 quando
2669 3132 2804 3171 cum
2835 3132 2970 3170 arca
2998 3114 3058 3169 in
3089 3115 3285 3188 ipsum
3317 3111 3720 3168 intraverunt:

2067 3205 2238 3278 quasi
2279 3210 2597 3260 retrorsum
2647 3204 3011 3260 ambulasset
3056 3202 3156 3259 illa
3203 3218 3376 3274 aqua,
3429 3201 3516 3256 sic
3565 3201 3726 3257 stetit

2066 3294 2237 3367 quasi
2267 3311 2494 3360 murus,
2517 3298 2574 3349 et
2599 3293 2704 3348 illa
2733 3293 2846 3349 alia
2874 3310 3028 3365 aqua
3057 3290 3490 3364 perambulavit
3511 3291 3574 3345 in
3597 3307 3718 3346 ma-

2068 3399 2148 3439 re.
2177 3382 2322 3447 Quid
2355 3399 2492 3455 ergo
2523 3381 2868 3455 intelligitur
2898 3399 3001 3453 per
3029 3380 3176 3437 hoc?
3215 3378 3494 3436 Jordanis
3545 3380 3722 3434 inter-

2069 3477 2348 3544 pretatur,
2398 3495 2426 3522 «
2473 3471 2742 3527 descensio
2797 3487 3005 3527 eorum.
3066 3493 3094 3520 ››
3151 3468 3239 3524 Illi
3291 3467 3718 3541 intelliguntur,

2069 3561 2172 3633 qui
2200 3560 2441 3616 veniunt
2470 3561 2541 3616 ad
2575 3560 2958 3632 baptismum.
2991 3559 3232 3626 Quando
3262 3558 3544 3613 viderunt
3572 3574 3719 3612 mar-

2071 3655 2226 3724 tyres
2258 3650 2374 3722 pati
2407 3650 2842 3722 persecutiones
2891 3648 3129 3715 multas,
3178 3647 3448 3703 conversi
3496 3651 3640 3702 sunt
3667 3646 3720 3700 in

2072 3756 2253 3804 mare,
2307 3738 2417 3794 hoc
2474 3743 2583 3806 est,
2633 3738 2693 3793 in
2743 3737 3067 3810 gentilitate
3099 3740 3481 3808 negaverunt.
3517 3736 3719 3790 Postea

2072 3827 2355 3885 Dominus
2387 3844 2486 3898 per
2516 3844 2658 3882 suos
2688 3827 3092 3897 praedicatores
3119 3823 3342 3880 vocavit
3362 3824 3497 3880 illos
3533 3843 3546 3879 :
3586 3824 3717 3878 Con-

2071 3918 2359 3973 vertimini
2386 3917 2466 3972 ad
2487 3932 2591 3983 me,
2624 3921 2677 3971 et
2704 3932 2806 3989 ego
2836 3923 3082 3971 revertar
3109 3914 3180 3971 ad
3206 3931 3296 3970 vos
3327 3915 3518 3985 (Zach.
3556 3932 3595 3984 ι,
3649 3914 3724 3982 3).

2073 4006 2418 4062 Etconversi
2450 4006 2686 4060 fuerunt
2714 4009 2916 4076 postea
2947 4003 3116 4062 multi
3140 4005 3211 4059 ad
3239 4001 3554 4060 Deum.Illa
3573 4017 3725 4072 aqua

2076 4087 2503 4166 perambulavit
2551 4093 2608 4150 in
2666 4110 2845 4164 mare,
2879 4093 2935 4148 id
2968 4097 3079 4160 est,
3109 4095 3250 4148 sunt
3298 4091 3576 4155 inﬁdeles,
3611 4090 3712 4158 qui

2075 4182 2630 4255 perambulaverunt
2660 4183 2718 4237 in
2751 4198 2931 4250 mare,
2967 4181 3025 4236 id
3057 4185 3165 4250 est,
3218 4181 3276 4236 in
3333 4196 3476 4236 mare
3518 4175 3714 4248 perdi-

2076 4271 2273 4328 tionis.

2152 4399 2178 4431 α
2207 4378 2434 4435 Montes
2464 4378 2903 4434 exsultaverunt
2931 4381 2996 4434 ut
3021 4377 3254 4445 arietes,
3285 4381 3346 4432 et
3372 4375 3550 4433 colles
3579 4375 3731 4432 sicut

2079 4467 2215 4540 agni
2247 4467 2465 4523 ovium.
2502 4489 2529 4516 »
2563 4466 3012 4522 Exsultaverunt
3059 4466 3247 4524 sancti
3297 4465 3726 4538 praedicatores,

2081 4557 2315 4628 quando
2347 4556 2617 4611 viderunt
2657 4553 2790 4611 illos
2821 4571 3152 4628 conversos,
3201 4556 3301 4628 qui
3353 4558 3531 4610 antea
3578 4551 3726 4608 blas-

2081 4645 2278 4718 phemi
2309 4647 2563 4701 fuerunt.
2598 4667 2625 4695 «
2657 4643 3104 4700 Exsultaverunt
3131 4648 3197 4700 ut
3225 4642 3503 4709 arietes,»
3535 4641 3598 4697 id
3627 4645 3729 4707 est,

2085 4733 2382 4808 principes
2410 4749 2678 4806 gregum,
2709 4733 2809 4806 qui
2839 4749 3126 4806 generans
3155 4733 3327 4802 ﬁlios,
3361 4733 3420 4787 id
3454 4736 3570 4796 est,
3598 4747 3728 4786 san-

2085 4823 2162 4878 cti
2211 4821 2479 4895 apostoli.
2513 4821 2676 4878 Unde
2707 4839 2860 4878 unus
2889 4822 2961 4878 de
2991 4821 3107 4879 illis
3136 4822 3318 4878 dicit:
3344 4823 3454 4877 Per
3482 4824 3731 4890 Evange-

2085 4914 2224 4968 lium
2255 4928 2348 4984 ego
2378 4927 2468 4968 vos
2497 4913 2670 4981 genui
2699 4913 2742 4984 (ι
2771 4915 2894 4968 Cor.
2927 4929 3004 4980 ιν,
3039 4913 3148 4983 15).
3181 4909 3286 4967 Vel
3316 4909 3728 4983 praedicatores

2083 5001 2306 5057 altioris
2336 4999 2525 5056 meriti
2561 4999 2986 5072 intelliguntur,
3019 5000 3120 5072 qui
3151 5000 3324 5056 modo
3354 5003 3642 5072 generant
3664 4996 3729 5051 ﬁ-

2083 5089 2194 5146 lios
2225 5107 2327 5162 per
2355 5089 2828 5162 praedicationem
2857 5106 3082 5146 eorum.
3108 5089 3270 5146 Unde
3295 5087 3517 5145 Paulus
3545 5086 3723 5143 dixit:

2082 5181 2276 5238 Filioli
2302 5180 2433 5247 mei,
2465 5195 2596 5251 quos
2629 5181 2825 5235 iterum
2857 5179 3305 5253 parturio,donee
3336 5178 3588 5236 Christus
3608 5177 3722 5245 for-

2083 5277 2266 5326 metur
2293 5271 2351 5325 in
2380 5269 2528 5324 vobis
2559 5268 2760 5340 (Galat.
2794 5285 2869 5335 1v,
2903 5261 3014 5340 19).

2157 5400 2185 5427 ‹‹
2219 5375 2368 5441 Quid
2399 5379 2488 5432 est
2515 5374 2646 5444 tibi,
2678 5391 2858 5448 mare,
2881 5375 3039 5448 quod
3069 5374 3302 5449 fugisti;
3335 5379 3396 5431 et
3418 5378 3509 5444 tu,
3535 5370 3708 5430 Jorda

2085 5466 2274 5531 danis,
2309 5481 2489 5537 quare
2519 5481 2838 5520 conversus
2885 5481 2948 5521 es
2995 5463 3361 5522 retrorsum?
3388 5486 3419 5515 «
3451 5461 3729 5536 Propheta

2085 5573 2188 5630 per
2228 5555 2609 5628 semetipsum
2645 5553 2988 5628 interrogat,
3035 5560 3091 5611 et
3143 5554 3268 5628 ipse
3310 5551 3641 5627 respondit,
3666 5563 3725 5604 ac

2086 5646 2134 5704 si
2165 5645 2322 5704 dicat
2353 5663 2368 5703 :
2399 5644 2547 5713 Quid
2591 5642 2699 5709 tibi
2751 5644 2879 5718 fuit,
2911 5643 3230 5718 gentilitas,
3281 5644 3438 5719 quod
3487 5635 3726 5717 fugisti?
