3976 6188
260 383 419 450 1245

1441 386 1941 455 BREVIARIUM
1984 385 2062 451 IN
2106 389 2496 454 PSALMOS.

3515 395 3670 459 1246

335 546 364 575 ‹‹
395 523 465 579 Et
487 524 574 592 tu,
609 523 900 599 Jordanis,
935 551 964 578 «
997 527 1106 584 hoc
1136 532 1225 584 est
1279 533 1336 584 et
1383 542 1506 591 vos,
1563 525 1900 591 Christiani,
1932 526 1984 592 Α
2014 535 2170 587 esset
2198 529 2333 587 talis
2363 530 2616 586 error.Et
2644 529 3095 588 dieuntillitNon
3123 532 3436 588 adoramus
3452 547 3663 589 aurum

265 617 408 692 quid
441 615 552 673 fuit
581 619 735 690 quod
769 620 1030 677 conversi
1055 621 1250 676 fuistis
1280 619 1640 675 retrorsum?
1670 621 1858 686 Quare
1886 619 1913 673 ?

263 707 512 764 Vidistis
542 714 776 766 sanctos
804 711 1230 783 praedicatores,
1266 712 1321 766 id
1357 715 1465 777 est,
1518 714 1746 766 montes
1778 726 1791 764 :
1826 710 1909 764 vi-

263 798 440 855 distis
472 799 701 871 arietes,
735 800 846 857 hoc
876 805 964 857 est
1021 801 1495 874 supplantatores
1522 799 1819 866 vitiorum,
1853 805 1910 856 et

265 889 500 945 animas
530 888 855 948 videntium
885 893 1068 948 Deum
1102 897 1355 962 Patrem,
1391 891 1519 948 ideo
1550 891 1788 962 fugistis
1813 891 1841 946 ?

343 1005 371 1033 «
403 984 651 1051 Montes,
686 982 1025 1040 exsultastis
1054 989 1119 1040 ut
1163 983 1396 1050 arietes,
1456 985 1513 1038 et
1551 980 1727 1039 colles
1760 981 1914 1037 sicut

262 1073 399 1147 agni
432 1072 649 1129 ovium.
687 1098 709 1126 ι
747 1074 1032 1146 Repetitio
1056 1077 1162 1130 est.

339 1186 368 1212 «
401 1166 448 1217 A
479 1162 625 1218 facie
644 1163 874 1220 Domini
907 1168 1063 1219 mota
1094 1167 1184 1219 est
1214 1167 1386 1230 terra,
1421 1180 1453 1218 a
1509 1162 1655 1219 facie
1687 1161 1783 1217 Dei
1811 1161 1909 1216 Ja-

283 1253 410 1309 cob.
447 1275 475 1302 »
497 1252 776 1324 Exposuit
803 1253 916 1309 hoc
949 1253 1233 1326 Propheta
1263 1252 1376 1309 alio
1409 1251 1532 1308 loco
1563 1269 1695 1308 cum
1727 1251 1908 1307 dixit:

282 1341 445 1412 Vidit,
478 1345 529 1397 et
556 1346 823 1398 commota
843 1345 919 1398 est
949 1325 1100 1398 terra
1130 1343 1300 1410 (Psal.
1359 1359 1506 1406 xcw,
1540 1343 1613 1413 4).
1672 1342 1743 1396 Et
1781 1344 1913 1413 post

264 1430 573 1504 paululum
607 1431 690 1487 ait
719 1450 738 1485 :
763 1453 791 1482 «
821 1433 867 1487 A
892 1431 1037 1488 facie
1066 1431 1298 1488 Domini
1331 1435 1387 1486 et
1435 1430 1679 1503 reliqua.
1709 1453 1737 1478 ‹‹
1761 1433 1912 1486 Mota

262 1524 353 1577 est
388 1524 568 1588 terra,
602 1542 629 1568 ››
658 1520 766 1576 hoc
795 1525 906 1588 est,
937 1538 971 1576 a
999 1519 1311 1592 praesentia
1340 1519 1462 1590 Dei,
1497 1519 1634 1592 quia
1665 1523 1816 1574 Deus
1850 1519 1909 1573 in

266 1610 394 1667 suis
423 1609 906 1680 praedicatoribus
937 1615 1077 1666 erat.
1111 1613 1263 1666 Mota
1295 1609 1403 1664 fuit
1433 1608 1766 1682 gentilitas:
1808 1631 1828 1656 ιι
1865 1609 1909 1662 Α

266 1700 413 1756 facie
441 1698 542 1755 Dei
570 1700 772 1770 Jacob,
804 1721 833 1749 «
869 1699 924 1754 id
957 1704 1064 1768 est,
1119 1717 1153 1754 a
1183 1699 1490 1770 praesentia
1542 1697 1704 1753 illius
1734 1713 1907 1769 quem

263 1789 530 1845 adoravit
551 1789 754 1845 Jacob.

2023 637 2126 677 nec
2139 624 2443 692 argentum
2456 619 2576 676 .llle
2588 621 3038 692 responditzNon
3055 638 3266 677 aurum
3286 626 3341 677 et
3353 625 3664 695 argentum

2021 714 2120 770 sed
2152 713 2335 769 Deum
2368 727 2564 767 meum
2598 712 2795 767 adoro.
2829 710 2963 774 Quae
2995 714 3085 766 est
3113 711 3228 766 ista
3258 712 3541 784 imago,et
3568 712 3668 768 illa

2021 807 2280 875 potestas
2313 819 2438 873 quae
2469 801 2529 856 in
2561 802 2687 872 ipsa
2718 804 2806 855 est
2833 800 2861 855 εἰ
2890 799 3046 855 Dicis
3086 800 3188 855 illi:
3253 801 3526 857 Diabolus
3583 802 3664 858 ibi

2021 874 2110 948 est
2140 891 2242 948 Ille
2272 891 2412 947 dicit
2445 909 2457 946 :
2489 890 2676 946 Absit.
2715 894 2842 945 Non
2881 874 3011 946 volo
3067 888 3365 945 diabolum
3399 891 3664 948 adorare:

2020 982 2320 1050 Quomodo
2355 997 2470 1036 non
2511 980 2720 1036 adoras
2739 979 3061 1042 diabolum,
3085 978 3185 1051 qui
3217 978 3275 1033 in
3300 976 3412 1034 alio
3436 979 3666 1050 psalmo

2019 1070 2270 1142 legimus
2303 1089 2316 1138 ;
2352 1070 2544 1126 Omnes
2575 1068 2656 1124 dii
2683 1070 2930 1138 gentium
2958 1068 3226 1123 daemonia
3257 1067 3667 1139 (Psal.xcv,5)?

2019 1160 2173 1216 Dicit
2205 1159 2300 1215 ille
2338 1159 2490 1215 :Nec
2519 1158 2628 1215 hoc
2659 1159 2855 1214 adoro.
2885 1158 3030 1224 Quid
3067 1173 3203 1229 ergo
3254 1158 3464 1212 adoras
3499 1156 3511 1210 !
3546 1159 3664 1226 Ego

2020 1248 2225 1319 solem,
2257 1249 2483 1316 lunam,
2525 1247 2723 1304 stellas
2753 1249 2951 1304 adoro.
2985 1247 3084 1304 Isti
3128 1251 3270 1303 sunt
3300 1247 3412 1301 mei
3443 1245 3545 1310 dii,
3577 1243 3663 1300 illi

2021 1356 2114 1395 me
2135 1338 2378 1394 salvant.
2413 1339 2568 1394 Dicis
2598 1338 2681 1392 illi
2716 1338 2804 1394 :Si
2839 1337 2927 1392 sol
2959 1341 3049 1392 est
3082 1340 3220 1391 tuus
3271 1336 3448 1401 Deus,
3482 1349 3665 1407 quare

2019 1447 2135 1486 non
2168 1446 2398 1500 semper
2427 1429 2532 1484 tibi
2565 1427 2913 1484 lucet?Dicis
2945 1428 3017 1483 ad
3050 1425 3433 1497 alterum,qui
3455 1425 3662 1480 lunam

2020 1521 2241 1588 adorat,
2294 1518 2381 1574 vel
2441 1518 2538 1574 isti
2602 1516 2700 1588 qui
2759 1516 2942 1572 solem
3001 1517 3207 1572 adorat
3240 1533 3252 1570 :
3287 1515 3386 1572 Sol
3438 1514 3665 1585 integer

2018 1612 2126 1665 est.
2161 1610 2248 1663 'I‘u
2282 1606 2481 1663 lunam
2514 1607 2743 1677 adoras,
2778 1622 2957 1676 quare
3005 1605 3213 1661 crescit
3267 1609 3326 1661 et
3382 1602 3665 1659 decrescit

2017 1701 2158 1754 tuus
2188 1697 2364 1762 Deus,
2397 1702 2456 1753 et
2485 1698 2554 1752 de
2586 1698 2753 1751 nocte
2783 1695 2940 1750 lucet
2968 1696 2996 1749 ?
3022 1695 3210 1759 Quare
3260 1710 3376 1748 non
3429 1706 3664 1763 semper

2016 1787 2151 1844 tibit
2182 1787 2336 1844 lucet
2362 1787 2391 1842 ?
2422 1788 2490 1842 Et
2529 1787 2588 1841 in
2616 1803 2776 1842 mare
2807 1785 3042 1856 quando
3073 1781 3664 1855 mergeris,tualuna,

343 1901 364 1927 α
401 1878 508 1944 Qui
540 1877 824 1934 convertit
878 1882 1102 1950 petram
1163 1878 1219 1934 in
1277 1881 1489 1967 stagna
1539 1893 1850 1949 aquarum.
1886 1898 1906 1924 ι
1940 1903 1989 1967 Β
2019 1882 2075 1934 et
2103 1881 2214 1932 tuae
2244 1877 2422 1933 stellm
2450 1895 2552 1932 cur
2575 1881 2632 1932 te
2664 1893 2778 1931 non
2811 1874 3082 1939 liberant,
3117 1877 3173 1928 et
3203 1889 3380 1967 super
3433 1869 3540 1967 tibi
3569 1869 3660 1924 lu-

266 1967 454 2032 Petra,
483 1967 772 2034 Christus,
802 1971 859 2023 et
907 1969 1232 2024 secundum
1286 1966 1616 2036 historiam,
1648 1967 1719 2021 de
1751 1969 1913 2038 petra

263 2056 528 2112 exierunt
556 2057 800 2112 flumina
830 2057 1021 2126 (Exod.
1063 2075 1200 2127 xvu,
1228 2057 1303 2126 6).
1370 2059 1690 2126 Antequam
1751 2054 1912 2111 Chri-

265 2149 394 2202 stus
424 2146 647 2202 veniret
677 2145 733 2200 in
767 2162 1146 2215 carnem,non
1181 2148 1494 2216 eruperant
1524 2145 1716 2215 adhuc
1738 2148 1912 2200 tantae

267 2252 452 2307 aquae,
485 2234 596 2289 hoc
628 2238 736 2304 est,
768 2238 933 2290 tanta
962 2235 1228 2290 doctrina
1260 2252 1271 2289 :
1302 2235 1510 2290 Postea
1546 2233 1811 2289 exierunt
1841 2234 1912 2288 de

264 2323 496 2379 Christo
529 2328 781 2395 quatuor
810 2324 1077 2394 ﬂumina,
1113 2330 1368 2397 quatuor
1396 2323 1727 2396 Evangelia,
1759 2321 1912 2379 etir-

264 2411 606 2483 rigaverunt
635 2416 823 2468 totum
855 2413 1169 2468 mundum.
1208 2435 1236 2464 ‹‹
1267 2417 1337 2468 Et
1388 2429 1595 2485 rupem
1628 2413 1687 2468 in
1719 2413 1912 2468 fontes

272 2517 581 2572 aquarum.
622 2521 644 2551 α
668 2501 955 2575 Repetitio
986 2506 1098 2559 est.
1133 2504 1328 2575 Rupes
1359 2506 1518 2568 sunt,
1569 2501 1668 2573 qui
1723 2505 1778 2556 et
1809 2516 1911 2572 pe-

269 2594 381 2645 tra.
416 2591 603 2657 Petra,
635 2591 850 2647 dicitur
880 2591 1063 2664 rupis.
1133 2612 1154 2639 α
1217 2593 1288 2646 Et
1344 2607 1548 2662 rupem
1607 2590 1665 2644 in
1725 2590 1913 2645 fontes

268 2695 576 2750 aquarum.
614 2702 642 2730 ››
673 2681 1008 2738 Doctrinam
1044 2682 1231 2738 multa
1259 2682 1330 2737 de
1357 2680 1769 2736 Christo.Mare
1799 2679 1914 2735 Ru-

263 2768 459 2839 brum,
493 2769 648 2840 quod
681 2770 810 2826 ideo
841 2770 1056 2826 dicitur
1089 2788 1102 2826 :
1135 2772 1276 2842 quia
1308 2770 1461 2826 sicut
1516 2768 1758 2841 sanguis
1789 2772 1914 2823 erat

266 2855 367 2912 illa
398 2875 552 2930 aqua
583 2859 784 2928 maris,
810 2877 937 2931 quae
969 2861 1262 2932 figurabat
1291 2860 1680 2930 baptismum.

342 2968 370 2996 «
404 2951 528 3002 Non
564 2948 754 3014 nobis,
787 2950 1048 3014 Domine,
1112 2967 1224 3005 non
1285 2949 1455 3005 nobis
1490 2967 1502 3012 ;
1538 2949 1636 3004 sed
1689 2947 1910 3003 nomini

272 3038 372 3091 tuo
396 3035 470 3091 da
499 3036 769 3106 gloriam.
805 3060 833 3087 »
868 3039 1080 3092 Dicunt
1107 3038 1189 3093 illi
1222 3039 1357 3094 boni
1388 3037 1574 3094 Judaei
1609 3037 1771 3095 :Non
1804 3053 1912 3092 no-

271 3128 459 3180 strum
493 3126 768 3182 meritum
802 3144 908 3183 nos
938 3127 1223 3192 liberavit,
1258 3129 1358 3183 sed
1392 3131 1492 3182 tua
1524 3129 1782 3198 potestas
1809 3141 1821 3180 :
1846 3129 1913 3179 ut

269 3231 484 3270 nomen
515 3218 683 3270 tuum
715 3215 1075 3288 gloriﬁcetur
1103 3216 1158 3271 in
1192 3217 1469 3272 omnibus
1499 3213 1911 3287 gentibus.Vel

269 3303 678 3376 praedicatores
736 3305 880 3360 Novi
930 3305 1286 3361 Testamenii
1358 3304 1630 3360 similiter
1685 3304 1910 3359 dicunt.
1944 3270 1988 3337 α

273 3393 516 3456 Quando
549 3393 771 3449 faciunt
797 3393 1063 3462 virtutes,
1098 3399 1247 3450 Deus
1292 3411 1394 3466 per
1449 3392 1582 3450 illos
1641 3393 1777 3449 facit
1811 3410 1822 3447 :
1853 3396 1918 3447 ut

271 3499 483 3539 nomen
515 3482 651 3540 illus
684 3483 1062 3555 gloriﬁcetur,
1093 3489 1151 3540 et
1178 3484 1455 3542 laudetur
1483 3500 1586 3556 per
1614 3484 1834 3556 ipsum.

340 3576 526 3644 Super
558 3573 960 3630 misericordia
985 3577 1179 3640 tua,et
1234 3575 1476 3630 veritate
1533 3578 1651 3629 tua.
1711 3594 1738 3622 ιι
1793 3573 1918 3628 Tua

272 3661 695 3729 misericordia,
729 3667 785 3719 et
812 3666 914 3718 tua
943 3663 1154 3719 veritas
1189 3664 1297 3719 hoc
1328 3664 1485 3720 facit.
1514 3687 1541 3715 «
1571 3662 1652 3718 Ne
1683 3663 1916 3734 quando

277 3750 472 3805 dicant
497 3754 722 3822 gentes,
756 3751 858 3808 Ubi
891 3756 982 3808 est
1003 3753 1158 3808 Deus
1187 3770 1389 3810 eorum
1427 3757 1449 3807 ε’
1479 3775 1508 3802 ››
1542 3755 1784 3823 Propter
1808 3751 1916 3806 hoc

272 3837 410 3893 facit
439 3839 593 3893 Deus
623 3838 741 3893 ista
773 3839 1085 3905 mirabilia,
1146 3846 1210 3896 ut
1267 3859 1380 3897 non
1442 3841 1638 3896 dicant
1693 3844 1915 3913 gentes,

271 3926 425 3996 quod
459 3941 572 3980 non
607 3927 896 3997 potuisset
925 3928 1080 3985 Deus
1112 3929 1244 3986 illos
1277 3929 1631 3986 salvare.Vel
1662 3929 1835 3984 modo
1857 3928 1916 3984 in

272 4014 428 4070 Novo
459 4015 832 4071 Testamento
863 4016 1139 4073 similiter
1168 4018 1307 4073 facit
1336 4019 1393 4073 in
1425 4019 1643 4073 sanctis
1673 4018 1818 4073 suis.

349 4123 371 4151 ι
404 4103 560 4160 Deus
589 4107 788 4160 autem
821 4110 1020 4162 noster
1048 4107 1106 4163 in
1131 4108 1294 4164 cmlo:
1325 4107 1522 4162 omnia
1553 4124 1916 4178 quzccunque

272 4192 474 4258 voluit,
497 4193 648 4250 fecit.
683 4213 710 4244 ιι
750 4193 904 4250 Deus
934 4193 992 4250 in
1027 4197 1169 4253 caelo
1219 4214 1478 4253 sursum.
1512 4197 1727 4252 Dicunt
1773 4214 1914 4253 san-

270 4282 347 4337 cti
375 4282 446 4336 ad
478 4281 610 4338 illos
642 4283 1034 4356 inﬁdeles,qui
1066 4285 1224 4343 idola
1249 4288 1518 4343 adorant:
1548 4287 1664 4341 Vos
1693 4290 1917 4342 vestros

270 4370 411 4424 deos
440 4385 621 4425 manu
651 4373 918 4444 tangitis,
969 4377 1026 4428 et
1053 4375 1239 4431 oculis
1270 4375 1628 4431 animalibus
1657 4375 1918 4442 cernitis,

274 4458 374 4514 sed
399 4464 596 4513 noster
627 4462 777 4514 Deus
806 4459 863 4514 in
898 4460 1041 4516 coelo
1070 4467 1160 4518 est
1217 4480 1477 4519 sursum.
1537 4463 1600 4518 In
1663 4463 1805 4520 caelo
1862 4467 1918 4519 et

274 4546 333 4603 in
365 4551 540 4614 terra,
577 4569 605 4598 «
636 4547 838 4604 omnia
870 4565 1236 4622 quaecunque
1263 4552 1630 4618 voluit,fecit.
1665 4574 1691 4600 n
1727 4553 1787 4607 In
1825 4552 1916 4607 his

271 4637 371 4708 qui
398 4636 689 4694 caelestem
719 4636 906 4693 vitam
928 4644 1130 4710 agunt,
1163 4643 1220 4694 et
1248 4639 1438 4695 adhuc
1489 4643 1719 4695 terrena
1746 4657 1917 4696 carne
1949 4642 1994 4706 D

272 4724 645 4797 clauduntur,
679 4725 945 4798 implevit
971 4727 1304 4783 voluntates
1330 4745 1490 4784 suas.

343 4837 371 4864 «
402 4813 727 4872 Simulacra
756 4815 1018 4887 gentium
1070 4821 1378 4889 argentum
1411 4820 1468 4871 et
1487 4833 1718 4886 aurum,
1742 4833 1916 4889 opera

270 4920 552 4960 manuum
587 4903 954 4960 hominum.»
987 4904 1915 4977 Ideodicitursimulacrum,quia

270 4993 341 5049 ad
374 4991 823 5049 similitudinem
856 4991 1107 5066 alicujus
1137 4993 1395 5050 hominis
1427 4993 1662 5057 mortui,
1696 4995 1911 5050 factum

270 5080 364 5136 sit.
399 5106 426 5130 «
460 5087 789 5154 Argentum
807 5086 864 5138 et
892 5101 1125 5139 aurum.
1167 5108 1194 5132 »
1218 5086 1406 5150 Quare
1425 5101 1539 5140 non
1571 5083 1735 5149 dixit,
1763 5083 1908 5155 lapi-

267 5170 397 5238 dea,
427 5174 530 5227 aut
559 5188 705 5227 aerea
737 5172 837 5228 sed
871 5170 1092 5243 ﬁctilia,
1157 5177 1260 5228 aut
1287 5173 1483 5244 lignea
1519 5191 1531 5240 ;
1566 5173 1664 5229 sed
1698 5189 1911 5246 argen-

275 5263 368 5315 tea
383 5263 441 5315 et
469 5275 647 5315 aurea
675 5260 703 5313 ?
732 5250 1269 5333 Quial'prszvidebat
1321 5261 1578 5334 Spiritus
1622 5264 1861 5317 sanctus
1897 5279 1908 5316 :

269 5347 549 5420 quoniam
569 5364 703 5404 cum
726 5347 931 5405 exinde
952 5349 1648 5423 increpatiessent,quale
1671 5366 1910 5423 respon-

269 5453 404 5494 sum
438 5438 663 5494 darent.
694 5438 827 5494 Ideo
857 5439 1054 5510 posuit
1079 5457 1290 5496 aurum
1322 5445 1380 5496 et
1410 5443 1741 5512 argentum.
1776 5438 1911 5508 quia

272 5524 529 5581 dicerent
559 5525 643 5580 illi
672 5545 684 5592 ;
719 5526 845 5582 Non
877 5526 1074 5594 adoro,
1107 5545 1215 5584 nec
1243 5528 1506 5601 ligneum
1563 5529 1770 5596 Deum,
1805 5543 1908 5581 nec

264 5611 698 5685 lapideum,nec
731 5630 968 5683 aereum;
1003 5617 1102 5672 sed
1130 5616 1315 5674 Deum
1348 5633 1590 5673 aureum
1625 5619 1681 5671 et
1705 5631 1908 5688 argen-

263 5702 613 5772 teum,Dicis
632 5701 798 5762 illizsi
817 5711 1087 5763 aurumet
1112 5713 1422 5780 argentum
1453 5707 1907 5776 adorasses,non

2023 1983 2146 2022 cem
2173 1967 2367 2021 dant?
2397 1967 2585 2030 Quare
2607 1964 2796 2020 addit:
2813 1964 3034 2035 «Opera
3047 1979 3332 2018 manuum
3353 1960 3663 2016 hominum

2023 2059 2330 2127 argentum
2361 2057 2417 2110 et
2447 2071 2659 2110 aurum
2685 2053 2714 2106 ?
2745 2073 2771 2103 η
2811 2053 2892 2108 De
2919 2056 3077 2107 terra
3127 2050 3357 2107 fodiunt
3387 2048 3534 2104 illud
3565 2047 3667 2103 ho-

2022 2144 2296 2206 mines,et
2325 2143 2526 2198 colunt
2555 2141 2724 2208 illud,
2756 2146 2813 2196 et
2843 2140 3184 2206 colorant,et
3207 2138 3293 2194 sic
3323 2137 3514 2194 evenit
3533 2135 3665 2207 pul-

2023 2233 2227 2289 chrum
2241 2233 2407 2305 .Ergo
2421 2232 2624 2288 detuis
2637 2231 2911 2287 manibus
2929 2229 3074 2286 facis
3090 2230 3270 2285 Deum
3293 2232 3463 2283 tuum
3487 2241 3664 2302 quem

2023 2323 2252 2379 adoras.
2301 2324 2419 2378 Ista
2475 2323 2546 2377 ad
2597 2322 3011 2377 revincendum
3071 2318 3258 2375 malos
3315 2317 3470 2372 dicta
3528 2319 3669 2371 sunt

2096 2473 2122 2498 ‹‹
2159 2449 2370 2506 Oculos
2401 2449 2638 2514 habent,
2671 2451 2727 2503 et
2756 2464 2870 2503 non
2901 2446 3181 2502 videbunt
3213 2462 3225 2500 :
3259 2459 3430 2500 aures
3449 2442 3670 2498 habent

2023 2545 2080 2596 et
2107 2557 2222 2595 non
2255 2539 2499 2595 audient
2532 2555 2546 2595 :
2575 2555 2747 2593 nares
2777 2536 3013 2601 habent,
3059 2539 3118 2590 et
3168 2551 3282 2589 non
3339 2532 3671 2588 odorabunt

2023 2631 2233 2686 Manus
2279 2629 2518 2693 habent,
2552 2632 2609 2684 et
2637 2644 2754 2683 non
2807 2625 3131 2698 palpabunt
3161 2641 3173 2679 :
3208 2624 3385 2696 pedes
3431 2622 3670 2686 habent,

2022 2724 2081 2775 et
2105 2736 2220 2774 non
2252 2718 2667 2774 ambulabunt:
2704 2732 2818 2771 non
2838 2714 3180 2770 clamabunt
3209 2713 3268 2766 in
3295 2714 3533 2784 gutture
3559 2728 3666 2766 suo

2021 2809 2220 2879 Neque
2252 2807 2408 2862 enim
2441 2811 2532 2861 est
2579 2805 2824 2876 spiritus
2885 2804 2940 2858 in
2974 2819 3072 2859 ore
3125 2802 3412 2873 ipsorum.
3445 2822 3474 2851 »
3511 2800 3666 2855 Dicis

2020 2897 2104 2952 illi
2139 2914 2152 2952 :
2187 2897 2288 2951 Vel
2320 2897 2370 2952 si
2403 2894 2648 2950 bestiam
2686 2893 3013 2962 adorasses,
3054 2890 3190 2946 licet
3246 2889 3470 2945 malum
3521 2893 3668 2953 erat,

2023 2987 2122 3043 sed
2157 2990 2353 3041 tamen
2388 2983 2476 3039 vel
2509 2981 2711 3038 oculos
2740 2981 2941 3049 habet,
2973 2979 3059 3035 vel
3093 2981 3270 3051 pedes
3301 2995 3314 3034 :
3347 2979 3451 3034 sed
3508 2978 3666 3032 istud

2024 3076 2179 3148 quod
2213 3075 2444 3136 adoras,
2479 3090 2584 3128 nec
2606 3071 2782 3137 videt,
2819 3086 2922 3126 nec
2973 3069 3155 3124 audit.
3219 3069 3405 3132 Quare
3463 3066 3665 3122 addit:

2024 3187 2053 3215 ‹‹
2084 3165 2209 3220 ΝΟῐΙ
2242 3163 2584 3219 clamabunt
2631 3163 2689 3217 in
2747 3164 2982 3232 gutture
3039 3175 3145 3214 suo
3175 3158 3204 3212 ‘I
3237 3179 3264 3206 »
3296 3157 3442 3223 Quia
3469 3155 3669 3211 bestia:

2027 3254 2286 3311 clamant
2315 3269 2471 3322 voce,
2507 3253 2606 3308 sed
2641 3251 2920 3306 confusus
2949 3252 3039 3304 est
3068 3248 3288 3302 clamor
3316 3246 3669 3308 eorum.Non

2027 3342 2329 3414 intelligis,
2364 3357 2553 3412 neque
2585 3343 2748 3410 potes
2807 3355 2909 3410 per
2968 3336 3214 3402 litteras,
3270 3335 3354 3391 vel
3416 3333 3672 3406 syllabas

2025 3431 2540 3504 comprehendere,
2573 3428 2867 3501 quomodo
2895 3442 3094 3482 vocem
3126 3425 3385 3480 hominis
3411 3439 3673 3494 compre-

2026 3522 2257 3580 hendis.

2100 3663 2128 3688 «
2162 3636 2398 3694 Similes
2429 3636 2545 3692 illis
2577 3637 2726 3690 ﬁant
2754 3634 2852 3705 qui
2888 3632 3113 3689 faciunt
3137 3647 3226 3696 ea,
3255 3632 3311 3685 et
3340 3643 3547 3684 omnes
3571 3627 3670 3700 qui

2027 3729 2331 3784 confidunt
2360 3725 2419 3781 in
2452 3725 2555 3781 eis.
2593 3747 2621 3773 ‹‹
2651 3722 2898 3790 Similes,
2954 3721 3062 3777 hoc
3108 3722 3217 3783 est,
3249 3718 3298 3774 si
3329 3715 3530 3773 oculos
3563 3732 3674 3772 non

2026 3817 2323 3880 emendat,
2357 3815 2496 3887 quia
2525 3814 2671 3868 vidit
2696 3812 2837 3868 illud
2873 3826 3108 3874 aurum,
3140 3807 3301 3863 illam
3333 3805 3677 3878 imaginem.

2029 3906 2141 3961 Sed
2168 3908 2225 3960 et
2254 3904 2311 3958 in
2345 3903 2545 3959 anima
2569 3901 2785 3958 similis
2800 3899 3220 3966 emcitur,dum
3253 3913 3370 3951 non
3401 3895 3681 3949 emendat

2028 3995 2165 4066 quia
2194 4011 2298 4050 ncc
2353 3993 2530 4059 videt,
2564 4008 2669 4048 nec
2709 3988 3001 4060 intelligit,
3036 4003 3141 4042 nec
3170 3983 3470 4048 discernit,
3527 3983 3670 4037 dum

2027 4083 2158 4154 plus
2190 4081 2371 4137 errori
2405 4079 2610 4148 credit,
2649 4080 2781 4133 Ideo
2813 4075 3028 4133 similis
3058 4073 3326 4129 dicitur.«
3360 4071 3430 4125 Et
3465 4084 3671 4124 omnes

2027 4171 2128 4243 qui
2159 4171 2462 4226 conﬁdunt
2490 4169 2548 4224 in
2580 4169 2686 4224 eis.
2721 4190 2742 4214 ι»
2779 4167 2903 4221 Non
2935 4165 3128 4220 solum
3161 4160 3258 4232 qui
3295 4157 3537 4220 faciunt,
3563 4157 3665 4212 sed
3701 4197 3706 4200 .

2026 4259 2198 4315 etiam
2233 4259 2333 4331 qui
2364 4257 2690 4314 conﬁdunt.
2727 4277 2754 4305 «
2787 4255 3010 4309 Domus
3068 4248 3244 4307 Israel
3303 4245 3556 4317 speravit
3607 4245 3666 4300 in

2026 4347 2332 4403 Domino.«
2367 4347 2588 4401 Domus
2624 4340 2821 4409 Israel,
2846 4362 2874 4391 »
2907 4338 3215 4395 duodecim
3248 4336 3438 4392 tribus
3469 4333 3667 4390 Israel.

2029 4441 2240 4500 Aaron,
2275 4435 2466 4489 tribus
2493 4433 2627 4487 Levi
2659 4449 2771 4486 non
2820 4427 3074 4503 speravit
3099 4427 3127 4482 ?
3155 4427 3280 4482 Non
3331 4423 3585 4496 speravit
3613 4421 3671 4476 in

2025 4523 2172 4578 tales
2197 4523 2337 4578 deos
2359 4521 2747 4592 mortuos,sed
2783 4519 2840 4573 in
2859 4517 3157 4574 Domino.«
3195 4516 3412 4571 Domus
3437 4507 3671 4578 Israel,»

2026 4612 2355 4669 animarum
2388 4613 2600 4666 domus
2627 4608 2951 4664 videntium
2985 4611 3162 4661 Deum
3188 4603 3248 4657 in
3272 4598 3520 4656 Domino
3542 4613 3670 4668 spe-

2026 4704 2174 4756 rant.
2207 4701 2276 4755 Et
2319 4701 2526 4767 Aaron,
2564 4714 2733 4754 mons
2765 4693 3113 4762 fotitudinis,
3150 4691 3205 4746 id
3241 4693 3331 4746 est
3359 4685 3459 4759 qui
3493 4685 3672 4741 fortes

2025 4794 2082 4845 et
2111 4789 2208 4845 alti
2245 4792 2384 4844 sunt
2411 4788 2470 4844 in
2498 4787 2704 4844 merito
2734 4786 2791 4840 in
2824 4784 3068 4840 Domino
3099 4781 3358 4852 sperant.
3409 4799 3436 4824 ‹‹
3489 4773 3669 4842 Adiu-

2025 4883 2119 4935 tor
2147 4882 2204 4934 et
2236 4881 2528 4950 protector
2553 4892 2756 4932 eorum
2810 4877 2916 4929 est.
2953 4895 2979 4922 ››
3015 4871 3113 4926 Illi
3167 4867 3250 4923 dii
3276 4882 3389 4921 non
3417 4865 3669 4935 prosunt,

2025 4949 2348 5024 secundum
2381 4965 2644 5022 Jeremiaa
2676 4964 2899 5019 dictum
2958 4962 3180 5032 (larem,
3215 4973 3312 5025 vn,
3342 4955 3398 5022 8)
3435 4967 3445 5008 :
3478 4949 3674 5007 homi-

2023 5073 2154 5116 nem
2190 5073 2304 5113 non
2337 5057 2592 5111 liberant
2625 5055 2694 5108 de
2726 5051 2901 5115 bello,
2936 5064 3130 5122 regem
3155 5062 3271 5102 non
3304 5040 3679 5099 constituunt

2021 5147 2121 5202 sed
2153 5147 2263 5202 iste
2294 5145 2426 5202 illos
2455 5143 2798 5206 defendit,et
2833 5133 3441 5212 protegit,secundum
3473 5129 3679 5186 Danie-

2021 5234 2095 5291 lis
2125 5235 2372 5301 dictum,
2407 5249 2540 5288 vere
2565 5231 2692 5304 ipse
2723 5233 2813 5284 est
2841 5229 2996 5284 Deus
3040 5240 3264 5289 eorum,
3295 5226 3355 5278 et
3386 5221 3510 5293 ipse
3538 5234 3668 5273 mu-

2020 5328 2107 5380 tat
2135 5327 2420 5396 tempora,
2443 5326 2500 5378 et
2549 5322 2780 5376 amovet
2810 5333 2996 5389 reges,
3048 5319 3106 5370 et
3159 5311 3469 5368 constituit
3505 5308 3668 5380 (Dan.

2022 5430 2079 5476 ιι,
2111 5413 2176 5465 21
2210 5419 2262 5466 ει
2288 5410 2481 5481 seqq.).

2091 5551 2117 5575 «
2152 5531 2369 5581 Domus
2429 5527 2613 5581 Aaron
2671 5521 2924 5595 speravit
2980 5521 3037 5574 in
3101 5512 3657 5582 Dominozadjutor

2015 5631 2220 5671 eorum
2252 5619 2310 5671 et
2339 5617 2626 5687 protector
2672 5629 2874 5668 eorum
2924 5614 3033 5666 est.
3081 5608 3187 5674 Qui
3218 5606 3428 5661 timent
3458 5596 3648 5654 Domi-

2018 5721 2182 5778 num,
2207 5707 2587 5778 speraverant
2617 5702 2676 5760 in
2709 5700 2972 5760 Domino.
3012 5724 3032 5752 ιι
3068 5695 3337 5770 Exceptis
3364 5690 3516 5762 istis,
3548 5687 3652 5744 do~
