3992 6194
304 339 463 439 iw

1646 370 1651 375 ε
1752 380 1757 385 ~
1808 341 2229 417 APPENDlX.

3550 342 3710 407 1248

308 492 442 547 mus
473 472 672 545 Israel,
704 480 761 535 et
805 478 1019 546 Aaron,
1052 495 1257 537 omnes
1306 478 1408 552 Qui
1439 478 1607 537 illum
1655 480 1954 538 timent'et
1978 480 2034 546 Α
2064 483 2205 556 quia
2251 498 2359 539 nos
2406 479 2675 541 homines
2719 483 3042 555 sumus,'et
3089 478 3170 539 dii
3216 490 3337 537 non
3389 494 3715 552 possumus

310 568 529 634 amant,
562 566 817 640 protegit
847 567 979 625 illos
1008 576 1059 624 el
1090 569 1367 626 defendit.

384 677 413 706 ς(
446 656 733 712 Dominus
764 674 989 713 memor
1036 646 1145 713 fuit
1174 659 1377 725 nostri,
1411 664 1469 715 et
1509 660 1803 715 benedixit
1850 677 1954 716 no-

312 744 425 809 bis.
463 770 483 799 ι
520 750 741 802 Memor
784 747 912 816 fuit,
946 748 1224 820 quoniam
1276 748 1541 805 liberavit
1571 748 1721 806 ﬁlios
1755 750 1953 806 Israel.

309 835 381 897 Et
412 853 540 904 nos,
592 835 870 909 quoniam
922 839 1076 909 quod
1135 838 1421 910 promisit,
1456 838 1717 912 implevit
1762 856 1954 912 opere.

312 919 468 982 Misit
500 924 712 980 Filium
744 943 941 994 suum,
966 926 1067 999 qui
1098 944 1332 983 carnem
1366 928 1644 1002 suscepit,
1669 933 1727 984 et
1757 946 1864 985 nos
1886 928 1956 985 li-

312 1013 555 1074 beravit.
594 1018 711 1070 Hoc
740 1015 890 1082 dico,
925 1020 1105 1073 Deum
1140 1034 1480 1074 memorare.
1518 1040 1545 1068 ‹‹
1568 1019 1637 1073 Et
1666 1017 1960 1074 benedixit

313 1103 505 1179 nobis,
541 1125 562 1153 ι
599 1103 707 1161 hoc
737 1109 844 1172 est,
877 1106 1035 1162 omni
1067 1107 1472 1164 benedictione
1502 1107 1815 1180 spirituali.

390 1216 411 1241 ι
449 1193 751 1250 Benedixit
771 1195 972 1250 domui
988 1195 1187 1267 Israel,
1210 1196 1505 1253 benedixit
1521 1198 1721 1253 domui
1744 1201 1955 1255 Aaron.

314 1280 617 1353 Benedixit
648 1278 850 1339 omnes
893 1283 1165 1340 timentes
1197 1285 1532 1356 Dominum,
1566 1286 1795 1358 pusillis
1825 1303 1959 1342 cum

313 1371 656 1441 majoribus.
690 1393 719 1421 »
752 1373 813 1427 Id
847 1377 955 1441 est,
989 1373 1222 1430 altiores
1253 1375 1480 1439 merito,
1514 1380 1570 1430 et
1599 1374 1921 1432 inferiores.

390 1482 417 1508 «
450 1459 701 1530 Adjiciat
748 1462 1029 1518 Dominus
1059 1479 1235 1535 super
1267 1480 1386 1519 vos.
1423 1484 1452 1513 »
1482 1463 1642 1520 Alios
1692 1466 1961 1535 praedica-

313 1551 491 1604 tores.
526 1542 805 1606 Primitus
834 1550 1004 1623 pauci
1038 1552 1293 1618 fuerunt,
1326 1556 1528 1624 postea
1571 1553 1739 1608 mulli
1772 1552 1960 1609 eliecti

318 1642 459 1703 sunt
491 1638 550 1693 in
584 1640 805 1695 mundo
836 1640 1265 1711 prxdicatores.

391 1750 417 1776 ‹‹
453 1728 749 1783 Benedicti
797 1745 898 1783 vos
946 1746 980 1784 a
1025 1729 1293 1798 Domino,
1327 1731 1427 1803 qui
1475 1730 1613 1787 fecit
1654 1731 1860 1788 cmlum
1906 1737 1964 1788 et

2062 573 2187 629 ﬁeri
2224 591 2236 629 :
2270 575 2425 631 Deus
2468 574 2642 630 homo
2690 575 2881 629 factus
2923 568 3032 641 eet,
3064 575 3119 627 et
3163 568 3471 626 inclinavit
3496 585 3581 632 se,
3619 584 3724 625 se-

2063 665 2323 720 cundum
2360 663 2504 719 illud
2537 664 2692 736 quod
2725 663 3007 734 scriptum
3036 666 3160 717 est:
3194 662 3260 716 Et
3284 660 3578 714 inclinavit
3602 675 3721 713 c42-

2066 754 2164 820 los,
2196 757 2246 808 et
2285 753 2560 809 descendit
2608 753 2676 825 (Il
2711 755 2836 824 Reg.
2883 768 3033 819 xxii,
3074 750 3181 819 10).
3237 770 3265 799 ι(
3297 748 3372 803 Et
3414 746 3475 802 in
3510 746 3722 801 diebus

2068 841 2213 898 meis
2264 842 2542 899 invocabo
2581 847 2657 898 te.
2715 864 2743 891 »
2799 840 2902 896 Hic
2960 839 3245 913 quaeritur
3298 836 3605 909 quomodo
3661 836 3723 890 in

2067 931 2274 987 diebus
2302 931 2547 997 invocet,
2568 936 2623 987 et
2654 948 2770 986 non
2806 930 3033 985 invocet
3052 929 3109 984 in
3142 926 3441 984 noctibus.
3468 925 3549 979 Et
3578 940 3724 995 quo-

2068 1021 2239 1076 modo
2268 1021 2407 1077 dicit
2448 1020 2507 1076 in
2559 1020 2671 1076 alio
2703 1020 2828 1076 loco
2862 1036 2876 1077 :
2907 1019 3094 1077 Media
3123 1025 3277 1073 nocte
3323 1016 3635 1085 surgebam
3662 1014 3729 1069 ad

2066 1111 2436 1182 conﬁtendum
2482 1111 2584 1166 tibi
2624 1111 2795 1181 (Psal.
2845 1125 3042 1173 cxvm,
3090 1108 3204 1178 62),
3236 1122 3375 1161 cum
3428 1102 3633 1159 sancti
3672 1103 3728 1158 in

2068 1205 2238 1256 nocte
2269 1199 2401 1272 plus
2443 1198 2672 1255 soleant
2715 1215 2899 1255 orare.
2931 1199 3000 1253 Et
3047 1197 3106 1251 in
3156 1195 3270 1251 alio
3317 1194 3450 1250 loco
3512 1192 3736 1247 dicitur

2071 1289 2130 1344 1η
2175 1291 2423 1345 noctibus
2478 1289 2724 1345 extollite
2766 1304 2964 1343 manus
3008 1295 3213 1343 vestras
3269 1286 3331 1339 in
3392 1286 3631 1348 saneta,
3684 1283 3735 1337 et

2070 1379 2365 1434 benedicite
2425 1380 2715 1435 Dominum
2769 1378 2938 1449 (Psat.
2997 1392 3226 1441 cxxxiii,
3282 1375 3361 1446 2).
3413 1369 3733 1435 Quomodo

2070 1467 2230 1536 dicit,
2263 1491 2292 1517 «
2323 1472 2380 1523 et
2413 1468 2472 1523 in
2525 1467 2733 1523 diebus
2776 1466 2924 1522 meis
2953 1463 3278 1522 invocabo?
3314 1486 3336 1512 ι
3377 1462 3511 1518 Non
3558 1458 3731 1529 dixit,

2071 1557 2371 1625 invocavi;
2424 1558 2546 1625 sed,
2580 1557 2862 1626 invocabo,
2897 1555 2955 1611 in
3007 1556 3224 1610 futuro.
3261 1556 3413 1607 Dum
3458 1549 3629 1606 enim
3674 1548 3734 1604 in

2071 1646 2180 1702 hoc
2217 1650 2437 1702 mundo
2469 1663 2698 1713 sumus,
2721 1645 2781 1700 in
2812 1649 2979 1701 nocte
3007 1643 3372 1698 invocamus.
3418 1639 3485 1695 In
3527 1638 3731 1693 futuro

2071 1735 2131 1791 in
2164 1735 2258 1791 die
2285 1735 2628 1791 invocamus
2659 1734 2975 1791 Dominum
3008 1749 3021 1787 :
3057 1736 3365 1805 propterea
3395 1727 3572 1797 dixit,
3605 1749 3635 1776 α
3675 1726 3731 1782 in

319 1820 557 1872 terram.
596 1838 623 1865 ››
670 1818 967 1884 Benedicti,
1000 1817 1109 1873 hoc
1156 1822 1265 1885 est,
1293 1836 1395 1876 vos
1442 1821 1625 1877 sancti
1676 1820 1962 1877 benedicti
1994 1856 2041 1921 B
2073 1823 2277 1881 diebus
2319 1824 2545 1880 meis.»
2577 1823 2987 1880 Peccatoribus
3035 1821 3194 1876 enim
3240 1836 3356 1874 nox
3404 1822 3549 1874 est:
3585 1815 3727 1870 mihi

318 1904 461 1963 estis
490 1922 523 1960 a
553 1905 820 1962 Domino.

393 2016 422 2043 «
452 1992 676 2050 leum
708 1994 835 2051 coeli
857 1996 1128 2065 Domino,
1167 2001 1380 2055 terram
1412 2004 1606 2056 autem
1639 2000 1798 2056 dedit
1827 1999 1963 2056 ﬁliis

318 2083 649 2156 hominum,
687 2110 709 2137 ι
750 2108 778 2136 ‹‹
812 2085 1030 2143 Caelum
1072 2088 1217 2157 coli,
1253 2112 1280 2139 ››
1314 2089 1467 2146 sicut
1495 2090 1640 2147 dicit
1668 2090 1961 2147 canticum

318 2171 551 2246 psalmi,
575 2177 633 2229 et
654 2173 919 2247 psalmus
942 2176 1173 2233 cantici.
1196 2179 1354 2234 Istud
1388 2178 1599 2236 ccelum
1626 2180 1959 2252 subjectum

317 2265 405 2323 est
434 2260 517 2316 illi
557 2262 699 2319 coelo
731 2266 1037 2336 superiori,
1063 2267 1161 2322 ubi
1193 2272 1283 2324 est
1303 2269 1761 2335 firmamentum,
1785 2274 1842 2325 et
1872 2270 1960 2324 in-

319 2350 390 2405 de
421 2349 599 2406 habet
645 2351 865 2407 lumen.
916 2354 985 2408 Et
1014 2358 1167 2410 terra
1198 2356 1408 2411 iterum
1459 2360 1721 2429 subjecta
1769 2361 1860 2414 est
1888 2359 1961 2413 ad

317 2436 458 2492 illud
484 2438 694 2493 coelum
729 2456 960 2495 aereum
998 2460 1010 2497 :
1047 2443 1253 2500 exinde
1277 2445 1453 2502 habet
1474 2445 1728 2518 pluviam
1747 2452 1805 2502 et
1834 2450 1958 2503 om4

320 2541 452 2580 nem
484 2527 914 2583 necessitatem.
956 2530 1291 2587 Secundum
1338 2551 1600 2603 sensum,
1635 2536 1843 2591 coelum
1877 2535 1960 2590 al-

319 2612 459 2682 tius,
493 2615 678 2669 sancti
710 2616 980 2687 apostoli,
1003 2618 1103 2690 qui
1133 2621 1204 2675 ab
1236 2622 1363 2694 ipso
1395 2622 1622 2679 Christo
1653 2624 1964 2681 audierunt

319 2702 814 2774 praedicationem,
858 2710 915 2762 et
950 2707 1439 2766 illuminationem
1470 2712 1728 2784 Spiritus
1774 2712 1960 2769 sancti

321 2783 688 2863 acceperunt,
715 2798 774 2849 et
793 2794 1000 2852 exinde
1025 2796 1483 2856 fueruntedocti.
1505 2783 1723 2856 Caelum
1748 2800 1961 2857 iterum

321 2896 691 2938 successores
712 2884 1132 2955 apostolorum,
1148 2888 1363 2958 quibus
1377 2889 1456 2944 illi
1474 2890 1961 2962 praedicaverunt,

320 2974 379 3025 et
416 2969 701 3028 Dominus
749 2972 879 3030 illos
927 2973 987 3029 in
1045 2976 1243 3032 anima
1298 2977 1533 3034 illorum
1585 2979 1958 3035 illuminavit.

320 3080 348 3109 «
381 3060 619 3117 Terram
672 3067 869 3119 autem
915 3064 1077 3120 dedit
1120 3064 1256 3122 ﬁliis
1306 3066 1630 3124 hominum.
1668 3092 1689 3122 ι»
1728 3068 1795 3125 Hi
1824 3072 1964 3125 sunt

320 3138 403 3204 illi
437 3149 821 3221 simpliciores
839 3154 940 3225 qui
959 3159 1190 3211 tantum
1209 3155 1670 3215 incarnationem
1693 3161 1958 3234 credunt,

2073 1917 2270 1969 autem
2302 1913 2447 1969 dies.

2145 2023 2173 2051 ‹‹
2203 2002 2725 2059 Circumdederunt
2744 2019 2839 2058 me
2859 2000 3089 2058 dolores
3118 1998 3348 2055 mortis.
3378 2019 3407 2047 ››
3439 1995 3731 2051 Videntur

2075 2090 2220 2146 mihi
2243 2091 2475 2147 dolores
2497 2091 2702 2148 mortis
2724 2090 3109 2165 cogitationes
3128 2104 3258 2145 esse
3277 2087 3470 2152 fmdae,
3491 2085 3730 2157 quando

2071 2179 2269 2236 anima
2297 2180 2532 2253 cogitat,
2565 2183 2623 2236 et
2652 2197 2889 2253 peccare
2918 2179 3233 2245 desiderat,
3268 2176 3562 2249 quoniam
3592 2189 3725 2245 par-

2071 2268 2214 2325 turit
2243 2274 2500 2342 peccata,
2525 2270 2716 2327 vicina
2743 2274 2832 2326 est
2847 2268 3040 2325 morti.
3067 2290 3097 2321 ‹‹
3119 2269 3189 2324 Et
3219 2264 3487 2339 pericula
3516 2262 3729 2319 inferni

2072 2357 2421 2415 invenerunt
2461 2376 2575 2416 me.
2608 2382 2637 2409 »
2672 2359 2716 2415 Ο
2756 2371 2874 2415 nos
2928 2358 3212 2422 infelices,
3257 2360 3315 2411 et
3364 2354 3641 2420 miseros,
3677 2356 3735 2407 et

2071 2446 2357 2521 lugendos
2390 2465 2404 2503 :
2438 2450 2577 2521 quia
2621 2465 2853 2521 semper
2881 2464 2989 2503 nos
3039 2449 3344 2519 peccatum
3379 2443 3630 2516 quaerit!
3668 2439 3732 2497 Si

2073 2540 2267 2594 autem
2286 2553 2519 2610 semper
2538 2553 2644 2594 nos
2669 2541 2935 2609 quaerunt
2952 2540 3209 2608 peccata,
3236 2550 3344 2589 nos
3371 2531 3733 2588 festinemus

2074 2630 2139 2681 ut
2167 2643 2281 2681 non
2314 2643 2420 2684 nos
2439 2626 2757 2683 inveniant.
2781 2626 2909 2682 Haec
2929 2631 3124 2682 autem
3147 2621 3433 2681 distantia
3458 2622 3729 2677 estinter

2071 2715 2297 2771 dolores
2328 2717 2553 2786 mortis,
2587 2721 2644 2772 et
2675 2714 2932 2788 pericula
2961 2714 3196 2771 inferni.
3228 2736 3259 2763 (ι
3292 2711 3526 2768 Dolores
3560 2726 3729 2765 mor-

2071 2804 2166 2870 ῐίε,
2198 2826 2227 2855 >>
2263 2805 2426 2861 malas
2457 2805 2836 2879 cogitationes
2866 2809 3042 2861 sunt:
3077 2826 3103 2853 ‹‹
3136 2801 3401 2858 Pericula
3426 2796 3650 2865 inferni,
3684 2819 3716 2845 ιι

2070 2910 2246 2966 opera
2294 2892 2450 2949 mala
2495 2899 2653 2949 sunt.
2692 2893 2761 2949 Ut
2790 2898 2881 2950 est
2925 2895 3124 2948 autem
3169 2890 3363 2947 dicam
3398 2886 3594 2944 :aliud
3638 2885 3711 2940 in

2070 2983 2315 3051 theoria,
2342 2982 2502 3039 aliud
2534 2984 2593 3038 in
2616 3000 2808 3056 opere,
2832 2983 2940 3038 hoc
2954 2987 3041 3038 est
3058 2981 3120 3036 in
3148 2980 3425 3053 practica.
3441 2976 3531 3033 lbi
3551 2975 3724 3031 enim

2071 3071 2237 3129 dolor
2265 3078 2322 3128 et
2350 3072 2660 3144 parturitio
2694 3090 2706 3128 :
2740 3072 2833 3128 hic
2865 3075 3060 3128 autem
3091 3068 3419 3143 periculum
3452 3070 3545 3123 est
3568 3066 3727 3121 vici-

2072 3178 2213 3217 num
2248 3160 2440 3217 morti.
3084 3162 3089 3167 “

323 3237 424 3308 qui
454 3237 544 3294 lac
574 3239 774 3311 edunt,
796 3246 853 3297 et
883 3244 1227 3302 nutriuntur
1255 3264 1358 3320 per
1386 3251 1878 3323 praedicationem,
1907 3230 1966 3310 et
1994 3230 2073 3297 CI
2149 3274 2175 3302 ‹‹
2209 3250 2672 3308 Tribulationem
2701 3256 2760 3307 et
2781 3251 3039 3307 dolorem
3065 3249 3277 3306 inveni.
3297 3270 3327 3299 »
3347 3248 3575 3305 Novam
3598 3260 3727 3301 rem

323 3326 436 3400 ipsi
466 3329 565 3400 qui
598 3333 812 3387 terreni
838 3338 1023 3402 erant,
1057 3335 1183 3391 οωιὶ
1214 3337 1569 3395 efficiuntur.

399 3440 426 3471 α
454 3418 579 3475 Non
612 3421 824 3477 mortui
873 3421 1199 3482 laudabunt
1245 3431 1302 3482 te
1331 3428 1594 3486 Domine.
1633 3455 1653 3484 ιο
1691 3431 1808 3487 Hoc
1854 3437 1963 3502 est,

324 3513 676 3579 peccatores.
709 3512 983 3569 Peccator
1010 3515 1167 3570 enim
1219 3533 1351 3572 cum
1385 3519 1605 3575 venerit
1636 3520 1694 3576 in
1727 3522 1965 3594 profun-

325 3598 467 3653 dum
499 3598 813 3667 malorum,
841 3605 1163 3661 contemnit
1191 3608 1375 3678 (Prov.
1407 3625 1568 3680 xvm,
1598 3610 1675 3681 3).
1709 3633 1736 3660 «
1771 3610 1968 3683 Neque

325 3701 531 3743 omnes
562 3688 664 3758 qui
689 3689 1054 3755 descendunt
1082 3694 1141 3750 in
1166 3695 1483 3753 infernum.
1521 3719 1548 3748 »
1582 3699 1699 3755 Hoc
1731 3704 1839 3771 est,
1870 3701 1971 3757 ha-

326 3772 605 3831 hitatores
637 3776 869 3847 inferni.
900 3801 929 3830 «
957 3782 1065 3837 Sed
1110 3800 1218 3840 nos
1248 3785 1348 3858 qui
1373 3787 1642 3853 vivimus,
1675 3789 1968 3846 benedici-

326 3879 461 3921 mus
496 3865 829 3924 Dominum.
867 3890 895 3917 ››
927 3869 1042 3926 Nos
1091 3872 1292 3928 fideles
1320 3875 1418 3944 qui
1450 3876 1725 3944 vivimus,
1756 3878 1813 3934 id
1860 3883 1969 3947 est,

325 3953 427 4026 qui
481 3954 655 4012 fidem
703 3960 761 4012 et
808 3974 984 4031 opera
1023 3960 1260 4033 habent,
1312 3962 1423 4033 ipsi
1472 3964 1713 4020 laudant
1759 3968 1968 4024 Deum.

328 4065 356 4093 α
386 4044 469 4101 Ex
498 4042 607 4101 hoc
637 4061 794 4102 nunc
821 4050 879 4102 et
907 4064 1096 4121 usque
1124 4049 1183 4104 in
1218 4051 1519 4107 saaculum.
1551 4074 1579 4102 »
1615 4075 1644 4102 «
1675 4054 1753 4109 Ex
1786 4055 1911 4123 hoc,
1938 4078 1968 4108 υ

326 4136 384 4191 id
423 4140 531 4201 est,
588 4152 705 4208 quo
754 4137 1074 4210 incipimus
1131 4139 1474 4214 intelligere.
1536 4146 1716 4209 Nunc,
1776 4145 1968 4201 modo.

330 4243 359 4276 ‹‹
388 4228 585 4296 Usque
614 4226 675 4282 in
708 4228 1011 4300 saeculum,
1049 4251 1070 4278 η
1106 4230 1233 4286 sine
1264 4231 1399 4286 ﬁne.

869 4354 1200 4412 PSALMUS
1239 4356 1426 4412 CXIV.

314 4439 732 4514 .Alleluia._lste
773 4441 1039 4514 psalmus
1087 4461 1287 4502 vocem
1319 4447 1578 4502 continet
1628 4447 1814 4505 ﬁdelis
1846 4450 1971 4505 ani-

396 4528 504 4567 mae
524 4524 569 4593 'a
598 4511 715 4569 Deo
757 4511 1201 4593 peregrinantis,
1235 4534 1385 4589 quaer
1412 4523 1545 4590 post
1575 4518 1780 4593 longos
1811 4521 1970 4578 labo-

395 4601 489 4640 res
520 4586 594 4641 ab
622 4601 689 4642 eo
721 4586 1058 4659 suscipitur.

401 4695 430 4728 a
460 4673 659 4741 Dilexi,
691 4676 973 4749 quoniam
1003 4676 1269 4733 exaudiet
1300 4679 1582 4736 Dominus
1610 4696 1810 4736 vocem
1840 4698 1970 4739 ora-

324 4762 501 4820 tionis
534 4781 692 4822 meae.
716 4786 746 4816 »
780 4766 905 4822 Non
935 4766 1119 4826 dixit:
1144 4766 1388 4839 diligam
1418 4782 1431 4821 :
1466 4770 1589 4837 sed,
1619 4769 1813 4826 dilexi.
1839 4769 1965 4827 Non

323 4853 592 4925 promisit
622 4871 685 4911 se
714 4855 921 4925 facere,
955 4859 1057 4912 sed
1113 4860 1363 4912 testatur
1393 4873 1456 4912 se
1504 4858 1729 4915 fecisse.
1762 4860 1965 4916 Dilexi.

323 4944 509 5008 Quare
549 4944 781 5002 dilexi?
808 4944 1093 5014 Quoniam
1143 4946 1412 5003 exaudiet
1441 4946 1721 5003 Dominus
1770 4965 1966 5005 vocem
1990 5008 2005 5015 ,

322 5033 603 5090 orationis
650 5051 814 5090 meae.
848 5056 876 5084 »
928 5037 1131 5104 Dilexi,
1187 5037 1468 5093 transacti
1519 5037 1800 5109 temporis
1829 5043 1963 5094 est:

319 5124 576 5180 exaudiet
603 5130 819 5195 autem,
852 5127 1057 5185 futuri.
1087 5128 1213 5184 Non
1256 5128 1414 5183 enim
1456 5126 1603 5182 dixit
1635 5146 1648 5183 :
1683 5127 1964 5199 quoniam

320 5212 493 5270 dilexi
537 5217 694 5285 quod
741 5217 1036 5292 exaudivit
1088 5234 1179 5272 me
1220 5216 1541 5287 Dominus;
1593 5216 1718 5284 sed,
1768 5216 1959 5289 dilexi,

320 5304 473 5377 quod
506 5305 769 5361 exaudiet
804 5323 896 5362 me
925 5306 1231 5363 Dominus.

391 5417 419 5443 ‹‹
451 5392 599 5458 Quia
623 5392 925 5451 inclinavit
953 5400 1155 5452 aurem
1208 5413 1374 5452 suam
1409 5395 1574 5452 mihi.
1611 5418 1641 5445 »
1672 5396 1957 5463 Quoniam

319 5502 426 5541 nos
455 5482 617 5557 parvi
647 5499 855 5539 sumus
884 5489 943 5540 et
971 5485 1246 5557 humiles,
1274 5491 1332 5542 et
1354 5503 1471 5542 non
1504 5503 1822 5558 possumus
1852 5504 1960 5543 nos

316 5575 625 5630 extendere
655 5575 713 5629 et
742 5571 993 5630 exaltare
1021 5590 1034 5629 :
1070 5580 1375 5648 propterea
1404 5574 1690 5632 Dominus
1710 5575 1959 5632 inclina-

314 5662 399 5723 vit
419 5679 633 5720 aurem
650 5679 841 5733 suam,
865 5666 922 5720 et
940 5663 1219 5737 dignatur
1246 5665 1520 5721 exaudire
1544 5682 1677 5725 nos.
1701 5665 1959 5741 Denique

2076 3342 2236 3397 dicit.
2276 3341 2398 3397 Non
2432 3340 2592 3406 dicit,
2616 3341 2897 3412 Requiem
2936 3339 3169 3395 inveni:
3195 3355 3311 3393 non
3351 3335 3521 3405 dicit,
3552 3336 3731 3391 Satu-

2077 3431 2309 3487 ritatem
2332 3428 2544 3486 inveni.
2568 3429 2630 3485 Si
2660 3433 2853 3485 autem
2875 3428 3137 3497 dixisset,
3162 3425 3385 3484 invenit
3405 3442 3501 3481 me
3537 3423 3727 3479 tribu-

2076 3518 2236 3587 latio,
2287 3519 2508 3574 invenit
2557 3535 2651 3574 me
2696 3517 2882 3586 dolor,
2931 3534 3047 3572 non
3089 3519 3214 3572 erat
3255 3513 3528 3587 quaestio.
3561 3513 3723 3568 Nunc

2078 3614 2275 3665 autem
2300 3607 2443 3680 quid
2477 3607 2666 3663 dicit?
2703 3629 2731 3657 «
2763 3604 3224 3663 Tribulationem
3253 3609 3310 3660 et
3338 3603 3609 3660 dolorem
3635 3602 3729 3657 in-

2076 3696 2244 3765 veni;
2280 3719 2307 3746 »
2340 3697 2509 3769 quasi
2539 3713 2803 3766 quaerens
2837 3696 2921 3752 sic
2954 3693 3193 3751 invenit.
3214 3693 3341 3750 Non
3366 3692 3532 3748 enim
3564 3691 3723 3747 inve-

2079 3786 2239 3843 nitur
2291 3785 2403 3842 nisi
2460 3786 2614 3858 quod
2675 3784 2976 3857 quaeritur.
3030 3784 3280 3840 Sanctus
3340 3798 3459 3837 non
3518 3780 3728 3853 quaerit

2080 3877 2365 3949 requiem,
2414 3874 2518 3931 sed
2564 3873 3021 3930 tribulationem.
3061 3874 3223 3929 Novit
3266 3872 3413 3927 enim
3463 3871 3731 3943 quoniam

2079 3967 2364 4022 tribulatio
2416 3964 2753 4037 patientiam
2817 3970 3084 4036 cperatur
3143 3979 3163 4017 :
3218 3961 3489 4033 patientia
3541 3962 3732 4015 autem

2077 4057 2473 4128 probationem,
2519 4053 2769 4124 probatio
2817 4067 2941 4109 vero
2987 4067 3136 4123 spem
3164 4069 3182 4106 :
3221 4066 3341 4122 spes
3388 4052 3569 4105 autem
3614 4063 3727 4101 non

2080 4143 2366 4216 confundit
2409 4144 2582 4214 (Rom.
2617 4160 2672 4209 v,
2701 4140 2844 4211 3-5).
2889 4140 3027 4197 Tale
3074 4139 3217 4212 quid
3265 4142 3324 4194 et
3369 4138 3423 4194 in
3466 4136 3719 4191 Jeremia

2081 4224 2314 4290 dicitur.
2351 4231 2803 4298 Tribulationem,
2836 4229 3048 4302 inquit,
3079 4231 3130 4284 et
3166 4229 3447 4285 miseriam
3473 4222 3721 4307 invocari

2082 4323 2307 4394 (Jerem.
2370 4338 2447 4387 v1,
2521 4321 2634 4391 24).
2694 4317 3004 4387 Quoniam,
3081 4317 3297 4391 inquit,
3358 4332 3553 4373 amaro
3624 4318 3730 4369 tuo

2080 4411 2253 4467 verbo
2302 4409 2523 4477 ridebo,
2557 4408 2668 4464 hoc
2714 4413 2823 4477 est,
2855 4407 2916 4463 in
2945 4408 3058 4464 hoc
3105 4406 3342 4476 saeculo,
3375 4404 3518 4478 quid
3568 4403 3730 4459 aliud

2082 4499 2210 4557 volo
2261 4499 2373 4555 nisi
2428 4497 2892 4564 tribulationem,
2923 4499 2992 4552 ut
3033 4496 3095 4552 in
3148 4496 3411 4552 futurum
3468 4492 3725 4565 requiem

1999 4599 2046 4663 ι)
2079 4590 2323 4646 habeam
2358 4592 2417 4644 et
2445 4585 2781 4643 felicitatem
2802 4587 2829 4643 ‘t
2860 4587 2929 4643 Et
2962 4590 3286 4659 propterea,
3318 4582 3541 4656 inquit,
3570 4596 3730 4649 nunc

2081 4677 2533 4736 amaritudinem
2564 4674 2846 4748 sustineo,
2875 4679 2942 4732 ut
2971 4677 3175 4748 postea
3204 4673 3470 4747 dulciora
3499 4687 3733 4746 prome-

2079 4785 2226 4825 rear.
2270 4769 2341 4841 Et
2396 4765 2650 4840 populus
2705 4764 2936 4821 Domini
2992 4764 3064 4821 de
3115 4764 3361 4837 Egypto
3418 4760 3732 4834 egrediens

2078 4859 2236 4915 venit
2264 4857 2323 4913 in
2373 4856 2535 4916 Mara
2561 4854 2753 4928 (Exod.
2802 4872 2895 4923 xv,
2949 4854 3065 4926 23),
3104 4853 3262 4926 quod
3310 4852 3732 4924 interpretatur

2077 4946 2411 5017 amaritudo,
2445 4948 2503 5001 et
2533 4944 2602 5000 de
2641 4945 2801 5001 Mara
2828 4943 2888 4998 in
2916 4943 3076 5010 Sina,
3108 4942 3262 5016 quod
3308 4942 3733 5013 interpretatur

2075 5039 2322 5095 tentatio.
2356 5036 2424 5091 Et
2465 5035 2679 5091 iterum
2723 5033 3009 5090 Jeremias
3042 5050 3055 5089 :
3089 5031 3248 5089 Solus
3284 5029 3566 5095 sedebam,
3599 5044 3732 5102 quo-

2074 5130 2227 5182 niam
2256 5116 2628 5181 amaritudine
2655 5122 2891 5195 repletus
2919 5138 3073 5178 eram
3102 5122 3323 5193 (larem.
3355 5136 3450 5188 xv,
3486 5119 3600 5191 17).

2146 5238 2174 5267 ‹‹
2207 5216 2249 5271 Ο
2272 5208 2539 5282 Domine,
2554 5213 2739 5270 libera
2752 5211 3010 5269 animam
3027 5226 3241 5267 meam.
3259 5231 3288 5261 »
3304 5206 3716 5281 Proprietatem

2072 5306 2365 5363 Hebraicx
2393 5303 2606 5377 linguas
2638 5303 2872 5360 Graecus
2892 5304 2950 5358 et
2978 5300 3223 5357 Latinus
3253 5297 3581 5373 exprimere
3598 5311 3715 5352 non

2071 5399 2339 5468 possunt.
2363 5399 2472 5449 Pro
2502 5410 2532 5450 ο
2563 5393 2621 5448 in
2666 5393 2903 5449 Hebraeo
2932 5390 3107 5447 habet
3147 5406 3303 5447 sum
3332 5388 3517 5462 (ms).
3547 5392 3719 5443 Anna

2071 5490 2266 5542 autem
2322 5484 2738 5556 interpretatur
2788 5497 2937 5551 rogo,
2988 5486 3047 5536 et
3101 5479 3375 5552 deprecor.
3431 5478 3502 5533 Et
3559 5475 3714 5549 quod

2071 5574 2228 5644 dicit,
2260 5574 2372 5630 hoc
2418 5576 2510 5630 est
2541 5589 2553 5629 :
2584 5572 2888 5644 Deprecor,
2921 5570 3187 5643 Domine,
3214 5569 3398 5625 libera
3447 5566 3704 5623 animam

2068 5680 2280 5722 meam.
2312 5648 2436 5720 Non
2470 5665 2561 5721 est
2589 5660 2747 5719 enim
2777 5660 3062 5732 vocantis,
3095 5660 3195 5728 sed
3225 5656 3600 5732 deprecantis
3630 5653 3708 5712 aio
