3992 6194
223 354 381 416 me

239 597 268 630 «ι
294 574 623 632 Misericors
643 573 925 653 Dominus
954 578 1011 629 et
1030 575 1253 646 justus,
1277 578 1334 629 et
1360 578 1509 629 Deus
1540 578 1738 630 noster
1768 574 1880 630 mi-

230 663 538 722 serebitur.
576 685 604 713 »
652 663 820 735 Erige
867 680 1058 730 aures,
1109 666 1394 736 peccator.
1430 663 1755 719 Misericors
1793 666 1884 719 est

233 755 544 821 Dominus,
575 754 673 810 sed
707 752 826 809 noli
856 770 985 809 esse
1014 752 1318 825 negligens
1351 771 1363 808 :
1406 753 1672 824 sequitur
1700 752 1880 821 enim,

233 868 262 896 ‹‹
296 849 353 900 et
376 845 596 914 justus.
621 865 651 892 »
681 844 739 897 Si
762 842 1012 897 multum
1042 846 1310 913 peccator
1340 857 1401 897 es
1431 858 1445 896 :
1477 840 1636 906 audi‘,
1660 841 1885 895 miseri-

235 951 365 991 cors
396 936 485 989 est
530 931 810 988 Dominus
845 950 857 986 :
912 931 961 986 si
1003 930 1302 1002 negligens
1354 946 1417 986 es
1452 949 1464 986 :
1517 930 1676 996 audi,
1706 931 1882 1000 etju-

238 1028 367 1081 stus
397 1026 505 1079 est.
537 1022 652 1078 Sed
681 1021 915 1077 videtur
942 1021 1108 1092 quasi
1143 1019 1367 1092 aequale
1397 1036 1546 1086 esse,
1592 1042 1619 1069 «
1656 1019 1885 1075 miseri-

239 1128 366 1170 cors
419 1110 704 1167 Dominus
757 1115 815 1165 et
859 1111 1145 1182 justus.»
1196 1109 1368 1165 Verbi
1426 1109 1635 1182 gratia,
1680 1110 1879 1164 decem

238 1202 505 1276 partibus
549 1206 639 1256 est
678 1199 1034 1265 misericors,
1066 1204 1125 1255 et
1153 1200 1351 1255 decem
1382 1199 1649 1271 partibus
1678 1203 1767 1253 est
1788 1199 1885 1269 ju-

241 1297 390 1359 stus,
423 1294 482 1346 et
512 1289 621 1345 hoc
652 1293 889 1361 propter
918 1288 1305 1360 simpliciores
1334 1288 1414 1342 ita
1444 1287 1670 1359 loquor.
1726 1287 1888 1342 Dicat

243 1379 458 1452 aliquis
486 1398 499 1435 :
533 1378 589 1434 Si
620 1382 943 1451 pensantur
973 1381 1209 1450 peccata
1239 1394 1389 1443 mea,
1422 1393 1616 1432 nonne
1645 1391 1883 1449 possum

239 1474 404 1525 tanta
423 1468 637 1524 habere
660 1468 831 1532 bona,
847 1470 1065 1539 quanta
1085 1466 1270 1522 habeo
1292 1466 1447 1521 mala
1461 1467 1489 1521 ‘I
1510 1466 1676 1520 Nunc
1694 1469 1888 1520 autem

244 1557 476 1625 dicitur,
491 1558 646 1629 quod
670 1555 1005 1612 misericors
1026 1559 1114 1611 est
1133 1561 1189 1610 et
1200 1556 1422 1627 justus.
1437 1555 1539 1610 Est
1560 1554 1892 1609 misericors

244 1648 306 1703 in
356 1646 779 1719 peccatoribus,
831 1646 1034 1716 justus
1087 1645 1143 1699 in
1200 1644 1389 1700 bonis.
1450 1643 1744 1715 Incipiunt
1801 1658 1893 1698 me

246 1752 486 1811 gravare
516 1740 751 1808 peccata
779 1751 928 1801 mea,
953 1738 1011 1791 et
1038 1733 1216 1789 vincit
1244 1733 1304 1787 in
1337 1750 1445 1789 sua
1473 1732 1892 1788 misericordia.

248 1826 561 1899 Propterea
591 1823 770 1880 semel
794 1825 997 1894 justus
1029 1822 1247 1895 posuit,
1270 1829 1328 1878 et
1355 1823 1631 1889 secundo,
1667 1820 1892 1876 miseri-

250 1932 401 1972 cors.
455 1915 677 1971 Poterat
736 1918 793 1969 et
847 1913 919 1968 de
968 1912 1256 1985 prmterito
1302 1912 1513 1968 dicere.
1566 1934 1594 1960 «
1631 1911 1701 1965 Et
1746 1914 1899 1964 Deus

254 2009 471 2070 noster,
502 2004 717 2076 inquit,
748 1995 1078 2070 miseretur,
1116 2025 1135 2052 ι
1192 2006 1257 2056 ut
1299 2017 1530 2072 semper
1558 2016 1691 2055 eum
1726 1998 1899 2054 mise-

255 2093 543 2150 ricordem
575 2093 872 2148 ostendat.-

328 2249 358 2278 κ
390 2224 733 2281 Custodiens
781 2221 1055 2295 parvulos
1106 2222 1406 2278 Dominus.
1441 2243 1469 2271 ››
1519 2222 1578 2277 Si
1618 2222 1749 2293 quis
1780 2237 1902 2276 ma-

258 2330 412 2387 gnus
460 2318 569 2384 est,
599 2318 657 2369 et
695 2329 757 2367 se
786 2311 1018 2379 exaltat,
1054 2316 1111 2366 et
1138 2312 1428 2382 superbus
1459 2316 1566 2378 est,
1600 2311 1757 2366 hunc
1788 2327 1904 2366 non

259 2402 519 2460 custodit
544 2400 844 2457 Dominus.
869 2400 929 2456 Si
952 2400 1084 2472 quis
1111 2416 1174 2456 se
1205 2416 1485 2471 magnum
1518 2404 1704 2475 putat,
1728 2400 1907 2471 hujus

260 2510 378 2549 non
410 2490 722 2547 miseretur
750 2489 1036 2545 Dominus
1061 2506 1085 2558 ;,
1122 2490 1222 2545 sed
1256 2488 1306 2544 si
1337 2490 1469 2561 quis
1508 2505 1571 2545 se
1609 2488 1904 2555 humiliat,

260 2569 443 2654 hujus
476 2580 807 2645 miseretur,
840 2583 897 2635 et
924 2578 1181 2634 custodit
1210 2594 1345 2634 eum
1384 2578 1684 2634 Dominus.
1718 2576 1908 2649 Siqui-

260 2672 395 2727 dem
437 2669 577 2725 dicit
609 2687 622 2724 :
670 2670 799 2723 Ecce
825 2684 919 2739 ego
947 2675 999 2723 et
1020 2668 1184 2739 pueri
1210 2684 1346 2740 quos
1374 2667 1516 2723 mihi
1542 2667 1691 2723 dedit
1720 2668 1911 2721 Domi-

259 2777 366 2815 nus
397 2759 522 2830 (Isa.
556 2774 680 2825 vm,
716 2758 823 2828 18).
857 2758 923 2811 Et
955 2757 1165 2812 iterum
1202 2774 1214 2811 :
1267 2779 1295 2806 «
1328 2755 1686 2811 Humiliatus
1735 2772 1866 2811 sum
1894 2773 1908 2820 ;

263 2852 321 2904 et
349 2846 596 2903 salvavit
624 2861 737 2901 me.
774 2867 802 2895 ››
833 2843 1154 2916 Dupliciter
1180 2844 1563 2918 intelligimus
1597 2863 1609 2901 :
1654 2866 1682 2894 «
1718 2843 1913 2899 [lumi-

263 2936 444 2992 liatus
475 2951 630 3000 sum,
664 2938 721 2990 et
749 2932 992 2989 salvavit
1029 2948 1142 2989 me.
1180 2955 1208 2982 »
1258 2933 1386 2989 Sive
1427 2934 1678 3005 peccavi,
1712 2937 1769 2988 et
1798 2930 1911 2987 sal-

266 3026 423 3082 vavit
453 3039 568 3094 me,
601 3023 742 3091 sive,
776 3038 912 3077 cum
943 3038 1133 3078 essem
1166 3022 1476 3093 superbus,
1504 3026 1561 3076 et
1589 3019 1923 3083 humiliavit

270 3131 385 3183 me,
415 3116 473 3169 et
502 3110 746 3168 salvavit
771 3127 884 3166 me.

1404 350 1902 414 BllEVlARIUM
1945 350 2026 413 ΙΝ
2071 353 2207 413 PSA
2222 355 2452 417 LMOS.

226 486 439 542 fectus.
472 484 537 540 In
582 484 807 558 ingenti
853 483 1010 541 enim
1059 484 1319 557 periculo
1365 485 1716 541 constitutus
1759 490 1870 541 est.
1904 487 1957 553 Α
1986 489 2201 557 catum,
2252 488 2521 544 dicamus

2568 505 2581 543 :
2642 488 3059 561 «Convertere,
3113 492 3314 550 anima
3370 509 3520 563 mea,
3574 494 3633 550 in’

1991 574 2252 646 requiem
2284 580 2467 631 tuam.
2506 599 2534 627 »

2062 686 2091 715 «
2124 664 2270 730 Quia
2299 665 2512 737 eripuit
2543 667 2802 723 animam
2835 685 3027 725 meam
3059 671 3130 726 de
3170 677 3375 730 morte.
3415 696 3442 723 ››
3493 673 3637 730 Nec-

1991 753 2132 808 dum
2164 754 2341 809 rediit
2366 754 2426 809 in
2458 756 2821 826 paradisum,
2846 762 2903 813 et
2925 758 3051 828 jam
3082 776 3143 816 se
3176 761 3232 815 in
3266 763 3638 819 securitatem

1992 842 2214 897 redisse
2260 843 2422 898 dicit.
2456 844 2632 913 Dixit,
2694 865 2716 892 ι
2751 847 3112 916 Convertere,
3154 850 3351 905 anima
3398 868 3546 921 mea,
3579 853 3640 907 in

1991 932 2251 1002 requiem
2284 936 2468 1001 tuam,
2492 954 2519 982 »
2556 939 2613 988 et
2642 935 2811 1007 quasi
2836 952 3077 992 securus
3103 937 3262 1009 dicit,
3296 961 3325 990 «
3358 941 3504 1005 Quia
3533 942 3641 996 eri-

1992 1021 2123 1091 puit
2153 1021 2409 1076 animam
2444 1038 2635 1078 meam
2667 1025 2737 1078 de
2769 1031 2974 1081 morte.
3012 1048 3039 1075 μ
3090 1026 3390 1090 Quomodo
3430 1028 3646 1101 eripuit

1996 1110 2254 1165 animam
2286 1126 2481 1166 meam
2507 1111 2579 1167 de
2610 1116 2795 1167 morte
2815 1113 2843 1168 ?
2874 1113 2982 1168 Pro
3016 1131 3107 1170 me
3138 1120 3469 1187 passus'est
3490 1117 3644 1173 Deus

1994 1214 2184 1266 meus,
2217 1216 2320 1270 pro
2351 1215 2445 1255 me
2474 1201 2786 1257 cruciﬁxus
2816 1206 2904 1257 est
2938 1203 3088 1258 Deus
3138 1220 3325 1273 meus,
3359 1211 3416 1260 et
3468 1206 3595 1261 dico
3630 1224 3644 1262 :

2000 1287 2098 1343 Ubi
2127 1291 2224 1356 est,
2256 1304 2423 1359 mors,
2447 1291 2685 1345 victoria
2715 1294 2809 1345 tua
2830 1308 2850 1351 ;
2882 1291 2979 1345 ubi
3006 1300 3105 1358 est,
3132 1294 3365 1363 inferne,
3388 1295 3648 1350 stimulus

1999 1384 2124 1432 tuus
2154 1377 2304 1449 (Osee
2332 1394 2455 1443 xm,
2493 1380 2592 1446 14;
2625 1383 2654 1434 1
2686 1379 2805 1435 Cor.
2831 1397 2924 1447 xv,
2949 1381 3041 1452 55)
3063 1380 3091 1435 ?
3128 1401 3148 1428 α
3182 1380 3391 1438 Oculos
3423 1399 3585 1440 meos
3615 1401 3650 1440 a

1996 1466 2293 1535 lacrymis.
2320 1488 2348 1516 »
2371 1466 2619 1534 Ploravi,
2640 1472 2707 1523 ut
2728 1468 2947 1525 rideam
2974 1488 2988 1525 :
3018 1469 3160 1541 luxi,
3184 1475 3249 1526 ut
3269 1471 3327 1526 in
3350 1473 3651 1544 sempiter-

2001 1572 2143 1610 num
2196 1555 2505 1627 gaudeam.
2557 1556 2665 1623 Qui
2713 1557 2770 1611 in
2824 1559 3093 1630 praesenti
3154 1576 3269 1615 non
3328 1559 3537 1632 plorat,
3588 1560 3650 1616 in

2004 1644 2200 1699 futuro
2221 1643 2660 1717 lacrymabitur.
2684 1648 2844 1701 Beati
2871 1650 3020 1701 enim
3040 1649 3137 1719 qui
3156 1649 3362 1719 lugent,
3385 1651 3513 1721 quia
3544 1649 3654 1721 ipsi

2001 1734 2427 1789 consolabuntur
2472 1734 2676 1806 (Matth.
2709 1753 2763 1801 ν,
2793 1736 2870 1807 5).
2901 1736 3235 1794 Econtrario
3274 1743 3469 1793 autem
3510 1740 3651 1794 dici-

2004 1826 2147 1877 tur:
2201 1823 2291 1879 νέε
2336 1823 2484 1878 vobis
2535 1825 2633 1893 qui
2678 1824 2884 1889 ridetis,
2917 1828 3178 1896 quoniam
3219 1827 3472 1897 lugebitis
3500 1827 3653 1900 (Luc.

2008 1927 2085 1978 vr,
2107 1911 2199 1981 25)
2226 1910 2239 1964 l
2273 1934 2301 1960 ‹‹
2331 1911 2510 1967 Pedes
2533 1928 2693 1968 meos
2725 1930 2759 1967 a
2786 1912 2976 1984 lapsu.
3002 1936 3030 1963 »
3062 1915 3208 1979 Quia
3230 1932 3346 1971 non
3369 1920 3659 1972 steterunt

2009 1999 2185 2070 pedes
2215 1999 2329 2054 mei
2363 2016 2541 2071 super
2567 2005 2815 2071 petram,
2848 2006 3153 2074 propterea
3176 2020 3315 2075 pene
3359 2008 3495 2060 moti
3527 2016 3658 2061 sunt

2010 2088 2169 2159 pedes
2225 2091 2355 2159 mei,
2409 2105 2549 2160 pene
2618 2092 2780 2161 effusi
2840 2096 2968 2146 sunt
3028 2108 3245 2162 gressus
3306 2096 3420 2149 mei
3482 2094 3656 2163 (Psal.

2014 2192 2189 2243 Lxxn,
2219 2178 2300 2247 2.)
2332 2176 2584 2233 Liberati
2617 2183 2757 2233 sunt
2784 2179 2960 2250 pedes
2993 2180 3105 2235 mei
3135 2198 3169 2236 a
3199 2180 3389 2253 lapsu.
3423 2185 3611 2248 Quare
3631 2184 3660 2238 ‘I

2014 2264 2160 2328 Quia
2208 2282 2485 2322 conversa
2532 2272 2621 2321 est
2666 2268 2865 2323 anima
2907 2285 3039 2325 mea
3074 2270 3134 2324 in
3175 2272 3433 2343 requiem
3466 2289 3658 2328 suam.

2088 2378 2115 2404 ‹‹
2149 2354 2393 2410 Placebo
2425 2372 2619 2411 coram
2652 2356 2893 2413 Domino
2934 2360 2992 2413 in
3033 2359 3265 2432 regione
3312 2361 3597 2417 vivorum.
3628 2383 3655 2416 ιι

2013 2444 2247 2510 Videor,
2270 2443 2484 2515 inquit,
2510 2444 2851 2501 hominibus
2880 2463 3012 2502 esse
3033 2448 3258 2518 justus,
3282 2466 3460 2522 quare
3487 2466 3664 2523 opera

2018 2535 2171 2590 bona
2204 2550 2314 2588 non
2347 2531 2580 2589 habeo?
2628 2534 2842 2590 Videor
2872 2535 3211 2593 hominibus
3241 2554 3369 2594 esse
3401 2543 3661 2608 sanctus,

2019 2638 2199 2695 quare
2229 2622 2403 2677 verba
2430 2623 2582 2679 bona
2620 2640 2735 2678 non
2779 2624 3014 2680 habeo?
3061 2626 3191 2682 Ha'c
3239 2627 3421 2683 David
3475 2626 3616 2684 dicit
3648 2647 3662 2685 :

2019 2712 2129 2767 hoc
2154 2711 2338 2767 sancti
2363 2711 2585 2778 dicunt,
2611 2712 2718 2767 hoc
2741 2713 2987 2784 apostoli
3009 2713 3333 2786 loquuntur
3356 2735 3369 2773 :
3400 2723 3667 2790 peccator

2020 2800 2174 2855 enim
2198 2799 2320 2855 haec
2340 2816 2455 2854 non
2482 2798 2761 2872 loquitur.
2784 2802 2933 2865 Quid
2960 2801 3221 2874 loquitur
3240 2806 3442 2875 justus
3461 2807 3490 2861 ?
3520 2808 3667 2872 Quia

2020 2889 2196 2944 verba
2225 2894 2283 2944 et
2313 2904 2486 2959 opera
2516 2889 2668 2944 bona
2699 2906 2815 2944 non
2846 2890 3049 2959 habeo,
3081 2896 3140 2946 et
3180 2898 3420 2949 sanctus
3448 2893 3665 2964 videor,

2023 2982 2082 3035 et
2108 2976 2318 3033 laudor
2346 2977 2418 3032 ab
2449 2976 2811 3034 hominibus.
2837 2980 2954 3051 Ego
2987 2985 3183 3036 autem
3210 2982 3341 3037 novi
3369 2982 3668 3039 conscien-

2024 3066 2168 3122 tiam
2194 3081 2404 3121 meam.
2429 3065 2559 3121 Scio
2580 3065 2856 3138 qualibus
2881 3068 3331 3140 cogitationibus
3354 3087 3454 3127 cor
3473 3088 3671 3128 meum

2028 3155 2316 3210 ﬂuctuat:
2369 3154 2490 3210 scio
2540 3160 2770 3226 quantae
2815 3155 2959 3211 mihi
3000 3156 3275 3215 libidines
3306 3160 3566 3233 veniunt,
3600 3163 3674 3216 Et

344 3272 372 3300 ‹‹
405 3250 769 3316 Convertere,
815 3244 1013 3300 anima
1060 3260 1211 3314 mea,
1252 3244 1312 3299 in
1360 3243 1617 3317 requiem
1669 3249 1854 3300 tuam.
1888 3230 1918 3292 ἶ)
1950 3230 1993 3296 C
2030 3243 2186 3300 video
2237 3245 2407 3298 aliam
2457 3244 2630 3314 legem
2672 3251 3071 3315 repugnantem
3107 3250 3283 3303 menti
3311 3264 3471 3315 mem,
3504 3230 3558 3305 et
3583 3266 3674 3305 ca-

276 3337 518 3405 Quando
549 3334 786 3401 dicitur,
820 3356 848 3383 «
880 3332 1223 3388 Convertere
1253 3332 1311 3387 in
1342 3333 1602 3405 requiem
1647 3337 1807 3388 tuam
1843 3350 1855 3387 :
1896 3354 1918 3381 ιι

276 3443 413 3500 ergo
462 3423 670 3480 habuit
715 3427 850 3478 ante
898 3422 1158 3494 requiem
1207 3439 1383 3494 quam
1437 3422 1706 3495 perdidit.
1743 3421 1925 3478 Nemo

279 3517 435 3573 enim
484 3512 858 3580 convertitur,
892 3511 1006 3566 nisi
1052 3511 1153 3584 qui
1202 3512 1391 3584 pergit
1433 3509 1572 3565 illuc
1616 3509 1717 3566 ubi
1760 3510 1922 3581 prius

279 3610 422 3663 erat.
460 3606 609 3660 Deus
639 3601 795 3658 enim
829 3617 936 3657 nos
976 3601 1160 3656 bonos
1188 3600 1424 3666 creavit,
1455 3605 1512 3656 et
1542 3605 1741 3656 nostro
1773 3598 1925 3654 arbi-

276 3695 388 3751 trio
419 3710 526 3750 nos
564 3691 820 3762 reliquit,
862 3696 920 3746 et
948 3706 1152 3746 omnes
1182 3706 1315 3745 cum
1353 3690 1533 3745 Adam
1564 3690 1623 3744 in
1656 3688 1928 3761 paradiso

280 3783 497 3857 posuit.
528 3780 636 3837 Sed
670 3780 808 3850 quia
836 3783 1036 3833 nostro
1067 3778 1306 3833 arbitrio
1349 3795 1383 3832 a
1422 3776 1783 3833 beatitudine
1828 3775 1931 3831 illa

281 3870 621 3938 cecidimus,
645 3872 700 3922 et
730 3867 995 3921 venimus
1029 3867 1088 3920 in
1118 3865 1330 3921 vallem
1363 3867 1775 3939 lacrymarum,
1798 3881 1929 3937 pro-

284 3963 482 4031 pterea
496 3958 699 4028 justus
715 3954 970 4009 animam
992 3970 1160 4009 suam
1181 3953 1465 4020 hortatur,
1481 3958 1547 4009 ut
1560 3958 1933 4009 convertatur

286 4047 427 4103 illuc
457 4046 613 4102 unde
643 4043 962 4099 descendit.
1007 4066 1034 4091 ‹‹
1066 4042 1429 4111 Convertere,
1464 4043 1661 4099 anima
1692 4060 1839 4113 mea,
1871 4042 1930 4096 in

288 4137 549 4209 requiem
610 4138 792 4189 tuam.
828 4154 857 4181 »
910 4132 1097 4188 Locus
1150 4132 1307 4187 enim
1357 4131 1489 4202 iste,
1534 4130 1934 4187 tribulationis

290 4225 453 4283 locus
483 4228 593 4292 est,
625 4227 780 4279 terra
810 4226 1205 4295 pugnatorum
1251 4227 1358 4277 est.
1395 4222 1508 4278 Iste
1547 4221 1711 4278 locus
1749 4220 1934 4292 lacry-

293 4330 525 4371 marum
554 4317 663 4376 est,
695 4311 793 4366 ubi
827 4328 941 4367 non
973 4311 1108 4367 licet
1135 4328 1406 4368 securum
1446 4310 1765 4367 ambulare.
1798 4309 1936 4365 Ubi-

294 4418 526 4475 cunque
573 4400 731 4456 enim
780 4399 994 4471 aliquis
1042 4400 1238 4471 fuerit,
1271 4400 1594 4473 periculum
1640 4404 1749 4456 est.
1781 4399 1839 4454 Si
1880 4398 1941 4453 in

295 4492 547 4558 deserto,
580 4487 914 4559 scorpiones
952 4492 1092 4543 sunt
1123 4507 1136 4543 :
1179 4490 1227 4543 si
1259 4490 1320 4543 in
1348 4489 1708 4556 civitatibus,
1738 4487 1945 4544 oculus

2026 3334 2327 3404 ptivantem
2374 3348 2460 3387 me
2508 3333 2570 3386 in
2618 3332 2732 3403 lege
2775 3336 2981 3404 peccati
3021 3335 3195 3405 (Rom.
3228 3353 3324 3406 vn,
3357 3338 3496 3409 23):
3548 3355 3675 3409 pro-

2034 3426 2230 3493 pterea
2276 3420 2403 3475 dico
2437 3436 2449 3476 :
2499 3420 2665 3475 Miser
2704 3437 2801 3490 ego
2844 3421 3022 3490 homo,
3053 3425 3176 3494 quis
3211 3440 3299 3480 me
3328 3425 3584 3481 liberabit
3611 3426 3679 3481 de

2033 3526 2254 3581 corpore
2317 3510 2513 3564 mortis
2577 3510 2738 3580 hujus
2802 3511 2969 3581 (Ibid.
3038 3512 3179 3582 24)?
3244 3513 3312 3568 Et
3376 3519 3681 3587 propterea

2035 3598 2164 3654 dico
2195 3615 2208 3651 :
2243 3598 2318 3653 Ab
2347 3599 2568 3653 occultis
2594 3600 2728 3654 meis
2758 3599 2962 3655 munda
2988 3617 3093 3665 me,
3114 3604 3165 3657 et
3192 3601 3261 3657 ab
3290 3604 3489 3659 alienis
3514 3619 3685 3676 parce

2034 3704 2190 3743 servo
2219 3696 2311 3742 tuo
2356 3687 2527 3759 (Psal.
2563 3704 2719 3754 xvm,
2763 3690 2844 3756 13,
2881 3689 2988 3760 14).
3044 3690 3130 3745 Ab
3169 3690 3397 3748 alienis.
3431 3692 3555 3748 Non
3597 3696 3688 3749 est

2040 3793 2237 3831 meum
2262 3776 2416 3848 quod
2441 3777 2723 3848 parturio.
2748 3778 2889 3833 Nolo
2911 3778 3165 3851 cogitare
3187 3780 3363 3849 mala,
3385 3786 3442 3837 et
3470 3782 3681 3854 cogito.

2038 3864 2183 3921 Nolo
2221 3866 2476 3937 cogitare
2522 3865 2766 3937 malum,
2799 3872 2858 3922 et
2887 3867 3057 3939 quasi
3087 3869 3305 3926 invitus
3336 3876 3393 3926 et
3423 3871 3686 3943 captivus

2039 3954 2101 4009 in
2147 3953 2362 4009 mulam
2409 3955 2818 4026 cogitationem
2868 3957 3087 4013 trahor.
3129 3958 3240 4014 Sed
3294 3958 3571 4030 quoniam
3627 3960 3687 4013 in

2042 4058 2174 4098 mea
2201 4048 2487 4115 potestate
2517 4060 2632 4100 non
2662 4048 2772 4110 est,
2806 4050 2910 4100 aut
2947 4046 3221 4117 cogitare,
3257 4052 3358 4102 aut
3386 4064 3501 4103 non
3532 4048 3688 4120 cogi-

2043 4136 2168 4187 tare
2188 4148 2316 4204 qua;
2340 4137 2479 4187 sunt
2509 4132 2663 4187 mala
2687 4150 2699 4187 :
2736 4138 3042 4205 propterea
3061 4135 3211 4203 dico,
3237 4134 3427 4191 aliena
3452 4137 3691 4207 quidem

2045 4225 2333 4292 suntquae
2357 4222 2602 4277 veniunt
2632 4221 2688 4276 in
2716 4237 2817 4276 cor
2841 4238 3061 4277 meum.
3084 4223 3191 4279 Sed
3219 4225 3497 4296 quoniam
3523 4224 3694 4298 quasi

2047 4309 2368 4365 necessitas
2399 4309 2541 4363 mihi
2574 4309 2931 4381 imponitur:
2967 4316 3274 4385 propterea
3303 4313 3454 4384 dico,
3485 4315 3571 4371 Ab
3605 4331 3699 4371 oc-

2050 4397 2226 4454 cultis
2276 4399 2422 4454 meis
2471 4399 2692 4454 munda
2735 4415 2847 4454 me.
2880 4399 3086 4457 Aliena
3124 4401 3363 4474 quidem
3396 4408 3536 4460 sunt
3567 4419 3698 4477 pec-

2054 4492 2201 4557 cata,
2226 4488 2327 4543 sed
2362 4487 2501 4558 quia
2531 4487 2789 4560 suspicio
2811 4506 2878 4545 ea
2905 4506 2918 4544 :
2952 4490 3080 4547 dico
3105 4490 3166 4547 in
3194 4490 3400 4549 alienis
3422 4493 3700 4566 peccatis,

296 4578 624 4641 meretricis
654 4575 939 4650 pernicies
969 4580 1059 4632 est
1087 4576 1309 4632 homini
1346 4594 1359 4632 :
1401 4577 1450 4631 si
1481 4578 1540 4631 in
1573 4578 1743 4647 mari,
1774 4577 1946 4632 latro-
1977 4603 2024 4668 D
2056 4580 2229 4631 Parce
2274 4575 2420 4631 mihi
2466 4592 2621 4632 servo
2677 4580 2767 4633 tuo
2800 4595 2820 4633 :
2870 4582 2991 4634 Hoc
3049 4584 3245 4636 autem
3304 4597 3484 4653 quare
3536 4579 3703 4636 dixi?

300 4687 406 4727 nes
453 4673 511 4725 et
558 4667 781 4740 piratae.
832 4666 963 4721 Hazc
1014 4665 1214 4722 omnia
1262 4665 1502 4739 mystice
1553 4667 1780 4739 loquor.
1832 4667 1949 4723 Nec

301 4759 459 4817 enim
493 4774 650 4814 nunc
700 4754 1026 4828 periculum
1058 4760 1148 4811 est
1177 4760 1377 4811 sancto
1406 4755 1527 4811 viro
1558 4774 1592 4811 a
1619 4755 1949 4811 latronibus

305 4846 574 4915 interﬁci,
599 4845 891 4917 siquidem
915 4848 1201 4917 martyres
1226 4844 1512 4917 sanguine
1532 4862 1642 4902 suo
1661 4845 1948 4900 vicerunt.

310 4960 338 4987 ‹‹
370 4938 732 5003 Convertere,
764 4934 963 4990 anima
1002 4950 1152 5005 mea,
1184 4934 1244 4988 in
1290 4934 1550 5005 requiem
1590 4940 1774 4989 tuam.
1808 4933 1955 4999 Quia

309 5027 595 5084 Dominus
627 5023 909 5081 benefecit
935 5022 1063 5078 tibi.
1100 5046 1121 5074 ι
1157 5024 1300 5089 Quo,
1333 5023 1547 5095 inquit,
1579 5023 1950 5092 converteris,

311 5133 344 5172 o
372 5114 613 5172 anima?
642 5114 706 5169 ln
727 5112 1085 5186 paradisum.
1110 5110 1233 5168 Non
1257 5112 1397 5184 quia
1416 5113 1594 5185 digna
1614 5129 1697 5181 es,
1722 5113 1822 5169 sed
1852 5112 1957 5168 mi-

311 5204 628 5262 sericordia
671 5203 901 5258 Domini
950 5205 1058 5258 est.
1096 5202 1168 5257 Ut
1204 5201 1388 5257 exires
1428 5203 1500 5257 de
1530 5202 1822 5273 paradiso,
1856 5206 1957 5257 tuo

310 5294 449 5351 vitio
490 5294 707 5349 factum
748 5296 875 5359 est;
926 5295 1236 5346 ut‘autem
1287 5290 1512 5357 redeas,
1546 5290 1958 5346 misericordia:

313 5382 545 5441 Domini
605 5381 734 5438 fuit.
795 5380 864 5435 Et
918 5396 1025 5436 nos
1089 5380 1355 5436 dicamus
1412 5380 1622 5436 animae
1680 5384 1891 5435 nostrai
1942 5396 1956 5434 :

316 5456 346 5526 ἱ(
376 5474 715 5530 Convertere
760 5469 820 5525 in
867 5469 1128 5542 requiem
1158 5473 1342 5525 tuam.
1381 5494 1401 5519 ι
1457 5470 1710 5542 Requies
1739 5473 1959 5541 nostra,

316 5561 584 5627 Christus
613 5563 704 5616 est
732 5559 886 5615 Deus
927 5564 1143 5616 noster.
1177 5558 1237 5615 Si
1286 5560 1523 5631 quando
1572 5560 1859 5615 fuerimus
1902 5560 1960 5615 in

319 5647 614 5733 angustia,
646 5652 703 5706 et
731 5646 946 5722 ceperit
977 5664 1084 5706 nos
1113 5647 1386 5722 cogitatio
1416 5647 1709 5723 captivare
1738 5646 1798 5705 in
1829 5663 1961 5723 pec-

2059 4665 2342 4731 Quoniam
2402 4664 2549 4721 dixit
2579 4666 2912 4738 propheta:
2974 4691 3004 4719 «
3057 4666 3302 4725 Placebo
3363 4669 3628 4726 Domino.
3676 4691 3699 4718 ι

2059 4754 2186 4812 Non
2236 4754 2402 4821 dixit,
2435 4755 2657 4826 Placeo,
2691 4756 2814 4828 sed,
2845 4758 3094 4829 placebo.
3126 4758 3274 4813 Hinc
3341 4758 3498 4814 enim
3549 4758 3705 4831 quod

2063 4844 2233 4910 facio,
2258 4861 2372 4899 non
2403 4842 2645 4917 possum
2677 4861 2806 4901 esse
2837 4846 3127 4917 perfectus
3149 4847 3372 4917 justus.
3397 4847 3709 4919 Propterea

2063 4932 2206 4989 dicit
2250 4938 2308 4989 et
2352 4934 2716 5006 Apostolus:
2766 4935 2849 4988 Ea:
2888 4937 3049 5006 parte
3094 4936 3491 5006 cognoscimus,
3541 4945 3593 4992 et
3641 4951 3710 4992 ea:

2060 5026 2221 5095 parte
2243 5022 2658 5095 prophetamus,
2690 5027 2743 5078 et
2765 5039 2913 5078 nunc
2936 5039 3036 5095 per
3062 5022 3345 5095 speculum
3374 5025 3619 5082 videmus
3651 5026 3706 5080 in

2064 5114 2357 5183 aenigmate
2404 5116 2451 5182 (1
2503 5111 2622 5166 Cor.
2673 5128 2795 5180 xm,
2845 5112 2921 5184 9).
2972 5112 3279 5185 Propterea
3326 5131 3481 5170 nunc
3537 5114 3711 5187 longe

2067 5217 2334 5257 sermone
2364 5200 2455 5256 usi
2487 5217 2693 5256 sumus
2728 5218 2740 5256 :
2788 5200 3064 5272 quoniam
3106 5202 3163 5257 in
3197 5202 3469 5275 praesenti
3500 5201 3713 5260 saeculo

2069 5290 2356 5363 perfectus
2394 5291 2597 5361 justus
2645 5305 2816 5345 nemo
2867 5306 2995 5346 esse
3046 5296 3255 5363 potest,
3291 5307 3479 5364 neque
3507 5292 3712 5359 David,

2069 5396 2261 5450 neque
2307 5378 2578 5452 apostoli,
2632 5395 2821 5450 neque
2871 5380 3086 5452 aliquis
3134 5386 3491 5438 sanctorum.
3546 5382 3717 5437 Nemo

2070 5470 2218 5523 enim
2247 5466 2483 5525 mundus
2517 5484 2552 5522 a
2582 5474 2822 5539 peccato,
2862 5483 2960 5523 nec
2986 5470 3039 5525 si
3064 5471 3230 5525 anius
3257 5468 3370 5527 diei
3398 5469 3573 5543 fuerit
3602 5470 3718 5523 vita

2069 5557 2187 5629 ejus
2217 5556 2333 5627 (Job
2363 5572 2478 5624 xxv,
2507 5557 2582 5628 4).
2636 5555 2939 5629 Siquidem
2987 5558 3237 5631 apostoli
3282 5564 3340 5616 et
3380 5557 3567 5615 sancti
3599 5572 3714 5614 non

2073 5646 2202 5705 ausi
2227 5649 2367 5709 sunt
2386 5644 2599 5720 dicere,
2623 5646 2821 5705 Sancti
2844 5662 3054 5706 sumus
3076 5665 3090 5720 ;
3123 5662 3229 5706 nec
3250 5647 3383 5707 ausi
3401 5650 3542 5709 sunt
3563 5644 3719 5708 dicos
