3992 6194
322 345 474 408 1251

1818 343 2243 405 APPENDIX.

3568 345 3727 409 (252

323 495 404 548 re,
434 478 640 534 Placeo
677 494 688 533 :
742 477 844 534 sed
871 477 1112 550 placebo.
1145 475 1252 541 Qui
1286 475 1343 530 in
1378 475 1646 532 futurum
1679 476 1965 534 sollicitus
1993 479 2047 546 Α
2081 494 2235 543 mus,
2270 475 2638 532 mendacium
2671 479 2781 532 est.
2804 475 3104 540 Quomodo
3135 474 3318 548 igitur
3347 478 3718 536 mendacium

323 573 430 636 est,
463 568 533 623 de
564 567 850 639 praeterito
880 567 1035 638 quod
1067 583 1180 621 non
1214 565 1368 632 fecit,
1403 567 1732 622 confitetur.
1779 588 1807 616 ‹‹
1841 567 1967 622 Pla-

323 659 462 723 cebo
491 656 775 724 Domino;
811 678 839 705 »
889 655 995 711 Ubi
1047 653 1285 726 placebo
1307 654 1334 709 ‘?
1390 676 1415 707 α
1452 657 1512 710 In
1546 656 1779 729 regione
1811 656 1967 712 vivo-

324 763 476 802 rum.
513 769 535 798 ι
594 746 718 800 Haec
747 745 900 800 enim
952 743 1110 815 regio
1142 746 1507 799 mortuorum
1540 748 1665 812 est;
1724 743 1839 799 alia
1881 748 1970 800 est

323 839 476 890 terra
521 834 805 888 vivorum.
858 831 1162 903 Siquidem
1210 835 1267 886 et
1314 831 1492 887 David
1542 830 1601 886 in
1658 832 1766 887 hac
1815 837 1969 888 terra

323 927 464 990 erat,
525 927 580 977 et
633 938 764 976 vere
820 921 878 975 in
927 924 1092 976 terra
1150 920 1642 992 repromissionis,
1702 921 1904 978 dicens
1951 939 1964 978 :

327 1000 354 1066 ii
384 1011 623 1068 Placebo
671 1009 913 1064 Domino
953 1009 1011 1063 in
1045 1009 1277 1080 regione
1309 1008 1569 1064 vivorum
1597 1027 1611 1077 ;
1645 1031 1672 1060 η
1725 1011 1969 1066 confite-

319 1105 416 1156 tur
445 1100 596 1155 hanc
626 1099 921 1170 regionem
955 1114 1070 1152 non
1099 1112 1226 1153 esse
1256 1096 1541 1164 vivorum,
1573 1099 1671 1153 sed
1706 1102 1964 1154 mortuo-

320 1205 473 1258 rum.
532 1187 715 1244 Vultis
767 1187 915 1243 scire
966 1203 1093 1257 quae
1149 1191 1239 1241 est
1288 1185 1390 1240 illa
1438 1187 1594 1259 regio
1652 1186 1969 1242 vivorum?

321 1277 608 1333 Dominus
649 1275 791 1331 dicit
820 1276 878 1329 in
912 1274 1222 1347 Evangelio
1257 1291 1270 1331 :
1320 1277 1462 1331 Deus
1503 1276 1796 1343 Abraham,
1826 1277 1968 1331 Deus

321 1368 491 1434 Isaac,
524 1367 660 1421 Deus
689 1367 850 1421 Jacob
882 1363 1098 1433 (Matth.
1131 1381 1271 1431 χχιι,
1305 1365 1418 1436 3'2),
1469 1370 1526 1420 et
1556 1369 1723 1420 erant
1752 1365 1968 1421 mortui

321 1456 388 1510 Et
421 1454 560 1526 quid
593 1454 858 1525 sequitur
879 1453 905 1506 ‘I
940 1454 1100 1523 Deus,
1126 1453 1338 1523 inquit,
1363 1469 1473 1508 non
1502 1457 1579 1508 est
1603 1461 1966 1522 mortuorum,

320 1544 417 1598 sed
455 1545 701 1598 vivorum
750 1542 955 1614 (Ibid)
1004 1541 1188 1613 Igitur
1235 1545 1291 1595 et
1329 1541 1534 1611 justus
1580 1542 1720 1612 quid
1776 1542 1962 1596 dicit:

323 1655 349 1681 α
385 1631 630 1686 Placebo
654 1631 896 1684 Domino
929 1631 987 1684 in
1019 1631 1251 1701 regione
1271 1629 1552 1685 vivorum.
1575 1649 1602 1682 »ν
1635 1632 1696 1685 1n
1731 1632 1966 1703 regione

320 1721 640 1782 Abraham,
675 1719 853 1787 Isaac,
887 1723 944 1772 et
987 1717 1189 1772 Jacob.
1233 1717 1349 1772 Hoc
1403 1723 1510 1788 est,
1550 1720 1785 1790 quando
1837 1735 1966 1774 vere

321 1810 482 1862 fuero
524 1809 579 1860 in
624 1807 756 1862 sinu
790 1804 1087 1861 Abraham
1129 1806 1278 1876 (Luc.
1311 1823 1426 1877 xvi,
1456 1807 1569 1879 23),
1604 1812 1742 1864 tunc
1775 1807 1963 1880 place-

321 1898 394 1952 bo
425 1897 690 1952 Domino.
743 1915 747 1919 '

880 2001 1204 2058 PSALMUS
1243 2001 1402 2059 CXV.

318 2110 574 2165 Alleluia.
600 2109 764 2164 Hunc
795 2108 1090 2181 psalmum
1115 2108 1322 2180 quinta
1349 2113 1407 2162 et
1436 2113 1596 2164 sexta
1621 2109 1798 2164 editio
1827 2124 1963 2181 cum

391 2179 1103 2253 superioribus—copulant
1136 2179 1155 2253 Ξ,
1195 2181 1584 2253 Symmachus
1619 2198 1746 2236 vero
1778 2184 1836 2235 et
1863 2180 1963 2236 Se-

389 2252 696 2325 ptuaginta
725 2252 1071 2323 interpretes
1104 2252 1392 2306 dividunt.

387 2383 415 2408 α
449 2359 698 2424 Credidi,
732 2361 968 2429 propter
1015 2358 1168 2428 quod
1214 2356 1445 2412 locutus
1484 2373 1636 2412 sum.
1673 2379 1701 2407 »
1754 2357 1815 2412 In
1850 2357 1962 2412 He-

317 2448 511 2502 braico
561 2445 916 2502 centesimus
968 2445 1234 2500 decimus
1282 2450 1529 2515 quartus
1577 2445 1865 2516 psalmus,
1906 2449 1964 2501 et

317 2535 678 2590 centesimus
725 2533 991 2588 decimus
1038 2533 1300 2604 quintus,
1344 2550 1498 2589 unus
1553 2539 1642 2589 est
1671 2534 1958 2606 psalmus.

314 2621 498 2693 Igitur
554 2622 701 2676 dixit
748 2639 760 2677 :
819 2643 845 2671 «
895 2621 1145 2690 Credidi,
1205 2627 1444 2694 propter
1508 2623 1663 2694 quod
1729 2622 1961 2680 locutus

312 2727 466 2766 sum.
490 2733 518 2762 »
553 2711 700 2775 Quid
723 2709 1070 2766 credidisti?
1102 2711 1257 2782 quod
1287 2710 1518 2766 locutus
1549 2728 1612 2767 es
1631 2711 1659 2766 ?
1687 2711 1960 2768 Psalmus

311 2799 470 2873 prior
497 2800 579 2855 ita
599 2799 822 2854 ﬁnivit:
859 2822 886 2849 «
923 2797 1163 2855 Placebo
1193 2815 1390 2855 coram
1415 2801 1656 2856 Domino
1683 2801 1742 2854 in
1775 2801 1960 2872 regio-

311 2905 384 2944 ne
411 2889 696 2944 vivorum.
730 2911 758 2938 »
791 2887 944 2943 Dicit
973 2904 1109 2959 ergo
1140 2887 1424 2960 propheta
1449 2904 1461 2943 ε
1503 2909 1530 2940 a
1555 2888 1804 2956 Credidi,
1832 2905 1960 2962 pro-

311 2982 439 3049 pter
468 2978 623 3048 quod
653 2976 886 3032 locutus
917 2993 1071 3032 sum.
1107 2998 1136 3026 ››
1186 2977 1335 3040 Quid
1375 2977 1644 3032 credidi?
1673 2977 1958 3041 Quoniam

309 3065 550 3138 placebo
595 3082 790 3122 coram
840 3065 1088 3121 Domino
1139 3065 1197 3118 in
1247 3065 1482 3137 regione
1525 3064 1808 3121 vivorum.
1840 3065 1958 3122 Hoc

310 3155 551 3226 credidi,
592 3158 649 3210 et
696 3153 803 3210 hoc
852 3154 1084 3210 locutus
1129 3170 1283 3209 sum.
1318 3155 1466 3220 Quid
1499 3159 1692 3210 autem
1727 3154 1956 3211 locutus

1995 1853 2043 1916 B

2078 567 2212 622 est?
2261 566 2624 623 Mendacium
2676 564 2772 619 hic
2819 563 2982 635 dixit,
3016 566 3185 636 quasi
3231 566 3524 634 umbram,
3558 568 3730 637 quasi

2079 655 2396 728 imaginem
2431 671 2443 709 :
2487 653 2984 726 quemadmodum
3024 653 3239 709 dicitur
3277 654 3334 708 in
3387 654 3504 710 alio
3553 654 3677 712 loco
3714 674 3731 714 :

2084 745 2464 800 Verumtamen
2519 744 2578 798 in
2636 743 2887 811 imagine
2939 744 3274 812 pertransiet
3329 743 3490 798 homo
3553 745 3729 815 (Psal.

2079 851 2314 902 xxxvm,
2344 835 2420 899 7).
2472 833 2687 888 Eadem
2735 830 3125 903 intelligentia
3175 837 3231 886 et
3277 849 3439 888 nunc
3492 833 3729 899 dicitur,

2077 925 2270 980 omnis
2318 924 2491 979 homo
2540 922 2812 988 mendax,
2842 921 2950 976 hoc
2995 926 3103 987 est,
3135 921 3326 977 omnis
3373 921 3560 978 homo
3603 939 3734 978 um-

2077 1013 2200 1068 bra.
2235 1013 2351 1068 Hoc
2382 1015 2576 1067 autem
2610 1010 2860 1066 dicimus
2889 1010 3215 1066 secundum
3248 1010 3604 1066 Hebraicam
3635 1028 3736 1066 ve-

2077 1101 2330 1156 ritatem.
2364 1101 2701 1172 Loquamur
2755 1103 2949 1155 autem
2999 1103 3057 1154 et
3103 1100 3431 1155 secundum
3481 1101 3737 1172 Septua-

2075 1191 2242 1261 ginta
2270 1190 2643 1261 Interpretes.
2679 1188 2839 1242 Dicat
2879 1187 3035 1244 enim
3075 1186 3314 1259 aliquis,
3347 1187 3498 1264 quid
3529 1190 3608 1243 ad
3645 1205 3739 1244 me

2077 1279 2218 1350 quid
2268 1278 2552 1334 habeatur
2608 1278 2667 1332 in
2723 1276 3052 1333 Hebraico?
3100 1293 3206 1349 ego
3255 1277 3588 1332 Ecclesiam
3642 1295 3738 1334 se-

2077 1385 2242 1440 quar.
2298 1368 2477 1440 «Ego
2526 1366 2642 1422 dixi
2690 1367 2750 1421 in
2799 1383 3039 1422 excessu
3083 1381 3260 1422 meo:
3310 1366 3526 1422 Omnis
3559 1367 3742 1423 homo

2079 1457 2348 1512 mendax.
2382 1478 2409 1506 »
2467 1456 2682 1510 Verum
2737 1454 2879 1510 dicit
2933 1454 3134 1523 David,
3185 1472 3259 1510 an
3310 1455 3628 1510 mentitur.
3681 1457 3743 1512 Si

2075 1563 2276 1601 verum
2333 1552 2440 1610 est,
2491 1545 2684 1600 omnis
2740 1544 2914 1600 homo
2974 1545 3242 1611 mendax,
3291 1550 3349 1599 et
3404 1543 3520 1600 hoc
3577 1547 3736 1617 quod

2075 1635 2240 1703 dicit,
2290 1658 2316 1684 «
2353 1635 2556 1690 Omnis
2606 1633 2779 1690 homo
2829 1634 3100 1702 mendax,
3134 1656 3162 1682 ››
3209 1650 3414 1689 verum
3446 1639 3565 1698 est,
3597 1651 3739 1706 ergo

2075 1729 2130 1778 et
2165 1724 2286 1795 ipse
2317 1723 2618 1790 mentitur,
2653 1723 2792 1794 quia
2820 1726 2878 1776 et
2907 1721 3030 1794 ipse
3060 1722 3235 1777 homo
3266 1728 3375 1778 est.
3425 1723 3489 1777 Si
3534 1729 3734 1779 autem

2075 1819 2130 1868 et
2177 1813 2302 1883 ipse
2349 1811 2648 1880 mentitur,
2691 1827 2826 1883 ergo
2879 1810 2984 1866 hoc
3035 1812 3191 1882 quod
3239 1811 3407 1881 dixit,
3462 1836 3493 1861 ι(
3526 1813 3736 1869 Omnis

2075 1901 2248 1957 homo
2281 1900 2552 1969 mendax,
2578 1922 2607 1950 »
2639 1917 2753 1955 non
2776 1904 2864 1955 est
2885 1915 3110 1955 verum.
3137 1901 3530 1972 Quocumque
3553 1908 3731 1956 verte-

2074 1989 2176 2057 ris,
2208 1989 2267 2044 in
2309 1988 2669 2045 contrarium
2715 1988 2892 2043 venit.
2926 1988 3005 2043 Et'
3041 1989 3320 2059 quoniam
3376 1989 3510 2061 ipse
3560 1989 3735 2046 homo

2073 2082 2182 2145 est,
2205 2094 2342 2150 ergo
2362 2077 2488 2149 ipse
2509 2077 2822 2145 mentitur;
2857 2077 3012 2148 quod
3040 2077 3231 2133 omnis
3258 2077 3441 2134 homo
3476 2081 3734 2136 mendax
3758 2126 3764 2130 _

2073 2173 2178 2222 est.
2215 2167 2362 2239 Ergo
2393 2165 2504 2222 alio
2536 2183 2746 2238 genere
2778 2166 3079 2222 mentitur.
3115 2165 3336 2222 Videtis
3392 2183 3562 2240 ergo,
3592 2168 3727 2239 quia

2074 2255 2400 2328 syllogismi
2424 2261 2561 2311 sunt
2581 2253 3086 2328 philosophorum.
3107 2252 3366 2326 Denique
3393 2259 3724 2313 secundum

2072 2344 2242 2411 hanc,
2271 2344 2622 2400 sententiam
2675 2344 2891 2399 texitur
2942 2343 3319 2416 syllogismus
3368 2345 3727 2402 Aristotelis.

2074 2433 2333 2506 Denique
2362 2439 2426 2488 tu
2457 2433 2605 2490 dicis
2638 2450 2650 2488 :
2703 2438 2961 2504 Loquere
3005 2433 3078 2488 ad
3118 2433 3366 2489 alterum
3405 2451 3420 2488 :
3473 2435 3528 2490 si
3560 2453 3731 2490 men—

2070 2523 2222 2591 tiris,
2251 2528 2308 2578 et
2338 2539 2538 2578 verum
2569 2521 2716 2578 dicis
2756 2522 2912 2595 quod
2953 2522 3218 2578 mentiris
3250 2540 3263 2577 :
3317 2539 3460 2596 ergo
3512 2526 3732 2580 menti-

2070 2612 2172 2668 ris.
2204 2612 2404 2668 Videte
2435 2613 2726 2684 quomodo
2774 2612 2834 2666 in
2884 2611 3243 2668 contrarium
3290 2613 3540 2669 vertitur
3590 2631 3728 2670 sen-

2071 2699 2271 2756 tentia.
2304 2700 2450 2766 Quid
2496 2700 2653 2755 enim
2703 2699 2845 2755 dicit
2875 2717 2889 2755 :
2941 2700 2984 2756 O
3030 2705 3091 2756 tu
3123 2701 3225 2772 qui
3256 2717 3488 2757 mecum
3519 2702 3728 2775 loque-

2071 2789 2151 2845 ris
2183 2806 2196 2844 :
2250 2789 2300 2844 si
2332 2789 2618 2856 mentiris,
2651 2793 2708 2844 et
2735 2804 2936 2845 verum
2967 2789 3116 2844 dicis
3153 2789 3264 2846 hoc
3306 2791 3500 2863 ipsum
3557 2793 3722 2864 quod

2070 2878 2336 2934 mentiris
2369 2895 2382 2932 :
2427 2893 2562 2950 ergo
2596 2878 2881 2944 mentiris,
2914 2882 2972 2932 et
3000 2878 3059 2933 in
3089 2878 3297 2934 eodem
3327 2896 3587 2935 sermone
3617 2881 3724 2947 Bt,

2067 2972 2132 3022 ut
2159 2984 2362 3022 verum
2394 2967 2568 3034 dicat,
2591 2973 2648 3022 et
2678 2967 3016 3022 mentiatur.
3041 2971 3355 3040 PrOpterea
3384 2967 3594 3024 lectum
3617 2975 3722 3026 est

2068 3056 2126 3111 in
2155 3053 2427 3127 Apostolo
2464 3071 2477 3109 :
2520 3055 2715 3122 Videte,
2746 3070 2816 3109 ne
2865 3057 2988 3126 quis
3035 3070 3126 3110 vos
3173 3054 3406 3126 decipiat
3451 3071 3553 3127 per
3593 3057 3727 3129 phi-

2067 3145 2368 3216 losOphiam
2414 3154 2465 3199 et
2511 3160 2709 3199 vanam
2759 3137 3126 3215 deceptionem
3175 3145 3483 3216 hominum,
3518 3162 3726 3201 sermn-

311 3243 494 3298 sum?
541 3242 722 3314 «Ego
768 3247 964 3297 autem
1014 3241 1363 3297 humiliatus
1415 3259 1547 3296 sum
1599 3241 1797 3300 nimis,
1832 3266 1859 3293 ››
1911 3241 1954 3298 0
1985 3226 2028 3294 C
2065 3233 2196 3288 dum
2248 3234 2516 3289 elementa
2569 3231 2771 3287 mundi
2824 3233 3048 3304 (Coloss.
3107 3250 3169 3301 ιι,
3228 3234 3307 3302 8).
3363 3233 3727 3292 Invenerunt

311 3347 526 3404 magna
571 3329 959 3404 intelligentia
999 3330 1180 3385 divini
1227 3330 1552 3386 sermonis!
1585 3330 1832 3401 Credidi,
1866 3332 1956 3386 in.

307 3421 453 3493 quit,
487 3421 766 3492 quoniam
816 3420 1052 3492 placebo
1104 3419 1375 3487 Domino,
1406 3420 1685 3491 quoniam
1725 3436 1820 3476 ero
1852 3437 1954 3476 an-

305 3509 470 3582 gelus
495 3528 507 3578 ;
543 3509 822 3582 quoniam
853 3525 950 3565 ero
980 3509 1040 3564 in
1069 3508 1251 3574 caelis,
1277 3513 1336 3564 et
1365 3525 1480 3564 non
1512 3509 1594 3563 fui
1626 3509 1952 3581 superbus:

306 3616 421 3654 non
439 3615 572 3654 sum
589 3599 799 3665 elatus,
813 3598 912 3653 sed
936 3598 1282 3654 humiliatus
1301 3615 1432 3654 sum
1455 3597 1650 3654 nimis.
1667 3598 1952 3663 Quoniam

305 3703 402 3742 ero
446 3688 506 3740 in
551 3687 784 3758 regione
813 3687 1098 3755 vivorum,
1134 3687 1545 3743 misericordiae
1578 3687 1810 3744 Domini
1841 3688 1950 3745 est.

305 3775 420 3847 Ego
480 3778 673 3829 autem
723 3775 855 3829 novi
903 3775 1338 3847 memetipsum,
1367 3775 1508 3848 quia
1549 3781 1702 3832 terra
1733 3793 1865 3832 sum
1896 3779 1954 3833 et

304 3863 474 3920 cinis.
497 3867 810 3935 Propterea
835 3863 963 3919 dico
989 3881 1001 3919 :
1036 3885 1058 3914 ι
1088 3864 1205 3935 Ego
1229 3869 1422 3920 autem
1447 3863 1796 3921 humiliatus
1818 3883 1950 3922 sum

303 3953 502 4009 nimis.
539 3977 560 4005 ι
605 3952 752 4017 Quid
783 3956 981 4008 autem
1011 3956 1100 4008 est
1131 3956 1286 4008 terra
1315 3956 1371 4008 et
1402 3953 1549 4008 cinis
1569 3953 1596 4007 ‘l

373 4065 401 4092 «
435 4043 552 4114 Ego
583 4047 779 4098 autem
811 4041 928 4096 dixi
961 4040 1019 4096 in
1052 4057 1293 4098 excessu
1325 4057 1453 4097 meo
1481 4059 1495 4097 :
1539 4042 1742 4098 Omnis
1774 4043 1946 4099 homo

301 4131 570 4188 mendax.
601 4151 628 4183 ι)
682 4136 746 4186 In
794 4130 1032 4186 Hebraeo
1071 4129 1240 4185 aliter
1282 4129 1475 4185 habet.
1533 4154 1554 4180 α
1591 4130 1708 4203 Ego
1738 4131 1854 4186 dixi
1887 4132 1944 4187 in

300 4236 538 4276 excessu
561 4237 690 4276 meo
717 4238 728 4276 :
755 4220 961 4276 Omnis
982 4219 1155 4276 homo
1178 4219 1548 4276 mendacium
1577 4238 1590 4288 ;
1624 4242 1652 4269 «
1679 4221 1830 4292 quod
1857 4221 1944 4276 di-

299 4310 452 4364 citur
495 4325 678 4364 zscm
710 4311 749 4364 ί.
800 4310 1033 4365 Placebo
1061 4311 1288 4365 Domino
1333 4311 1394 4364 in
1436 4311 1660 4380 regione
1698 4310 1946 4366 vivorum

299 4398 486 4468 (Psal.
555 4414 708 4466 cxnv,
779 4398 890 4469 9);
961 4399 1062 4454 sed
1129 4413 1234 4470 ego
1301 4397 1421 4454 scio
1490 4399 1942 4472 memetipsum,

296 4487 620 4542 secundum
711 4487 1108 4542 conditionem
1191 4488 1480 4559 corporis,
1560 4488 1705 4542 nihil
1790 4504 1939 4545 esse.

293 4575 420 4632 Non
495 4581 585 4632 est
657 4575 814 4632 enim
888 4576 1101 4632 veritas
1176 4576 1235 4630 in
1313 4577 1645 4632 substantia
1710 4583 2021 4662 nostra,D

295 4664 396 4721 sed
455 4665 667 4720 umbra
721 4669 830 4731 est,
891 4669 949 4720 et
1002 4665 1172 4736 quasi
1233 4665 1628 4721 mendacium.
1691 4667 1751 4721 In
1811 4667 1944 4722 sub-

292 4754 511 4809 stantia
565 4753 851 4826 corporali
908 4753 1060 4820 dico,
1117 4770 1232 4809 non
1281 4754 1340 4808 in
1389 4755 1608 4821 anima,
1663 4755 1728 4810 Et
1784 4756 1938 4828 quod

291 4842 453 4915 dicit,
487 4844 594 4899 hoc
631 4848 720 4899 est
755 4860 766 4898 :
809 4842 1040 4898 Placebo
1073 4843 1298 4899 Domino
1328 4845 1386 4898 in
1418 4846 1642 4913 regione
1671 4845 1938 4900 vivorum.

289 4932 396 4987 Sed
445 4933 708 5004 cogitans
752 4931 1074 4988 humanam
1117 4932 1320 5000 vitam,
1353 4937 1409 4988 et
1438 4933 1819 4990 considerans
1850 4934 1940 4989 di-

290 5036 488 5077 versos
553 5037 799 5091 errores,
858 5038 973 5077 non
1041 5022 1269 5077 invenio
1334 5021 1636 5077 veritatem
1704 5023 1762 5078 in
1831 5023 1939 5080 hoc

291 5111 532 5164 mundo.
600 5111 878 5182 Siquidem
942 5127 1012 5166 ea:
1072 5120 1229 5182 parte
1291 5112 1688 5181 cognoscimus,
1755 5121 1806 5167 et
1871 5129 1940 5168 ea:

286 5201 443 5269 parte
503 5198 890 5270 prephelamus
956 5201 1018 5272 (Ι
1087 5199 1205 5255 Cor.
1273 5217 1405 5270 xm,
1463 5200 1558 5271 9).
1632 5201 1940 5273 Pr0pterea

291 5285 420 5341 dico
452 5302 464 5341 :
515 5284 700 5343 Omne
739 5289 894 5360 quod
940 5287 1232 5356 videmus,
1262 5304 1437 5344 omne
1467 5289 1620 5360 quod
1654 5289 1938 5363 intelligi-

364 5433 380 5466 ι
412 5428 689 5484 Notatum
723 5429 1075 5502 Martianaeo,
1098 5431 1248 5487 hanc
1279 5448 1422 5487 mss.
1448 5433 1715 5487 codicum
1745 5432 1937 5489 lectio-

289 5511 424 5582 r_iem
463 5517 594 5582 esse
635 5516 737 5582 pro
779 5503 1003 5582 cbazab,
1038 5515 1140 5582 ξιτ)
1170 5503 1325 5582 quod
1359 5502 1498 5582 editi
1529 5505 1929 5582 prazferebant.

287 5577 516 5650 E_x_quo
547 5577 604 5630 et
633 5573 934 5650 imperitiae
983 5573 1357 5650 tractat’orem
1386 5573 1554 5650 hunc
1585 5577 1814 5650 arguit,
1837 5577 1938 5650 qui

286 5643 561 5726 ultimam
593 5643 879 5723 syllabam
910 5645 1167 5718 nominis
1204 5658 1308 5712 Ξ,τῦ
1349 5647 1575 5721 chazab,
1605 5643 1934 5709 «infuderit

2066 3323 2222 3379 enim
2253 3321 2586 3395 philosophi
2609 3339 2748 3378 suas
2776 3322 3150 3394 deeeptiones
3178 3337 3247 3378 ex
3276 3325 3522 3395 prapria
3553 3330 3722 3382 arte:

2065 3413 2354 3484 quomodo
2385 3412 2444 3466 in
2473 3411 2677 3467 eodem
2709 3427 2995 3478 sermone,
3031 3414 3086 3466 et
3113 3427 3249 3466 vera
3279 3411 3416 3483 quis
3448 3412 3633 3483 dicat,
3663 3419 3725 3469 et

2065 3501 2401 3556 mentiatur.
2435 3499 2551 3556 Nos
2581 3505 2776 3555 autem
2807 3500 3076 3556 dicamus
3103 3500 3283 3555 David
3306 3517 3446 3556 vera
3474 3502 3716 3570 dixisse,

2063 3591 2218 3662 quod
2260 3588 2452 3644 omnis
2497 3588 2670 3644 homo
2703 3589 2973 3644 mendax.
3007 3589 3274 3653 Quandiu
3305 3589 3588 3647 homines
3615 3607 3713 3646 sn-

2063 3695 2216 3746 mus,
2271 3677 2636 3733 mentimur:
2699 3678 2930 3748 quando
2986 3682 3180 3734 autem
3249 3679 3546 3735 fuerimus
3611 3680 3713 3748 dii,

2060 3767 2385 3822 desinimus
2439 3766 2693 3822 mentiri.
2729 3767 2828 3823 Ubi
2869 3767 3018 3822 enim
3065 3771 3194 3823 sunt
3238 3769 3625 3825 mutationes
3661 3776 3718 3825 et

2057 3858 2426 3912 contentiones
2489 3856 2550 3910 in
2615 3855 2793 3922 vobis,
2859 3872 3038 3911 nonne
3112 3858 3358 3912 homines
3437 3861 3602 3926 estis,
3668 3864 3716 3915 et

2055 3945 2353 4001 secundum
2400 3945 2674 4000 hominem
2725 3945 3024 4001 ambulatis
3073 3947 3119 4017 (I
3157 3946 3280 4002 Cor.
3328 3965 3412 4018 ιιι,
3448 3950 3554 4018 3)?
3609 3954 3715 4020 Ego

2056 4037 2199 4104 dixi,
2250 4035 2334 4090 dii
2381 4036 2532 4102 estis,
2590 4037 2640 4090 et
2693 4033 2811 4106 ﬁlii
2865 4035 3080 4091 Excelsi
3125 4052 3329 4092 omnes.
3386 4039 3483 4093 Vos
3527 4048 3710 4094 autem

2054 4127 2195 4180 sicut
2223 4125 2467 4180 homines
2494 4124 2832 4190 moriemini,
2857 4133 2907 4179 et
2935 4126 3080 4180 sicut
3104 4141 3251 4182 unus
3271 4126 3340 4182 de
3362 4129 3705 4198 principibus

2053 4213 2258 4268 cadetis
2304 4213 2475 4283 (Psal.
2509 4230 2692 4282 Lxxx1,
2723 4214 2778 4282 6,
2819 4214 2897 4280 7).
2946 4213 3007 4268 Si
3055 4213 3188 4285 quis
3240 4215 3415 4286 igitur
3456 4219 3694 4270 sanctus

2053 4307 2161 4372 est,
2193 4302 2347 4358 Deus
2395 4301 2664 4373 efﬁcitur,
2698 4306 2755 4356 et
2797 4303 3032 4373 quando
3078 4303 3268 4360 factus
3316 4304 3486 4360 fuerit
3516 4304 3700 4375 Deus,

2053 4391 2267 4448 desinit
2317 4407 2446 4447 esse
2496 4391 2692 4458 homo,
2737 4396 2794 4447 et
2835 4392 2963 4463 jam
3018 4393 3321 4450 mentitur.
3357 4394 3508 4458 Quid
3549 4394 3708 4451 enim

2053 4481 2192 4537 dicit
2221 4486 2280 4537 et
2305 4479 2624 4553 Apostolus
2643 4481 2671 4535 ?
2713 4483 2804 4536 Est
2835 4484 3018 4537 autem
3048 4485 3230 4538 omnis
3259 4483 3421 4539 homo
3453 4484 3709 4552 mendax,

2051 4571 2192 4624 Deus
2248 4578 2435 4626 autem
2494 4586 2662 4625 verax
2715 4571 2896 4638 (Rom.
2956 4587 3049 4640 ιιι,
3111 4571 3187 4641 4).
3248 4571 3704 4644 lnterpretemur

2055 4659 2266 4715 aliter:
2319 4682 2347 4710 ‹‹
2381 4659 2632 4727 Credidi,
2683 4664 2922 4732 propter
2977 4661 3131 4732 quod
3191 4659 3422 4718 locutus
3483 4679 3704 4718 sum.»

2054 4748 2332 4821 Magister
2362 4749 2596 4820 quando
2628 4749 2796 4804 docet
2827 4748 3207 4822 discipulum,
3242 4750 3356 4806 nisi
3387 4751 3554 4823 prior
3587 4752 3710 4824 ipse

2051 4839 2362 4894 crediderit
2403 4839 2558 4910 quod
2599 4838 2784 4908 docet,
2819 4855 2935 4894 non
2967 4844 3160 4911 potest
3187 4838 3440 4895 alterum
3473 4843 3704 4898 docere.

2050 4927 2200 4983 Dicit
2245 4943 2381 5000 ergo
2421 4943 2483 4984 se
2514 4927 2774 4999 primum
2805 4927 3145 5000 credidisse,
3177 4934 3234 4985 et
3263 4929 3348 4984 sic
3379 4929 3568 4985 alium
3601 4931 3704 4986 do-

2050 5033 2195 5072 cere.
2231 5039 2258 5066 «
2283 5017 2399 5089 Ego
2421 5022 2615 5072 autem
2645 5015 2993 5073 humiliatus
3014 5033 3145 5074 sum
3171 5017 3369 5074 nimis.
3399 5042 3419 5066 ι
3455 5020 3707 5084 Quando

2048 5111 2243 5162 autem
2275 5107 2519 5178 adeptus
2550 5123 2683 5162 sum
2715 5106 2963 5178 gratiam
2996 5107 3096 5162 Dei
3133 5123 3147 5160 :
3196 5124 3309 5163 non
3345 5125 3479 5164 sum
3509 5107 3702 5165 elatus

2047 5196 2106 5250 in
2151 5195 2509 5267 superbiam,
2544 5211 2657 5250 non
2708 5212 2800 5250 me
2843 5195 3066 5251 inflavit
3116 5195 3341 5252 notitia.
3393 5197 3507 5252 Sed
3557 5196 3691 5269 quid

2048 5283 2206 5340 feci?
2258 5307 2285 5334 «
2325 5283 2675 5340 Humiliatus
2731 5301 2862 5339 sum
2921 5283 3117 5340 nimis.
3158 5305 3185 5335 ιο
3252 5286 3474 5341 Tamen
3535 5285 3689 5359 quod

2045 5445 2179 5503 cum
2211 5429 2586 5503 prima_vocis
2629 5429 2930 5503 sequentis
2972 5440 3066 5490 mn
3112 5445 3228 5498 ma,
3261 5428 3323 5503 id
3371 5435 3464 5486 est
3512 5431 3647 5503 quid
3676 5449 3696 5490 :

2047 5500 2298 5574 indeque
2345 5501 2597 5574 effecerit
2645 5500 3207 5574 dictionemirsecum,
3239 5500 3329 5558 vel
3373 5500 3582 5570 aecum,
3616 5503 3695 5560 Ie-

2045 5572 2234 5646 gendo
2263 5587 2296 5635 ε
2342 5572 2508 5646 Capti,
2542 5589 2644 5646 pro
2691 5586 2729 5635 ι
2767 5573 2925 5630 Beth.
2959 5573 3104 5630 Vide
3134 5573 3368 5636 admon.
3405 5580 3688 5635 nostram.
