3992 6194
243 317 395 378 1253

1400 309 1896 372 BREVIARIUM
1940 311 2018 371 IN
2065 307 2454 372 PSALMOS.

3487 317 3640 382 4254

242 445 413 504 docui
445 461 733 516 sermone,
764 444 924 518 potui
980 448 1038 500 et
1092 443 1422 501 humilitate
1451 444 1676 500 docere.
1710 467 1736 495 «
1771 445 1886 516 Ego
1915 444 1971 511 Α
1999 443 2138 514 2-4).
2175 465 2203 493 ››
2235 441 2480 500 Calicem
2512 443 2788 502 salutaris
2817 446 2943 517 (aut
2976 446 3140 521 Jesu)
3179 450 3480 524 accipiam.
3513 471 3540 504 ι)
3576 455 3647 510 Et

245 537 361 593 dixi
403 536 461 591 in
511 553 753 592 excessu
801 551 928 591 meo
979 551 992 589 :
1042 533 1247 590 Omnis
1318 533 1491 589 homo
1537 534 1805 589 mendax.
1860 556 1887 582 »

248 616 558 696 Docebam,
611 625 823 696 inquit,
880 623 1235 695 discipulum
1269 639 1488 690 meum,
1537 626 1594 678 et
1623 623 1888 678 conside-

248 733 386 771 rans
452 713 1006 785 contemplationem
1076 711 1371 768 cmlestem
1410 754 1423 779 ,
1494 716 1551 768 et
1628 712 1892 784 cogitans

2000 533 2109 588 hoc
2143 533 2336 605 ipsum
2369 535 3072 606 martyrium,inquit,non
3104 544 3195 596 est
3217 557 3358 596 mete
3387 542 3641 612 virtutis,

2002 623 2104 678 sed
2135 621 2332 694 gratia:
2368 623 2484 679 Dei.
2521 622 2832 696 Propterea
2854 641 2968 681 non
2995 643 3236 698 possum
3259 647 3392 686 eum
3427 631 3643 700 bibere,

2004 711 2114 770 nisi
2142 728 2353 766 nomen
2385 712 2617 768 Domini
2650 713 3009 770 invocavero.
3040 716 3214 772 Jesus
3243 718 3513 791 vincit,in
3537 737 3644 777 suo

249 803 537 860 diviniora
569 818 582 857 :
615 801 870 858 intellexi
901 818 1074 858 omne
1105 801 1259 873 quod
1322 801 1496 856 homo
1557 801 1732 867 novit,
1766 817 1894 856 esse
2003 805 2257 872 martyre
2287 806 2614 856 coronatur.

251 891 645 948 mendacium.
693 891 840 957 Quid
889 893 1048 946 enim
1105 890 1363 946 veritatis
1422 894 1612 962 potest
1658 905 1788 946 esse
1836 890 1896 944 in

2085 910 2110 941 α
2141 889 2398 946 Pretiosa
2427 891 2483 944 in
2513 895 2826 963 conspectu
2858 893 3088 950 Domini
3123 911 3281 952 mors
3311 903 3648 955 sanctorum

253 981 365 1038 hoe
426 981 665 1047 mundo,
727 996 862 1036 cum
922 980 1132 1035 umbra
1184 980 1262 1035 sit
1308 979 1429 1034 vita
1473 985 1671 1035 nostra
1721 993 1899 1050 super
2008 979 2155 1049 ejus.
2196 1001 2215 1027 ι
2251 979 2661 1050 Respondeant
2719 997 2873 1036 nunc
2901 983 3084 1038 Judmi
3118 999 3132 1038 :
3167 987 3445 1056 quoniam
3477 1003 3649 1044 omne

251 1075 467 1127 terram
495 1070 522 1124 ?
570 1069 628 1124 Si
660 1084 795 1141 ergo
827 1069 928 1140 qui
960 1070 1127 1125 docet
1176 1067 1553 1141 discipulum,
1589 1068 1902 1124 confitetur
2010 1083 2223 1139 corpus
2254 1067 2580 1124 humanum
2613 1069 2817 1124 dicunt
2847 1087 2976 1126 esse
3018 1071 3394 1130 immundum
3427 1075 3486 1130 in
3515 1075 3662 1149 lege.

254 1160 409 1233 quod
442 1157 634 1214 omnis
665 1156 838 1213 homo
870 1159 1121 1213 mendax
1149 1161 1237 1213 est
1268 1175 1281 1213 :
1318 1162 1536 1230 quanto
1595 1157 1783 1229 magis
1815 1155 1902 1210 di-

254 1247 519 1320 scipulus
568 1263 684 1302 non
735 1247 907 1302 debet
953 1263 1015 1302 se
1061 1245 1356 1312 extollere,
1414 1250 1471 1302 et
1525 1246 1813 1301 aestimare
1845 1260 1906 1300 se

257 1337 477 1410 aliquid
510 1353 638 1393 esse
667 1335 694 1390 ‘7

330 1449 357 1476 α
391 1425 539 1490 Quid
570 1425 890 1480 retribuam
926 1425 1189 1490 Domino,
1224 1441 1328 1496 pro
1359 1423 1636 1480 omnibus
1665 1441 1792 1496 quae
1823 1440 1907 1478 re-

254 1514 464 1572 tribuit
495 1513 639 1570 mihi
659 1513 686 1568 ?
720 1536 747 1563 ››
779 1514 1066 1580 Quoniam
1097 1513 1263 1579 dixit,
1289 1514 1515 1569 Placebo
1550 1515 1787 1568 Domino
1851 1513 1910 1565 in

258 1607 488 1680 regione
517 1605 849 1670 vivorum,et
882 1603 989 1659 hoc
1025 1603 1218 1675 ipsum
1252 1602 1735 1674 credidi,propter
1756 1601 1910 1673 quod

257 1693 490 1751 locutus
539 1709 694 1758 sum,
745 1699 802 1748 et
849 1691 1197 1748 humiliatus
1247 1709 1379 1748 sum
1436 1692 1637 1761 nimis,
1687 1697 1743 1746 et
1771 1689 1913 1760 dixi,

261 1783 453 1840 omnis
501 1782 674 1838 homo
725 1781 1096 1837 mendacium
1155 1799 1167 1836 :
1220 1781 1413 1837 omnis
1459 1780 1632 1836 homo
1683 1780 1915 1849 umbra,

262 1872 455 1929 omnis
488 1871 661 1928 homo
689 1871 932 1943 imago?
961 1887 1064 1944 pro
1095 1871 1274 1930 tantis
1331 1870 1651 1934 beneﬁciis,
1701 1868 1918 1940 quibus

263 1961 504 2034 placebo
527 1960 775 2016 Domino
799 1962 856 2015 in
888 1961 1123 2032 regione
1154 1959 1587 2030 vivorum,quid
1614 1958 1798 2012 habeo
1829 1957 1918 2012 di-

266 2066 450 2123 gnum
482 2050 637 2122 quod
668 2049 752 2104 illi
775 2047 1149 2110 retribuam?
1179 2049 1297 2119 Ego
1328 2051 1483 2102 terra
1516 2063 1670 2113 sum,
1704 2061 1808 2118 ego
1840 2045 1919 2099 ci-

267 2139 360 2195 nis
393 2155 525 2195 sum
553 2157 566 2205 ;
600 2137 873 2210 promisit
893 2136 1206 2208 mihi,quia
1235 2135 1474 2208 placebo
1495 2133 1580 2189 illi
1606 2133 1665 2188 in
1687 2134 1924 2206 regione

268 2227 532 2284 vivorum
561 2244 573 2295 ;
607 2226 742 2281 fecit
771 2242 864 2281 me
914 2225 1287 2297 magistrum.
1325 2247 1352 2275 «
1381 2223 1632 2292 Credidi,
1693 2228 1926 2296 propter

271 2316 426 2387 quod
456 2315 687 2371 locutus
719 2330 873 2370 sum.
911 2337 938 2364 ››
970 2313 1117 2380 Quid
1151 2313 1334 2369 habeo
1379 2313 1627 2386 dignum
1657 2315 1813 2384 quod
1845 2311 1928 2366 illi

269 2420 375 2476 pro
407 2403 587 2460 tantis
649 2403 948 2460 beneficiis
1006 2402 1374 2459 retribuam?
1401 2403 1804 2473 Quodcunque
1841 2401 1929 2457 illi

271 2493 698 2565 dedero,ipsius
730 2497 837 2560 est,
891 2498 946 2548 et
992 2492 1181 2564 magis
1213 2491 1297 2546 illi
1331 2492 1512 2548 reddo
1545 2508 1721 2563 quam
1754 2493 1928 2548 dono.

269 2581 425 2637 Nihil
473 2581 633 2638 aliud
685 2582 891 2652 habeo,
944 2582 1096 2654 quod
1153 2582 1265 2653 ipsi
1299 2581 1646 2648 retribuam,
1680 2580 1791 2636 nisi
1827 2597 1930 2652 pro

271 2671 398 2743 ipso
432 2670 780 2742 sanguinem
810 2671 1078 2738 fundam,
1107 2669 1220 2725 nisi
1263 2687 1368 2742 pro
1399 2669 1528 2741 ipso
1562 2674 1783 2742 martyr
1814 2669 1932 2724 exi-

2013 1156 2274 1228 Denique
2307 1158 2355 1212 si
2388 1157 2521 1229 quis
2553 1158 2837 1213 moriatur
2889 1161 3044 1232 apud
3095 1163 3345 1235 Judzeos,
3381 1165 3499 1220 sive
3532 1182 3666 1238 pro-

2016 1245 2212 1317 pheta,
2246 1247 2364 1302 sive
2397 1245 2825 1320 qualiscunque
2851 1254 3111 1322 sanctus,
3137 1251 3186 1306 si
3209 1253 3343 1323 quis
3373 1269 3509 1309 eum
3542 1256 3671 1312 teti-

2017 1335 2165 1406 gerit
2194 1335 2370 1390 etiam
2402 1336 2694 1404 sacerdos,
2727 1353 2912 1409 usque
2943 1339 3013 1394 ad
3073 1356 3377 1412 vesperam
3408 1343 3669 1399 immun-

2019 1423 2131 1479 dus
2180 1429 2268 1480 est
2314 1425 2512 1495 (Leuit.
2569 1443 2645 1490 χι,
2675 1427 2786 1498 24).
2821 1431 2938 1482 Hoc
2970 1430 3293 1484 secundum
3328 1430 3578 1488 litteram
3616 1433 3676 1487 in

2020 1511 2146 1584 lege
2175 1513 2462 1582 scriptum
2487 1518 2594 1569 est.
2619 1514 2891 1571 Dicamus
2921 1515 3039 1572 illis
3073 1533 3086 1572 :
3121 1519 3178 1572 Si
3213 1520 3427 1574 mortui
3459 1537 3672 1593 corpus

2024 1601 2399 1657 immundum
2432 1605 2840 1675 est,quomodo
2873 1622 3026 1660 nunc
3058 1605 3274 1662 dicitur
3305 1626 3317 1664 :
3359 1629 3386 1661 α
3417 1611 3680 1666 Pretiosa

2025 1690 2085 1745 in
2116 1697 2429 1762 conspectu
2462 1691 2693 1746 Domini
2726 1709 2884 1747 mors
2933 1699 3271 1750 sanctorum
3320 1698 3448 1767 ejus
3479 1698 3509 1754 ?
3555 1720 3581 1747 »
3617 1699 3677 1753 Si

2028 1779 2348 1850 pretiosum
2381 1785 2470 1835 est
2508 1797 2722 1853 corpus
2783 1782 2970 1836 sancti
3002 1783 3327 1853 morientis,
3385 1787 3680 1858 quomodo

2027 1868 2403 1923 immundum
2438 1870 2568 1924 est?
2602 1871 2749 1942 Ergo
2782 1869 2876 1925 hic
2934 1872 3005 1926 de
3053 1873 3414 1945 evangelista
3451 1876 3685 1947 dicitur,

2029 1957 2100 2014 de
2132 1962 2384 2028 martyre
2416 1957 2786 2028 praedicatur.

2105 2069 2131 2095 ι(
2159 2047 2202 2100 Ο
2235 2045 2496 2116 Domine,
2529 2047 2668 2117 quia
2697 2064 2802 2120 ego
2836 2065 3040 2106 servus
3071 2055 3210 2107 tuus
3270 2068 3282 2106 :
3347 2068 3452 2125 ego
3484 2069 3686 2108 servus

2032 2138 2191 2205 tuus,
2225 2141 2280 2189 et
2310 2134 2468 2191 ﬁlius
2498 2135 2721 2190 anciliaa
2754 2141 2884 2192 tuae.
2924 2161 2944 2185 ιι
2983 2138 3047 2192 Et
3066 2139 3192 2209 jam
3225 2140 3344 2195 dixi
3401 2141 3458 2195 in
3491 2146 3684 2198 cente-

2037 2224 2186 2280 simo
2216 2229 2423 2296 quarto
2456 2225 2683 2280 decimo
2713 2226 2938 2296 psalmo
2972 2227 3132 2299 (vers.
3167 2229 3355 2300 li),ubi
3388 2229 3569 2285 hubet
3602 2247 3614 2285 :
3647 2231 3686 2288 0

2037 2315 2286 2383 Domine,
2347 2313 2531 2369 libera
2587 2317 2836 2370 animam
2889 2331 3088 2383 meam,
3123 2318 3276 2388 quod
3311 2317 3372 2372 in
3404 2318 3689 2374 Hebraico

2039 2402 2252 2458 habet:
2283 2419 2439 2457 ANNA
2468 2404 2650 2473 (nm),
2711 2404 2864 2474 quod
2923 2405 3341 2476 interpretatur
3395 2423 3542 2478 rogo,
3585 2412 3688 2463 aut

2039 2490 2310 2562 deprecor.
2346 2491 2414 2544 Et
2445 2491 2537 2546 hic
2570 2491 2648 2546 ita
2678 2491 2855 2547 habet
2902 2493 2959 2547 in
2991 2495 3272 2550 Hebraico
3308 2511 3322 2552 :
3356 2495 3536 2568 Rogo,
3569 2496 3680 2551 Do-

2042 2580 2220 2651 mine,
2255 2602 2282 2629 ‹‹
2318 2579 2455 2652 quia
2485 2596 2586 2651 ego
2619 2597 2824 2637 servus
2864 2587 3022 2649 tuus,
3073 2599 3178 2655 ego
3239 2601 3439 2640 servus
3468 2590 3627 2641 tuus.
3665 2607 3692 2634 »

2042 2668 2287 2724 Videtur
2316 2669 2666 2724 humilitatis
2698 2686 2827 2726 esse
2856 2672 3010 2742 quod
3054 2671 3286 2727 dicitur.
3319 2673 3570 2729 Grandis
3601 2674 3688 2729 di-

271 2763 449 2814 stam.
485 2759 614 2813 Haec
644 2763 732 2814 est
763 2757 888 2814 sola
913 2758 1218 2814 retributio
1259 2758 1458 2830 digna,
1514 2775 1617 2830 pro
1647 2757 1935 2830 sanguine
2045 2758 2286 2831 gnitatis
2343 2763 2452 2828 est,
2512 2746 2706 2814 meriti
2760 2775 2889 2814 esse
2921 2775 3153 2815 servum
3202 2761 3461 2828 Domini,
3492 2766 3546 2816 et
3581 2779 3695 2817 non

274 2846 622 2918 sanguinem
656 2847 996 2917 retribuere,
1031 2854 1114 2914 ut,
1148 2846 1377 2902 liberati
1427 2863 1460 2902 a
1487 2846 1799 2914 Salvatore,
1833 2863 1936 2918 pro
2047 2864 2280 2902 servum
2314 2847 2555 2918 peccati.
2591 2846 2738 2912 Quia
2767 2864 2882 2902 non
2907 2847 3116 2914 habeo,
3150 2848 3361 2920 inquit,
3394 2849 3697 2905 dominum

275 2935 571 2993 Salvatore
603 2935 850 2991 libenter
879 2936 1228 3008 sanguinem
1274 2935 1722 3006 profundamus.
1923 3002 1935 3014 ι
2048 2934 2345 2991 hominem
2381 2937 2560 3007 (Joan.
2611 2953 2662 3002 v,
2722 2936 2799 3006 7),
2859 2935 2998 3007 quia
3026 2953 3141 2992 non
3174 2937 3358 2994 habeo
3389 2938 3695 2996 dominum

350 3047 378 3074 «
411 3023 658 3079 Calicem
691 3023 966 3079 salutaris
996 3024 1304 3094 accipiam,
1365 3028 1423 3078 et
1453 3039 1667 3078 nomen
1703 3019 1938 3078 Dominl
2051 3027 2376 3096 peccatum.
2435 3025 2554 3079 Non
2609 3027 2757 3079 enim
2811 3034 3004 3094 regnat
3054 3034 3334 3098 peccatum
3377 3029 3436 3082 in
3475 3029 3702 3084 mortali

279 3113 578 3170 invocabo.
618 3136 646 3162 ››
680 3113 742 3168 In
773 3112 1052 3168 Hebraico
1085 3114 1166 3168 ita
1197 3112 1372 3168 habet
1406 3130 1419 3170 :
1454 3135 1482 3161 «
1520 3110 1771 3168 Calicem
1799 3112 1940 3168 Jesu
2051 3129 2171 3169 meo
2209 3129 2428 3184 corpore
2458 3114 2633 3182 (Rom.
2666 3131 2741 3180 v1,
2801 3114 2888 3186 12)
2921 3132 2934 3171 :
2969 3119 3273 3188 propterea
3323 3132 3526 3172 servus
3561 3121 3702 3173 tuus

280 3201 587 3275 accipiam.
651 3224 680 3251 ››
739 3200 855 3257 Ηοθ
887 3202 1081 3274 ipsum
1117 3206 1175 3257 et
1207 3200 1458 3273 Angelus
1492 3200 1930 3274 interpretatur.
1966 3199 2007 3264 C
2048 3219 2203 3257 sum.
2238 3202 2468 3256 Grande
2502 3201 2797 3257 meritum.
2831 3203 3086 3275 Denique
3116 3204 3334 3260 dicitur
3363 3205 3433 3261 de
3464 3205 3700 3277 Moyse:

280 3293 346 3347 Et
400 3292 614 3346 vocabis
669 3305 871 3346 nomen
926 3291 1044 3350 eius
1102 3291 1303 3347 Iesum.
1365 3293 1483 3361 Ipse
1528 3291 1674 3345 enim
1706 3291 1940 3346 salvabit
2051 3288 2152 3346 Sed
2182 3304 2293 3343 non
2322 3291 2463 3344 sicut
2491 3304 2678 3343 servus
2710 3305 2858 3345 meus
2888 3290 3093 3363 Moyses
3152 3291 3335 3360 (Num.
3389 3310 3491 3360 χιι,
3521 3294 3599 3364 7).
3633 3295 3702 3348 Et

280 3381 543 3457 populum
598 3395 759 3435 suum
812 3379 1021 3450 (Matth.
1075 3397 1109 3451 ι,
1161 3381 1272 3451 21).
1322 3378 1571 3435 Calicem
1623 3395 1760 3451 ergo
1800 3384 1940 3435 Jesu

284 3470 587 3542 accipiam.
626 3469 766 3535 Quis
796 3473 885 3524 est
919 3469 1028 3524 iste
1058 3467 1206 3524 calix
1235 3469 1420 3524 Jesu?
1449 3471 1636 3536 Pater,
1691 3471 1742 3523 si
1766 3471 1940 3541 possi-

283 3559 387 3616 bile
414 3563 511 3630 est,
546 3567 792 3615 transeat
823 3561 923 3613 iste
952 3559 1103 3613 calix
1158 3576 1192 3613 a
1251 3575 1336 3613 me
1365 3561 1518 3627 (Luc.
1555 3575 1692 3628 χχιι,
1729 3559 1838 3629 42).
1874 3559 1946 3616 Ει

281 3650 527 3720 potestis,
587 3648 804 3721 inquit,
860 3649 1086 3703 calicem
1139 3663 1321 3703 meum
1363 3648 1552 3704 bibere
1608 3648 1816 3716 (Matth.
1850 3665 1943 3711 xx,

284 3739 378 3806 22)
407 3737 434 3791 ‘?
465 3739 534 3792 Et
563 3739 840 3792 continuo
891 3737 1160 3808 sequitur
1188 3755 1206 3791 :
1239 3736 1476 3792 Calicem
1520 3737 1737 3807 quidem
1765 3753 1948 3792 meum

291 3826 484 3882 bibetis
515 3825 671 3896 (Ibid.
705 3825 817 3896 23).
854 3825 969 3880 Hoc
1002 3831 1196 3881 autem
1230 3841 1410 3896 quare
1443 3825 1558 3880 dixi
1593 3825 1620 3880 ?
1678 3825 1750 3880 Ut
1777 3823 1949 3881 intel-

291 3915 547 3986 ligamus
578 3912 818 3969 calicem
842 3913 1134 3984 passionis
1167 3913 1514 3986 martyrium
1546 3913 1951 3970 esse.Grandis

295 4019 388 4059 res
418 4007 508 4058 est
529 4002 897 4075 martyrium.
936 4001 1194 4065 Qomodo
1225 4003 1464 4075 grandis
1494 4002 1632 4058 res?
1663 4003 1949 4068 Quoniam

297 4091 572 4148 retribuit
605 4092 844 4148 Domino
877 4091 1031 4163 quod
1064 4091 1287 4163 accepit
1318 4108 1352 4145 a
1379 4091 1645 4147 Domino.
1686 4091 1951 4146 Christus

297 4199 401 4254 pro
435 4181 560 4253 ipso
588 4197 798 4253 passus
831 4185 937 4246 est,
963 4185 1019 4236 et
1050 4180 1145 4234 ille
1179 4197 1282 4252 pro
1314 4181 1551 4236 nomine
1585 4180 1772 4253 ipsius
1803 4181 1951 4253 pati-

295 4275 414 4326 tur.
446 4269 730 4334 Quoniam
760 4270 1016 4326 diximus
1052 4270 1203 4343 quod
1240 4275 1460 4342 martyr
1487 4269 1630 4325 nihil
1663 4270 1820 4326 aliud
1855 4270 1954 4324 ha-

297 4360 398 4415 bet
427 4358 582 4429 quod
615 4357 899 4413 retribuat
927 4359 1194 4425 Domino,
1227 4363 1284 4414 et
1339 4359 1624 4415 Dominus
1656 4363 1957 4431 computat

301 4445 388 4503 illi
419 4463 522 4519 pro
553 4444 854 4518 qualitate,
889 4447 1169 4517 quoniam
1200 4448 1357 4504 videt
1404 4464 1634 4503 servum
1659 4465 1834 4504 suum
1867 4448 1956 4503 ni-

2049 3377 2428 3446 Abraham,et
2458 3377 2639 3444 Isaac,
2663 3381 2720 3432 et
2746 3378 2925 3435 Jacob
2957 3380 3235 3436 dicuntur
3263 3381 3412 3437 servi
3444 3381 3696 3438 Domini.

2053 3470 2366 3538 PrOpterea
2412 3471 2468 3521 et
2523 3467 2838 3538 Apostolus
2897 3468 2980 3523 ita
3035 3469 3284 3542 incipit:
3324 3473 3488 3526 Palus
3516 3487 3700 3527 servus

2050 3558 2174 3612 Jesu
2207 3556 2409 3610 Christi
2438 3555 2615 3626 (Rom.
2650 3573 2688 3625 1,
2724 3557 2774 3623 1,
2806 3559 2962 3628 etc.).

2128 3669 2155 3694 «
2188 3644 2465 3716 Dirupisti
2495 3643 2729 3700 vincula
2750 3662 2920 3702 mea:
2956 3647 3059 3702 tibi
3081 3648 3420 3704 sacrificabo
3453 3647 3705 3705 hostiam

2056 3733 2270 3789 laudis.
2305 3755 2332 3781 ››
2367 3733 2508 3789 Vere
2539 3749 2766 3805 magna:
2798 3734 3092 3792 felicitatis
3122 3741 3230 3804 est,
3274 3737 3358 3792 ire
3413 3737 3484 3793 ad
3515 3737 3721 3794 Domi-

2059 3838 2248 3878 num:
2285 3827 2350 3877 ut
2407 3839 2522 3878 non
2572 3821 2785 3878 habeat
2841 3824 3260 3881 conscientiam
3317 3827 3708 3897 inquinatam.

2059 3911 2408 3982 Quicunque
2437 3918 2678 3968 sanctus
2703 3912 2950 3968 moritur
2970 3931 3078 3970 sua
3101 3913 3445 3982 morte,licet
3467 3915 3544 3970 sit
3575 3932 3710 3971 san-

2059 4005 2190 4055 ctus
2221 4000 2319 4072 qui
2357 4001 2791 4058 misericordias
2847 4007 3124 4073 operatus
3176 4001 3253 4057 sit
3282 4001 3484 4058 fecerit
3516 4003 3708 4075 signa,

2060 4089 2352 4145 daemones
2383 4090 2635 4160 ejecerit,
2697 4107 2811 4146 non
2869 4090 3028 4145 vadit
3085 4091 3156 4145 ad
3189 4091 3504 4147 Dominum
3539 4109 3706 4148 secu-

2061 4195 2162 4234 rus
2197 4195 2208 4233 :
2244 4178 2528 4234 horrescit
2557 4179 2686 4248 ejus
2715 4178 3092 4250 conscientia,
3143 4180 3377 4252 quando
3408 4180 3566 4237 videt
3596 4186 3708 4238 Do-

2062 4267 2311 4322 minum.
2333 4270 2548 4338 Martyr
2575 4271 2768 4322 autem
2789 4267 2836 4321 si
2869 4271 2926 4322 et
2957 4273 3088 4339 post
3118 4269 3478 4341 baptismum
3511 4287 3713 4343 pecca-

2063 4354 2228 4423 verit,
2260 4360 2455 4409 tamen
2489 4355 2744 4410 secundo
2773 4355 3121 4428 baptismate
3151 4358 3416 4430 martyrii
3448 4357 3716 4430 ablutus,

2065 4459 2308 4499 securus
2336 4442 2495 4498 vadit
2550 4443 2620 4498 ad
2680 4443 3019 4499 Dominum.
3080 4467 3108 4496 α
3169 4445 3451 4519 Dirupisti
3483 4446 3716 4503 vincula

304 4535 388 4592 hil
419 4534 578 4592 aliud
610 4535 823 4591 habere
853 4535 1008 4606 quod
1057 4535 1341 4590 retribuat
1387 4535 1459 4590 ei.
1510 4535 1656 4599 Quid
1690 4536 1841 4591 enim
1875 4537 1953 4592 si-
1984 4563 2031 4626 Ι)
2066 4548 2215 4587 mea.
2252 4556 2273 4584 ι
2312 4531 2543 4588 Catenis
2600 4535 2794 4588 autem
2853 4550 3095 4590 suorum
3137 4540 3504 4607 peccatorum
3536 4551 3714 4591 unus-

305 4625 442 4682 mile
472 4625 607 4681 est?
635 4625 788 4680 Deus
818 4641 920 4696 pro
947 4623 1282 4679 hominibus
1313 4641 1522 4695 passus
1551 4624 1954 4691 est,Dominus

304 4732 409 4789 pro
436 4731 621 4782 servo,
647 4715 848 4785 justus
880 4731 982 4786 pro
1041 4717 1359 4786 peccatore.
1418 4715 1551 4777 Quae
1597 4713 1898 4785 aequalitas
1927 4715 1956 4770 ?

308 4805 420 4860 Sed
454 4804 732 4876 quoniam
764 4802 911 4857 nihil
941 4803 1098 4858 aliud
1132 4803 1309 4857 habet
1345 4817 1548 4858 servus
1579 4803 1733 4873 quod
1789 4803 1957 4858 retri-

309 4893 452 4949 buat
482 4891 725 4947 Domino
759 4909 772 4947 :
800 4891 956 4947 Deus
985 4890 1154 4962 quasi
1205 4890 1459 4947 clemens
1490 4909 1592 4963 pro
1622 4891 1833 4962 aequali
1865 4909 1956 4947 ac-

309 4981 452 5054 cipit
483 4982 852 5052 martyrium.
885 4980 1061 5044 Quasi
1121 4980 1168 5035 si
1203 4982 1335 5052 quis
1389 4981 1550 5037 dives
1600 4982 1821 5053 paverit
1847 4981 1958 5038 ali-

308 5086 484 5142 quem
518 5087 832 5144 pauperem
867 5088 879 5125 :
913 5071 1166 5126 evenerit
1193 5077 1387 5126 autem
1417 5072 1689 5127 eumdem
1721 5070 1953 5128 divitem

307 5158 505 5214 venire
536 5175 667 5214 cum
703 5175 810 5214 sua
842 5157 1088 5226 familia,
1119 5163 1174 5213 et
1201 5159 1394 5214 veniat
1425 5177 1564 5215 casu
1623 5160 1680 5216 in
1714 5162 1954 5216 domum

310 5247 582 5320 pauperis
611 5253 668 5302 et
695 5264 811 5303 non
844 5248 1055 5303 habeat
1082 5264 1304 5320 pauper
1334 5249 1488 5320 quod
1540 5249 1624 5304 illi
1679 5255 1954 5322 apponat,

311 5341 368 5392 et
424 5337 657 5392 familia:
715 5336 926 5409 ipsius,
977 5342 1035 5392 et
1065 5336 1255 5393 solum
1286 5336 1372 5392 illi
1405 5337 1560 5392 dicat
1588 5337 1740 5394 intra
1769 5339 1828 5393 in
1855 5339 1957 5394 do-

312 5442 475 5482 mum
508 5424 737 5481 clientis
765 5426 944 5494 tui,et
973 5427 1241 5482 ostendat
1267 5425 1648 5497 voluntatem,
1678 5428 1957 5498 quoniam

314 5513 462 5574 nihil
497 5512 656 5568 aliud
684 5514 859 5570 habet
887 5515 1041 5586 quod
1077 5517 1194 5584 det,
1255 5521 1311 5571 et
1347 5516 1480 5588 plus
1511 5516 1684 5572 faciat
1716 5533 1955 5589 pauper,

310 5603 468 5676 sicut
496 5600 598 5673 illa
621 5602 794 5670 vidua
824 5620 949 5680 quae
979 5605 1096 5662 duo
1126 5603 1352 5661 minuta
1381 5603 1626 5661 contulit
1653 5604 1805 5682 (Luc.
1840 5623 1954 5682 xxi,

2065 4621 2314 4693 quisque
2344 4621 2764 4695 constringitur
2793 4624 2976 4694 (Prov.
3010 4639 3063 4690 v,
3094 4625 3207 4694 22),
3261 4625 3362 4680 sed
3406 4625 3465 4680 in
3495 4629 3711 4696 marty-

2069 4711 2152 4766 rio
2185 4727 2312 4766 meo
2343 4710 2618 4782 dirupisti
2651 4710 2884 4767 vincula
2914 4717 3286 4784 peccatorum
3336 4729 3624 4780 meorum,
3656 4717 3714 4768 et

2068 4801 2138 4856 de
2168 4799 2419 4855 vinculis
2475 4799 2886 4870 plicastimihi
2947 4817 3219 4857 coronam
3279 4801 3551 4858 victoriae.
3616 4802 3718 4858 Ubi

2067 4890 2214 4943 enim
2244 4888 2548 4944 abundavit
2600 4898 2902 4960 peccatum,
2932 4889 3409 4962 superabundavit
3461 4897 3511 4945 et
3538 4891 3722 4959 gratia

2067 4979 2239 5047 (Rom.
2273 4995 2324 5049 v,
2356 4979 2467 5048 20).
2503 5000 2530 5026 ‹‹
2565 4978 2693 5033 Tibi
2752 4979 3092 5034 sacrificabo
3151 4979 3404 5035 hostiam
3436 4978 3650 5035 laudis.
3683 5001 3710 5030 »

2070 5069 2202 5124 l’ost
2233 5067 2577 5138 martyrium
2602 5067 2701 5122 ubi
2726 5068 3016 5124 sacrificat
3034 5069 3062 5123 ‘?
3085 5069 3142 5123 ln
3176 5069 3407 5139 regione
3427 5068 3710 5124 vivorum.

2068 5157 2437 5222 Sacrificabo,
2497 5156 2708 5228 inquit,
2766 5157 2871 5211 tibi
2902 5157 3276 5213 sacrificium.
3335 5157 3512 5222 Quale
3540 5157 3716 5214 sacri-

2072 5245 2268 5300 ficium
2285 5245 2312 5300 ‘I
2337 5244 2632 5316 Numquid
2660 5245 3019 5314 hircum,aut
3038 5246 3328 5302 vitulum?
3348 5245 3453 5302 Illa
3472 5247 3718 5303 Judaica

2068 5340 2251 5402 erant,
2285 5339 2339 5389 et
2371 5334 2750 5390 transierunt.
2809 5357 2838 5386 ‹‹
2896 5336 3246 5393 Sacrificabo
3304 5336 3407 5392 tibi
3457 5336 3712 5392 hostiam

2070 5424 2281 5479 laudis.
2322 5447 2341 5472 ι
2379 5428 2508 5478 Haec
2540 5428 2629 5478 est
2658 5422 2786 5478 laus
2818 5430 3159 5496 martyrum.
3185 5425 3347 5481 Sicut
3375 5426 3532 5480 enim
3565 5440 3716 5478 mar-

2068 5519 2224 5585 tyres
2255 5512 2497 5568 laudant
2527 5512 2843 5568 Dominum
2898 5531 3042 5586 pure
3072 5514 3130 5570 in
3164 5515 3398 5587 regione
3425 5513 3709 5582 vivorum,

2065 5604 2147 5662 ita
2171 5606 2228 5661 et
2258 5601 2528 5662 monachi
2560 5603 2662 5679 qui
2691 5601 2783 5666 die
2813 5607 2870 5666 et
2925 5609 3092 5664 nocte
3121 5603 3381 5680 psallunt
3436 5599 3702 5684 Domino,
