3992 6194
337 342 490 404 1255

1824 335 2250 399 APPENDIX.

3588 334 3746 396 (256

331 478 542 534 debent
564 474 836 545 eamdem
864 471 1174 546 puritatem
1237 471 1452 528 habere
1507 474 1852 545 martyrum,
1894 470 1977 527 si-
2006 473 2061 539 Α
2160 467 2428 546 Ecclesiae
2461 466 2679 546 phrist
2712 466 3031 546 vocatione
3087 466 3364 546 fundatis,
3424 466 3516 523 vel
3544 464 3745 546 populi

331 566 569 640 quidem
596 564 708 636 ipsi
742 566 1027 635 martyres
1057 566 1214 618 sunt.
1248 562 1408 627 Quod
1441 561 1597 617 enim
1627 561 1849 616 faciunt
1876 576 1980 615 an-

331 655 443 729 geli
474 654 532 709 in
565 653 748 721 caelis,
779 653 889 708 hoc
916 651 1187 708 monachi
1220 652 1441 707 faciunt
1478 650 1538 705 in
1570 650 1763 707 terris.

401 768 430 796 «
460 743 613 799 Vota
642 759 772 798 mea
810 740 1052 797 Domino
1076 740 1317 796 reddam
1351 740 1411 794 in
1440 743 1757 811 conspectu
1787 737 1980 794 omnis

333 833 531 908 populi
562 833 744 904 ejus.»
781 833 915 896 Qum
948 833 1089 885 sunt
1119 829 1412 885 orationes
1444 833 1769 900 martyrum
1790 828 1818 882 ?
1845 828 1980 892 Quae

333 927 473 979 sunt
500 919 792 977 orationes
850 922 1189 975 sanctorum
1210 918 1237 971 ‘I
1266 917 1521 984 Tenebo,
1556 916 1748 989 inquit
1776 920 1833 972 et
1863 934 1978 974 non

331 1010 623 1067 dimittam
651 1014 728 1063 te.
762 1007 1051 1072 Adorabo,
1085 1006 1299 1081 inquit,
1333 1006 1681 1073 Dominum,
1707 1021 1885 1077 quem
1918 1005 1980 1062 in

329 1097 637 1171 Evangelio
667 1096 888 1169 legens,
923 1100 980 1151 et
1008 1095 1309 1151 inveniens
1352 1095 1695 1151 crucifixum
1729 1112 1743 1150 :
1775 1094 1836 1150 in
1865 1112 1977 1151 cm-

326 1188 401 1244 lis
428 1188 594 1243 video
624 1193 961 1258 regnantem
993 1201 1128 1239 cum
1161 1183 1403 1257 angelis.
1456 1208 1483 1234 «
1544 1184 1609 1240 In
1660 1188 1979 1255 conspectu

328 1277 521 1333 omnis
550 1274 747 1348 populi
775 1274 921 1346 ejus.
951 1295 971 1324 ιι
1007 1275 1213 1329 Coram
1235 1274 1397 1329 omni
1423 1276 1577 1329 ccetu
1608 1277 1976 1328 sanctorum.

330 1389 359 1417 ‹‹
390 1367 452 1422 In
481 1364 671 1420 medio
704 1362 808 1431 tui,
837 1361 1181 1419 Jerusalem.
1218 1386 1239 1414 ιι
1275 1362 1466 1435 Ipsius
1498 1361 1750 1417 cmlestis
1780 1360 1979 1417 civita-

327 1456 423 1525 tis,
459 1471 585 1526 quae
615 1457 705 1507 est
733 1456 921 1510 mater
952 1454 1151 1506 nostra
1182 1468 1194 1506 :
1228 1451 1400 1521 cujus
1442 1451 1568 1520 jam
1601 1449 1754 1506 cives
1785 1455 1841 1506 et
1871 1451 1980 1505 do-

328 1543 553 1599 mestici
579 1540 713 1597 facti
744 1557 971 1596 sumus.
998 1539 1105 1594 Per
1133 1538 1330 1611 ipsum
1361 1538 1675 1594 Dominum
1706 1544 1978 1595 nostrum

327 1634 531 1690 Jesum
564 1631 884 1696 Christum,
945 1630 1046 1703 qui
1100 1632 1190 1684 est
1221 1644 1331 1700 pax
1362 1631 1582 1683 nostra.
1646 1628 1754 1693 Qui
1809 1627 1978 1683 nobis

334 1726 609 1795 praestare
638 1717 931 1790 dignetur,
966 1721 1049 1787 ut,
1085 1732 1420 1788 compresso
1454 1714 1605 1771 bello
1638 1714 1877 1783 carnali,
1912 1731 1979 1772 ac

328 1808 630 1866 charitatis
688 1823 804 1861 suae
836 1804 1004 1859 nobis
1057 1820 1199 1876 pace
1247 1803 1477 1876 largita,
1534 1803 1757 1875 ﬁliique
1788 1803 1978 1860 etl‘ecti

2162 540 2498 665 intetrempti
2556 556 2659 611 pro
2701 538 2913 603 Christi
2970 538 3207 595 nomine
3258 538 3447 595 Deum
3478 538 3751 612 magniﬁ-

2162 628 2266 665 can
2300 628 2368 665 ιε.

2160 628 2368 667 canus.

2161 759 2188 785 ‹‹
2222 733 2593 790 Confitemini
2628 732 2871 790 Domino
2901 734 3179 806 quoniam
3219 734 3437 802 bonus,
3464 738 3749 807 quoniam

2088 822 2148 878 in
2177 822 2457 879 saeculum
2489 822 2892 879 misericordia
2920 824 3069 894 ejus.
3099 845 3128 873 »
3159 824 3463 881 Confessio
3488 824 3610 881 haec
3631 843 3747 882 non

2087 911 2160 967 ad
2193 916 2566 984 peccatorum
2589 911 2996 968 remissionem
3020 929 3034 978 ;
3069 912 3261 969 sedad
3292 911 3537 969 laudem
3566 916 3749 986 perti-

2089 1004 2188 1056 net
2215 1000 2471 1057 deitatis.

2164 1112 2185 1141 ι
2221 1090 2386 1146 Dicat
2415 1107 2571 1146 nunc
2600 1091 2814 1146 domus
2841 1089 3019 1146 Israel
3050 1092 3329 1162 quoniam
3362 1093 3581 1160 bonus,
3601 1110 3753 1165 quo-

2090 1178 2248 1234 niam
2278 1179 2337 1234 in
2373 1179 2651 1235 saeculum
2685 1178 3086 1236 misericordia
3113 1182 3262 1252 ejus.
3304 1204 3331 1231 n
3366 1180 3477 1237 Illa
3508 1183 3750 1251 domus,

2089 1285 2215 1341 quae
2249 1266 2413 1339 prius
2443 1272 2655 1324 cmeata
2680 1273 2809 1324 erat
2834 1268 3081 1340 delictis,
3116 1286 3272 1326 nunc
3312 1275 3514 1327 mente
3542 1288 3753 1328 serena

2090 1357 2185 1412 Dei
2220 1355 2469 1428 gloriam
2501 1356 2952 1429 contemplatur.

2162 1467 2190 1495 «
2215 1446 2378 1502 Dicat
2408 1447 2793 1502 nuncdomus
2823 1448 3013 1503 Aaron
3045 1448 3327 1519 quoniam
3356 1449 3579 1517 bonus,
3611 1467 3749 1523 quo-

2088 1535 2247 1590 niam
2292 1535 2352 1590 in
2409 1534 2693 1592 szeeulum
2740 1536 3138 1594 misericordia
3193 1538 3339 1609 ejus.
3380 1562 3407 1587 »
3438 1541 3581 1605 Quae
3612 1544 3747 1596 ante

2087 1621 2261 1678 idolis
2294 1622 2695 1679 immolaverat
2726 1640 2740 1677 :
2774 1640 2929 1679 nunc
2981 1628 3174 1681 autem
3232 1624 3525 1682 Altissimi
3556 1626 3747 1684 illeeta

2087 1711 2367 1779 bonitate,
2399 1712 2788 1768 sacerdotium
2812 1713 2960 1786 gerit
2989 1712 3200 1770 animae
3226 1731 3368 1771 suae.

2167 1820 2188 1849 α
2227 1801 2428 1856 Dicant
2456 1818 2614 1857 nunc
2655 1801 2753 1873 qui
2814 1802 3024 1858 timent
3079 1802 3419 1875 Dominum,
3452 1807 3737 1877 quoniam

331 1900 391 1953 in
444 1894 769 1952 Jerusalem
796 1893 1038 1959 caelesti,
1094 1893 1314 1949 sanctis
1343 1894 1470 1949 suis
1501 1908 1835 1949 mereamur
1884 1894 1979 1948 ad-
2007 1871 2055 1937 Β
2087 1889 2299 1958 bonus,
2333 1888 2610 1961 quoniam
2645 1891 2701 1945 in
2734 1889 3014 1946 saeculum
3072 1892 3480 1949 misericordia
3530 1898 3675 1966 ejus.
3714 1919 3735 1945 ο

318 1986 490 2059 jungi
522 2001 626 2058 pro
656 1982 902 2040 meritis.
936 1982 1051 2054 Ipsi
1081 1981 1266 2054 gloria
1295 1999 1429 2038 eum
1455 1985 1667 2039 aeterno
1726 1982 1892 2038 Patre
1922 1985 1980 2038 et

325 2076 546 2149 Spiritu
573 2078 774 2129 sancto
806 2073 864 2129 in
892 2071 1106 2129 saecula
1148 2072 1518 2153 saeculorum.
1554 2074 1760 2126 Amen.

877 2178 1199 2235 PSALMUS
1238 2178 1425 2235 CXVI.

324 2275 583 2331 Alleluia.
636 2270 750 2326 Iste
779 2268 1044 2341 psalmus
1076 2284 1288 2341 parvus
1309 2268 1560 2341 habetur
1579 2283 1826 2341 numero
1854 2283 1977 2341 very

396 2361 593 2409 suum,
626 2342 728 2396 sed
780 2338 1035 2411 magnus
1078 2338 1178 2394 est
1234 2339 1293 2394 in
1352 2338 1678 2411 spiritugalis
1712 2338 1973 2411 mysterii

396 2417 785 2471 sacramento.
844 2409 1057 2464 Vecem
1094 2416 1291 2465 tamen
1352 2409 1732 2480 apostolicam
1779 2409 1971 2478 tenet,

396 2486 496 2558 qui
529 2486 700 2554 juxta
739 2497 1005 2536 normam
1037 2480 1433 2558 evangelicam
1470 2481 1525 2536 in
1567 2486 1819 2552 quatuor
1848 2497 1972 2535 ver-

404 2551 580 2612 suufn
621 2567 868 2608 numero
898 2551 1243 2606 continetur.

395 2666 423 2697 «
458 2642 714 2699 Laudate
743 2639 1080 2709 Dominum,
1140 2655 1344 2696 omnes
1395 2643 1618 2713 gentes.
1655 2661 1683 2687 »
1717 2637 1846 2704 Qui,
1883 2654 1971 2692 re-

322 2733 478 2789 lictis
535 2728 886 2795 simulacris,
926 2727 1256 2784 accessistis
1287 2729 1358 2783 ad
1417 2744 1551 2784 eum
1613 2743 1715 2801 per
1770 2727 1967 2782 ﬁdem.

321 2821 485 2889 Quod
515 2824 709 2876 autem
740 2832 947 2872 omnes
977 2821 1179 2889 gentes
1208 2815 1529 2871 laudaturae
1560 2818 1733 2887 atque
1765 2816 1969 2889 adora-

320 2916 462 2967 turae
488 2911 687 2965 essent
717 2905 1048 2972 Dominum,
1082 2904 1191 2960 hoc
1245 2904 1397 2977 Magi
1457 2906 1529 2961 ab
1588 2903 1820 2960 Oriente
1872 2920 1970 2960 ve-

320 3001 548 3056 nientes
576 2995 1014 3065 inehoaverunt,
1061 2994 1366 3049 offerentes
1425 3010 1666 3049 munera
1701 2997 1835 3048 nato
1864 2992 1970 3047 ho-

321 3088 466 3144 mini
493 3084 731 3158 regique
762 3099 828 3138 ac
858 3082 1123 3152 Domino,
1165 3082 1319 3137 sicut
1348 3081 1655 3137 Matthazus
1686 3082 1767 3136 ait
1795 3097 1966 3137 evan-

320 3176 527 3250 gelista
556 3172 766 3246 (Matth.
801 3188 861 3237 II,
898 3172 1003 3242 11).
1041 3193 1070 3220 ‹‹
1100 3171 1169 3226 Et
1211 3169 1538 3226 collaudate
1596 3187 1730 3226 eum
1763 3186 1967 3227 omnes

2089 1982 2225 2045 Vos,
2262 1979 2361 2051 qui
2394 1979 2558 2051 prius
2590 1978 2905 2036 simulacra
2933 1984 3100 2036 muta
3128 1985 3186 2037 et
3216 1981 3400 2038 surda
3439 1985 3739 2039 metueba-

2086 2069 2182 2136 tis,
2217 2084 2373 2124 nunc
2402 2068 2821 2141 omnipotentis
2850 2069 3081 2125 Domini
3137 2087 3271 2126 cum
3316 2072 3558 2129 timoris
3587 2089 3737 2129 reve-

2089 2157 2276 2213 rentia
2303 2157 2770 2213 misericordiam
2803 2158 3124 2215 decantate.

2160 2249 2276 2301 «In
2334 2244 2706 2302 tribulatione
2760 2247 3016 2303 invocavi
3076 2248 3412 2321 Dominum,
3477 2255 3540 2307 et
3568 2267 3731 2307 exau-

2085 2334 2227 2391 divit
2258 2350 2349 2391 me
2378 2334 2437 2389 in
2469 2334 2778 2391 latitudine
2809 2335 3114 2393 Domidus.
3145 2356 3172 2387 o
3212 2339 3274 2392 In
3307 2339 3609 2410 angustiis
3636 2341 3736 2396 tri-

2081 2422 2450 2480 bulationum
2481 2423 2774 2487 exaudivit
2802 2441 2895 2482 me
2926 2426 2983 2480 in
3014 2424 3325 2481 latitudine
3349 2429 3731 2499 gaudiorum.

2154 2536 2182 2562 «
2221 2512 2501 2575 Dominus
2551 2512 2697 2568 mihi
2744 2513 2979 2584 adjutor
3024 2518 3134 2580 est,
3168 2531 3283 2571 non
3336 2515 3566 2573 timebo
3597 2518 3737 2590 quid

2084 2602 2257 2658 faciat
2289 2600 2434 2658 mihi
2466 2602 2662 2657 homo.
2694 2624 2720 2651 ››
2761 2601 3034 2659 Diabolus
3095 2603 3297 2676 utique
3352 2608 3413 2659 et
3470 2604 3652 2663 homo
3682 2612 3741 2662 et

2080 2690 2187 2762 vir,
2221 2708 2373 2763 saepe
2402 2690 2461 2745 in
2493 2690 2808 2763 Scripturis
2834 2691 3093 2764 ponitur.

2156 2779 2435 2835 Dominus
2468 2778 2612 2834 mihi
2645 2779 2880 2850 adjutor
2909 2785 3017 2851 est,
3049 2785 3105 2837 et
3134 2798 3240 2856 ego
3273 2784 3593 2855 despiciam
3622 2784 3739 2839 ini-

2082 2869 2260 2923 micos
2293 2884 2474 2924 meos.
2514 2890 2541 2917 ››
2573 2867 2672 2924 Vel
2705 2867 3027 2935 haereticos,
3060 2869 3148 2925 vel
3187 2871 3439 2927 Judeos.

2152 2997 2179 3025 ‹‹
2211 2975 2438 3030 Bonum
2468 2979 2557 3031 est
2613 2991 2847 3047 sperare
2879 2976 2937 3031 in
2980 2976 3247 3044 Domino,
3282 2994 3455 3048 quam
3484 2994 3735 3050 sperare

2077 3062 2136 3118 in
2163 3063 2419 3118 homine.
2455 3085 2483 3112 ››
2515 3063 2577 3118 In
2609 3062 2731 3119 solo
2764 3064 2880 3120 Deo
2923 3065 3208 3120 debemus
3238 3082 3493 3138 sperare,
3526 3073 3587 3123 et
3613 3085 3739 3125 non

2078 3154 2138 3208 in
2188 3152 2447 3220 homine,
2506 3153 2676 3224 cujus
2735 3152 2897 3209 salus
2948 3171 3097 3210 vana
3127 3158 3216 3211 est
3259 3155 3439 3223 (Psai.
3472 3173 3587 3223 LII,
3622 3158 3735 3230 13).

319 3238 539 3337 populi.
563 3238 602 3312 ’››
634 3261 741 3327 Qui
771 3276 840 3316 ex
867 3238 1083 3315 Iudaeis
1115 3259 1351 3315 fuerunt
1401 3260 1684 3325 conversi,
1717 3260 1872 3330 quod
1902 3258 1970 3314 ti-
1998 3238 2041 3304 C
2081 3242 2227 3337 Nafn
2259 3242 2410 3337 illius
2442 3240 2721 3315 Propheta
2751 3241 2878 3337 ait}
2920 3243 3422 3337 Μαίθάίείυιῖῖιοηιο
3451 3248 3556 3318 qui
3579 3250 3739 3319 Ροπκῖ

316 3352 477 3407 tulus
509 3349 604 3405 ille
634 3347 1062 3421 praenuntiavit,
1097 3362 1269 3419 quem
1302 3364 1480 3419 super
1508 3362 1742 3403 crucem
1773 3347 1966 3403 Domi-

318 3440 508 3496 nieam
540 3437 764 3494 Pilatus
794 3435 1009 3508 posuit,
1068 3436 1359 3508 scriptum
1393 3436 1691 3498 Hebraiee.
1750 3440 1965 3504 Graece,

317 3534 375 3587 et
405 3527 750 3596 Latine,Rex
777 3526 1302 3593 Judaeorum,sicut
1322 3526 1578 3581 Joannes
1610 3524 1968 3598 evangelista

317 3622 568 3674 testatur
596 3616 774 3686 (Joan.
802 3632 918 3681 xnx,
954 3615 1041 3686 19,
1070 3616 1183 3686 20).

391 3728 418 3755 ‹‹
449 3704 732 3768 Quoniam
767 3703 1111 3759 confirmata
1135 3708 1226 3759 est
1255 3719 1431 3775 super
1460 3720 1567 3759 nos
1598 3703 1969 3759 misericodia

318 3795 466 3865 ejus.
504 3815 525 3842 ι
560 3792 725 3864 Apud
759 3791 940 3846 Deum
977 3791 1173 3846 futura
1194 3793 1319 3861 jam
1353 3793 1504 3847 facta
1542 3809 1669 3849 esse
1700 3809 1852 3865 srepe
1882 3796 1966 3849 te-

318 3883 453 3941 stati
483 3880 866 3951 sumus.Ergo
897 3884 1039 3934 tunc
1070 3879 1472 3935 misericordia
1501 3880 1732 3936 Domini
1763 3882 1968 3937 contir-

317 3976 477 4029 mata
505 3974 616 4039 est,
646 3985 780 4026 cum
812 3967 1058 4024 eflundit
1112 3984 1290 4039 super
1346 3968 1650 4024 credentes
1682 3970 1965 4042 Spiritum

318 4062 590 4118 sanetum
648 4060 784 4131 (Act.
846 4072 906 4113 ιι.
970 4057 1045 4129 4),
1101 4056 1272 4128 juxta
1301 4056 1753 4128 promissionem
1787 4074 1965 4129 quam

319 4152 503 4206 Lucas
533 4147 890 4221 evangelista
929 4149 1369 4214 commemorat,
1431 4146 1632 4201 dicens
1665 4162 1678 4200 :
1714 4149 1843 4201 Ecce
1874 4163 1966 4218 ego

317 4242 474 4295 mitto
501 4239 924 4311 promissionem
981 4237 1165 4290 Patris
1221 4236 1333 4290 mei
1382 4236 1444 4290 in
1496 4250 1588 4291 vos
1615 4254 1635 4290 :
1663 4250 1756 4292 vos
1784 4245 1968 4292 autem

317 4329 495 4383 sedete
523 4329 583 4382 in
613 4327 835 4382 civitate
873 4325 1225 4397 quoadusque
1280 4325 1607 4380 induamini
1662 4326 1871 4380 virtute
1898 4341 1968 4382 ea:

318 4415 609 4487 σιω-(ιω).
645 4430 798 4484 xxxv,
831 4415 941 4486 49).
975 4436 1004 4464 ‹‹
1047 4414 1115 4468 Et
1167 4414 1379 4469 veritas
1418 4413 1649 4469 Domini
1677 4419 1875 4470 manet
1906 4414 1965 4470 in

318 4510 619 4563 aeternum.
651 4525 679 4553 »
714 4503 1015 4559 Permanet
1070 4501 1284 4559 veritas
1343 4502 1591 4569 Domini,
1654 4519 1788 4559 cum
1813 4502 1965 4574 justi

320 4595 379 4650 in
410 4593 629 4651 caelesti
658 4590 984 4648 Jerusalem
1028 4595 1310 4662 tanquam
1368 4589 1593 4661 lapides
1622 4591 1735 4647 vivi
1783 4590 1964 4646 :editi-
1997 4607 2043 4672 ι)

318 4688 528 4741 cantur
585 4699 598 4737 :
658 4681 748 4737 vel
794 4680 960 4752 impii
1011 4683 1222 4734 aeterno
1275 4678 1398 4750 igni
1429 4683 1487 4734 et
1514 4679 1833 4750 vermibus,
1864 4679 1966 4751 qui

320 4787 625 4843 nunquam
658 4770 1010 4838 moriuntur,
1041 4767 1134 4822 his
1179 4767 1507 4823 traduntur.
1541 4768 1704 4823 Sicut
1733 4768 1965 4824 Marcus

319 4858 676 4934 evangelista
698 4858 780 4914 ait
812 4875 825 4913 :
855 4859 1004 4929 Ignis
1059 4871 1248 4912 eorum
1302 4873 1409 4912 non
1466 4858 1866 4927 exstinguetur,
1915 4864 1967 4912 et

318 4966 517 5006 vermis
540 4965 733 5005 eorum
761 4962 873 5002 non
898 4947 1168 5002 morietur
1195 4943 1378 5013 (Marc.
1414 4962 1490 5010 rx,
1540 4945 1650 5016 43).
1684 4945 1800 5000 Nos
1830 4961 1967 5002 vero

318 5038 635 5094 Dominum
694 5035 990 5109 supplices
1048 5036 1445 5107 deprecemur,
1488 5039 1552 5088 ut
1592 5050 1653 5090 se
1687 5034 1966 5091 laudandi

318 5127 540 5182 tribuat
566 5126 910 5196 efﬁcaciam,
944 5129 1002 5181 et
1032 5125 1338 5181 confirmet
1368 5140 1546 5196 super
1597 5141 1704 5180 nos
1737 5123 1965 5180 miseri-

320 5215 577 5271 cordiam
635 5232 804 5272 suam
865 5233 878 5270 :
941 5215 1180 5270 mittens
1208 5215 1267 5268 in
1328 5212 1497 5268 nobis
1527 5212 1805 5284 Spiritum
1838 5230 1968 5269 san-

319 5309 501 5372 etum,
534 5303 633 5375 qui
665 5320 913 5360 exurens
945 5303 1135 5371 noxia,
1169 5301 1462 5358 illuminet
1492 5301 1815 5374 profutura.
1849 5302 1967 5375 Ipsi

317 5393 504 5468 gloria
533 5408 664 5447 cum
711 5396 924 5448 aeterno
956 5391 1207 5447 Patreet
1235 5389 1453 5462 Spiritu
1481 5394 1680 5446 sancto
1733 5392 1792 5446 in
1821 5408 1964 5454 eun-

318 5488 414 5540 eta
439 5479 653 5539 saecula
682 5477 1052 5536 saeculorum.
1084 5482 1288 5537 Amen.

855 5568 1186 5625 PSALMUS
1226 5567 1435 5625 CXVII.

339 5716 344 5727 .
385 5660 650 5725 Alleluia.
685 5659 801 5720 Iste
832 5656 1099 5735 psalmus
1130 5657 1428 5716 interdum
1475 5670 1675 5717 vocem
1705 5657 1980 5719 continet,

2078 3334 2133 3387 in
2165 3333 2387 3389 homine
2412 3348 2564 3405 spem
2590 3347 2767 3387 suam.
2804 3333 3021 3400 (Jerem.
3053 3350 3188 3399 xvn,
3217 3334 3294 3405 5).

2154 3445 2174 3472 α
2211 3422 2437 3477 Bonum
2487 3426 2578 3478 est
2608 3422 2899 3477 confidere
2930 3421 2990 3477 in
3052 3422 3314 3479 Domino.
3348 3445 3377 3475 »
3410 3424 3524 3489 Qui
3557 3427 3747 3483 vitam

2079 3511 2325 3584 largitur
2353 3516 2651 3566 (sternam.
2689 3531 2716 3562 α
2764 3512 2949 3576 Quam
3009 3512 3299 3568 confidere
3354 3511 3416 3568 in
3451 3515 3732 3588 principi-

2076 3599 2209 3653 bus.
2239 3619 2266 3648 »
2298 3597 2556 3660 Quorum
2589 3602 2847 3669 potestas
2869 3614 3004 3654 eum
3034 3598 3143 3655 hoc
3171 3601 3394 3661 mundo
3426 3601 3732 3659 dilabitur.

2148 3710 2175 3736 ‹‹
2211 3686 2425 3741 Omnes
2473 3691 2677 3758 gentes
2733 3686 3245 3744 circumdederunt
3300 3705 3416 3761 me,
3454 3695 3513 3746 et
3544 3693 3606 3747 in
3634 3709 3732 3749 no-

2078 3775 2235 3831 mine
2265 3774 2514 3842 Domini,
2544 3776 2685 3846 quia
2715 3774 2875 3831 ultus
2904 3793 3038 3831 sum
3068 3777 3127 3833 in
3157 3794 3275 3833 eos.
3310 3803 3334 3832 ι
3372 3778 3597 3837 Gentes
3625 3782 3733 3837 sci-

2076 3864 2213 3921 licet
2268 3863 2708 3920 tribulationum
2765 3863 3062 3921 vallabant
3100 3882 3213 3932 me,
3245 3867 3346 3923 sed
3379 3868 3442 3923 in
3495 3870 3734 3926 nomine

2082 3954 2322 4010 Domine
2352 3954 2538 4010 restiti
2568 3956 2674 4010 eis.

2150 4068 2177 4095 ‹‹
2211 4044 2652 4101 Circumdantes
2684 4041 3197 4100 circumdederunt
3228 4061 3344 4113 me,
3400 4051 3460 4102 et
3511 4047 3571 4103 in
3630 4065 3731 4104 no-

2076 4134 2234 4209 mine
2262 4131 2515 4198 Domini,
2545 4131 2685 4204 quia
2713 4132 2874 4189 ultus
2899 4150 3032 4189 sum
3059 4133 3114 4188 in
3147 4150 3267 4190 eos.
3304 4157 3333 4183 »
3354 4134 3526 4206 Cujus
3553 4151 3715 4191 eram

2074 4222 2282 4278 vexillo
2316 4221 2599 4277 munitus.

2151 4333 2179 4361 «
2211 4311 2735 4366 Circumdederunt
2789 4327 2881 4366 me
2938 4311 3092 4367 sicut
3119 4328 3279 4384 apes.
3321 4336 3350 4368 ι
3386 4313 3543 4370 Sicut
3578 4330 3723 4388 apes

2077 4402 2295 4468 favum,
2327 4405 2393 4456 ut
2423 4400 2717 4456 auferrent
2745 4398 3113 4457 dulcedinem
3146 4417 3324 4474 quam
3356 4404 3415 4459 in
3451 4420 3543 4460 me
3567 4404 3733 4461 Chri-

2076 4494 2206 4547 stus
2238 4490 2551 4545 infuderat.
2589 4511 2617 4539 »
2648 4490 2717 4545 Et
2746 4494 3087 4546 exarserunt
3136 4490 3289 4547 sicut
3332 4492 3491 4566 ignis
3520 4494 3581 4549 in
3613 4494 3730 4566 spi-

2076 4579 2186 4635 nis.
2219 4599 2244 4630 ιι
2284 4579 2357 4635 lsi
2389 4582 2729 4634 exarserunt
2761 4578 2816 4632 in
2850 4578 3068 4634 invidia
3121 4596 3230 4636 sua
3284 4580 3429 4636 dum
3475 4598 3571 4639 me
3599 4600 3731 4639 exu-

2076 4682 2203 4727 rere
2233 4683 2349 4722 non
2380 4665 2708 4721 valuerunt.
2742 4687 2769 4715 ‹‹
2805 4664 2869 4719 Et
2917 4664 2978 4720 in
3031 4665 3269 4722 nomine
3297 4666 3560 4737 Domini,
3594 4669 3735 4741 quia

2076 4756 2237 4812 ultus
2267 4772 2399 4812 sum
2431 4755 2489 4810 in
2520 4771 2639 4811 eos.
2676 4776 2704 4805 »
2735 4755 2881 4811 Cum
2925 4771 2993 4810 ea
3047 4770 3175 4826 qua:
3207 4754 3351 4812 mihi
3384 4756 3734 4832 intulerant,

2074 4845 2132 4900 in
2164 4861 2263 4902 eos
2293 4845 2536 4901 confusa
2566 4848 2726 4900 sunt.

2148 4958 2177 4986 ‹‹
2208 4933 2501 5006 [mpulsus
2533 4949 2769 5010 eversus
2795 4949 2928 4990 sum
2960 4937 3028 4989 ut
3054 4934 3411 5007 caderem,et
3442 4935 3734 4995 Dominus

2076 5024 2336 5096 suscepit
2362 5041 2474 5080 me.
2512 5044 2540 5073 ››
2573 5023 2682 5089 Qui
2708 5022 3006 5079 confidens
3033 5023 3092 5078 in
3123 5039 3279 5092 eum,
3304 5023 3500 5097 ipsum
3531 5025 3733 5082 solum

2075 5115 2146 5169 ad
2146 5115 2404 5186 jutorem
2436 5112 2696 5185 quaesivi.

2151 5225 2177 5256 α
2207 5203 2502 5259 Fortitudo
2535 5216 2684 5267 mea,
2707 5205 2763 5257 et
2794 5199 2924 5257 laus
2953 5218 3085 5258 mea
3108 5201 3416 5271 Dominus,
3450 5207 3508 5258 et
3536 5203 3724 5260 factus

2062 5299 2162 5351 .est
2187 5292 2329 5348 mihi
2357 5292 2416 5347 in
2474 5291 2747 5348 salutem.
2785 5313 2806 5341 ιι
2847 5290 2959 5363 Ipsi
2989 5291 3317 5361 concinam,
3372 5291 3566 5363 ipsum
3606 5291 3725 5346 Vib-

2074 5389 2256 5441 tutem
2296 5398 2487 5439 meam
2537 5381 2728 5437 dicam
2763 5398 2776 5437 :
2811 5381 2869 5436 in
2902 5380 3029 5452 ipso
3077 5381 3273 5436 omnis
3304 5380 3563 5437 laudatio
3594 5397 3729 5438 mea

2074 5472 2363 5543 consistit,
2395 5471 2495 5545 qui
2524 5469 2672 5525 mihi
2703 5470 2760 5524 in
2820 5469 2928 5525 hac
2980 5468 3376 5526 tribulationis
3424 5474 3617 5526 morte
3643 5470 3730 5527 fa-

2072 5566 2201 5617 ctus
2231 5565 2320 5617 est
2348 5561 2407 5615 in
2439 5561 2709 5616 salutem.

2147 5671 2174 5706 α
2202 5650 2325 5708 Vox
2358 5647 2763 5708 exsultationis
2817 5650 2876 5706 et
2927 5646 3161 5720 salutis,
3218 5648 3281 5708 in
3326 5648 3725 5712 tabemaoulii
