3992 6194
202 475 358 534 1257

1368 469 1865 530 BREVIARIUM
1911 467 1990 528 IN
2036 470 2421 531 PSALMOS.

3457 473 3614 532 1238

187 608 515 680 justorum.
543 628 570 654 »
605 606 667 660 In
699 603 974 660 cordibus
1005 603 1208 675 utique
1238 606 1561 674 martyrum
1593 601 1847 673 reliquo-
1879 605 1932 670 Α
1967 602 2432 673 frequentantur.
2470 628 2495 654 ‹‹
2531 605 2722 676 Usque
2755 605 2824 660 ad
2857 621 3035 660 cornu
3083 604 3304 660 altaris.
3351 629 3378 654 ‹‹
3425 606 3613 677 Usque

202 712 456 766 rumque
488 699 849 759 sanctorum,
891 693 990 764 qui
1040 692 1174 747 facti
1224 696 1362 747 sunt
1410 691 1851 747 tabernaculum

205 785 305 843 Dei
337 800 440 855 per
467 782 896 838 inhabitantem
927 781 1208 854 Spiritum
1236 784 1506 836 sanctum
1538 780 1596 834 in
1627 780 1732 834 eis.

284 913 312 946 «ι
345 895 587 947 Dextera
617 889 848 945 Domini
902 889 1034 944 fecit
1079 888 1374 943 virtutem.
1408 910 1436 937 »
1471 886 1559 942 Uti
1592 885 1737 940 mihi
1769 884 1856 939 vi-

201 981 454 1038 ctoriam
507 980 565 1034 in
615 978 887 1052 passione
931 978 1231 1034 tribueret.
1267 1001 1293 1026 ‹‹
1341 978 1578 1032 Dextera
1624 973 1855 1030 Domini

201 1071 481 1128 exaltavit
511 1086 622 1125 me.
660 1091 688 1117 »
720 1069 804 1123 Ab
835 1067 1164 1122 humilitate
1217 1067 1579 1122 diversarum
1631 1065 1856 1136 passio-

200 1177 373 1223 num,
408 1159 617 1214 virtute
648 1159 776 1229 ejus
807 1156 1065 1212 elevatus
1093 1172 1246 1210 sum.

275 1273 304 1300 ‹‹
340 1249 467 1304 Non
501 1248 736 1314 moriar,
771 1248 871 1302 sed
903 1246 1116 1314 vivam,
1149 1250 1207 1300 et
1238 1244 1483 1299 narrabo
1525 1259 1700 1315 opera
1746 1243 1856 1298 Do-

202 1339 373 1394 mini.
407 1357 433 1390 s
475 1335 726 1409 Populus
759 1335 879 1390 haec
908 1338 1230 1406 martyrum
1264 1333 1525 1404 loquitur
1557 1349 1570 1388 :
1605 1348 1855 1404 quorum

199 1428 455 1484 victoria:
490 1426 549 1480 in
583 1425 861 1482 omnibus
893 1423 1166 1480 Ecclesiis
1197 1423 1605 1479 concinuntur.

281 1539 308 1565 ‹‹
340 1515 646 1586 Castigans
676 1513 979 1584 castigavit
1013 1528 1104 1566 me
1136 1511 1440 1580 Dominus,
1457 1513 1512 1565 et
1545 1509 1717 1565 morti
1742 1526 1855 1564 non

203 1605 452 1661 tradidit
501 1620 613 1659 me.
647 1625 674 1654 »
708 1602 968 1674 Castigat
998 1617 1103 1656 nos
1136 1600 1416 1655 Dominus
1460 1600 1530 1654 ad
1583 1598 1857 1655 emenda-

203 1696 425 1751 tionem
459 1693 516 1748 in
549 1691 755 1748 multis
786 1690 1145 1756 verberibus,
1179 1695 1240 1744 ut
1275 1689 1474 1761 probet
1505 1694 1562 1744 et
1602 1691 1786 1743 servet
1826 1705 1858 1742 a

207 1788 490 1856 perpetua
520 1786 724 1838 morte.

281 1872 574 1944 «Aperite
621 1869 767 1925 mihi
816 1874 1012 1940 portas
1054 1869 1319 1939 justitim,
1355 1872 1412 1922 et
1443 1868 1745 1939 ingressus
1796 1866 1852 1920 in

207 1978 311 2018 eas
360 1959 683 2016 conﬁtebor
734 1958 994 2014 Domino.
1031 1981 1058 2006 »
1091 1957 1305 2012 Beatus
1333 1959 1423 2012 est
1452 1955 1551 2010 ille
1588 1953 1856 2009 Ecclesia:

205 2051 296 2108 vel
327 2055 651 2123 martyrum
683 2047 957 2121 populus,
991 2048 1083 2102 cui
1112 2051 1288 2118 porta:
1321 2043 1859 2116 aperiunturjusti-

207 2140 320 2206 tice,
368 2140 424 2194 id
475 2143 565 2195 est
610 2139 741 2193 vita:
789 2143 1037 2202 mternze,
1075 2137 1132 2190 in
1164 2134 1624 2206 quibusjugiter
1674 2133 1858 2188 Deum

204 2230 558 2284 conﬁteatur
583 2231 640 2282 et
670 2226 886 2280 laudet.

277 2342 304 2367 ‹‹
344 2317 475 2371 Hazc
507 2319 674 2387 porta
705 2313 954 2381 Domini,
980 2313 1128 2384 justi
1176 2313 1486 2368 intrabunt
1512 2328 1615 2384 per
1644 2327 1794 2368 eam.
1831 2333 1858 2359 »

203 2405 492 2463 Dominus
521 2404 698 2460 Jesus
729 2402 997 2458 Christus
1022 2407 1186 2474 porta
1206 2406 1295 2458 est
1317 2402 1517 2468 Patris,
1551 2418 1653 2474 per
1682 2416 1860 2473 quam

203 2493 481 2548 introitur
510 2493 581 2548 ad
607 2509 765 2558 eum,
816 2493 944 2564 ipso
998 2491 1244 2546 Domino
1277 2491 1360 2546 sic
1405 2491 1633 2546 dicente
1668 2508 1680 2544 :
1744 2489 1858 2562 Ego

205 2599 340 2638 sum
392 2583 630 2648 ostium,
664 2598 767 2653 per
797 2598 888 2637 me
929 2581 976 2636 si
1010 2581 1143 2652 quis
1174 2580 1480 2647 introierit,
1518 2579 1858 2634 salvabitur.

207 2671 278 2726 Et
330 2671 543 2726 iterum
599 2689 612 2726 :
673 2673 843 2725 Nemo
891 2672 1040 2725 venit
1087 2670 1162 2725 ad
1209 2670 1432 2724 Patrem
1478 2670 1591 2723 nisi
1635 2685 1732 2740 per
1775 2684 1862 2722 me

207 2761 387 2832 (Joan.
436 2777 552 2827 xw,
602 2761 678 2830 6).
730 2759 836 2815 Per
883 2759 1032 2814 hanc
1085 2774 1221 2829 ergo
1271 2763 1497 2830 portam
1530 2757 1759 2812 venitur
1789 2757 1860 2811 ad

207 2853 462 2919 Patrem,
497 2849 596 2903 sed
627 2864 797 2902 nemo
825 2848 880 2902 in
914 2864 1041 2902 eam
1075 2847 1402 2919 ingreditur
1432 2846 1544 2901 nisi
1565 2847 1786 2916 justus.

283 2962 311 2988 ‹‹
343 2937 674 2994 Conﬁtebor
719 2937 823 2992 tibi
881 2937 1158 3009 quoniam
1214 2937 1502 2992 exaudisti
1546 2952 1658 3004 me,
1691 2940 1747 2990 et
1779 2936 1860 2989 fa-

209 3033 344 3084 ctus
373 3043 434 3082 es
465 3026 611 3082 mihi
641 3026 700 3081 in
733 3025 1006 3081 salutem.
1041 3048 1069 3074 »
1104 3027 1166 3080 In
1199 3041 1316 3096 qua
1343 3025 1430 3079 vel
1463 3025 1704 3079 vulnera
1737 3039 1862 3096 pec-

208 3117 318 3173 cati
352 3117 598 3183 sanasti,
627 3114 714 3170 vel
743 3115 1025 3170 adversus
1066 3114 1340 3185 iniquum
1387 3113 1638 3180 hostem,
1673 3114 1861 3168 factus

208 3224 270 3262 es
303 3207 361 3260 in
393 3206 666 3261 salutem.

282 3316 310 3342 u
341 3295 616 3367 Lapidem
669 3309 842 3366 quem
898 3293 1354 3365 reprobaverunt
1403 3293 1776 3347 aediﬁcantes.
1829 3315 1857 3341 ››

206 3384 489 3440 Dominus
520 3388 718 3440 noster
745 3387 918 3438 Jesus
948 3381 1216 3438 Christus
1244 3381 1395 3454 lapis
1442 3398 1612 3437 verus
1652 3381 1855 3436 inven-

205 3480 305 3530 tus
337 3475 393 3528 in
421 3473 567 3546 legis
598 3473 811 3539 littera,
837 3473 1182 3544 reprobatus
1213 3477 1301 3527 est
1327 3472 1397 3525 ab
1427 3471 1854 3526 aediﬁcantibus

205 3562 443 3630 Judaeis,
497 3562 603 3617 hoc
653 3567 743 3616 est
792 3561 994 3615 littera:
1043 3560 1420 3615 haerentibus.
1453 3584 1478 3609 «
1515 3559 1618 3614 Hic
1669 3560 1855 3614 factus

206 3656 296 3706 est
341 3651 398 3706 in
448 3655 623 3723 caput
672 3649 958 3722 anguli.»
999 3651 1057 3704 In
1090 3654 1266 3721 caput
1312 3653 1662 3705 connectens
1708 3649 1855 3704 duos

205 3739 455 3812 parietes
489 3757 501 3794 :
539 3756 723 3794 unum
757 3739 827 3794 de
859 3738 1326 3805 circumcisione,
1360 3737 1542 3792 alium
1591 3738 1660 3792 de
1710 3754 1854 3808 prae-

207 3830 390 3900 putio,
425 3830 482 3883 in
515 3845 630 3883 uno
665 3845 812 3883 novo
844 3827 1101 3892 homine,
1135 3827 1243 3882 hoc
1275 3832 1362 3882 est
1391 3827 1451 3881 in
1484 3827 1817 3897 semetipso.

279 3959 305 3983 ‹‹
343 3940 386 3987 Α
419 3934 664 3989 Domino
696 3933 909 4004 (Patre)
942 3935 1128 3988 factus
1159 3938 1268 3988 est.
1297 3957 1324 3982 ››
1348 3933 1630 3988 Mediator
1659 3937 1858 3987 noster

207 4028 262 4079 et
292 4023 439 4094 ejus.
473 4045 501 4073 «
536 4022 605 4078 Et
635 4025 723 4078 est
756 4020 1044 4076 mirabilis
1077 4022 1135 4076 in
1185 4020 1370 4076 oculis
1403 4021 1634 4076 nostris.
1671 4045 1698 4071 »
1731 4022 1854 4076 Non

208 4113 268 4167 in
297 4110 555 4180 illorum,
581 4111 679 4184 qui
712 4128 845 4168 eum
880 4111 1365 4182 reprobaverunt;
1401 4111 1498 4166 sed
1525 4111 1584 4164 in
1618 4109 1856 4176 nostris,

209 4203 304 4273 qui
334 4218 466 4257 eum
499 4201 789 4257 credendo
821 4201 1212 4272 suscepimus.

279 4313 306 4339 ‹‹
339 4291 470 4345 Haec
502 4295 590 4345 est
621 4291 746 4345 dies
778 4307 956 4361 quam
988 4289 1123 4344 fecit
1161 4289 1465 4358 Dominus,
1497 4288 1857 4344 exsultemus

207 4385 263 4436 et
293 4378 559 4434 laetemur
581 4380 638 4432 in
663 4379 960 4433 eam.»Hic
983 4377 1132 4448 lapis
1153 4379 1452 4450 angularis
1483 4379 1608 4450 ipse
1629 4379 1856 4434 estdics

206 4467 436 4533 salutis,
471 4466 528 4520 in
563 4482 678 4536 quo
716 4465 801 4520 vel
834 4483 866 4520 a
898 4470 1082 4520 morte
1114 4468 1496 4531 surreximus,
1527 4466 1614 4521 vel
1649 4484 1855 4522 mcero-

207 4575 267 4612 re
297 4555 516 4629 peccati
547 4554 832 4627 deposito,
859 4554 915 4608 in
949 4554 1204 4609 novitate
1232 4555 1359 4608 vitae
1393 4555 1676 4609 laetamur.

276 4669 306 4697 α
337 4649 381 4701 Ο
413 4644 676 4709 homine,
712 4643 937 4700 salvum
971 4659 1061 4698 me
1093 4644 1201 4698 fac.
1241 4667 1267 4690 ››
1305 4644 1381 4697 Ad
1415 4648 1469 4697 te
1509 4644 1853 4699 venientem.

209 4760 236 4786 ‹‹
271 4735 313 4790 Ο
342 4733 608 4801 Domine,
650 4733 796 4788 bene
843 4748 1206 4804 prosperare.
1244 4754 1270 4780 »
1304 4731 1650 4803 Prosperum
1686 4731 1858 4787 facito
1891 4717 1935 4782 Ῐ)

211 4826 318 4881 iter
348 4823 514 4890 illud,
546 4839 663 4895 quo
693 4823 765 4878 ad
800 4827 854 4877 te
887 4826 1017 4894 post
1048 4819 1262 4876 multos
1311 4819 1539 4875 labores
1586 4825 1856 4875 revertar.

217 4937 243 4965 ‹‹
273 4913 618 4970 Benedictus
647 4911 745 4984 qui
787 4912 946 4967 venit
975 4910 1032 4964 in
1067 4910 1301 4966 nomine
1348 4909 1600 4965 Domini.
1634 4933 1662 4960 ››
1697 4909 1858 4964 Chri-

214 5007 340 5060 stus
371 5002 653 5059 Dominus
682 5000 740 5056 in
777 4999 1011 5056 nomine
1042 4999 1425 5065 Ratris,sicut
1456 4999 1578 5070 ipse
1609 4999 1725 5057 ait:
1753 5000 1859 5070 Ego

213 5095 338 5149 veni
367 5095 426 5147 in
456 5094 681 5149 nomine
710 5093 894 5147 Patris
921 5091 1034 5145 mei
1064 5091 1240 5161 (Joan.
1271 5105 1324 5158 ν,
1358 5089 1452 5156 43)
1481 5093 1589 5144 etc.

291 5203 317 5233 α
345 5181 754 5238 Benedicimus
783 5179 947 5236 vobis
995 5179 1066 5234 de
1115 5179 1288 5234 domo
1316 5178 1564 5233 Domini.
1601 5200 1627 5226 »
1662 5179 1856 5234 Sancti

217 5272 286 5325 de
308 5268 522 5325 cmlesti
551 5268 874 5324 Jerusalem
900 5267 1170 5340 parvulos
1193 5267 1460 5323 Ecclesiae
1484 5268 1856 5323 benedicunt.

215 5383 242 5411 ‹‹
278 5359 427 5414 Deus
463 5357 743 5413 Dominus
773 5361 830 5412 et
859 5356 1052 5412 illuxit
1100 5356 1290 5412 nobis.
1336 5379 1362 5406 »ι
1417 5357 1860 5413 Resurrectione

215 5447 364 5505 enim
391 5464 500 5503 sua
530 5445 885 5501 illuminavit
915 5447 1182 5501 tenebras
1213 5451 1466 5500 nostras.

281 5560 308 5586 ‹‹
358 5535 704 5590 Constituite
753 5534 906 5590 diem
962 5534 1302 5590 solemnem.
1359 5558 1385 5583 ››
1436 5535 1712 5590 Exhibete
1761 5552 1862 5590 vos

212 5624 428 5698 templa
457 5628 515 5678 et
557 5640 688 5678 aras
723 5625 854 5687 Deo,
889 5624 946 5678 in
979 5624 1194 5695 quibus
1227 5629 1285 5678 et
1315 5641 1513 5679 sacras
1559 5624 1862 5680 celebretis

217 5712 637 5772 solemnitates.
677 5734 697 5760 α
736 5712 797 5767 In
829 5712 1162 5768 condensis.
1205 5735 1224 5761 ι
1262 5713 1320 5768 In
1356 5712 1671 5769 virtutibus
1713 5713 1862 5768 mul-

217 5804 292 5865 tis
323 5821 336 5862 :
371 5805 430 5862 in
461 5801 679 5878 quibus
727 5801 813 5858 vel
863 5801 988 5876 ipse
1038 5801 1344 5875 Dominus,
1376 5800 1464 5860 vel
1494 5803 1623 5876 ejus
1672 5803 1865 5879 angeli

532 5932 794 5996 ΡΑτιιοι..
845 5929 1066 5997 XXVI.

1965 693 2034 746 ad
2067 692 2259 764 ipsum
2293 694 2741 764 Dominum,qui
2777 700 2866 750 est
2896 694 3172 750 fortitudo
3199 694 3612 767 animae,quam

1964 783 2092 852 ejus
2124 781 2305 838 altare
2336 782 2543 838 fecisti.

2039 891 2068 920 α
2100 870 2252 925 Deus
2285 887 2452 927 meus
2482 888 2542 926 es
2575 875 2657 941 tu,
2691 875 2747 926 et
2777 872 3096 927 conﬁtebor
3129 872 3254 926 tibi.
3299 894 3326 920 ››
3372 875 3615 946 Accepta

1966 958 2310 1014 remissione
2363 977 2466 1032 per
2504 961 2927 1016 confessionem
2980 961 3406 1032 peccaminum,
3457 979 3614 1030 nunc,

1967 1049 2282 1104 conﬁtebor
2309 1049 2513 1105 laudes
2545 1055 2696 1115 tuas,
2716 1073 2742 1099 «
2765 1050 2920 1105 Deus
2953 1066 3118 1104 meus
3147 1054 3231 1118 tu,
3264 1054 3321 1104 et
3351 1049 3616 1119 exaltabo

1970 1141 2040 1191 te.
2074 1160 2102 1187 »
2140 1138 2283 1200 Quia
2313 1143 2426 1194 ate
2457 1140 2528 1193 ab
2561 1138 2894 1196 humilitate
2926 1155 3057 1194 sum
3092 1139 3449 1195 sublevatus.

2041 1248 2068 1276 «
2100 1227 2430 1282 Conﬁtebor
2480 1227 2605 1294 tibi,
2655 1228 2935 1298 quoniam
2986 1228 3272 1283 exaudisti
3322 1244 3434 1283 me.
3465 1251 3492 1278 »
3548 1229 3617 1286 Ut

1967 1331 2060 1370 me
2091 1332 2222 1370 cum
2259 1316 2481 1372 sanctis
2513 1317 2630 1373 tuis
2662 1317 2720 1372 in
2752 1316 2970 1371 cmlesti
2991 1316 3318 1373 Jerusalem
3342 1317 3614 1374 sociares.

2040 1426 2066 1452 «
2101 1405 2469 1460 Conﬁtemini
2502 1405 2748 1461 Domino
2780 1405 3056 1476 quoniam
3091 1406 3302 1472 bonus,
3335 1406 3615 1477 quoniam

1969 1493 2026 1547 in
2059 1499 2338 1548 sazcutum
2373 1494 2772 1549 misericordia
2801 1496 2948 1565 ejus.
2972 1517 2998 1542 ››
3022 1495 3083 1549 ln
3117 1493 3209 1550 bis
3240 1494 3430 1550 verbis
3461 1495 3616 1566 psal-

1971 1598 2102 1636 mus
2134 1583 2343 1653 accipit
2373 1583 2715 1649 terminum,
2771 1584 2841 1638 de
2894 1583 3112 1654 quibus
3157 1584 3415 1655 sumpsit
3453 1600 3618 1640 exor-

1969 1670 2130 1724 dium
2185 1687 2198 1724 :
2247 1670 2510 1725 videlicet
2556 1676 2619 1725 ut
2663 1673 2733 1726 ab
2782 1671 2950 1726 initio
2999 1671 3360 1726 credulitatis
3408 1678 3617 1728 nostra:

1942 1776 2157 1830 usque
2187 1760 2258 1815 ad
2297 1761 2469 1814 ﬁnem
2493 1759 2550 1814 in
2589 1762 2769 1815 Deum
2803 1764 3067 1815 nostrum
3099 1760 3373 1815 ﬁduciam
3407 1761 3621 1816 haben-

1970 1854 2073 1917 tes,
2107 1850 2235 1917 ejus
2267 1847 2471 1904 laudes
2521 1853 2959 1920 perseveranter
3003 1849 3407 1919 conﬁteamur,
3449 1850 3620 1920 juxta

1970 1937 2113 1991 illud
2147 1937 2374 1992 Domini
2415 1954 2425 1991 :
2465 1939 2570 2005 Qui
2598 1939 3024 2007 perseveraverit
3047 1953 3216 2008 usque
3243 1940 3304 1992 in
3323 1940 3508 2008 ﬁnem,
3533 1940 3621 1994 hic

1967 2027 2151 2081 salvus
2180 2027 2287 2080 erit
2319 2027 2525 2095 (Matth.
2560 2043 2614 2092 x,
2647 2028 2715 2079 22
2746 2030 2800 2082 et
2829 2027 3112 2096 xx1v,13).
3138 2027 3245 2090 Qui
3278 2027 3446 2082 nobis
3479 2028 3622 2084 ﬁdu-

1971 2117 2120 2171 ciam
2153 2115 2211 2169 in
2245 2132 2306 2170 se
2349 2116 2621 2186 sperandi
2669 2116 2881 2188 largire
2926 2115 3243 2187 dignetur:
3279 2115 3391 2187 ipsi
3435 2117 3621 2188 gloria

1969 2220 2102 2258 eum
2133 2208 2346 2258 aeterno
2379 2207 2568 2268 Patre,
2600 2208 2656 2258 et
2685 2203 2827 2259 Filio
2859 2208 2916 2259 et
2946 2203 3166 2276 Spiritu
3201 2209 3401 2260 sancto
3429 2205 3488 2259 in
3521 2221 3622 2260 sae-

1971 2292 2100 2348 cula
2130 2291 2497 2348 saeculorum.
2535 2298 2736 2346 Amen.

2495 2381 2820 2436 PSALMUS
2858 2381 3098 2437 CXVIII.

1968 2460 2233 2517 Alleluia.
2270 2461 2382 2534 Iste
2428 2459 2703 2534 psalmus
2729 2476 3024 2534 magnum
3057 2461 3115 2515 in
3166 2477 3227 2534 se
3278 2463 3622 2534 mysterium

2041 2534 2317 2586 continet.
2352 2531 2445 2587 Dei
2463 2548 2574 2600 quo
2604 2531 2910 2604 quidpiam
2956 2533 3014 2586 in
3067 2532 3304 2604 prologo
3335 2531 3621 2604 prolocuti

2043 2620 2272 2677 sumus,
2305 2605 2404 2677 sed
2439 2603 2714 2677 quoniam
2738 2604 3110 2677 continentur
3131 2603 3298 2677 (ineo
3328 2603 3622 2677 lex,man-

2043 2677 2198 2744 data,
2226 2675 2702 2746 justilicationes,
2736 2674 3090 2746 testimonia,
3116 2675 3339 2745 judicia
3371 2674 3436 2732 ac
3466 2678 3570 2731 vias
3606 2693 3618 2732 :

2043 2747 2184 2818 quid
2232 2745 2384 2800 inter
2433 2762 2501 2801 ea
2549 2746 2742 2812 distet,
2797 2745 3049 2801 discerni
3097 2762 3334 2818 necesse
3373 2751 3480 2803 est.
3520 2751 3625 2804 Lex

2044 2817 2205 2890 ergo,
2237 2835 2362 2890 quae
2385 2834 2492 2890 per
2514 2820 2756 2890 Moysen
2786 2818 3061 2890 datarest,
3095 2817 3153 2872 in
3186 2818 3416 2890 Christo
3448 2819 3620 2890 spiri-

2044 2887 2281 2943 tualiter
2312 2887 2480 2943 debet
2511 2887 2760 2959 intelligi
2795 2905 2807 2942 :
2845 2889 2983 2959 quia
3011 2888 3326 2960 Apostolus
3359 2887 3509 2944 cum
3555 2889 3624 2944 il-

2044 2960 2160 3014 lam
2193 2964 2456 3015 sanctam
2488 2965 2670 3030 vocet,
2704 2959 2972 3014 umbram
3010 2959 3205 3015 tamen
3238 2977 3366 3016 eam
3401 2961 3624 3016 futuro-

2044 3048 2174 3086 rum
2223 3048 2351 3086 esse
2399 3031 2676 3086 describit
2708 3031 2884 3101 (Hebr.
2919 3048 2973 3100 x,
3013 3031 3081 3102 1).
3136 3031 3410 3088 Mandata
3459 3037 3620 3097 sunt,

2041 3103 2100 3157 in
2131 3103 2348 3174 quibus
2397 3107 2819 3174 praeceptorum
2867 3103 3306 3158 Dominicorum
3353 3104 3619 3160 custodia

2041 3173 2379 3246 deputatur,
2400 3173 2576 3244 juxta
2605 3173 2749 3228 illud
2787 3192 2798 3229 :
2832 3175 2949 3229 Non
2978 3174 3202 3246 occides,
3236 3191 3342 3246 non
3385 3176 3622 3232 moecha-

2045 3245 2187 3299 beris
2219 3246 2408 3314 (Exod.
2441 3262 2534 3317 xx,
2573 3247 2654 3310 13,
2693 3247 2801 3316 lli),
2846 3250 2901 3300 et
2950 3245 3192 3317 reliqua.
3227 3245 3618 3317 iustiﬁcatio-

2041 3334 2144 3372 nes
2189 3320 2347 3385 sunt,
2394 3316 2608 3387 quibus
2647 3318 2791 3371 Deus
2824 3333 2927 3386 per
2955 3316 3123 3371 suam
3156 3316 3526 3374 dilectionem
3564 3323 3622 3374 et

2043 3387 2314 3460 proximi,
2348 3387 2629 3460 zizaniam
2663 3387 2780 3442 odii
2814 3387 3225 3460 abrhominum
3259 3391 3428 3444 corde
3451 3390 3622 3459 jubet

2036 3459 2222 3515 avelli.
2276 3459 2644 3532 Testimonia
2704 3464 2863 3528 sunt,
2894 3459 2954 3513 in
3009 3475 3262 3530 quorum
3313 3462 3622 3532 prmeentia

2039 3532 2208 3586 nobis
2233 3531 2707 3586 Observationum
2733 3535 3069 3586 sanctarum
3113 3533 3254 3587 ordo
3297 3531 3620 3588 committi-

2041 3608 2150 3657 tur.
2181 3604 2343 3658 Sicut
2387 3602 2611 3674 Moyses
2661 3601 2866 3657 coelum
2919 3607 2975 3656 et.
3025 3608 3236 3658 terram
3269 3603 3498 3659 invocat
3530 3609 3618 3659 te-

2039 3680 2157 3729 stes
2188 3675 2364 3739 (Deut.
2401 3673 2617 3742 Iv,'2t3).
2669 3673 2738 3727 Et
2788 3675 3004 3728 Paulus
3052 3675 3122 3728 ad
3175 3674 3552 3730 Timotheum
3599 3691 3613 3732 :

2039 3744 2462 3814 Testiﬁeorltibi,
2496 3743 2707 3815 inquit,
2741 3747 2800 3798 in
2828 3754 3112 3816 conspectu
3141 3746 3240 3800 Dei
3283 3749 3532 3815 viventis,
3565 3751 3617 3802 et

2037 3822 2096 3871 in
2127 3821 2411 3887 conspectu
2437 3816 2729 3871 electorum
2757 3817 3076 3885 angelorum
3108 3817 3225 3886 ejus
3258 3819 3328 3883 (II
3360 3821 3506 3874 Tim.
3539 3835 3620 3884 ιν,

2040 3891 2112 3959 1),
2148 3893 2204 3942 et
2237 3888 2485 3959 reliqua.
2514 3888 2746 3959 Judicia
2775 3893 2970 3942 autem
3004 3894 3161 3952 sunt,
3195 3905 3326 3944 cum
3373 3895 3475 3944 aut
3513 3891 3617 3959 ju-

2037 3967 2161 4014 stos
2202 3958 2884 4030 splendidishonorabit
2934 3960 3178 4025 meritis,
3231 3964 3328 4014 aut
3381 3958 3613 4030 internis

2038 4029 2340 4085 damnabit
2388 4029 2692 4102 suppliciis
2724 4036 3230 4102 transgressores.
3287 4031 3401 4102 Via:
3461 4029 3618 4085 enim

2038 4106 2176 4157 sunt
2199 4101 3032 4182 apostoli’acprophetm,Aper
3062 4117 3228 4182 “quos
3268 4101 3499 4182 venitur
3545 4102 3618 4182 ad

2038 4191 2229 4229 veram
2263 4173 2437 4240 viam,
2471 4173 2570 4243 qui
2602 4181 2692 4227 est
2730 4172 3014 4243 Christus.
3062 4172 3156 4226 Sic
3199 4188 3335 4242 ergo
3384 4172 3620 4227 inchoat

2040 4245 2324 4318 psalmus,
2343 4242 2500 4318 Beati
2519 4245 2751 4318 iinmaeu
2764 4242 2923 4318 latius
2945 4258 3246 4318 quem_pro
3273 4244 3619 4318 prodixitate

2040 4313 2325 4371 dictorum
2367 4316 2424 4369 in
2461 4314 2647 4386 tribus
2701 4313 2960 4386 homiliis
3012 4313 3322 4386 explanare
3370 4315 3618 4370 Domino

2039 4392 2332 4458 annuente
2379 4385 3008 4458 (lecrevimus.__Totus
3064 4385 3158 4440 hic
3215 4387 3479 4458 psalmus
3530 4390 3621 4442 est

2041 4457 2294 4529 scriptus
2326 4457 2646 4512 secundum
2681 4455 2941 4529 ordinem
2972 4455 3321 4529 litterarum,
3346 4459 3427 4512 ita
3461 4462 3524 4511 ut
3546 4458 3619 4512 ab

2041 4528 2172 4584 una
2208 4529 2398 4583 littera
2447 4532 2574 4582 octo
2621 4543 2822 4582 versus
2872 4528 3176 4598 incipiant,
3222 4534 3278 4583 et
3317 4545 3554 4584 rursum
3585 4545 3620 4583 a

2039 4601 2304 4672 sequenti
2337 4603 2464 4654 octo
2497 4599 2591 4653 alii
2627 4599 3050 4672 compleantur.
3099 4604 3165 4654 Et
3204 4601 3311 4655 hoc
3348 4599 3622 4654 similiter

2043 4671 2228 4742 usque
2257 4671 2326 4725 ad
2362 4673 2541 4742 ﬁnem
2571 4675 2814 4742 texatur.
2855 4671 3149 4742 Josephus
3200 4677 3392 4725 autem
3444 4672 3620 4724 refert

2043 4691 2132 4727 USt
2159 4691 2228 4726 ΠΟ
2257 4691 2326 4725 θα
2362 4691 2534 4725 1100111
2571 4691 2814 4725 LCXﬂLUI‘.
2855 4691 3149 4742 JOSBPDUS
3200 4691 3392 4725 amem
3444 4691 3620 4724 PCICI‘L

2039 4745 2098 4798 in
2131 4691 2295 4797 libris
2326 4738 2721 4815 ἀρχαιολογῖας
2756 4742 2909 4796 hunc
2958 4741 3272 4813 psalmum,
3313 4747 3370 4798 et
3413 4746 3620 4797 Deute-

2042 4815 2289 4870 ronomii
2327 4814 2616 4868 canticum
2648 4818 2839 4879 (Deut.
2873 4831 3045 4880 xxxu,
3074 4816 3096 4867 1
3132 4815 3321 4885 seqq),
3355 4830 3470 4868 uno
3501 4828 3619 4869 me-

2041 4893 2130 4942 tro
2186 4903 2315 4941 esse
2364 4885 2776 4955 compositum,
2828 4890 2883 4939 et
2939 4891 3105 4957 putat
3142 4885 3464 4957 elegiacum
3497 4900 3618 4957 me-

2043 4963 2196 5012 trum
2231 4958 2287 5012 in
2323 4962 2567 5027 utroque
2599 4972 2766 5026 posse
2815 4956 3171 5027 deprehendi
3207 4955 3409 5027 :unod
3462 4955 3617 5011 scili-

2042 5034 2131 5083 cet
2157 5029 2314 5100 prior
2343 5045 2546 5084 versus
2579 5044 2676 5084 sex
2706 5027 2953 5100 pedibus
2975 5033 3218 5097 constet,
3242 5027 3480 5084 inferior
3501 5044 3617 5084 uno

2042 5099 2240 5157 minus
2274 5102 2328 5156 in
2361 5099 2790 5172 pentametrum
2824 5099 3081 5155 ﬁniatur.

2692 5196 2893 5234 ALEPII.

2048 5292 2067 5317 σ
2103 5269 2258 5324 Beati
2293 5267 2653 5324 immaculati
2706 5269 2763 5323 in
2813 5269 2922 5323 via.
2962 5291 2988 5317 »
3023 5269 3139 5324 Ista
3169 5268 3369 5340 utique
3418 5269 3476 5324 in
3522 5287 3620 5326 sm-

1970 5357 2083 5413 euli
2113 5358 2223 5423 via,
2258 5374 2359 5430 per
2391 5375 2566 5430 quam
2599 5358 2960 5429 gradimur.»
2995 5358 3154 5415 Beati
3185 5359 3568 5415 immaculati.
3591 5383 3619 5409 ››

1971 5450 2185 5504 Contra
2244 5447 2664 5503 beatitudinem
2729 5448 2963 5503 miseria
3018 5449 3353 5521 opponitur.
3411 5449 3620 5504 Beatus

1974 5535 2328 5592 immortalis
2359 5537 2571 5592 dicitur
2597 5537 2653 5591 in
2681 5541 2877 5592 nostra
2907 5537 3126 5608 lingua,
3160 5539 3279 5592 sive
3311 5535 3620 5592 laudabilis

1973 5625 2060 5681 vel
2092 5625 2405 5698 gloriosus.
2441 5625 2527 5680 Illi
2562 5630 2701 5680 sunt
2733 5625 3011 5697 beati,qui
3043 5627 3099 5681 in
3131 5627 3310 5681 vitam
3343 5630 3619 5680 aeternam

1977 5720 2279 5772 merentur
2307 5715 2559 5783 intrare;
2594 5721 2649 5770 et
2679 5714 2762 5770 illi
2792 5718 2931 5770 sunt
2962 5715 3182 5783 miseri,
3219 5714 3316 5785 qui
3351 5713 3406 5766 in
3439 5712 3621 5767 infer-

1976 5822 2117 5863 num
2150 5805 2530 5863 descendunt.
2565 5804 2864 5872 Quomodo
2885 5802 3405 5880 dicit,immaculati
3438 5819 3454 5856 :
3486 5799 3624 5875 quia

3221 5930 3300 5997 40
