3992 6194
352 449 506 510 1259

1841 441 2263 504 APPENDIX.

3607 437 3763 500 1260

350 581 474 636 sine
505 577 752 634 minutis
782 577 1035 651 peccatis
1066 578 1239 633 homo
1271 594 1400 634 esse
1430 595 1542 633 non
1578 580 1766 649 potest
1797 592 1810 631 :
1847 576 1998 631 sicut
2025 575 2082 641 Α
2111 574 2450 646 projiciatur
2485 591 2497 629 :
2530 573 2668 646 quia
2697 573 2991 629 neminem
3022 572 3254 644 projicit
3290 569 3395 644 qui
3434 574 3768 643 peccatores

352 672 592 724 sanctus
619 668 874 724 Joannes
907 666 1051 722 dixit
1084 685 1095 723 :
1133 667 1195 722 Si
1222 668 1536 723 dixerimus
1561 668 1694 738 quia
1721 675 2000 738 peccatum

349 774 465 815 non
506 757 788 824 habemus,
815 757 924 828 ipsi
952 772 1049 812 nos
1078 756 1406 823 seducimus,
1437 765 1486 812 et
1515 757 1717 812 veritas
1751 758 1811 811 in
1840 756 1999 810 nobis

351 863 462 904 non
509 850 584 902 est
633 849 682 918 (I
725 849 882 902 Joan.
938 861 976 913 l,
1026 847 1102 914 8).
1170 847 1236 900 Et
1285 846 1575 918 Propheta
1626 845 1767 900 dicit
1820 863 1832 900 :
1897 846 2001 912 Qui

352 936 659 1008 ingreditur
703 937 826 991 sine
874 938 1107 1005 macula,
1139 940 1190 991 et
1235 944 1498 1007 operatur
1515 934 1817 1008 justitiam)
1849 934 1996 990 Psal.

354 1043 470 1097 xxv,
529 1027 604 1097 2).
662 1025 796 1080 Sine
843 1025 1092 1095 macula,
1146 1025 1254 1081 hoc
1311 1031 1418 1096 est,
1469 1026 1596 1080 sine
1653 1023 1999 1080 mortalibus

355 1115 724 1171 criminibus.
778 1114 885 1170 Sed
935 1118 1132 1170 tamen
1191 1113 1603 1170 discretionem
1664 1113 1799 1168 facit
1850 1113 2001 1167 inter
2042 1153 2046 1156 .

355 1203 673 1272 maculam,
705 1208 764 1259 et
793 1202 1083 1259 maculam
1114 1204 1171 1258 id
1203 1208 1311 1269 est,
1347 1204 1486 1275 quia
1514 1203 1621 1258 etsi
1654 1203 1779 1258 sine
1806 1201 1998 1257 minu-

356 1294 434 1350 tis
467 1309 596 1350 esse
627 1309 742 1348 non
776 1309 1092 1364 possumus
1126 1311 1138 1349 :
1173 1297 1369 1348 tamen
1402 1294 1461 1348 in
1494 1293 1715 1362 majora
1745 1292 1999 1346 incidere

356 1399 473 1438 non
506 1383 808 1438 debemus.
845 1403 873 1431 «
905 1381 968 1436 In
1000 1382 1090 1435 via
1123 1398 1135 1436 :
1169 1381 1270 1452 qui
1302 1380 1608 1436 ambulant
1638 1381 1697 1436 in
1728 1380 1852 1452 lege
1891 1385 2000 1435 Do-

356 1471 522 1527 mini.
557 1494 586 1521 »
618 1494 646 1521 «
678 1473 741 1526 In
766 1471 880 1541 via,
914 1471 974 1525 in
1005 1469 1256 1535 Christo,
1290 1474 1353 1524 ut
1400 1471 1525 1541 ipse
1574 1471 1655 1524 ait
1690 1487 1701 1524 :
1739 1475 1847 1538 Ego
1879 1485 2001 1524 sum

351 1563 450 1618 via
479 1569 527 1616 el
553 1561 752 1616 veritas
812 1559 988 1631 (Joan.
1012 1576 1126 1626 XIV,
1147 1561 1224 1626 6).
1262 1580 1289 1608 «
1317 1560 1422 1624 Qui
1451 1559 1753 1614 ambulant
1784 1559 1843 1614 in
1875 1559 2002 1629 lege

352 1649 606 1716 Domini,
642 1670 662 1696 »
699 1649 808 1703 hoc
857 1652 965 1713 est,
997 1646 1057 1700 in
1108 1647 1399 1702 mandatis
1446 1647 1624 1703 illius.
1659 1671 1687 1696 «
1721 1647 1824 1712 Qui
1877 1664 2000 1702 am-

354 1738 582 1806 bulant,
619 1759 647 1785 »
681 1737 737 1790 id
789 1740 895 1802 est,
947 1741 1339 1808 perseverant.
1379 1757 1405 1788 α
1433 1736 1538 1800 Qui
1591 1736 1895 1792 ambulant
1941 1736 2001 1791 in

357 1826 484 1898 lege
541 1824 790 1880 Domini.
835 1850 856 1877 ι
902 1825 1027 1891 Qui,
1088 1826 1281 1880 carnis
1329 1825 1820 1898 concupiscentiis
1867 1827 2000 1881 edo-

359 1915 558 1982 matis,
591 1914 766 1969 etiam
794 1918 1034 1969 terrente
1065 1913 1343 1970 honorem
1376 1915 1569 1987 gloriae
1602 1914 1848 1970 calcant.

437 2027 458 2054 α
498 2003 657 2060 Beati
691 2003 792 2075 qui
823 2007 1164 2058 scrutantur
1208 2003 1544 2060 testimonia
1572 2005 1717 2075 ejus.
1755 2026 1783 2055 »
1816 2003 1887 2059 Ut
1917 2003 2004 2058 in-

360 2094 628 2167 telligant
652 2109 785 2148 cum
817 2093 1196 2165 peccaverint,
1230 2110 1292 2148 se
1320 2109 1516 2149 coram
1565 2095 1815 2149 testibus
1861 2092 2003 2148 deli-

363 2183 583 2255 quisse.
623 2205 643 2232 ι
681 2183 742 2237 In
787 2185 904 2238 toto
954 2183 1124 2238 corde
1173 2183 1486 2254 exquirunt
1533 2199 1688 2238 eum.
1728 2202 1749 2231 α
1785 2186 1850 2237 Et
1890 2198 2004 2238 non

360 2272 583 2342 leviter,
617 2287 807 2342 neque
838 2271 1113 2342 segniter.

435 2384 464 2411 «
496 2363 623 2417 Non
674 2362 831 2416 enim
885 2361 985 2432 qui
1035 2365 1350 2432 operantur
1379 2362 1746 2432 iniquitatem
1793 2362 1853 2416 in
1899 2362 2008 2417 viis

360 2451 491 2520 ejus
539 2448 1006 2504 ambulaverunt.
1043 2471 1070 2498 »
1102 2449 1219 2502 Viae
1265 2449 1424 2505 enim
1472 2455 1612 2505 sunt
1659 2451 1904 2521 apostoli
1953 2456 2009 2505 et

357 2535 674 2608 propheta,
730 2551 833 2606 per
874 2552 1022 2608 quos
1073 2536 1305 2591 venitur
1351 2538 1422 2592 ad
1466 2537 1617 2593 viam
1662 2537 1847 2607 illam,
1880 2556 2006 2610 quae

359 2625 506 2686 dixit
543 2641 555 2680 :
590 2627 701 2694 Ego
748 2641 873 2680 sum
919 2629 1031 2693 via,
1081 2627 1308 2696 veritas,
1353 2634 1402 2682 et
1431 2629 1546 2682 vita
1575 2628 1750 2698 (Joan.
1784 2646 1896 2696 xw,
1928 2631 2005 2698 ὃ),

361 2714 537 2770 sicuti
561 2715 687 2785 jam
720 2714 996 2770 diximus.
1031 2719 1097 2769 In
1130 2714 1237 2770 hac
1269 2715 1424 2771 enim
1455 2716 1548 2771 via
1579 2716 1741 2787 impii
1771 2718 2005 2772 nonin-

357 2804 575 2860 cedunt
605 2819 619 2861 :
655 2803 793 2875 quia
822 2803 1232 2860 Satanae‘viam
1264 2809 1613 2876 sequuntur.

435 2897 576 2948 «Tu
621 2892 939 2964 mandasti,
994 2893 1272 2949 mandata
1310 2899 1431 2960 tua,
1495 2896 1756 2959 Domine,
1813 2901 2005 2952 custo-

363 2982 476 3038 diri
506 2981 706 3038 nimis.
739 3005 768 3033 »
806 2981 930 3039 Non
960 2982 1155 3054 tepido
1182 2983 1375 3049 corde,
1421 3000 1523 3039 nec
1566 2983 1848 3040 dissoluto
1879 2985 2007 3040 ani-

363 3089 480 3140 mo,
505 3072 606 3128 sed
637 3071 863 3128 fortiter
889 3075 947 3127 et
975 3075 1197 3127 attente
1226 3089 1332 3128 nos
1365 3091 1472 3129 sua
1503 3074 1780 3130 mandata
1808 3075 2009 3130 edocet

362 3161 677 3216 custodire.
1507 3157 1516 3170 '

441 3272 469 3301 ‹‹
501 3249 734 3306 Utinam
771 3250 1102 3323 dirigantur
1128 3251 1230 3306 viae
1259 3267 1423 3318 meae,
1472 3252 1543 3307 ad
1595 3252 2004 3309 custodiendas

2037 1951 2084 2014 B

2110 663 2303 719 salvos
2339 665 2526 720 facere
2553 664 2727 719 venit.

2187 773 2210 801 α
2245 755 2307 807 In
2351 753 2523 808 corde
2573 770 2698 808 meo
2750 752 3028 808 abscondi
3079 751 3310 822 eloquia
3360 756 3491 821 tua,
3545 755 3614 804 ut
3661 768 3770 806 non

2109 859 2339 914 peccem
2385 844 2514 898 tibi.
2573 865 2599 891 »
2641 845 2701 898 In
2753 841 2944 897 cordis
2997 841 3192 896 abdito
3243 841 3343 895 Dei
3396 845 3771 896 sacramenta

2109 933 2371 987 recondit
2402 951 2413 986 :
2449 949 2584 987 cum
2617 932 2956 986 haereticum
2989 936 3121 1002 post
3169 931 3315 986 duas
3367 929 3769 1002 correptiones

2109 1020 2324 1076 devitat
2373 1023 2495 1092 (Tit.
2556 1038 2636 1091 In,
2691 1022 2798 1092 10),
2851 1037 2983 1074 cum
3036 1025 3302 1075 sanctum
3357 1019 3468 1074 Dei
3535 1020 3770 1073 canibus

2109 1126 2225 1164 non
2256 1110 2492 1181 exponit
2538 1111 2762 1181 (Matth.
2813 1127 2911 1176 vn,
2963 1110 3039 1180 6).
3097 1108 3198 1164 Vel
3249 1125 3386 1164 cum
3420 1109 3774 1180 margaritas

2110 1199 2237 1268 ejus
2268 1216 2383 1254 non
2416 1199 2648 1270 projicit
2675 1215 2873 1254 coram
2914 1197 3108 1269 porcis
3134 1198 3329 1268 (Ibid.)
3367 1196 3537 1253 Nihil
3590 1198 3769 1269 negli-

2109 1293 2311 1360 genter
2342 1288 2462 1361 agit
2484 1288 2543 1342 in
2576 1286 2668 1343 his
2700 1305 2828 1359 quae
2859 1291 2998 1343 sunt.
3032 1287 3129 1342 Dei
3164 1305 3176 1342 :
3213 1287 3356 1358 quia
3388 1287 3512 1342 scit
3544 1285 3777 1342 maledi-

2111 1383 2270 1431 ctum
2321 1393 2448 1432 esse
2505 1376 2605 1448 qui
2662 1377 2862 1432 fecerit
2915 1392 3062 1448 opus
3123 1374 3352 1431 Domini
3404 1374 3777 1448 negligenter

2111 1467 2338 1537 (Jerem.
2373 1481 2569 1532 xnvm,
2604 1467 2711 1537 10).

2183 1578 2210 1604 ‹‹
2243 1555 2586 1610 Benedictus
2616 1572 2697 1622 es,
2726 1555 2993 1622 Domine,
3025 1555 3164 1611 doce
3195 1572 3287 1610 me
3309 1555 3775 1626 justiﬁcationes

2112 1648 2262 1700 tuas.
2303 1667 2322 1692 υ
2362 1645 2508 1710 Quia
2535 1644 2654 1700 scio
2685 1661 2847 1700 vanae
2877 1643 3070 1716 gloriae
3107 1645 3586 1715 justificationes
3632 1650 3770 1714 tuas,

2113 1750 2260 1804 quas
2306 1733 2633 1789 Pharisaeus
2681 1734 3009 1806 proferebat
3056 1735 3115 1789 in
3160 1735 3386 1806 templo
3420 1735 3594 1804 (Luc.
3627 1752 3769 1801 mn,

2115 1823 2200 1890 11,
2238 1823 2345 1893 12),
2381 1841 2414 1878 a
2446 1827 2500 1877 te
2533 1841 2648 1878 non
2682 1824 3057 1896 processisse.

2187 1935 2214 1962 ‹‹
2248 1912 2309 1967 1n
2343 1911 2513 1966 labiis
2545 1913 2691 1968 meis
2723 1913 3089 1984 pronuntiavi
3139 1913 3342 1969 omnia
3381 1914 3625 1984 judicia
3665 1914 3767 1969 oris

2117 2001 2220 2056 tui.
2273 2023 2301 2050 »
2351 2001 2970 2073 lncomprehensibilia
3017 2003 3160 2058 dicit
3204 2001 3771 2074 Apostolusjudicia

2115 2089 2215 2146 Dei
2247 2092 2422 2158 (Rom.
2454 2091 2556 2163 x1).
2590 2092 2738 2164 Ergo
2787 2091 2900 2147 iste
2952 2109 3079 2164 quea
3130 2091 3382 2158 audivit,
3414 2097 3484 2148 et
3518 2093 3708 2146 didicit
3736 2108 3767 2145 a

2115 2179 2416 2253 prophetis
2449 2197 2461 2235 ε
2497 2197 2564 2236 ea
2593 2185 2822 2236 tantum
2854 2179 3025 2236 labiis
3057 2181 3372 2248 nuntiavit,
3408 2182 3525 2237 sed
3556 2182 3770 2236 creden-

2117 2270 2296 2338 tibus,
2326 2274 2523 2327 etnon
2554 2270 2836 2342 indignis.

2189 2383 2216 2409 ‹‹
2251 2360 2314 2414 In
2344 2360 2436 2414 via
2465 2360 2940 2416 testimoniorum
2969 2365 3205 2415 tuorum
3249 2359 3598 2415 delectatus
3630 2376 3770 2427 sum,

2117 2449 2269 2506 sicut
2315 2449 2374 2504 in
2424 2450 2698 2504 omnibus
2747 2449 2986 2504 divitiis.
3023 2471 3051 2499 »
3081 2448 3243 2503 Sicut
3298 2448 3471 2503 enim
3517 2454 3774 2505 terrenus

2117 2539 2291 2594 homo
2325 2539 2382 2593 in
2411 2539 2566 2610 agris
2597 2538 2900 2609 vineisque
2930 2537 3286 2593 delectatur:
3313 2535 3398 2592 ita
3430 2537 3550 2592 iste
3582 2539 3646 2593 in
3675 2544 3778 2593 tes-

2117 2627 2380 2682 timoniis
2411 2627 2512 2682 Dei
2538 2627 2897 2698 jucundatur
2927 2627 2998 2682 de
3029 2625 3392 2682 conscientia
3439 2644 3620 2698 pura,
3663 2627 3778 2699 qui,

2118 2720 2452 2786 contempto
2483 2716 2724 2785 mundo,
2759 2732 2793 2768 a
2825 2719 2936 2770 Deo
2969 2715 3185 2770 dilatus
3216 2719 3323 2770 est.

2190 2825 2218 2853 ‹‹
2254 2804 2317 2858 In
2350 2803 2643 2859 mandatis
2675 2805 2795 2860 tuis
2827 2804 3220 2876 exercebor,et
3239 2807 3628 2862 considerabo
3656 2806 3786 2861 vias

2117 2898 2268 2950 tuas.
2305 2916 2333 2943 »
2367 2893 2710 2948 Exercitatio
2758 2893 3076 2949 assiduitas
3125 2895 3317 2967 cperis
3347 2900 3447 2951 est.
3485 2896 3556 2950 Et
3589 2895 3711 2950 iste
3768 2914 3785 2951 :

2117 2983 2230 3039 nisi
2263 2983 2608 3038 exercitatus
2641 2983 2697 3037 in
2732 2983 3024 3039 mandatis
3059 2985 3156 3039 Dei
3187 2985 3415 3053 fuisset,
3446 3003 3570 3040 non
3600 2990 3783 3057 pote-

2117 3077 2206 3127 rat
2237 3072 2607 3128 considerare
2635 3073 2758 3128 vias
2788 3074 2947 3144 ejus;
2982 3073 3039 3127 id
3085 3077 3192 3143 est,
3226 3073 3586 3146 apostolicae
3645 3091 3777 3147 pro-
3841 3073 3857 3086 ’

2119 3161 2495 3233 pheticasque
2527 3161 2840 3217 doctrinas.

2192 3273 2219 3300 «
2254 3253 2315 3306 In
2339 3250 2861 3320 justiﬁcationibus
2893 3252 3012 3307 tuis
3043 3252 3523 3319 meditabor,non
3541 3252 3780 3310 oblivis-

356 3339 810 3412 justiﬁcationes
857 3345 1012 3397 tuas.
1046 3361 1074 3390 »
1107 3340 1231 3395 Nisi
1262 3341 1418 3396 enim
1468 3342 1538 3396 ab
1587 3341 1713 3413 ipso
1764 3342 2006 3398 Domino
2037 3322 2080 3390 (ἶ
2119 3357 2217 3396 car
2246 3357 2545 3396 sermones
2577 3344 2765 3396 tuos.«
2781 3342 2862 3396 Ea
2893 3341 3161 3410 meditor,
3182 3341 3242 3396 in
3273 3341 3369 3397 his
3399 3357 3701 3410 exerceor,
3719 3347 3778 3396 ut

364 3429 694 3502 dirigantur
715 3429 818 3485 viai
848 3435 1058 3486 nostra:
1092 3446 1104 3484 :
1141 3430 1211 3485 ad
1242 3430 1370 3500 ejus
1401 3431 1815 3486 custodiendas
1837 3431 2013 3501 justi-

365 3518 668 3575 ﬁcationes
698 3519 1051 3576 inﬁrmiores
1104 3519 1347 3588 erimus,
1373 3523 1609 3592 propter
1637 3519 2010 3592 fragilitatem

361 3608 575 3664 carnis.

438 3715 467 3748 α
495 3697 659 3750 Tunc
694 3713 809 3751 non
840 3698 1185 3766 confundar,
1216 3715 1350 3754 cum
1383 3715 1728 3771 perspexero
1776 3699 1834 3754 in
1885 3716 2009 3756 om-

360 3783 536 3841 nibus
568 3785 866 3840 mandatis
895 3785 1038 3842 tuis.
1082 3808 1109 3835 »
1141 3787 1265 3842 Non
1297 3787 1412 3843 alia
1459 3789 1920 3859 praetermittere,
1954 3793 2010 3843 ct

361 3872 478 3943 alia
505 3875 812 3930 observare
842 3877 933 3930 est
961 3891 1285 3947 congruum
1311 3892 1324 3930 :
1351 3877 1449 3930 sed
1484 3878 1682 3932 omnia
1711 3877 2012 3950 aequaliter

358 3963 655 4019 custodire
685 3966 928 4036 oportet,
971 3979 1042 4019 ne
1087 3963 1146 4018 in
1196 3963 1391 4018 futuro
1435 3964 1657 4034 judicio
1687 3968 2007 4023 confunda-

359 4069 515 4110 mur.

435 4166 456 4193 ι
508 4143 839 4199 Conﬁtebor
867 4142 994 4209 tibi,
1028 4143 1293 4211 Domine,
1343 4142 1402 4198 in
1452 4142 1770 4200 directione
1818 4145 2007 4202 cordis

358 4231 495 4288 mei.
526 4253 554 4283 »
590 4233 735 4297 Quia
766 4250 880 4288 non
913 4235 1001 4288 est
1029 4249 1366 4305 perversum
1408 4232 1466 4287 in
1519 4239 1679 4305 parte
1710 4234 2005 4291 haeretico-

358 4337 512 4376 rum.
548 4343 576 4370 «
610 4322 674 4376 In
704 4339 770 4377 eo
801 4323 956 4394 quod
988 4322 1160 4377 didici
1211 4322 1429 4386 iudicia
1449 4323 1693 4393 justitiae
1714 4329 1844 4380 tuae.
1869 4344 1893 4376 η
1934 4325 2008 4380 Ut

359 4413 416 4466 te
445 4410 663 4466 directo
694 4412 866 4466 corde
905 4409 1229 4467 laudarem.

430 4523 459 4550 «
491 4499 945 4556 Justiﬁcationes
993 4505 1128 4556 tuas
1175 4501 1526 4570 custodiam,
1561 4519 1676 4558 non
1720 4519 1813 4559 me
1843 4505 2004 4559 dere-

355 4589 594 4663 linquas
627 4606 1072 4662 usquequaque.
1107 4612 1136 4639 »
1167 4590 1237 4645 Et
1267 4589 1318 4646 si
1349 4591 1419 4645 ad
1452 4595 1687 4663 tempus
1727 4592 2005 4664 relinqui-

353 4696 514 4748 mur,
548 4696 664 4735 non
694 4683 890 4735 tamen
923 4693 1347 4751 usquequaque
1376 4679 1780 4752 relinquemur
1810 4687 1874 4736 ut
1905 4697 2002 4754 pe-
2034 4698 2082 4763 D

354 4785 610 4827 P68111118.

1095 4901 1259 4940 BETH.

423 5008 451 5035 ‹‹
483 4989 549 5040 In
581 5000 694 5056 quo
726 4981 962 5055 corrigit
1011 4981 1440 5039 adolescentior
1487 4984 1640 5041 viam
1690 5002 1859 5040 suam
1894 5005 1905 5042 :
1940 4987 1999 5042 in

356 5073 738 5128 custodiendo
787 5089 1086 5128 sermones
1135 5076 1287 5128 tuos.
1340 5095 1366 5123 »
1413 5073 1516 5128 Hic
1563 5075 1845 5146 propheta
1884 5093 1998 5132 non

355 5162 528 5216 modo
583 5161 903 5234 longaevam
957 5165 1182 5218 aetatem
1239 5162 1529 5234 corrigit:
1580 5179 1780 5219 verum
1824 5165 2000 5221 etiam

355 5249 809 5306 adolescentiam
865 5251 1066 5307 edocet
1085 5251 1323 5317 erudiri,
1365 5255 1422 5307 ct
1461 5251 1544 5306 ita
1589 5254 1881 5309 custodire
1920 5254 2002 5310 di-

352 5338 522 5394 vinos
554 5355 873 5408 sermones,
908 5345 972 5396 ut
1001 5341 1179 5397 etiam
1239 5340 1288 5396 si
1334 5345 1499 5396 vetus
1549 5341 1720 5414 culpa
1794 5343 2002 5399 defleta

355 5428 436 5486 sit
466 5446 479 5484 :
510 5443 666 5482 nunc
694 5445 767 5483 ne
797 5428 1064 5501 cogitatio
1096 5431 1168 5484 ad
1197 5429 1658 5501 delinquendum
1703 5431 1825 5487 ulla
1863 5450 1998 5489 con-

358 5517 593 5576 sentiat.

427 5632 455 5658 «
489 5608 552 5662 In
585 5610 705 5662 toto
736 5607 906 5662 corde
938 5624 1066 5663 meo
1098 5608 1381 5679 exquisivi
1412 5614 1488 5676 te,
1523 5626 1594 5665 ne
1625 5609 1870 5682 repellas
1906 5628 1998 5668 me

355 5715 388 5751 a
420 5696 715 5752 mandatis
738 5695 875 5750 tuis.
911 5717 938 5744 n
968 5696 1092 5752 Non
1127 5713 1194 5750 ex
1225 5703 1406 5767 parte,
1439 5698 1538 5752 sed
1571 5714 1638 5752 ex
1669 5703 1788 5754 toto
1829 5701 1999 5757 corde

351 5789 536 5849 Deum
569 5802 632 5846 se
660 5784 981 5862 requisisse
1010 5783 1242 5857 fatetur,
1290 5801 1362 5842 ne
1406 5786 1478 5842 ab
1526 5786 1654 5859 ejus
1703 5790 1998 5850 mandatis

2122 3429 2223 3485 illa
2243 3429 2515 3486 oblivioni
2547 3446 2661 3486 non
2688 3431 3178 3503 tradens,passim
3206 3448 3275 3489 ea
3302 3431 3539 3504 integre
3570 3433 3780 3504 perfec-

2119 3524 2293 3591 teque
2324 3518 2585 3591 implere.

2847 3643 3042 3682 GIMEL.

2193 3757 2218 3783 ((
2255 3733 2529 3790 Retribue
2579 3750 2742 3790 servo
2796 3737 2917 3804 tuo,
2952 3734 3177 3789 viviﬁca
3207 3750 3322 3800 me,
3357 3740 3418 3790 et
3447 3739 3777 3793 custodiam

2120 3839 2420 3879 sermones
2469 3827 2621 3878 tuos.
2680 3846 2708 3872 »
2757 3827 3100 3880 Constanter
3149 3823 3262 3879 sibi
3307 3825 3564 3882 retribui
3601 3829 3677 3882 ob
3720 3828 3775 3882 id

2119 3913 2272 3985 quod
2306 3917 2416 3967 Deo
2449 3912 2680 3976 serviat,
2713 3913 3077 3984 deprecatur.
3128 3912 3198 3966 Et
3244 3914 3388 3986 quia
3434 3916 3628 3972 nescit
3659 3933 3771 3972 ser-

2117 4019 2256 4056 vum
2289 4017 2351 4057 se
2381 4017 2509 4057 esse
2539 4001 2761 4073 peccati
2796 4021 2809 4058 :
2844 4001 2903 4056 in
2934 4003 3061 4073 ipso
3088 4001 3296 4069 vivere,
3344 4005 3442 4076 qui
3497 4005 3617 4060 vita
3665 4011 3772 4072 est,

2118 4095 2279 4162 optat
2313 4108 2325 4146 :
2361 4107 2777 4163 sermonesque
2808 4092 2935 4163 ejus
2967 4091 3107 4146 dum
3139 4093 3257 4146 vita
3282 4108 3532 4165 presens
3580 4093 3776 4148 volvi-

2117 4185 2231 4249 tur,
2265 4181 2578 4236 custodire.

2189 4292 2216 4319 «
2260 4268 2469 4324 Revela
2499 4269 2698 4325 oculos
2731 4286 2912 4337 meos,
2957 4275 3015 4328 et
3059 4271 3432 4330 considerabo
3462 4270 3777 4326 mirabilia

2116 4359 2186 4414 de
2216 4357 2340 4430 lege
2370 4362 2492 4414 tua.
2529 4381 2551 4412 ι
2601 4359 2882 4433 Absterge
2933 4362 3003 4416 ab
3052 4361 3239 4418 oculis
3271 4361 3459 4418 cordis
3497 4359 3774 4418 velamen

2114 4448 2343 4515 littera},
2377 4454 2433 4504 et
2463 4449 2551 4504 fac
2583 4465 2674 4504 me
2708 4449 2997 4522 spirituali
3031 4467 3209 4507 sensu
3252 4452 3400 4523 legis
3448 4457 3564 4506 tuae
3593 4454 3772 4507 mira-

2116 4537 2255 4592 bilia
2284 4537 2684 4610 contemplari.
2710 4540 2769 4593 In
2804 4539 3017 4595 lumine
3048 4541 3203 4596 enim
3235 4545 3328 4596 tuo
3361 4540 3665 4596 videbimus
3697 4541 3776 4594 luo

2115 4643 2237 4683 mea
2270 4627 2438 4697 (Psal.
2470 4645 2638 4698 xxxv,
2674 4630 2782 4696 10).

2186 4739 2214 4767 ‹‹
2248 4717 2444 4772 Incola
2471 4733 2575 4788 ego
2610 4733 2741 4772 sum
2775 4718 2832 4772 in
2864 4721 3039 4784 terra,
3074 4736 3188 4774 non
3220 4719 3560 4776 abscondas
3612 4737 3706 4775 me
3743 4736 3772 4775 a

2114 4805 2410 4862 mandatis
2437 4806 2576 4862 tuis.
2614 4828 2642 4855 »
2675 4805 2768 4861 Sic
2797 4811 2854 4862 et
2883 4807 3198 4878 Apostolus
3229 4808 3309 4863 ait
3344 4826 3358 4864 :
3392 4810 3539 4864 Dum
3588 4826 3771 4865 sumas

2112 4899 2174 4950 in
2220 4911 2458 4967 corpore,
2510 4897 2934 4968 peregrinamur
2977 4915 3018 4953 α
3072 4899 3298 4954 Domino
3327 4898 3404 4969 (ll
3443 4899 3574 4954 Cor.
3607 4919 3664 4965 γ,
3694 4901 3767 4968 ὃ).

2116 4985 2488 5058 Peregrinum
2522 5003 2583 5041 se
2614 4986 2672 5041 in
2705 5002 2942 5058 corpore
2974 4987 3231 5059 positum
3261 4989 3558 5060 propheta
3579 4991 3768 5046 dicita

2115 5075 2330 5130 caelesti
2364 5075 2687 5148 frequentia
2719 5094 2732 5132 :
2766 5077 2906 5147 quia
2935 5077 3046 5132 scit
3077 5076 3197 5133 hac
3220 5078 3502 5134 mandata
3531 5081 3588 5135 in
3611 5081 3766 5135 thro~

2115 5165 2206 5219 nis
2237 5170 2293 5221 et
2321 5165 2822 5221 dominationibus
2851 5166 3133 5221 contineri
3169 5185 3181 5222 :
3216 5183 3342 5239 quae
3395 5169 3510 5224 sibi
3562 5187 3632 5225 ne
3673 5186 3765 5225 oc-

2114 5253 2429 5321 cultentur,
2461 5254 2752 5326 implorat.

2191 5365 2217 5393 ‹‹
2247 5341 2590 5414 Concupivit
2622 5344 2816 5398 anima
2861 5359 2992 5398 mea
3037 5345 3371 5401 desiderare
3392 5348 3761 5419 justificatio-

2117 5448 2218 5487 nes
2247 5435 2400 5498 tuas,
2433 5431 2493 5486 in
2525 5432 2683 5487 omni
2717 5436 2997 5504 tempore.
3045 5455 3073 5482 »
3130 5434 3203 5490 Ut
3233 5435 3356 5491 sive
3388 5437 3752 5499 manducem,

2115 5522 2232 5576 sive
2283 5521 2500 5588 bibam,
2549 5521 2668 5576 sive
2711 5521 2868 5576 aliud
2921 5523 3062 5594 quid
3111 5523 3315 5580 faciam
3352 5542 3367 5581 :
3398 5543 3502 5584 eas
3537 5541 3754 5598 semper

2114 5609 2461 5677 desiderem,
2485 5610 2753 5677 mediter,
2789 5611 3242 5682 apprehendam.

2187 5722 2214 5749 ‹‹
2248 5699 2564 5772 Increpasti
2594 5699 2894 5771 superbos.
2927 5720 2954 5754 υ
2993 5701 3062 5756 Ut
3090 5717 3190 5758 eos
3237 5704 3311 5758 ad
3361 5703 3749 5761 humilitatem

2112 5793 2397 5862 sanctam,
2431 5804 2610 5867 quam
2641 5788 2914 5868 docuisti,
2945 5791 3273 5853 reduceres.
3319 5793 3643 5874 Increpasti'
3663 5809 3752 5851 ει-
