3992 6194
220 391 369 452 1261

1398 390 1895 452 BBEVIARIUM
1944 392 2018 450 IN
2067 391 2452 452 PSALMOS.

3481 400 3625 460 1262

217 524 430 598 pel-bos.
465 523 559 579 Sic
589 522 725 578 fecit
753 522 1008 591 diabolo,
1036 526 1093 577 et
1120 523 1327 588 Adam,
1383 523 1481 594 qui
1525 540 1586 578 se
1618 523 1869 579 elevave-
1900 530 1955 594 Α
1987 523 2264 580 miserere
2314 524 2426 578 mei
2467 547 2510 578 n.
2551 525 2717 596 Apud
2751 529 2805 580 te
2837 525 2991 582 enim
3023 526 3114 584 lex
3144 528 3412 586 instituta
3441 536 3531 586 est
3564 536 3631 586 ut

219 617 360 669 runt
391 612 452 666 in
505 612 800 684 superbia.
874 612 975 667 Vel
1036 613 1208 667 modo
1269 627 1372 684 per
1418 616 1552 668 tuos
1607 613 1872 668 doctores

221 704 491 773 inerepas
543 701 907 756 adversaries
963 705 1301 773 potestates,
1359 701 1600 755 menbra
1631 701 1871 770 diaboli,

222 790 527 847 haereticos
563 789 646 844 vel
682 790 868 845 malos
899 790 1188 860 homines,
1223 790 1322 861 qui
1366 794 1570 844 contra
1599 791 1878 845 mandata

222 881 324 936 Dei
357 879 882 952 agunt.lncrepasti
914 879 1044 934 illos
1072 897 1174 950 per
1203 884 1334 934 tuos
1367 885 1622 935 sanctos.
1663 904 1690 929 ‹‹
1712 879 1880 935 Male-

224 968 363 1023 dieti
396 968 494 1039 qui
526 967 821 1023 declinant
842 985 875 1023 a
905 969 1199 1023 mandatis
1231 969 1409 1024 tuis.»
1427 969 1718 1024 Maledicti
1742 973 1882 1024 sunt

221 1057 310 1112 illi
342 1057 442 1129 qui
477 1073 511 1111 a
539 1057 832 1112 mandatis
863 1057 964 1112 Dei
998 1055 1420 1123 declinant,sed
1456 1065 1595 1113 tunc
1627 1058 1883 1129 pleniter

229 1145 701 1202 maledictionem
734 1146 1026 1218 accepturi
1059 1151 1231 1201 erunt
1269 1146 1432 1215 mali,
1465 1147 1520 1201 id
1555 1151 1664 1217 est,
1702 1147 1883 1202 haere-

226 1237 327 1291 tici
357 1234 446 1291 vel
479 1233 688 1307 neliqui
719 1252 731 1290 :
767 1235 1044 1306 quoniam
1100 1235 1366 1291 dicturus
1424 1236 1535 1291 erit
1567 1252 1578 1289 :
1606 1241 1684 1291 Ite
1713 1237 1885 1294 male.

228 1325 382 1396 dicti,
417 1326 474 1378 in
501 1327 689 1394 ignem
734 1332 1026 1390 (uernum,
1086 1327 1182 1396 qui
1233 1333 1465 1396 paratus
1524 1329 1609 1380 est
1660 1325 1882 1380 diabolo

231 1419 281 1470 ei
312 1415 536 1486 angelis
566 1415 681 1485 ejus
711 1415 917 1484 (Matth.
949 1431 1079 1478 xxv,
1112 1415 1260 1484 41).‹‹
1285 1416 1460 1469 Aufer
1488 1431 1521 1469 a
1552 1431 1644 1470 me
1674 1430 1883 1486 oppro-

238 1504 453 1558 brium.
491 1526 518 1552 »
553 1503 775 1558 Peccati
807 1509 861 1558 et
885 1503 1198 1573 judicium.
1237 1529 1257 1553 π
1297 1505 1363 1558 Et
1410 1508 1880 1575 contemptum».

233 1593 445 1648 Judicii
480 1592 803 1649 mortalis.«
838 1592 979 1657 Quia
1017 1594 1346 1647 testimonia
1380 1597 1482 1647 tua
1511 1592 1820 1664 exquisivi.

236 1682 360 1738 Non
394 1683 575 1738 otiose
599 1687 657 1737 et
687 1681 1102 1752 somnolenter,
1134 1683 1234 1737 sed
1280 1685 1518 1738 strenue
1545 1681 1886 1753 vigilanter—

244 1788 380 1842 que.
519 1782 522 1784 ‘

314 1881 335 1908 ι
372 1859 595 1916 Etenim
629 1862 909 1916 sederunt
940 1860 1316 1932 principes,et
1345 1861 1656 1916 adversum
1689 1858 1882 1914 melo-

239 1951 571 2023 quebantur
605 1967 616 2005 :
647 1967 850 2005 servus
881 1954 1073 2005 autem
1109 1955 1248 2004 tuus
1307 1950 1651 2004 execebatur
1702 1949 1758 2002 in
1787 1950 1884 2019 ju-

240 2039 1138 2107 stiﬁcationibustuis,»Quodin
1162 2039 1269 2092 hoc
1291 2037 1577 2093 versiculo
1602 2037 1889 2108 Propheta

239 2127 298 2183 in
329 2144 390 2184 se
421 2127 703 2198 loquitur,
749 2128 1012 2181 futurum
1075 2127 1129 2180 in
1189 2125 1469 2198 apostolis
1533 2125 1889 2196 reliquisque

242 2216 608 2288 martyribus
640 2215 923 2287 videt,qui
958 2213 1143 2269 multa
1170 2231 1367 2270 coram
1402 2215 1638 2287 regibus
1665 2219 1722 2269 et
1751 2231 1891 2286 prae-

241 2305 492 2374 sidibus,
528 2303 770 2359 Domino
800 2303 977 2359 etiam
1009 2303 1118 2358 hoc
1153 2303 1580 2376 praanuntiante
1611 2303 1887 2375 (Mallh.x,

245 2394 550 2461 l7;Marc.
610 2409 733 2460 xm,
804 2394 890 2460 11,
956 2397 1008 2447 et
1073 2395 1200 2448 Luc.
1264 2410 1380 2460 xxx,
1451 2394 1558 2465 12),
1628 2391 1891 2466 perpessi

244 2487 403 2538 sunt.
440 2481 546 2546 Qui
592 2481 724 2538 licet
756 2482 874 2538 sint
930 2482 1175 2538 diversis
1207 2483 1394 2555 poenis
1454 2483 1666 2549 affecti,
1703 2499 1891 2554 usque

243 2572 315 2626 ad
350 2571 666 2626 sectionem
693 2575 888 2626 tamen
921 2571 1211 2627 cervicum
1269 2588 1501 2645 semper
1559 2589 1620 2627 se
1682 2573 1741 2626 in
1791 2571 1890 2628 Dei

243 2666 630 2717 exercuerunt
651 2660 1196 2731 justiﬁcationibus.

322 2771 344 2800 ι
383 2749 528 2804 Nam
561 2753 620 2804 et
647 2749 986 2804 testimonia
1017 2753 1119 2804 tua
1141 2749 1440 2805 meditatio
1467 2766 1594 2806 mea
1624 2754 1732 2805 est.
1769 2772 1795 2798 ››
1827 2749 1890 2804 In

246 2839 339 2895 his
369 2840 572 2910 utique
600 2837 911 2910 pressuris.
946 2862 974 2887 ‹‹
1009 2839 1077 2892 Et
1106 2839 1415 2894 consilium
1450 2856 1647 2895 meum
1673 2838 1891 2909 justiﬁ-

247 2927 506 2983 cationes
535 2932 668 2982 tuae.
705 2950 732 2976 »
766 2928 873 2990 Qui
905 2927 1082 2983 vitam
1113 2927 1462 2999 pollicentur
1487 2933 1784 2984 aeternam.

962 3113 1032 3151 DA
1040 3114 1176 3151 LETH

237 3285 240 3288 .
324 3254 352 3280 «
385 3229 643 3287 Adhaesit
672 3229 1003 3302 pavimento
1035 3230 1232 3288 anima
1261 3247 1408 3286 mea:
1443 3231 1668 3286 vivifica
1697 3248 1896 3286 mese—

252 3321 514 3376 cundum
545 3321 786 3375 verbum
818 3323 1008 3374 tuum.
1038 3342 1058 3368 »
1097 3318 1334 3391 Corpori
1375 3319 1602 3376 mortali
1638 3321 1896 3376 animam

253 3411 628 3481 eonjunctam
661 3407 922 3480 intelligo
957 3426 970 3464 :
1007 3409 1135 3464 ideo
1167 3425 1239 3464 ne
1256 3409 1534 3464 delictum
1566 3409 1901 3466 invalescat.

256 3516 292 3553 a
341 3503 396 3554 te
456 3502 588 3570 peto
636 3497 913 3553 vivificari
945 3515 960 3553 :
993 3498 1183 3554 scient
1237 3499 1376 3570 quia
1436 3499 1905 3570 concupiscentia

256 3587 449 3643 carnis
482 3590 728 3642 mortem
760 3590 1052 3658 operatur.

241 3731 250 3737 ,
331 3700 359 3726 ‹‹
397 3676 535 3730 Vias
576 3691 738 3731 meas
779 3675 1073 3731 enuntiavi
1133 3676 1240 3732 tibi
1301 3700 1352 3732 ››.
1413 3677 1713 3741 Quomodo
1744 3677 1904 3747 dicit,

263 3787 286 3814 ι
323 3764 621 3820 enuntiavi
653 3764 758 3818 tibi
791 3786 844 3834 υ,
878 3780 1012 3818 eum
1047 3763 1186 3819 alibi
1218 3765 1380 3833 dicit,
1441 3766 1683 3821 enuntia
1738 3765 1903 3820 mihi.

265 3852 566 3922 Numquid
598 3852 752 3908 Deus
810 3851 1030 3923 aliquid
1090 3853 1275 3908 nescit
1333 3859 1433 3908 aut
1463 3855 1734 3926 ignorat:
1771 3853 1910 3926 quia

246 3941 484 4013 ubique
515 3945 605 3997 est
635 3957 912 4013 praesens,
947 3944 1003 3996 et
1033 3941 1230 3997 omnia
1260 3942 1551 4014 praevidet,
1615 3947 1672 3998 et
1701 3943 1909 3999 intrin-

265 4047 436 4086 secus
461 4034 550 4086 est
577 4031 604 4084 ?
633 4030 742 4086 Sed
777 4029 929 4101 quod
964 4030 1123 4101 dicit,
1158 4054 1184 4080 ‹‹
1224 4031 1364 4087 Vias
1395 4048 1556 4088 meas
1611 4032 1911 4088 enuntiavi

268 4119 394 4191 tibi,
428 4143 456 4169 ‹‹
491 4119 599 4176 hoc
629 4123 739 4190 est,
775 4136 840 4174 ac
868 4119 919 4176 si
951 4119 1145 4176 dicat:
1182 4122 1252 4175 Tu
1277 4121 1364 4175 die
1389 4123 1546 4192 prius
1595 4123 1913 4193 iniquitates

266 4215 388 4264 tua:
421 4210 551 4281 (lsa.
586 4227 741 4276 LXIII,
774 4209 887 4280 26),
915 4208 1024 4265 hoc
1056 4213 1146 4265 est
1176 4214 1278 4266 tua
1329 4227 1505 4282 opera
1537 4235 1550 4278 ;
1585 4212 1739 4282 quod
1773 4227 1908 4266 eon-

262 4301 357 4351 tra
381 4298 726 4352 mandatum
761 4298 856 4352 Dei
891 4298 1332 4369 egisti;enuntia
1354 4316 1456 4371 per
1485 4301 1913 4356 confessionem

263 4384 350 4441 vel
383 4385 808 4456 paenitentiam,
844 4389 909 4439 ut
935 4386 1354 4455 justiﬁcerisin
1388 4389 1760 4444 sermonibus
1796 4389 1912 4444 Dei.

244 4460 252 4466 ’
333 4497 360 4524 ‹‹
396 4473 536 4530 Vias
570 4491 730 4529 meas
760 4473 1148 4542 enuntiavi,et
1177 4475 1464 4531 exaudisti
1489 4492 1580 4530 me
1617 4494 1628 4531 :
1663 4477 1800 4531 doce
1823 4492 1916 4531 me

250 4563 711 4635 justiﬁeationes
742 4567 891 4619 tuas.
936 4585 981 4615 ι.
1020 4561 1156 4618 Vias
1187 4563 1406 4634 peccati
1440 4563 1552 4618 mei
1611 4564 1917 4620 confessus

1917 1907 1965 1971 B

1985 629 2215 684 semper
2245 612 2596 668 miserearis.

2067 723 2088 750 α
2123 702 2289 756 Viam
2321 701 2585 756 veritatis
2615 702 2781 774 elegi.
2817 725 2844 752 ››
2875 703 3173 759 Christum
3236 707 3334 762 Dei
3396 709 3629 778 Filium,

1987 807 2162 862 quem
2195 791 2517 861 praevidens
2543 792 2924 846 venturumin
2940 794 3228 848 mundum
3246 797 3419 852 audio
3442 798 3630 854 dicere

1989 881 2098 951 Ego
2127 897 2248 934 sum
2278 882 2389 950 via,
2425 882 2638 946 veritas,
2673 889 2724 935 et
2751 883 2864 935 vita
2893 882 3068 951 (Joan.
3127 900 3241 950 XIV,
3302 885 3377 955 6).
3417 908 3436 933 ι
3472 886 3635 942 Judi-

1991 969 2078 1024 eia
2109 973 2211 1024 tua
2243 986 2356 1024 non
2405 986 2536 1024 sum
2600 968 2899 1037 oblitus,»
2936 969 3040 1026 Illa
3084 972 3330 1041 judicia,
3393 990 3517 1046 quae
3575 975 3634 1029 in

1992 1057 2318 1130 Evangeliis
2354 1060 2761 1130 proferens,ait
2794 1075 2805 1114 :
2844 1065 2958 1115 Hoc
2987 1069 3062 1115 est
3082 1062 3364 1132 judicium
3379 1067 3440 1118 ut
3462 1066 3638 1119 omnis

1993 1150 2091 1218 qui
2118 1148 2287 1204 credit
2319 1151 2378 1203 in
2409 1148 2614 1203 Filium
2642 1149 2903 1217 hominis,
2936 1149 3128 1206 habeat
3156 1153 3327 1206 vitam
3364 1161 3639 1209 (eternum

1994 1238 2172 1307 (Joan.
2207 1255 2291 1304 ιιι,
2327 1239 2435 1307 15).

2071 1350 2096 1375 ‹‹
2132 1326 2362 1382 Adhaesi
2395 1327 2750 1381 testimoniis
2781 1327 3192 1398 tuis,Domine,
3226 1329 3343 1384 noli
3375 1347 3468 1387 me
3502 1348 3638 1388 eon-

1999 1416 2260 1470 fundere.
2302 1439 2321 1465 ne
2358 1417 2426 1469 Et
2455 1415 2592 1486 quia
2621 1415 2713 1470 his
2745 1416 3066 1485 adhaerens,
3110 1419 3468 1474 anteriorum
3499 1421 3638 1476 faei-

1998 1521 2208 1558 norum
2245 1503 2670 1575 indulgentiam
2696 1505 2882 1559 merui
2917 1523 2928 1560 :
2956 1522 3152 1576 quasso
3172 1523 3242 1562 ne
3275 1524 3367 1563 me
3399 1509 3640 1580 patiaris

1859 1615 1907 1642 ιι.
1998 1595 2067 1648 de
2099 1593 2405 1648 iteratione
2437 1593 2653 1664 peccati
2686 1594 2985 1648 confundi.

2071 1706 2097 1731 ‹‹
2132 1682 2299 1736 Viam
2330 1683 2737 1737 mandatsrum
2770 1688 3007 1739 tuorum
3052 1684 3304 1739 cucurri.
3337 1707 3364 1736 ››
3399 1688 3641 1752 Quando

1999 1770 2188 1827 multa
2217 1771 2477 1841 patiebar
2535 1776 2768 1843 propter
2814 1774 3056 1828 verbum
3108 1774 3179 1829 ob
3240 1791 3402 1844 spem
3434 1775 3642 1830 futurae
3728 1760 3731 1761 ν

2001 1859 2402 1914 beatitudinis.
2440 1879 2460 1906 α
2495 1860 2641 1914 Cum
2698 1859 2974 1916 dilatares
3029 1878 3127 1915 eor
3183 1879 3404 1933 meum,
3444 1887 3464 1911 ι»
3500 1864 3642 1919 Cum

2000 1947 2058 2001 in
2081 1947 2468 2018 amplitudine
2485 1953 2822 2002 sanctarum
2843 1949 3278 2021 Seripturarum
3303 1953 3644 2024 mysterium

2000 2035 2141 2090 mihi
2175 2037 2353 2091 beatae
2385 2036 2690 2091 Trinitatis
2722 2037 3074 2093 insinuares.
3121 2039 3215 2093 Vel
3248 2039 3526 2096 dilatares
3549 2057 3648 2096 eor

2001 2141 2200 2180 meum
2238 2144 2250 2180 :
2288 2125 2344 2180 id
2378 2130 2466 2180 est
2493 2125 2550 2179 in
2583 2125 2892 2182 latitudine
2931 2127 3256 2197 charitatis,
3314 2128 3372 2184 in
3406 2146 3526 2202 spe,
3586 2130 3645 2185 in

2001 2215 2134 2269 ﬁde.

2785 2338 2877 2376 HE.

2075 2452 2102 2479 ‹‹
2136 2429 2342 2501 Legem
2384 2443 2536 2500 pone
2566 2427 2734 2494 mihi,
2771 2429 3032 2498 Domine,
3064 2429 3217 2485 viam
3270 2430 3646 2501 justiﬁeatio-

2003 2535 2145 2573 num
2176 2523 2472 2573 tuarum.»
2506 2517 2793 2587 Propheta
2822 2517 2881 2572 in
2907 2533 3158 2588 persona
3185 2519 3454 2575 Ecclesiae
3485 2520 3646 2587 dicit,

2008 2630 2028 2655 α
2065 2607 2273 2679 Legem
2335 2621 2482 2678 pone
2536 2605 2734 2672 mihi,»
2773 2605 2829 2659 id
2862 2610 2950 2661 est
2980 2607 3651 2681 temetipsumzquialex

2003 2695 2272 2750 Christus
2302 2700 2408 2750 est.
2440 2697 2518 2748 Ae
2549 2695 2598 2748 si
2633 2694 2787 2748 dicat
2819 2712 2831 2748 :
2864 2695 3265 2766 Temetipsum
3307 2697 3450 2752 mihi
3479 2715 3649 2768 pone,
3750 2693 3761 2703 “

2004 2785 2111 2839 hoc
2142 2787 2248 2854 est,
2283 2783 2494 2838 dona.a
2523 2783 2591 2836 Et
2619 2782 2921 2852 exquiram
2954 2799 3083 2838 eam
3116 2800 3365 2856 semper.
3393 2808 3421 2834 »
3454 2786 3649 2857 Ipsam

2006 2873 2212 2945 legem,
2247 2872 2356 2926 hoc
2385 2877 2473 2928 est
2498 2871 2796 2938 mandata,
2820 2870 2902 2926 vel
2937 2871 3334 2944 temetipsum.

2078 2986 2104 3011 ‹‹
2140 2962 2223 3016 Da
2253 2961 2396 3016 mihi
2430 2959 2813 3025 intellectum,
2848 2964 2903 3015 et
2936 2962 3243 3017 scrutabor
3275 2963 3460 3035 legem
3487 2967 3648 3020 tuam

2007 3053 2068 3106 Id
2101 3055 2208 3117 est,
2240 3055 2343 3105 tua
2373 3050 2664 3105 mandata.
2703 3048 3070 3117 Intellectum,
3107 3055 3169 3106 ut
3199 3069 3313 3107 non
3369 3053 3480 3107 sim
3511 3056 3653 3108 sicut

2007 3157 2172 3213 equus
2199 3143 2248 3196 et
2299 3141 2502 3205 mulus,
2563 3140 2758 3210 quibus
2817 3155 2925 3195 non
2983 3145 3062 3195 est
3111 3142 3418 3198 intellectus
3477 3143 3648 3214 [PsaL

2009 3231 2184 3299 xxxr).
2219 3228 2471 3284 Ecclesia
2493 3231 2678 3300 rogat,
2715 3232 2778 3282 ut
2807 3227 3093 3299 intelligat
3122 3230 3531 3287 discretionem
3563 3233 3651 3286 in-

2013 3323 2098 3374 ter
2129 3319 2346 3374 bonum
2379 3321 2435 3371 et
2464 3315 2708 3383 malum,
2742 3317 2892 3372 inter
2923 3317 3097 3372 vitam
3121 3322 3178 3373 et
3209 3324 3480 3389 mortem,
3506 3320 3657 3375 inter

2014 3407 2265 3463 litteram
2300 3411 2357 3461 ct
2387 3421 2648 3461 sensum.
2682 3405 2756 3460 Ut
2805 3405 3124 3479 intelligam
3157 3413 3215 3462 et
3259 3409 3568 3480 praedicem
3600 3414 3657 3464 et

2015 3513 2186 3568 opere
2211 3494 2508 3567 impleam.
2543 3518 2570 3544 «
2606 3495 2675 3549 Et
2705 3495 3032 3550 custodiam
3065 3495 3225 3552 illam
3255 3497 3314 3552 in
3347 3502 3466 3554 toto
3490 3498 3661 3554 corde

2017 3602 2165 3655 meo,
2203 3607 2230 3632 »
2261 3584 2318 3638 id
2353 3589 2440 3639 est
2473 3600 2540 3638 ex
2570 3588 2691 3638 tota
2719 3583 3044 3639 dilectione.

2088 3698 2115 3724 ‹‹
2150 3674 2346 3729 Deduc
2378 3689 2472 3728 me
2503 3673 2560 3726 in
2593 3672 2804 3728 semita
2862 3674 3274 3729 mandatorum
3331 3679 3588 3732 tuorum.
3636 3698 3657 3725 ιι

2017 3763 2237 3819 Semita
2268 3763 2461 3816 minor
2491 3766 2579 3817 est
2609 3777 2786 3832 quam
2817 3761 2930 3827 via,
2965 3762 3072 3818 hoc
3102 3767 3211 3830 est,
3261 3767 3440 3832 arcta,
3473 3769 3531 3819 et
3560 3781 3662 3820 an-

2018 3856 2192 3926 gusta
2220 3851 2332 3922 via,
2366 3851 2474 3906 hoc
2506 3855 2613 3918 est,
2649 3849 2857 3905 altiora
2880 3852 3154 3907 mandata
3184 3869 3308 3923 quae
3334 3853 3558 3907 ducunt
3587 3853 3658 3907 ad

2018 3942 2196 3998 vitam
2224 3958 2236 3995 :
2270 3943 2402 4012 quia
2427 3941 2538 3995 lata
2567 3947 2619 3994 et
2647 3942 2884 4011 spatiosa
2913 3949 2992 3995 est
3025 3957 3144 4010 quae
3199 3940 3346 3995 ducit
3403 3940 3473 3995 ad
3522 3956 3664 3995 mor-

2019 4037 2127 4088 tem
2158 4030 2362 4102 (Matth.
2397 4047 2498 4094 vn,
2536 4029 2642 4099 13).
2677 4052 2704 4079 ‹‹
2739 4029 2885 4093 Quia
2913 4028 3104 4100 ipsam
3149 4028 3324 4084 volui.
3364 4053 3383 4076 »
3417 4032 3540 4084 Vox
3561 4033 3662 4082 Ee-

2022 4120 2230 4176 clesiae.
2264 4122 2343 4174 Ac
2374 4118 2422 4174 si
2454 4118 2610 4172 dicat
2639 4116 2893 4172 Ecclesia
2925 4135 2936 4170 :
2966 4117 3092 4170 Non
3150 4116 3451 4188 concupivi
3484 4116 3664 4191 aliud,

2023 4227 2127 4265 nec
2158 4207 2479 4263 delectatus
2510 4223 2664 4271 sum,
2695 4204 2806 4259 nisi
2828 4209 2932 4258 tua
2961 4205 3256 4260 mandata.
3290 4206 3418 4261 Ideo
3443 4223 3580 4279 rogo
3603 4212 3669 4262 ut

2025 4316 2118 4354 me
2148 4297 2404 4352 deducas
2433 4295 2492 4348 in
2525 4300 2628 4349 tua
2659 4293 2957 4361 mandata,
2992 4293 3048 4348 id
3081 4299 3187 4362 est,
3222 4294 3548 4368 intelligere
3580 4297 3669 4352 fa-

2026 4388 2166 4443 cias.

2099 4499 2125 4524 «
2160 4473 2379 4529 Inclina
2409 4489 2507 4527 cor
2536 4486 2734 4526 meum
2790 4471 2848 4526 in
2910 4472 3243 4528 testimonia
3299 4479 3416 4527 tua.
3480 4495 3507 4522 ››
3551 4476 3673 4526 Vox

2031 4563 2300 4620 Ecclesiae
2338 4579 2350 4616 :
2383 4560 2630 4631 Superbi
2659 4577 2773 4615 non
2812 4559 3203 4616 inclinantcor
3225 4561 3283 4616 in
3315 4559 3671 4617 testimoniis

263 4669 424 4718 sum,
457 4656 513 4707 et
555 4651 835 4708 remisisti
872 4669 885 4719 ;
919 4667 1074 4706 nunc
1130 4650 1454 4706 doctrinam
1487 4651 1746 4726 indulge,
1781 4653 1918 4724 quia
1949 4648 1994 4713 D
2027 4654 2147 4721 Dei,
2183 4651 2322 4724 quia
2352 4654 2591 4722 sperant
2619 4667 2680 4704 se
2705 4649 2940 4704 altiores
2971 4655 3182 4718 esse,et
3214 4649 3426 4706 melius
3460 4649 3671 4705 intelli-

260 4742 319 4797 in
347 4741 876 4812 justifieationibus
906 4741 1024 4796 tuis
1063 4735 1336 4796 edocear.‘

335 4853 365 4881 «
401 4829 567 4884 Viam
594 4829 1086 4900 justiﬁcationum
1121 4833 1358 4884 tuarum
1388 4829 1611 4884 instrue
1644 4847 1792 4884 me.»
1822 4833 1914 4885 Ju-

267 4919 648 4975 stifieationes
679 4935 829 4990 quas
862 4918 1006 4992 legis
1039 4918 1231 4974 littera
1260 4917 1920 4989 protulit,spiritualiter

268 5008 518 5080 capiam.
559 5033 586 5058 ‹‹
624 5010 692 5064 Et
725 5009 1033 5065 exercebor
1072 5009 1130 5062 in
1189 5007 1561 5062 mirabilibus
1621 5008 1760 5063 tuis.
1798 5032 1817 5057 η
1855 5009 1917 5063 In

268 5098 520 5170 apostoli
581 5099 917 5170 ueterisque
976 5097 1257 5154 doctrinis
1314 5096 1748 5164 ecclesiasticis,
1792 5115 1918 5169 quas

265 5186 328 5241 in
359 5202 427 5242 ea
459 5192 598 5242 sunt
629 5187 910 5260 ﬁguratae.

339 5299 366 5324 «
401 5275 751 5331 Dormitavit
781 5275 976 5331 anima
1008 5293 1156 5331 mea.
1191 5298 1218 5325 »
1256 5276 1316 5330 In
1365 5275 1544 5345 hujus
1604 5275 1920 5331 habitaculi

266 5365 535 5420 mortalis
565 5364 838 5420 statione.
875 5389 901 5414 ‹‹
938 5365 1054 5419 Pra:
1088 5364 1318 5420 taedio.»
1352 5363 1920 5420 lmbeeillitatiscor-

263 5469 474 5525 porcae.
510 5477 536 5501 ‹‹
575 5453 869 5509 Confirma
898 5471 990 5510 me
1022 5454 1078 5508 in
1112 5453 1303 5509 verbis
1351 5453 1489 5508 tuis.
1528 5474 1554 5502 »
1606 5453 1675 5508 Ut
1729 5453 1922 5509 ablato

261 5542 482 5617 peccati
517 5558 750 5609 somno,
783 5542 1070 5598 instanter
1100 5543 1159 5598 in
1192 5541 1284 5597 his
1305 5541 1561 5613 vigilem.

339 5653 368 5681 ‹‹
401 5629 569 5686 Viam
605 5630 933 5704 iniquitatis
965 5649 1165 5688 amove
1195 5647 1384 5688 ame.»
1412 5631 1774 5687 Desiderium
1800 5631 1924 5689 ilud

265 5737 370 5804 per
406 5720 562 5796 quod
594 5720 666 5778 ad
696 5721 1056 5796 peccandum
1088 5719 1337 5780 venitur.
1408 5739 1429 5772 α
1464 5720 1533 5778 Et
1562 5720 1622 5779 in
1657 5719 1782 5796 lege
1824 5725 1926 5783 tua

2027 4761 2159 4817 gere
2184 4743 2254 4797 de
2288 4739 2591 4813 praiceptis
2623 4738 2741 4805 Dei,
2786 4755 2960 4809 quam
2995 4739 3270 4795 Ecclesia.
3302 4762 3330 4790 ς(
3368 4741 3436 4795 Et
3467 4756 3580 4795 non
3613 4741 3673 4794 in

2027 4832 2358 4888 avaritiam.
2397 4852 2424 4878 »
2458 4833 2574 4883 Hoc
2606 4834 2714 4895 est,
2751 4827 3101 4883 vanitatem:
3135 4829 3273 4901 quia
3320 4829 3402 4885 illi
3437 4828 3675 4901 superbi

2029 4939 2142 4978 non
2178 4920 2463 4975 inclinant
2495 4935 2593 4973 eor
2625 4919 2681 4971 in
2717 4917 3069 4973 testimoniis
3113 4918 3210 4974 Dei
3247 4919 3392 4991 used
3424 4919 3482 4973 in
3514 4919 3673 4973 vani-

2029 5016 2144 5066 tate
2174 5008 2261 5066 vel
2296 5008 2557 5064 avaritia.
2593 5005 2814 5060 Inclina
2846 5023 2944 5060 eor
2977 5022 3193 5074 meum,
3225 5006 3366 5062 dicit
3396 5007 3673 5074 Ecclesia,

2031 5101 2086 5154 id
2118 5104 2227 5166 est,
2261 5099 2319 5152 in
2352 5095 2708 5165 humilitate,
2743 5100 2807 5149 ut
2839 5094 2981 5149 illud
3019 5111 3031 5150 :
3065 5096 3264 5152 Discite
3318 5114 3351 5151 a
3406 5111 3494 5151 me
3547 5096 3680 5167 quia

2032 5191 2185 5244 milis
2215 5204 2338 5242 sum.
2371 5194 2420 5240 et
2447 5185 2678 5240 hmnilis
2712 5183 2868 5238 corde
2899 5183 3102 5253 (Matth.
3137 5202 3214 5252 x1,
3244 5185 3356 5255 29).

2104 5302 2130 5328 ‹‹
2166 5281 2374 5331 Averte
2405 5272 2604 5330 oculos
2635 5288 2796 5327 meos
2858 5289 2928 5328 ne
2980 5273 3217 5328 videant
3269 5274 3613 5330 vanitatem.
3648 5300 3675 5324 ››

2104 5391 2130 5416 α
2168 5369 2370 5420 Averte
2397 5361 2596 5418 oculos
2631 5378 2811 5426 meos,
2847 5383 2874 5410 η
2910 5362 2966 5416 id
3000 5366 3087 5417 est
3142 5379 3350 5419 sensus
3391 5380 3577 5430 meos,
3609 5379 3680 5416 ne

2033 5457 2266 5511 videant
2294 5453 2636 5520 vanitatem,
2676 5474 2695 5497 ι
2735 5450 2792 5504 id
2824 5455 2912 5505 est
2941 5451 3346 5508 defectionem.
3395 5458 3476 5506 Ac
3507 5451 3555 5504 si
3591 5449 3677 5503 di-

2035 5550 2126 5602 cat
2159 5561 2172 5600 :
2205 5544 2278 5598 Ut
2309 5544 2365 5597 in
2396 5542 2511 5596 ista
2544 5540 2817 5607 vanitate,
2851 5557 2978 5612 qua)
3009 5545 3097 5596 est
3127 5542 3395 5607 defectio,
3430 5555 3544 5594 non
3577 5537 3678 5591 ha-

2037 5636 2204 5690 beam
2238 5631 2441 5689 oculos
2467 5645 2629 5684 meos
2663 5628 2719 5683 id
2780 5634 2886 5697 est,
2949 5646 3158 5686 sensus
3217 5645 3378 5684 meos
3438 5625 3677 5682 deﬁxos.

2034 5724 2146 5783 Sed
2179 5721 2342 5800 quid,
2377 5718 2572 5793 inquit
2605 5717 2633 5776 ‘l
2662 5740 2690 5773 ‹‹
2727 5718 2790 5777 In
2820 5717 2914 5777 via
2946 5723 3048 5776 tua
3080 5718 3299 5776 viviﬁca
3355 5732 3467 5772 me.
3503 5738 3526 5770 υ
3565 5712 3683 5780 R00
