3992 6194
238 442 261 505 ί
273 440 393 504 265

1397 439 1890 502 BREVIARIUM
1938 438 2016 501 ΙΝ
2061 440 2203 501 PSA
2219 442 2450 505 LMUS.

3487 436 3643 497 1266

233 591 368 632 mus
399 571 751 630 Dominum:
782 577 848 628 ut
882 572 1050 629 nobis
1072 571 1522 643 justiﬁcationes
1555 590 1693 628 suas
1737 572 1878 628 insi-
1912 579 1963 643 Α
1995 573 2123 629 illos
2156 575 2252 646 qui
2291 575 2693 630 Deumtiment
2715 573 2920 628 timore
2951 577 3174 645 sancto,
3224 577 3281 630 et
3338 590 3444 629 sua
3479 589 3645 631 man-

233 670 394 736 nuet,
412 664 538 720 vias
556 669 791 731 reseret,
817 661 1108 718 mirabilia
1130 661 1402 725 declaret,
1429 668 1484 716 et
1506 662 1552 717 si
1573 663 1714 732 quid
1740 661 1887 733 legis

234 752 646 811 umbraculum
668 751 938 817 occultet,
974 750 1270 806 Paracleto
1298 749 1690 815 illuminante,
1729 767 1885 806 reve-

230 845 330 911 let,
365 848 431 899 ut
481 842 530 898 si
588 841 969 896 beatitudinis
1019 839 1274 912 palmam
1322 856 1442 896 non
1475 838 1882 910 adipiscimur,

231 934 443 991 saltem
474 931 561 988 vel
601 948 702 1004 pro
733 929 958 987 delictis
1013 929 1240 985 veniam
1287 945 1740 1001 consequamur.
1779 929 1886 984 Per

229 1023 551 1081 Dominum
584 1020 1082 1098 nostrumJesum
1115 1018 1431 1087 Christum,
1475 1019 1566 1073 cui
1619 1024 1707 1074 est
1748 1035 1882 1074 cum

231 1118 446 1170 aeterno
491 1111 656 1166 Patre
701 1114 758 1165 et
808 1109 1026 1182 Spiritu
1076 1106 1298 1179 sa‘ncto,
1353 1108 1556 1174 honor,
1611 1113 1668 1163 et
1715 1113 1883 1179 pote-

231 1207 374 1266 stas,
403 1206 460 1256 et
488 1199 673 1272 gloria
704 1199 761 1254 in
794 1199 990 1255 secula
1022 1198 1393 1254 saeculorum.
1426 1200 1632 1254 Amen.

240 1320 245 1325 -
300 1289 821 1359 Justiﬁcationum,
846 1289 1279 1352 mandatorum,
1304 1287 1882 1360 legum,viarumque

228 1379 637 1437 discretionem
680 1379 806 1449 jam
855 1378 914 1432 in
964 1376 1250 1450 superiori
1301 1377 1545 1433 homilia
1577 1377 1882 1449 descripsi-

229 1485 364 1524 mus
393 1470 558 1536 (hom.
594 1468 692 1540 i1);
727 1485 884 1523 nunc
935 1467 1005 1522 ad
1057 1471 1266 1522 octava:
1316 1465 1519 1523 litterae
1552 1465 1874 1538 capitulum

225 1562 604 1615 revertamur.

949 1679 1159 1721 ΗΠΕΤΗ.

303 1772 551 1830 «Portio
605 1789 754 1840 mea,
813 1772 1077 1841 Domine,
1150 1771 1268 1827 dixi
1326 1771 1620 1828 custodire
1688 1771 1872 1843 legem

223 1868 409 1919 tuam.
449 1883 476 1915 α
505 1862 610 1927 Qui
642 1861 922 1935 relinquit
952 1861 1158 1917 mundi
1189 1860 1549 1933 superbiam,
1583 1861 1872 1916 honorum

227 1953 478 2025 fastigia,
515 1951 968 2024 divitiarumque
991 1951 1360 2023 jactantiam.
1392 1955 1449 2005 et
1492 1951 1550 2004 in
1582 1949 1724 2006 cmlo
1757 1949 1872 2005 col-
1909 1958 1951 2022 Β

223 2042 376 2099 locat
403 2044 732 2108 thesauros,
765 2042 944 2113 hujus
977 2042 1164 2113 portio
1197 2040 1449 2095 efficitur
1496 2040 1684 2095 Deus:
1720 2039 1872 2095 sicut

226 2133 428 2188 Petrus
458 2131 540 2186 ait
569 2131 922 2202 paralytico:
959 2132 1259 2200 Argentum
1304 2138 1355 2183 et
1408 2145 1614 2183 aurum
1659 2144 1768 2183 non
1795 2133 1872 2183 est

219 2222 365 2278 mihi
388 2246 402 2289 ;
432 2221 528 2276 sed
556 2220 695 2291 quod
726 2220 915 2286 habeo,
944 2221 1042 2274 hoc
1069 2221 1171 2273 tibi
1200 2219 1303 2273 do:
1335 2221 1396 2273 In
1443 2219 1667 2272 nomine
1714 2218 1869 2271 Chri-

219 2314 294 2368 sti
338 2314 466 2367 Jesu
515 2326 696 2380 surge,
756 2318 805 2364 ct
832 2310 1064 2364 ambula
1093 2310 1228 2379 (Act.
1279 2326 1365 2378 Ill,
1419 2309 1498 2374 ὃ).
1531 2308 1574 2362 0
1621 2324 1871 2378 magnus

221 2401 558 2467 thesaurus,
593 2415 625 2454 o
658 2398 913 2453 felicium
962 2397 1296 2452 divitiarum
1346 2396 1613 2469 egregius
1663 2413 1868 2450 cumu-

222 2488 338 2555 lus,
372 2493 435 2543 ut
469 2488 567 2559 qui
599 2487 787 2559 legem
820 2486 916 2542 Dei
948 2487 1223 2553 custodit,
1258 2491 1313 2542 ct
1363 2487 1532 2558 cujus
1594 2487 1743 2542 Deus
1783 2489 1872 2541 cst

221 2577 431 2649 portio,
465 2577 734 2632 morbida
757 2580 921 2632 curet
952 2575 1365 2631 inﬁrmitatum
1393 2576 1404 2628 !

293 2688 321 2715 ‹κ
380 2667 738 2738 Dcprecatus
795 2682 925 2721 sum
979 2665 1185 2720 faciem
1239 2670 1403 2719 tuam
1456 2665 1516 2718 in
1549 2668 1667 2719 toto
1699 2664 1870 2720 corde

219 2772 371 2811 meo.
406 2779 428 2808 ι
468 2757 620 2811 Bene
669 2754 961 2826 Propheta
1013 2758 1134 2809 toto
1189 2754 1360 2809 corde
1409 2753 1754 2824 deprecatur
1793 2755 1872 2809 fa-

220 2843 368 2901 ciem
400 2844 522 2914 Dei,
557 2844 657 2914 qui
693 2845 980 2898 mundum
1008 2859 1107 2898 cor
1135 2858 1197 2897 se
1227 2842 1388 2898 novit
1436 2842 1667 2898 habere.
1717 2845 1871 2898 Beati

218 2935 368 2990 enim
405 2932 611 2989 mundo
662 2933 840 3003 corde,
900 2933 1158 3003 quoniam
1217 2934 1328 3002 ipsi
1383 2933 1553 2987 Deum
1613 2932 1870 2988 m'debunt

220 3023 429 3094 (Matth.
489 3040 544 3094 ν,
602 3024 678 3094 8).
740 3045 767 3073 ‹‹
827 3022 1099 3077 Miserere
1160 3021 1274 3075 mei
1347 3021 1672 3075 secundum
1748 3021 1866 3076 elo-

220 3113 427 3185 quium
453 3117 646 3168 tuum.
685 3135 705 3160 ι
771 3127 874 3184 per
929 3111 1084 3182 quod
1139 3108 1461 3181 promisisti
1493 3113 1556 3164 ut
1602 3115 1866 3181 peccato-

216 3219 349 3258 rum
420 3202 479 3258 in
548 3205 736 3256 morte
803 3216 917 3254 non
976 3200 1271 3269 obrueres,
1333 3199 1434 3253 sed
1466 3197 1869 3254 misericordia

215 3291 626 3351 consolareris.

285 3403 315 3432 «
344 3379 601 3453 Cogitavi
655 3379 777 3434 vias
829 3393 1010 3432 meas.
1042 3397 1069 3428 π
1124 3376 1284 3440 Quod
1318 3380 1482 3432 rectae
1514 3381 1696 3432 erant.
1732 3400 1760 3427 ‹‹
1794 3377 1864 3432 Et

209 3469 461 3526 converti
496 3469 671 3541 pedes
702 3483 865 3522 meos
911 3465 969 3520 in
1019 3465 1357 3521 testimonia
1414 3470 1534 3521 tua.
1571 3488 1600 3514 »
1642 3466 1860 3522 Sensus

205 3576 368 3615 meos
399 3559 457 3613 in
489 3563 592 3613 tua
648 3561 974 3629 praecepta:
1033 3560 1098 3609 ut
1149 3555 1457 3610 observare
1500 3556 1768 3626 debeam,
1803 3560 1860 3611 et

203 3665 377 3720 opere
405 3646 754 3720 compleam.

266 3737 564 3793 «Paratus
595 3753 751 3803 sum,
802 3740 1000 3790 etnon
1061 3751 1194 3789 sum
1255 3734 1546 3789 turbatus.
1608 3739 1854 3790 Paratus

195 3843 352 3890 sum,
387 3849 414 3875 »
447 3825 519 3880 ad
551 3824 992 3896 pradicandum
1023 3841 1034 3878 :
1062 3846 1090 3873 ‹‹
1112 3823 1235 3878 Non
1255 3839 1384 3877 sum
1406 3824 1702 3887 turbatus,
1730 3844 1756 3870 υ
1780 3824 1852 3878 ad

194 3913 636 3970 tribulationem
661 3913 1070 3968 sustinendam
1103 3915 1337 3982 propter
1361 3911 1683 3967 Christum.
1719 3935 1746 3961 ‹‹
1785 3912 1853 3966 Ut

197 4001 524 4058 custodiam
555 4001 837 4056 mandata
864 4004 985 4055 tua.
1017 4024 1045 4050 ››
1075 3999 1200 4055 Non
1236 4015 1328 4055 me
1350 4001 1850 4056 conturbaverunt

198 4091 400 4164 iniqua
428 4089 908 4164 exprobrantium
931 4088 1149 4160 jacula.

273 4204 300 4232 α
333 4182 523 4238 Funes
582 4184 952 4252 peccatorum
1012 4177 1392 4250 circumplexi
1454 4184 1594 4234 sunt
1647 4196 1757 4250 me,
1789 4185 1847 4235 et.

197 4270 382 4342 legem
413 4276 576 4326 tuam
634 4286 749 4324 non
807 4285 937 4325 sum
997 4267 1234 4324 oblitus.
1272 4269 1418 4323 nAb
1478 4269 1847 4341 improperiis

194 4358 562 4431 peccantium
596 4374 658 4411 se
679 4361 1024 4428 conseptum
1079 4358 1362 4428 propheta
1410 4357 1570 4424 dicit,
1622 4375 1726 4414 nec
1759 4364 1843 4413 ta-

193 4464 327 4506 men
359 4445 504 4518 legis
527 4445 736 4500 divinaa
761 4461 822 4499 se
855 4445 936 4498 ait
978 4445 1383 4501 immemorem
1412 4464 1424 4501 :
1459 4447 1650 4502 sciens
1679 4464 1845 4518 opor-

191 4543 309 4594 tere
330 4553 439 4593 nos
460 4551 564 4607 per
581 4533 800 4590 multas
822 4532 1236 4590 tribulationes
1259 4534 1499 4590 introire
1514 4536 1571 4589 in
1596 4551 1840 4606 regnum

192 4626 292 4683 Dei
321 4629 435 4682 Act.
459 4643 575 4690 xxv,
606 4626 718 4693 21).

262 4715 512 4772 aMedia
543 4719 710 4770 nocte
769 4713 1081 4786 surgebam
1139 4713 1208 4768 ad
1269 4711 1665 4767 conﬁtendum
1711 4713 1838 4782 tibi,
1870 4701 2136 4773 Dtiones
2190 4720 2342 4770 tuas.
2403 4739 2423 4764 ι

194 4822 368 4878 super
389 4801 872 4877 judiciajustitize
902 4807 1033 4856 tuae.
1060 4823 1088 4850 »
1112 4801 1232 4856 Scit
1261 4797 1417 4856 enim
1439 4801 1629 4856 medio
1651 4801 1838 4857 noctis

195 4901 453 4968 tempore
481 4893 569 4949 vel
602 4891 858 4965 pericula
888 4891 1025 4962 pati,
1077 4889 1164 4945 vel
1214 4889 1453 4962 praemia
1502 4907 1563 4946 se
1604 4891 1840 4961 assequi

195 5000 385 5058 posse,
418 4983 556 5056 quia
603 4981 756 5037 sicut
803 4981 999 5035 media
1052 4984 1220 5035 nocte
1279 4980 1568 5052 percussit
1597 4979 1839 5052 angelus

193 5075 500 5146 Egyptum
531 5072 724 5139 (Exod.
767 5088 866 5138 xn,
912 5071 1028 5139 ‘39),
1063 5070 1144 5124 ita
1187 5069 1380 5125 media
1407 5075 1574 5125 nocte
1606 5071 1836 5142 sapien-

193 5169 279 5219 tes
335 5162 593 5235 virgines
652 5161 1107 5216 introducuntur
1163 5161 1234 5215 ad
1292 5176 1577 5231 sponsum
1619 5161 1834 5230 (Matth.

192 5269 318 5321 xxv,
350 5254 406 5319 6,
448 5253 559 5319 10).
612 5250 681 5304 Et
731 5248 918 5304 multa
966 5253 1105 5304 sunt
1151 5249 1266 5304 alia
1313 5249 1384 5303 de
1446 5249 1637 5304 media
1667 5253 1835 5303 nocte

194 5340 548 5398 testimonia.
580 5339 712 5394 Ideo
737 5337 830 5393 hic
858 5353 924 5392 eo
957 5343 1219 5410 tempore
1250 5337 1439 5409 surgit
1469 5336 1841 5407 cumjudicio

194 5447 258 5488 ac
279 5429 539 5501 justitia,
571 5432 635 5483 ut
667 5427 821 5499 quod
855 5431 1118 5499 posceret
1145 5431 1557 5497 consequatur.

273 5540 299 5572 ι
330 5517 626 5587 Particeps
676 5532 782 5588 ego
831 5533 964 5571 sum
1011 5515 1276 5571 omnium
1328 5516 1658 5571 timentium
1708 5518 1760 5570 te
1790 5518 1847 5569 et

201 5605 654 5666 custodientium
687 5605 963 5660 mandata
995 5608 1115 5659 tua.
1149 5628 1178 5654 »
1206 5605 1382 5660 David
1415 5603 1703 5676 particeps
1724 5609 1849 5659 erat

205 5700 262 5755 in
296 5711 474 5770 regno
507 5695 579 5750 ad
624 5710 830 5750 omnes
882 5694 1149 5749 homines
1200 5693 1296 5766 qui
1350 5693 1721 5749 sustinebant
1746 5692 1846 5747 tri-

205 5787 596 5853 bulationem;
655 5788 715 5840 et
769 5785 940 5842 modo
1003 5783 1252 5840 Ecclesia
1308 5783 1597 5856 particeps
1646 5787 1735 5839 est
1772 5785 1845 5839 ad

1997 665 2132 719 data
2163 664 2424 737 implent.
2465 665 2760 736 Particeps
2790 669 2879 720 est
2910 681 3042 719 cum
3075 663 3191 720 illis
3241 664 3298 720 in
3351 665 3482 733 ﬁde,
3516 682 3641 739 spe,

1995 755 2298 810 charitatc.

2067 868 2092 892 ‹‹
2130 845 2527 900 Misericordia
2581 843 2813 899 Domini
2871 843 3043 915 plena
3093 846 3181 898 est
3212 848 3383 899 terra.
3420 868 3446 895 ››
3492 847 3639 902 Cum

1994 933 2176 989 solem
2208 951 2380 989 suum
2415 934 2552 989 oriri
2583 933 2721 989 facit
2751 950 2928 1005 super
2983 933 3168 988 bonos
3224 939 3281 987 et
3337 933 3544 1002 malos,
3584 939 3642 992 et

1994 1022 2144 1095 pluit
2173 1041 2351 1096 super
2373 1025 2568 1095 justos
2600 1027 2657 1078 et
2685 1023 2939 1093 injustos
2988 1023 3197 1090 (Matth.
3247 1039 3302 1092 ν,
3337 1023 3446 1094 45).
3482 1046 3510 1074 ‹‹
3541 1024 3642 1080 Ju—

1994 1112 2374 1168 stiﬁcationes
2401 1118 2534 1168 tuas
2565 1112 2706 1167 doce
2766 1129 2877 1167 me.
2913 1133 2940 1159 n
2974 1111 3053 1165 Ne
3113 1110 3323 1167 similis
3375 1112 3512 1167 {iam
3545 1113 3637 1170 his

1993 1202 2090 1273 qui
2123 1202 2404 1258 habentes
2434 1202 2689 1258 scientiae
2713 1200 2953 1266 clavem,
2978 1200 3292 1273 nequeipsi
3312 1201 3629 1270 introeunt,

1992 1308 2176 1364 neque
2231 1291 2378 1347 alios
2437 1291 2678 1347 introire
2706 1290 3071 1364 'permittunt
3099 1291 3251 1361 (Luc.
3286 1308 3362 1347 x1.
3394 1293 3508 1363 52).
3541 1292 3641 1348 Mi-

1990 1383 2366 1438 sericordiam
2426 1382 2579 1448 fecit,
2639 1382 2872 1453 quando
2939 1380 3098 1435 venit
3162 1397 3269 1435 nos
3327 1381 3633 1449 redimere,

1989 1473 2127 1528 Inde
2158 1477 2246 1528 est
2313 1472 2486 1545 plena
2551 1477 2724 1539 terra,
2795 1472 2851 1526 id
2919 1476 3028 1538 est,
3097 1473 3300 1526 sancta
3353 1471 3632 1528 Ecclesia.

1985 1562 2506 1619 «Justiﬁcationes
2576 1566 2710 1618 tuas
2778 1561 2918 1617 doce
2985 1576 3098 1616 me.
3134 1582 3162 1610 »
3197 1560 3314 1615 Hoc
3382 1565 3490 1631 est,
3533 1565 3635 1618 tua

1986 1652 2281 1723 mandata,
2307 1652 2493 1708 utilia
2523 1651 2846 1723 intelligam
2893 1654 2953 1706 et
2997 1648 3328 1722 prtsdicem,
3377 1653 3434 1705 et
3461 1666 3633 1722 opere

1983 1740 2284 1813 impleam.

2724 1866 2886 1904 TETH.

2053 1980 2080 2006 ‹‹
2119 1957 2437 2012 Bonitatem
2488 1955 2673 2011 fecisti
2725 1973 2859 2010 cum
2910 1971 3076 2011 sorvo
3133 1960 3256 2021 tuo,
3303 1957 3563 2014 Domine.
3598 1975 3629 2007 ››

1982 2048 2102 2103 Vox
2129 2046 2422 2118 Prophetas
2481 2047 2540 2101 in
2597 2061 2847 2116 persona
2903 2043 3188 2099 Ecclesiae.
3224 2067 3253 2094 «
3303 2045 3629 2101 Bonitatem

1983 2137 2193 2200 fecisti,
2229 2157 2257 2184 »
2287 2135 2522 2205 quando
2558 2135 2615 2188 in
2649 2150 2822 2189 carne
2850 2133 3083 2198 venisti,
3137 2136 3193 2187 et
3241 2150 3348 2189 nos
3380 2135 3632 2190 redemi-

1981 2225 2056 2281 sti
2087 2243 2100 2292 ;
2127 2225 2361 2295 quando
2385 2224 2541 2294 quod
2588 2222 2909 2293 promisisti
2941 2223 3013 2278 ad
3049 2221 3363 2290 Abraham,
3405 2228 3466 2278 et
3500 2223 3630 2279 reli-

1983 2330 2131 2386 quos
2163 2316 2357 2386 patres
2388 2311 2745 2383 adimplesti,
2800 2315 2864 2366 ut
2910 2310 3094 2379 illud;
3128 2317 3177 2367 et
3209 2315 3266 2367 ιή
3303 2314 3510 2370 semine
3535 2317 3625 2368 tuo

1983 2402 2376 2459 benedicentur
2430 2417 2613 2457 omnes
2667 2406 2849 2469 gentes
2906 2402 3056 2468 (Gen.
3102 2418 3241 2471 xxu,
3282 2402 3384 2472 18).
3423 2423 3450 2452 ‹‹
3479 2395 3622 2457 Cum

1981 2508 2144 2548 servo
2171 2495 2270 2546 tuo
2304 2509 2371 2558 ;››
2406 2490 2620 2562 populo
2663 2488 3012 2545 Christiano.
3043 2513 3069 2538 ‹‹
3122 2489 3456 2545 Secundum
3504 2507 3629 2546 ver-

1980 2581 2120 2635 bum
2155 2585 2343 2635 tuum.
2364 2573 2662 2635 nVerbum
2685 2578 2876 2633 Patris
2897 2577 3078 2634 Filius
3104 2582 3214 2634 est.
3245 2601 3266 2628 ε
3293 2579 3634 2636 Secundum

1979 2670 2222 2725 verbum
2252 2674 2419 2724 tuum
2446 2687 2459 2736 ;
2496 2691 2522 2720 »
2557 2673 2620 2722 ut
2651 2671 2987 2739 peccantem
3019 2684 3113 2723 me
3136 2685 3248 2723 non
3271 2667 3330 2724 in
3352 2669 3441 2724 ira
3465 2670 3634 2741 puni-

1979 2776 2092 2825 res,
2154 2760 2255 2814 sed
2315 2757 2719 2814 misericordia
2777 2757 3243 2812 consolareris:
3299 2757 3627 2815 Bonitatem

1978 2853 2033 2903 et
2063 2847 2455 2919 disciplinam,
2489 2851 2546 2902 et
2575 2846 2881 2901 scientiam
2913 2846 3054 2901 doce
3085 2862 3197 2900 me.
3236 2868 3263 2894 ››
3293 2845 3416 2901 Vox
3442 2846 3629 2904 Eccle-

1979 2937 2094 2992 siaa.
2136 2939 2283 2991 Ante
2341 2937 2621 2990 debuerat
2677 2934 2868 2990 dicere
2926 2935 3254 3001 scientiam,
3313 2938 3369 2989 et
3423 2940 3627 3008 postea

1978 3025 2384 3098 disciplinam;
2437 3023 2576 3096 quia
2624 3041 2738 3080 non
2793 3027 2982 3095 potest
3035 3023 3208 3079 homo
3260 3024 3451 3080 bonus
3497 3042 3626 3082 esse

1978 3113 2089 3171 nisi
2123 3115 2426 3170 scientiam
2459 3114 2690 3168 habeat.
2719 3113 2960 3178 Qualem
3019 3113 3339 3168 bonitatem
3393 3130 3456 3170 se
3487 3113 3628 3171 dicit

1977 3205 2210 3260 facere?
2242 3203 2386 3269 Quia
2419 3203 2518 3258 dat
2564 3201 2822 3274 pluviam
2882 3218 3059 3274 super
3113 3205 3352 3270 terram,
3402 3207 3460 3258 et
3489 3204 3628 3260 facit

1977 3294 2158 3350 solem
2182 3309 2357 3348 suum
2384 3292 2520 3348 oriri
2541 3309 2717 3362 super
2737 3293 2922 3347 bonos
2943 3295 3000 3347 et
3022 3290 3230 3357 malos,
3254 3295 3311 3347 et
3341 3291 3494 3364 pluit
3521 3310 3621 3348 su-

1975 3401 2078 3455 per
2101 3384 2297 3454 justos
2328 3387 2383 3437 ct
2411 3382 2687 3452 injustos.
2724 3403 2751 3431 «
2784 3382 2852 3436 Et
2881 3379 3278 3452 disciplinam,
3314 3403 3342 3429 »
3365 3381 3474 3438 hoc
3505 3386 3616 3449 est,

1972 3477 2036 3527 ut
2066 3473 2339 3544 primitus
2400 3471 2457 3525 in
2519 3487 2580 3525 se
2637 3470 2845 3525 debeat
2900 3485 3264 3536 mensurare,
3320 3475 3378 3525 et
3432 3471 3619 3526 facere

1969 3562 2368 3634 disciplinam,
2400 3567 2456 3616 et
2487 3564 2688 3631 postea
2735 3559 2792 3613 in
2842 3557 2993 3614 aliis.
3035 3579 3056 3607 ι
3101 3559 3170 3614 Et
3225 3558 3553 3631 scientiam,
3585 3581 3612 3613 ι

1968 3651 2076 3706 hoc
2107 3656 2214 3720 est,
2253 3655 2315 3705 ut
2364 3649 2776 3704 discretionem
2826 3648 3058 3717 habeat,
3109 3652 3168 3702 et
3222 3647 3369 3704 sciat
3397 3648 3616 3706 discer-

1967 3756 2102 3794 nere
2123 3740 2275 3794 inter
2297 3740 2513 3795 bonum
2537 3743 2594 3793 et
2617 3738 2860 3803 malum,
2885 3737 3038 3792 inter
3061 3737 3241 3793 vitam
3267 3742 3324 3792 et
3344 3742 3615 3805 mortem,

1963 3829 2117 3884 inter
2147 3845 2358 3900 corpus
2389 3833 2447 3884 et
2477 3827 2753 3882 animam.
2791 3849 2818 3875 ‹‹
2873 3831 3020 3881 Doce
3074 3842 3188 3896 me,
3226 3849 3252 3874 »
3303 3831 3369 3882 ut
3398 3826 3613 3883 intelli-

1961 3935 2096 3990 gam
2130 3923 2231 3972 tua
2256 3917 2534 3973 mandata
2557 3933 2729 3988 opere
2769 3914 3035 3987 implere.
3069 3938 3097 3964 «
3145 3915 3291 3981 Quia
3320 3914 3614 3971 mandatis

1961 4007 2078 4062 tuis
2104 4007 2343 4062 credidi.
2368 4028 2395 4057 ››
2423 4007 2730 4076 Propterea
2761 4005 2902 4060 dccc
2925 4020 3038 4071 me,
3066 4003 3205 4075 quia
3224 4002 3284 4058 in
3314 4003 3432 4059 tuis
3464 4021 3610 4075 pra:-

1959 4096 2142 4168 ceptis
2173 4095 2430 4163 credidi;
2463 4095 2521 4150 id
2555 4099 2662 4164 est,
2698 4110 2870 4165 opere
2901 4092 3158 4165 implevi.

2035 4207 2056 4233 ι
2095 4184 2440 4254 Priusquam
2476 4180 2820 4236 humiliarer
2845 4196 2951 4251 ego
3010 4177 3252 4250 deliqui,
3303 4181 3608 4251 propterea

1957 4272 2254 4344 eloquium
2305 4277 2472 4326 tuum
2531 4268 2839 4324 custodivi.
2893 4290 2920 4316 »
2982 4266 3346 4322 Praecedente
3395 4265 3606 4324 delicto

1955 4360 2359 4425 humiliamur,
2384 4364 2440 4414 et
2466 4375 2565 4429 per
2589 4357 2694 4411 hoc
2718 4355 3042 4426 erudimur,
3066 4359 3132 4411 ut
3156 4353 3389 4427 eloquia
3411 4356 3608 4414 divina

1953 4449 2378 4506 custodiamus.

2027 4539 2283 4593 «Bonus
2340 4553 2403 4591 es
2459 4539 2546 4602 tu,
2604 4534 2933 4589 Domine.»
2992 4534 3137 4599 Quia
3195 4550 3368 4590 nemo
3417 4535 3607 4591 bonus

1953 4627 2068 4684 nisi
2099 4632 2162 4682 tu
2195 4625 2376 4682 solus.
2417 4649 2444 4675 u
2474 4625 2543 4679 Et
2595 4624 2653 4678 in
2695 4623 2953 4680 bonitate
3001 4624 3144 4679 doce
3191 4640 3284 4678 me
3314 4622 3605 4694 justiﬁca-

2491 4715 2566 4770 Eo
2626 4714 2784 4784 quod
2844 4713 3008 4768 bona:
3069 4713 3207 4780 sint,
3259 4712 3414 4769 sicut
3455 4716 3514 4768 et
3539 4715 3604 4768 tu

1951 4805 2140 4862 bonus
2172 4821 2254 4861 es.

2027 4919 2052 4944 ‹‹
2089 4893 2471 4966 Multiplicata
2501 4899 2590 4949 est
2635 4908 2813 4964 super
2865 4907 2958 4946 me
3001 4891 3284 4964 iniquitas
3315 4891 3604 4963 superbo-

1950 5002 2120 5051 rum;
2163 5001 2267 5056 ego
2325 4987 2520 5039 autem
2581 4982 2640 5036 in
2707 4985 2824 5036 toto
2879 4981 3050 5035 corde
3107 4996 3236 5036 meo
3295 4980 3604 5036 scrutabor

1951 5074 2227 5129 mandata
2257 5077 2376 5127 tua.
2410 5096 2437 5120 »
2481 5077 2621 5126 Cum
2668 5070 2824 5126 enim
2868 5069 3106 5125 verbera
3152 5069 3350 5125 divina
3395 5084 3487 5124 me
3514 5086 3602 5125 ar-

1952 5166 2216 5235 guerent,
2249 5167 2305 5217 et
2333 5161 2570 5233 superbi
2626 5159 2822 5216 seculi
2878 5160 3249 5224 lacesserent,
3295 5158 3592 5215 dicentes:

1953 5252 2060 5307 Ubi
2092 5249 2398 5318 auxilium,
2463 5249 2562 5304 ubi
2623 5265 2757 5321 spes
2815 5254 2937 5318 tua,
2994 5248 3092 5303 ubi
3125 5252 3214 5304 est
3239 5247 3470 5304 bonitas
3500 5247 3597 5304 Dei

1954 5341 2079 5406 tui;
2139 5357 2244 5411 ego
2305 5340 2584 5394 mandata
2639 5344 2742 5393 tua
2794 5335 3197 5392 vehementius
3271 5337 3596 5404 scrutabar,

1954 5429 2410 5484 consolationem
2444 5428 2747 5499 requirens
2779 5427 2838 5481 in
2869 5426 2974 5482 eis.

2029 5545 2054 5567 ‹‹
2089 5517 2471 5590 Coagulatum
2527 5523 2615 5572 cst
2672 5516 2824 5571 sicut
2875 5515 2963 5572 lac
3019 5535 3118 5573 cor
3163 5535 3387 5574 eorum.
3423 5541 3451 5567 ››
3492 5517 3601 5573 Lac

1957 5626 2090 5663 cum
2125 5612 2331 5662 natura
2355 5624 2531 5661 suave
2553 5607 2650 5671 sit,
2673 5610 3012 5678 corruptum
3060 5613 3254 5662 tamen
3305 5606 3440 5660 vitio
3472 5621 3603 5659 coa-

1956 5700 2196 5770 gulatur
2223 5702 2279 5752 et
2310 5695 2544 5750 acescit.
2599 5695 2682 5750 Ita
2722 5699 2778 5750 et
2807 5696 3045 5768 superbi
3095 5697 3152 5750 id
3184 5701 3292 5765 est,
3326 5691 3600 5763 haeretici,

1957 5787 2125 5850 dulce
2183 5804 2281 5842 cor
2337 5784 2552 5841 sanctis
2622 5785 2938 5859 Scripturis
3010 5787 3198 5858 prius,
3232 5784 3601 5855 habuerunt;
