3992 6194
320 401 474 466 126³7

322 628 504 701 gulati
537 633 710 700 atque
743 630 1007 686 acerrimi
1041 631 1175 684 facti
1208 635 1364 686 sunt.
1403 653 1423 680 ι)
1462 632 1576 703 Ego
1605 647 1738 686 vero
1777 631 1965 702 legem

321 723 485 773 tuam
519 719 833 775 meditatus
865 736 1013 774 sum.
1050 741 1077 769 »
1115 721 1218 775 Per
1248 737 1426 791 quam
1460 721 1748 792 superbos
1779 720 1966 776 humi-

322 805 454 875 lias,
490 824 592 880 per
620 824 795 878 quam
828 807 1152 864 humilibus
1182 808 1431 880 gratiam
1465 813 1725 881 praestas.

398 920 425 946 ‹‹
459 897 682 951 Bonum
714 897 856 952 mihi
905 899 1059 968 quod
1112 898 1436 954 humiliasti
1495 915 1624 965 me;
1659 903 1722 954 ut
1747 899 1968 954 discam

313 985 771 1056 justiﬁcationes
803 990 953 1042 tuas.
991 1010 1016 1035 ι)
1051 991 1171 1043 Vox
1201 987 1467 1043 Ecclesia:
1521 988 1698 1044 dicit:
1746 989 1968 1044 Bonum

324 1073 471 1129 mihi
501 1074 608 1128 fuit
639 1076 792 1146 quod
817 1093 908 1131 me
938 1077 1300 1148 humiliasti;
1336 1078 1474 1149 quia
1503 1095 1605 1150 per
1635 1072 1743 1133 hoc
1793 1078 1970 1133 didici

324 1166 428 1217 tua
459 1164 737 1219 mandata
768 1165 1086 1238 implerein
1124 1168 1478 1238 operatione.
1514 1191 1540 1217 ‹‹
1569 1169 1793 1223 Bonum
1825 1168 1970 1223 mihi

326 1254 482 1323 quod
547 1252 874 1309 humiliasti
947 1272 1059 1322 me,
1129 1261 1195 1310 ut
1251 1257 1474 1312 discam
1515 1257 1972 1329 justiﬁcationes

324 1344 480 1396 tuas.
518 1363 544 1389 ››
578 1343 722 1408 Quia
771 1360 888 1398 non
937 1344 996 1399 in
1043 1345 1337 1417 superbia,
1389 1347 1489 1401 sed
1552 1348 1608 1401 in
1641 1345 1974 1402 humilitate

329 1430 655 1486 discuntur.

403 1543 431 1570 ‹‹
452 1522 679 1590 Bonum
711 1522 856 1578 mihi
879 1523 969 1578 lex
999 1523 1115 1581 oris
1146 1524 1252 1592 tui,
1284 1541 1460 1597 super
1511 1527 1697 1581 millia
1746 1526 1872 1582 auri
1921 1530 1978 1582 et

329 1612 574 1682 argenti.
608 1635 626 1660 ι›
653 1615 764 1667 Lex
793 1613 908 1668 oris
933 1614 1028 1668 Dei
1052 1614 1320 1669 Christus
1372 1619 1460 1670 est
1488 1632 1500 1670 :
1545 1617 1644 1686 qui
1675 1632 1790 1671 non
1820 1617 1977 1671 venit

331 1699 521 1771 legem
558 1699 797 1769 solvere,
837 1702 937 1756 sed
988 1702 1308 1773 adimplere
1340 1704 1549 1774 (Matth.
1583 1722 1616 1760 v
1649 1705 1758 1775 l7).
1793 1706 1975 1768 Quem

333 1788 654 1858 praevidens
687 1788 974 1860 Propheta
1002 1807 1178 1863 super
1225 1809 1428 1847 omnes
1484 1793 1792 1850 thesauros
1841 1811 1976 1850 con-

1811 403 2231 468 APPENDIX.

318 539 422 595 sed
453 543 846 610 pervertentes
875 556 972 596 eas
1005 539 1064 595 in
1096 539 1376 596 ebrietate
1425 556 1636 596 sensus
1683 539 1797 609 sui,
1831 558 1960 596 coa-
1991 539 2047 606 Α

3569 401 3726 470 {268

2150 563 2178 590 ‹‹
2207 539 2651 598 Confundantur
2679 541 2938 615 superbi,
2989 542 3128 615 quia
3174 541 3395 616 injuste
3445 541 3726 615 iniquita-

2076 636 2192 691 tem
2243 631 2503 687 fecerunt
2563 632 2621 686 in
2676 649 2789 688 me.
2825 657 2852 683 »
2886 635 3331 689 Confundantur
3389 633 3454 688 in
3482 637 3731 706 peccatis

2077 722 2220 787 suis,
2255 728 2310 775 et
2367 726 2719 792 cognoscant
2776 738 2839 778 se
2897 723 3095 794 inique
3149 723 3412 795 gessisse
3455 723 3734 780 adversus

2069 811 2320 881 justum.
2362 830 2382 858 α
2416 812 2534 883 Ego
2558 815 2753 867 autem
2776 812 3159 868 exerceborin
3189 811 3499 868 mandatis
3531 814 3670 882 tuis,
3711 837 3733 861 ε

2078 897 2398 954 Ostendens
2419 898 2502 955 eis
2525 916 2651 970 quae
2683 903 2945 971 oporteat
2991 916 3183 972 agere.
3218 922 3246 948 (ι
3293 901 3414 972 Ego
3450 904 3676 955 autem.
3709 925 3731 947 ς

2077 987 2194 1042 Vox
2255 987 2545 1044 Ecclesiae.
2586 1008 2613 1040 α
2669 989 2986 1044 Exercebor
3039 989 3098 1044 in
3157 989 3464 1044 mandatis
3527 990 3668 1044 tuis.
3716 1017 3734 1038 .r.

2083 1078 2227 1132 Dum
2252 1077 2348 1132 isti
2371 1077 2696 1149 supradicti
2719 1078 2802 1133 sic
2840 1073 3136 1134 fecerunt:
3165 1095 3269 1151 ego
3318 1078 3382 1133 in
3435 1079 3564 1135 tuis
3597 1096 3739 1150 pre-

2081 1167 2260 1237 ceptis
2291 1166 2370 1221 ibi
2404 1183 2496 1221 me
2526 1182 2784 1222 exerceo.

2154 1279 2181 1305 ‹‹
2216 1256 2632 1311 Convertentur
2666 1255 2810 1310 mihi
2851 1257 3124 1312 timentes
3145 1260 3223 1322 te,
3245 1261 3304 1312 et
3323 1257 3430 1327 qui
3455 1265 3746 1313 noverunt

2083 1345 2418 1400 testimonia
2449 1349 2569 1400 tua.
2604 1367 2624 1394 ιι
2660 1344 2778 1400 Hoc
2808 1348 2916 1412 est,
2951 1349 3017 1400 ut
3063 1361 3155 1400 me
3205 1346 3482 1414 docente,
3533 1362 3744 1418 cogno-

2085 1438 2312 1489 scentes
2343 1450 2410 1488 ea
2440 1434 2513 1489 ad
2547 1437 2600 1488 te
2630 1434 2892 1489 conversi
2924 1435 3087 1489 ﬁant.

2165 1544 2191 1576 α
2222 1522 2345 1578 Fiat
2375 1540 2473 1578 cor
2503 1539 2698 1578 meum
2731 1522 3174 1578 immaculatum
3208 1523 3268 1578 in
3292 1523 3748 1594 justiﬁcationi-

2085 1613 2197 1667 bus
2227 1612 2366 1681 tuis,
2428 1617 2490 1667 ut
2549 1629 2662 1666 non
2726 1611 3071 1667 confundar.
3105 1635 3132 1662 »
3168 1613 3238 1666 Et
3286 1613 3436 1684 quia
3469 1614 3543 1669 de
3587 1616 3746 1670 corde

2087 1702 2345 1773 procedit
2369 1700 2759 1757 numerositas
2788 1700 3086 1770 vitiorum,
3140 1701 3294 1758 sicut
3348 1703 3646 1758 Dominus
3676 1705 3745 1758 ait

2090 1792 2148 1846 in
2202 1789 2508 1862 Evangelio
2565 1791 2768 1860 (litauit.
2803 1807 2892 1855 xv,
2929 1791 3057 1861 19):
3107 1790 3236 1846 ideo
3296 1782 3613 1862 Propheta
3651 1793 3744 1846 im-

333 1876 616 1947 cupiscit:
650 1877 790 1950 quia
819 1896 933 1934 non
960 1880 1151 1935 solum
1184 1881 1402 1937 amicos
1451 1881 1634 1954 diligi,
1670 1884 1768 1939 sed
1801 1883 1976 1939 etiam
2007 1915 2056 1979 B
2090 1879 2444 1934 maculatum
2482 1897 2542 1934 se
2574 1878 2697 1934 ﬁeri
2729 1879 2914 1950 poscit
2943 1878 3000 1934 in
3041 1879 3142 1935 Dei
3183 1880 3741 1951 justiﬁcationibus,

331 1962 586 2022 inimicis
620 1968 884 2040 praecipit
913 1969 1155 2040 ignosci.

1098 2096 1210 2134 IOD.

352 2236 356 2240 .
403 2206 432 2232 (ι
468 2184 675 2239 Manus
707 2187 820 2240 tuae
853 2186 1114 2242 fecerunt
1144 2203 1235 2241 me
1284 2193 1340 2242 et
1397 2187 1838 2260 plasmaverunt
1868 2206 1980 2255 me,

333 2272 407 2328 da
435 2272 582 2327 mihi
638 2272 1000 2328 intellectum
1055 2278 1120 2329 ut
1176 2275 1399 2331 discam
1462 2279 1742 2332 mandata
1790 2282 1914 2332 tua.
1953 2300 1980 2326 »

331 2361 612 2432 Magnum
637 2366 724 2417 est
753 2362 909 2418 enim
942 2368 1005 2418 ut
1036 2381 1096 2418 se
1125 2365 1298 2420 homo
1332 2365 1620 2437 intelligat
1651 2383 1828 2421 manu
1882 2367 1980 2422 Dei

333 2451 553 2504 factum
585 2450 1077 2520 plasmatumque,
1109 2457 1166 2506 et
1207 2454 1276 2507 ad
1327 2455 1452 2523 ejus
1504 2455 1823 2528 imaginem
1857 2472 1984 2511 esse

335 2538 747 2608 compositum.
800 2540 961 2603 Quod
1015 2540 1064 2595 si
1115 2543 1450 2613 cognoverit
1499 2545 1807 2600 scientiam
1858 2561 1985 2615 pos-

337 2641 464 2683 cere
495 2625 684 2694 debet,
710 2630 775 2682 ut
800 2629 1076 2685 mandata
1106 2631 1232 2700 ejus
1270 2630 1557 2704 intelligat
1586 2637 1760 2704 atque
1791 2637 1984 2688 custo-

338 2715 498 2771 diat:
525 2733 594 2772 ne
615 2717 891 2773 recedens
918 2719 988 2774 ab
1010 2719 1116 2786 eis,
1142 2720 1242 2791 qui
1269 2721 1585 2793 fuitimago
1621 2723 1715 2778 Dei
1746 2722 1987 2796 incipiat

342 2806 539 2878 imago
568 2822 697 2862 esse
727 2806 963 2863 diaboli.

418 2916 444 2944 ‹‹
476 2895 583 2958 Qui
641 2895 853 2950 timent
900 2902 957 2952 te
1000 2897 1278 2954 videbunt
1319 2917 1430 2969 me,
1464 2903 1520 2955 et
1551 2901 1920 2957 laetabuntur.
1953 2921 1978 2953 υ

301 3021 306 3028 .
340 2984 463 3040 Vox
493 2983 780 3050 Ecclesiae,
814 2985 920 3040 hoc
951 2991 1058 3057 est,
1121 2992 1185 3042 ut
1241 2987 1324 3043 illi
1385 2990 1485 3060 qui
1543 2991 1725 3046 Deum
1758 2991 1984 3062 timent,

341 3073 575 3129 videant
605 3090 778 3128 suum
818 3074 1200 3146 intellectum,
1260 3082 1316 3132 et
1372 3077 1634 3133 laetitiam
1694 3079 1984 3136 habeant:

343 3162 484 3232 quia
511 3161 766 3217 Ecclesia
796 3165 1030 3233 quando
1062 3164 1219 3220 videt
1247 3165 1390 3221 alios
1423 3168 1699 3222 mandata
1746 3169 1841 3223 Dei
1887 3169 1988 3224 ob-

344 3266 590 3351 servare,
624 3267 899 3323 magnam
932 3252 1194 3308 laetitiam
1252 3254 1444 3310 habet.
1503 3260 1704 3312 Postea
1741 3257 1987 3313 invicem
2019 3285 2060 3351 ρ

343 3340 426 3395 sic
493 3338 864 3412 laetabuntur,
907 3348 962 3396 et
1027 3341 1142 3409 hic,
1193 3346 1250 3397 et
1297 3343 1352 3397 in
1404 3345 1620 3400 futuro.
1657 3368 1685 3394 ‹‹
1731 3346 1877 3410 Quia
1925 3346 1984 3401 in

341 3431 514 3485 verbo
550 3433 650 3486 tuo
691 3431 1118 3503 supersperavi,
1170 3431 1226 3486 id
1286 3437 1394 3498 est,
1441 3433 1499 3488 in
1529 3433 1759 3490 Christo
1803 3435 1989 3491 habeo

343 3536 529 3591 spem.

414 3630 443 3654 ‹‹
475 3608 748 3678 Cognovi,
771 3597 1044 3679 Domine,
1079 3611 1218 3682 quia
1247 3613 1491 3683 aequitas
1525 3613 1753 3683 judicia
1804 3618 1904 3669 tua
1935 3618 1992 3669 et

343 3694 404 3749 in
435 3695 674 3750 veritate
711 3700 828 3750 tua.
867 3719 894 3745 ››
943 3699 1208 3769 [Equites
1262 3704 1363 3756 tua
1409 3705 1519 3771 est,
1570 3706 1633 3756 ut
1664 3707 1992 3773 peccatores

347 3797 560 3853 arguas
583 3800 686 3854 pro
704 3783 930 3838 delictis
957 3802 968 3838 :
1004 3787 1246 3854 Vezitas,
1304 3794 1366 3844 ut
1395 3791 1684 3862 superbos
1715 3791 1992 3848 humilies

349 3889 382 3927 a
412 3871 898 3943 prosperitatibus
931 3873 1075 3928 suis.
1111 3875 1257 3946 Ergo
1281 3877 1423 3947 quia
1441 3896 1534 3934 me
1557 3880 1906 3947 humiliasti,
1931 3885 1996 3936 ut

351 3960 668 4032 corrigeres
694 3978 706 4015 :

423 4049 608 4104 «Fiat
655 4049 855 4122 (nunc)
910 4051 1312 4109 misericordia
1353 4057 1475 4125 tua,
1539 4059 1605 4110 ut
1661 4057 1995 4114 consoletur

351 4154 465 4206 me.
501 4160 528 4186 »
562 4139 681 4193 Vox
703 4139 996 4210 prophetae
1022 4141 1080 4196 in
1106 4158 1354 4212 persona
1377 4143 1660 4199 Ecclesiae.
1711 4145 1989 4202 Praevide-

349 4228 452 4283 bat
481 4228 769 4300 Propheta
799 4245 901 4302 per
934 4229 1217 4302 Spiritum
1249 4236 1518 4288 sanctum
1543 4234 1840 4290 Christum
1857 4253 1992 4291 ven-

348 4321 548 4372 turum
581 4334 710 4374 esse
759 4319 816 4374 in
882 4336 1074 4386 carne,
1135 4321 1234 4393 qui
1296 4327 1418 4378 erat
1475 4323 1896 4391 misericordia,
1930 4330 1995 4381 ut

349 4423 456 4461 nos
488 4406 798 4462 redimeret
832 4411 1154 4464 secundum
1207 4413 1362 4482 quod
1411 4414 1783 4484 promiserat,
1817 4418 1872 4470 et
1905 4432 1994 4469 me

347 4495 766 4552 consolaretur.
791 4498 1149 4569 Adimplevit
1184 4502 1336 4570 quod
1380 4502 1686 4572 promisit:
1741 4503 1877 4570 quia
1908 4503 1993 4558 di-

347 4585 426 4640 cit
465 4585 522 4640 in
573 4586 684 4642 alio
734 4585 897 4642 loco:
953 4587 1357 4646 Miserationes
1411 4591 1607 4646 multae
1669 4598 1809 4648 sunt
1840 4593 1991 4664 apud

348 4675 554 4740 Deum,
587 4679 643 4729 et
672 4680 872 4731 nostra
920 4682 1156 4748 peccata
1201 4677 1386 4734 multa
1435 4685 1574 4734 sunt
1621 4681 1790 4752 (Psal.
1839 4653 1992 4749 xxiv,
2028 4653 2075 4718 D

351 4764 438 4828 10,
477 4765 581 4831 11).
617 4765 755 4818 Inde
786 4765 962 4820 dicit:
998 4767 1399 4824 Miserationes
1431 4773 1541 4823 tua:
1593 4770 1788 4825 multa;
1835 4777 1995 4826 sunt.

354 4854 744 4909 «Secundum
775 4854 1072 4926 eloquium
1108 4861 1271 4912 tuum
1317 4874 1499 4914 servo.
1552 4863 1672 4914 tuo.
1709 4881 1735 4908 »
1784 4865 1996 4916 Secun-

353 4943 492 4996 dum
529 4943 682 5014 quod
717 4942 1061 5014 promisisti,
1093 4945 1221 5000 veni
1246 4947 1528 5002 redimere
1546 4965 1777 5003 servum
1807 4953 1996 5006 tuum.

354 5030 631 5101 populum
666 5031 1083 5102 Christianum,
1134 5035 1231 5106 qui
1283 5035 1386 5089 tibi
1436 5037 1612 5091 servit
1649 5038 1997 5109 specialiter.

354 5143 380 5164 ‹‹
413 5118 537 5173 Fiat
563 5138 718 5175 nunc
746 5122 1145 5179 misericordia
1177 5129 1276 5180 tua
1307 5129 1369 5180 ut
1399 5125 1729 5182 consoletur
1761 5145 1872 5194 me,
1908 5144 1998 5182 se-

353 5207 610 5262 cundum
665 5209 961 5282 eloquium
1012 5217 1177 5268 tuum
1229 5231 1390 5269 servo
1453 5219 1569 5269 tuo.
1614 5239 1636 5268 ι
1676 5216 1998 5272 l’romisisti

353 5294 623 5359 enim,ut
683 5304 813 5369 post
870 5300 1259 5356 humilitatem
1319 5303 1678 5371 aftlictionis,
1715 5305 1998 5361 tribueres

353 5383 690 5456 praesidium
723 5389 1159 5446 consolationis.

424 5497 450 5522 «
489 5472 737 5529 Veniant
770 5477 910 5532 mihi
944 5480 1346 5537 miserationes
1377 5485 1487 5537 tuae
1521 5488 1576 5537 et
1605 5483 1816 5550 vivam,
1862 5484 2002 5554 quia

353 5558 441 5621 lex
475 5568 574 5618 tua
601 5565 900 5621 meditatio
935 5585 1061 5623 mea
1092 5576 1197 5625 est.
1236 5594 1261 5620 ››
1294 5574 1423 5627 Jam
1456 5572 1642 5644 legem
1676 5578 1837 5628 tuam
1880 5590 2000 5628 me-

353 5653 526 5723 ditor,
560 5654 660 5710 sed
694 5654 752 5709 in
784 5659 1055 5711 aeternam
1107 5661 1284 5714 vitam
1342 5661 1536 5717 venire
1580 5679 1695 5717 non
1735 5678 1997 5733 possum,

355 5742 468 5799 nisi
501 5761 534 5799 a
565 5747 618 5800 te
647 5743 791 5802 inibi
824 5745 986 5802 fuero
1008 5751 1424 5803 commutatus.

2091 1973 2157 2023 ut
2181 1985 2314 2024 eum
2348 1969 2405 2023 in
2431 1968 2654 2039 judicio
2687 1968 3082 2024 damnationis
3113 1969 3419 2024 sententia
3471 1988 3591 2025 non
3623 1987 3744 2025 con-

2092 2056 2319 2112 fundat.
2352 2058 2446 2114 Sic
2477 2062 2533 2112 et
2581 2075 2688 2113 nos
2738 2074 2997 2129 premere
3046 2058 3334 2114 debemus
3367 2059 3573 2114 varias
3601 2059 3746 2132 cogi-

2092 2147 2362 2214 tationes,
2423 2164 2494 2203 ne
2552 2147 2724 2203 nobis
2785 2147 3187 2202 conlusionem
3246 2155 3594 2220 praeparent
3624 2166 3746 2204 cum

2092 2253 2189 2292 eas
2222 2235 2748 2292 desideraverimus
2771 2235 3033 2308 implere.
3064 2260 3084 2285 ι
3123 2237 3249 2292 Fiat
3275 2253 3383 2292 cor
3413 2254 3624 2293 meum
3653 2239 3754 2293 im-

2093 2325 2474 2382 maculatum.
2510 2345 2537 2374 »
2569 2325 2670 2380 Hic
2720 2341 2819 2381 cor
2865 2342 2967 2396 pro
3017 2325 3215 2381 anima
3263 2326 3541 2398 ponitur.
3604 2332 3682 2381 Ac
3711 2327 3753 2380 si

2093 2415 2277 2470 dicat:
2334 2415 2459 2470 Fiat
2501 2413 2697 2469 anima
2739 2430 2872 2470 mea
2908 2414 3035 2470 sine
3066 2419 3299 2486 peccato
3334 2415 3608 2471 mortali.
3642 2440 3664 2465 αςι
3698 2418 3752 2471 tn

2086 2503 2613 2574 justificationibus
2644 2503 2762 2558 tuis
2794 2507 2858 2558 ut
2890 2521 3003 2559 non
3035 2505 3387 2560 confundar.
3423 2529 3456 2556 »
3502 2505 3628 2562 Hoc
3659 2511 3754 2568 est,

2096 2598 2160 2649 ut
2193 2611 2308 2649 non
2341 2593 2589 2649 habeam
2621 2593 3022 2648 confusionem
3047 2599 3346 2650 aeternam.

2861 2717 3024 2755 CAPH.

2169 2832 2196 2858 α
2227 2807 2446 2863 Defecit
2473 2807 2532 2862 in
2564 2806 2808 2862 salutari
2835 2811 2936 2862 tuo
2992 2807 3190 2862 anima
3238 2822 3390 2862 mea.
3426 2829 3454 2855 υ
3489 2809 3554 2862 In
3582 2807 3755 2872 Jesu,

2097 2898 2237 2969 quia
2255 2897 2411 2952 venit
2441 2896 2667 2951 salvum
2693 2896 2878 2951 facere
2901 2895 3181 2968 populum
3227 2913 3400 2952 suum
3424 2913 3458 2950 a
3489 2897 3757 2967 peccatis

2098 3003 2321 3042 eorum.
2357 3010 2384 3037 ‹‹
2414 2987 2482 3040 Et
2506 2984 2564 3039 in
2583 2985 2825 3039 verbum
2847 2989 3018 3040 tuum
3057 2986 3488 3057 supersperavi.
3515 3004 3543 3034 ο
3587 2987 3756 3051 Quod

2099 3077 2158 3130 in
2193 3076 2476 3147 principio
2509 3075 2662 3129 Deus
2693 3079 2818 3128 erat
2850 3075 3004 3145 apud
3063 3074 3269 3140 Deum,
3335 3078 3400 3129 ut
3445 3075 3655 3131 veniat
3689 3077 3772 3131 ad'

2099 3165 2554 3236 redemptionem
2585 3162 2927 3220 humanam.

2179 3275 2205 3306 α
2236 3253 2583 3309 Defecerunt
2613 3253 2765 3309 oculi
2814 3253 2928 3309 mei
2977 3253 3034 3308 in
3085 3253 3386 3324 eloquium
3421 3259 3644 3309 tuum:
3679 3253 3758 3309 di-

2103 3347 2322 3411 centes,
2349 3343 2588 3408 Quando
2620 3342 3013 3398 consolaberis
3044 3342 3180 3396 me?
3207 3362 3234 3392 ι»
3288 3343 3570 3398 Attende.
3609 3345 3759 3398 Hanc

2101 3431 2356 3504 suscipio
2385 3431 2858 3500 {consolationem
2911 3436 2966 3486 te
3024 3431 3296 3486 advenire
3353 3431 3426 3486 de
3487 3431 3656 3487 caelis
3699 3435 3751 3487 in

2101 3521 2421 3576 defectione
2451 3520 2845 3592 spiritualium
2878 3519 3200 3576 oculorum.

2176 3632 2202 3659 ‹‹
2234 3609 2380 3675 Quia
2402 3610 2588 3664 factus
2615 3626 2746 3664 sum
2779 3611 2932 3664 sicut
2961 3613 3089 3663 uter
3118 3609 3175 3663 in
3200 3609 3416 3679 pruina
3438 3627 3452 3663 :
3471 3610 3759 3680 justiﬁca-

2101 3700 2288 3754 tiones
2313 3702 2442 3754 tuas
2470 3715 2586 3752 non
2620 3715 2752 3753 sum
2784 3698 3020 3753 oblitus.
3058 3720 3085 3746 »
3135 3697 3427 3753 Dominus
3476 3699 3543 3754 in
3572 3700 3755 3753 Evan-

2102 3789 2252 3860 gelio
2311 3787 2491 3842 dixit:
2551 3788 2713 3843 Nemo
2763 3789 2918 3858 ponit
2955 3789 3170 3842 ‘vz’num
3227 3803 3433 3842 novam
3494 3791 3556 3842 in
3609 3795 3756 3842 utra:

2102 3882 2302 3933 veteres
2333 3878 2516 3947 (Marc.
2553 3895 2613 3946 ιι,
2645 3877 2771 3947 22):
2805 3876 3144 3948 significans
3177 3879 3382 3948 pectus
3424 3877 3758 3933 humanum

2104 3966 2399 4022 diuturnis
2421 3965 2706 4038 repletum
2726 3964 2880 4020 vitiis
2904 3982 3020 4021 non
3050 3981 3222 4037 posse
3253 3965 3558 4022 continere
3591 3984 3760 4022 man-

2105 4058 2241 4112 data
2300 4055 2418 4112 Dei.
2479 4056 2624 4126 Ergo
2680 4057 2736 4109 et
2791 4071 2898 4109 nos
2955 4054 3003 4108 si
3039 4053 3467 4110 incalescamus
3497 4055 3758 4110 naturali

2107 4146 2309 4201 ardore
2367 4147 2431 4198 ut
2485 4159 2829 4215 peccemus:
2862 4159 2995 4198 cum
3058 4143 3338 4199 mandata
3389 4142 3479 4197 Dei
3537 4142 3758 4214 accipi-

2107 4251 2259 4303 mus,
2330 4233 2668 4305 repentinus
2729 4230 3086 4304 extinguitur
3149 4231 3246 4287 hic
3314 4231 3477 4298 calor,
3544 4235 3606 4286 et
3631 4231 3756 4285 eri-

2107 4340 2240 4378 mus
2297 4322 2465 4393 quasi
2525 4326 2654 4376 uter
2708 4321 2766 4376 in
2825 4320 3053 4392 pruina,
3115 4321 3455 4393 refrigerato
3492 4320 3555 4375 in
3586 4321 3759 4376 nobis

2105 4413 2310 4467 ardore
2342 4410 2581 4483 peccati.

2178 4525 2203 4550 ‹‹
2237 4502 2386 4566 Quot
2442 4505 2582 4555 sunt
2639 4499 2762 4554 dies
2820 4499 2964 4554 servi
3024 4499 3149 4565 tui;
3212 4499 3450 4570 quando
3488 4499 3665 4555 facies
3689 4500 3758 4553 de

2107 4589 2594 4663 persequentibus
2655 4605 2746 4643 me
2794 4587 3173 4659 judicium.»
3229 4588 3409 4642 Pauci
3460 4593 3608 4644 sunt
3636 4588 3760 4643 dies

2108 4681 2284 4752 hujus
2351 4679 2504 4746 vitae,
2573 4680 2681 4742 Tu,
2759 4677 3024 4743 Domine,
3104 4680 3334 4733 contere
3409 4677 3472 4732 in
3533 4676 3760 4747 judicio

2107 4775 2207 4825 tuo
2238 4770 2512 4825 Satanam
2573 4784 2705 4821 cum
2766 4765 3117 4822 satellitibus
3169 4765 3319 4834 suis,
3359 4769 3475 4822 sub
3509 4767 3762 4838 pedibus

2109 4859 2326 4915 nostris
2379 4855 2671 4922 velociter,
2730 4855 2830 4926 qui
2900 4872 3006 4911 nos
3088 4859 3531 4926 persequuntur
3588 4857 3759 4926 (Rom.

2107 4966 2221 5014 XVI,
2262 4949 2374 5016 ‘30).

2179 5061 2207 5088 ‹‹
2240 5037 2629 5092 Narravcrunt
2652 5034 2795 5089 mihi
2843 5033 3028 5105 iniqui
3063 5033 3475 5104 tabulationes,
3509 5035 3616 5090 sed
3649 5052 3759 5092 non

2110 5132 2174 5182 ut
2203 5126 2292 5181 lex
2323 5130 2442 5180 tua.
2480 5148 2500 5174 ι
2539 5123 2775 5179 Audivit
2807 5123 2990 5179 multa
3021 5124 3092 5179 ab
3137 5114 3427 5178 haereticis
3480 5140 3550 5178 ac
3584 5126 3764 5195 genti-

2111 5217 2219 5270 bus
2252 5232 2377 5286 quae
2409 5232 2523 5269 non
2553 5212 2907 5269 conveniunt
2961 5211 3259 5268 mandatis
3309 5211 3433 5270 Dei.
3491 5213 3624 5267 Ideo
3652 5213 3760 5267 ad-

2103 5304 2331 5378 jungh:

2182 5420 2207 5441 υ
2242 5393 2451 5450 Omnia
2483 5393 2757 5448 mandata
2783 5392 2911 5462 ejus
2940 5391 3172 5448 veritas.
3196 5411 3235 5442 α)
3270 5388 3443 5446 Nulla
3463 5393 3629 5447 enim
3660 5389 3760 5447 fal-

2111 5484 2276 5540 sitate
2335 5481 2924 5554 comprehenduntur.
2969 5503 2993 5532 (ι
3043 5480 3233 5553 Iniqui
3285 5480 3589 5552 persecuti
3631 5483 3759 5537 sunt

2111 5591 2222 5639 me,
2259 5573 2470 5644 adjuva
2501 5588 2609 5626 me.
2647 5593 2675 5619 »
2707 5569 2916 5626 Gravia
2965 5571 3245 5626 adversus
3296 5570 3668 5642 principatus
3708 5573 3758 5624 et

2110 5665 2429 5734 potestates
2483 5660 2744 5716 sustineo
2803 5659 2975 5727 bella,
3033 5663 3089 5715 et
3144 5659 3272 5716 ideo
3332 5675 3449 5714 non
3510 5665 3666 5731 peto,
3699 5661 3757 5711 ut

2109 5756 2445 5810 amoveatur
2475 5751 2584 5808 hoc
2615 5749 2951 5823 certamen};
2985 5749 3087 5807 sed
3147 5753 3213 5805 ut
3271 5747 3535 5820 adjuver,
3572 5747 3758 5806 sciens
