3992 6194
283 394 438 461 1269

1439 392 1927 459 BREVIARIUM
1977 395 2052 458 ΙΝ
2102 397 2482 462 PSALMOS.

3532 381 3687 462 me

281 531 576 587 neminem
609 546 779 602 posse
809 529 1072 587 coronari
1126 529 1239 586 nisi
1299 529 1397 601 qui
1456 529 1715 600 legitime
1745 532 1931 585 certa-
1961 544 2016 611 Α
2046 531 2231 586 scitur
2257 531 2544 588 meditari.
2604 531 2706 588 Die
2739 536 2944 588 autem.
2992 533 3156 602 dixit,
3217 550 3319 606 pro
3369 511 3436 590 eo
3467 534 3621 606 quod
3657 548 3693 592 a

280 621 446 676 verit.

351 733 380 761 «
414 709 590 767 Paulo
623 710 820 766 minus
845 713 1400 765 consummaverunt
1422 724 1512 764 me
1546 709 1605 762 in
1628 712 1800 776 terra;
1828 723 1932 780 ego

282 805 478 856 autem
511 815 626 855 non
654 799 938 870 dereliqui
966 800 1241 854 mandata
1271 803 1389 855 tua.
1419 820 1446 847 »
1478 797 1656 852 Valde
1688 814 1779 852 me
1809 813 1930 852 cor-

280 889 504 962 poralia
542 887 682 943 vitia
711 887 771 944 in
802 893 956 943 terra
996 887 1411 944 humiliassent
1443 903 1454 940 :
1492 885 1603 942 nisi
1637 885 1932 941 custodis-

283 995 411 1036 sem
445 978 724 1034 mandata
753 978 970 1033 divina.

351 1091 380 1119 ‹‹
413 1067 749 1126 Secundum
781 1066 1245 1123 misericordiam
1276 1071 1438 1123 tuam
1471 1066 1695 1121 viviﬁca
1725 1082 1838 1121 me.
1905 1089 1925 1115 υ

285 1161 342 1214 In
372 1162 648 1214 aeternam
678 1157 856 1212 vitam
885 1175 898 1224 ;
931 1158 1070 1228 quia
1130 1173 1236 1229 ego
1275 1159 1400 1228 jam
1434 1173 1547 1211 non
1580 1155 1726 1210 mihi
1757 1155 1882 1211 vivo
1916 1171 1930 1210 :

277 1247 417 1302 vivit
447 1250 644 1302 autem
677 1246 736 1300 in
766 1262 857 1302 me
887 1246 1174 1302 Christus.
1211 1269 1238 1295 «
1290 1245 1364 1302 Ut
1395 1245 1725 1301 custodiam
1759 1244 1932 1299 testi-

280 1336 478 1392 monia
503 1335 622 1391 oris
653 1335 758 1390 tui.
809 1357 838 1385 »
898 1335 999 1390 Vel
1033 1351 1100 1390 ea
1147 1351 1273 1406 qua
1307 1335 1365 1389 in
1399 1335 1547 1406 Lege
1589 1333 1880 1389 mandasti
1915 1358 1929 1400 ;

276 1425 366 1482 vel
395 1425 498 1482 illa
527 1441 655 1498 quae
686 1425 745 1480 in
777 1423 1104 1497 Evangeliis
1131 1424 1444 1498 protulisti.

1000 1579 1186 1617 LAMED
1195 1603 1207 1615 .

353 1693 380 1720 «
418 1671 478 1726 In
509 1672 812 1735 aeternum,
846 1669 1111 1740 Domine,
1159 1669 1400 1725 verbum
1433 1671 1600 1723 tuum
1633 1669 1933 1739 permanet

279 1757 338 1814 in
371 1757 534 1814 coelo.
573 1779 595 1808 ι
634 1758 695 1813 In
725 1757 964 1814 homine
994 1757 1093 1814 illo
1126 1757 1343 1815 cmlesti
1375 1757 1498 1830 qui,
1532 1757 1733 1812 relicta
1780 1756 1929 1810 ima-

279 1849 414 1920 gine
442 1853 695 1913 terrena,
729 1848 919 1904 factus
953 1853 1041 1904 est
1071 1848 1305 1904 coelum.

351 1960 379 1987 «
415 1938 477 1992 In
507 1938 942 2010 generationem
975 1943 1031 1993 et
1058 1936 1492 2010 generationem
1524 1935 1738 1990 veritas
1770 1938 1928 1988 tua.»
1959 1919 2007 1984 B

279 2026 407 2083 Una
435 2027 733 2099 generatio
767 2032 856 2082 est
885 2027 1054 2099 Legis
1113 2030 1170 2081 et
1226 2025 1641 2097 prophetarum
1684 2039 1697 2077 :
1749 2023 1930 2077 altera

277 2115 750 2189 Evangeliorum.
787 2117 847 2169 In
881 2115 974 2170 his
1030 2113 1508 2186 generationibus
1556 2112 1770 2167 veritas
1801 2127 1928 2182 pcr-

280 2209 480 2260 manet
509 2203 606 2258 Dei
633 2220 644 2258 :
671 2203 812 2274 quia
834 2203 980 2257 nihil
1003 2203 1293 2258 mendacii
1327 2200 1749 2274 protulerunt.«
1777 2200 1928 2254 Fun-

278 2293 432 2348 dasti
464 2298 704 2362 terram,
735 2296 791 2348 et
819 2297 1140 2364 permanet.
1204 2314 1232 2340 ››
1292 2291 1416 2346 Non
1449 2289 1609 2345 illam
1641 2306 1765 2360 quae
1794 2305 1929 2344 cum

279 2381 421 2437 coelo
453 2381 707 2453 praeterit
737 2405 749 2436 :
781 2382 879 2437 sed
916 2379 1079 2436 illam
1111 2381 1170 2435 in
1230 2397 1346 2452 qua
1373 2380 1615 2436 verbum
1649 2379 1746 2433 Dei
1777 2376 1928 2433 mul-

279 2468 600 2542 tiplicatur.

351 2581 380 2609 ‹‹
408 2558 789 2615 Ordinatione
818 2565 922 2614 tua
951 2562 1282 2632 perseverat
1311 2557 1436 2614 dies
1461 2575 1474 2625 ;
1509 2557 1787 2630 quoniam
1811 2574 1930 2613 om-

277 2646 377 2704 nia
405 2647 664 2703 serviunt
721 2647 848 2703 tibi.
913 2671 940 2696 ››
991 2648 1122 2714 Qui,
1157 2646 1373 2703 relictis
1413 2646 1617 2702 mundi
1649 2645 1926 2714 tenebris,

278 2737 336 2792 in
367 2735 592 2792 lumine
621 2737 723 2792 Dei
754 2737 931 2803 vivit;
967 2736 1064 2792 ille
1100 2737 1158 2790 in
1196 2737 1396 2807 Deum,
1429 2735 1529 2807 qui
1577 2735 1701 2790 dies
1757 2751 1928 2789 verus

275 2829 384 2892 est,
417 2830 770 2897 perseverat.
804 2827 872 2880 Et
902 2825 1103 2881 omnia
1133 2842 1259 2897 qua
1305 2841 1373 2880 ex
1403 2824 1768 2880 ordinatione
1799 2824 1928 2894 ejus

276 2914 521 2986 perﬁcit,
556 2914 606 2970 ei
639 2915 880 2986 deputat
911 2915 1305 2970 serviendum.

346 3027 373 3053 «
432 3003 556 3059 Nisi
615 3004 772 3075 quod
829 3002 922 3058 lex
977 3007 1079 3058 tua
1140 3003 1441 3058 meditatio
1493 3019 1623 3058 mea
1651 3007 1759 3072 est,
1791 3006 1929 3056 tunc

275 3093 420 3148 forte
444 3092 750 3165 periissem
773 3091 832 3147 in
866 3091 1202 3148 humilitate
1234 3109 1415 3148 mea.»
1442 3092 1550 3147 Dat
1571 3089 1926 3163 exemplum,

274 3186 340 3237 ut
369 3181 603 3237 etiamsi
635 3181 692 3235 in
726 3180 970 3236 diversis
1003 3181 1507 3253 persecutionibus
1527 3180 1926 3248 humiliemur,

275 3269 464 3343 legem
498 3271 874 3340 meditemur,
908 3287 980 3326 ne
1003 3286 1334 3342 pereamus.

347 3382 376 3409 ‹‹
411 3360 473 3415 In
504 3364 787 3416 aeternum
819 3376 935 3415 non
968 3358 1278 3416 obliviscar
1299 3359 1751 3431 justiﬁcationes
1773 3363 1924 3414 tuas:

278 3448 416 3522 quia
444 3447 504 3504 in
538 3449 684 3522 ipsis
713 3449 1016 3504 viviﬁcasti
1051 3466 1163 3506 me.
1206 3472 1234 3500 »
1267 3450 1645 3506 Transferens
1677 3466 1770 3506 me
1800 3453 1932 3521 post

275 3538 597 3594 certamina
625 3537 814 3594 multa
845 3539 904 3593 in
935 3537 1113 3594 vitam
1147 3545 1443 3595 eternam.

347 3651 376 3678 «
409 3629 573 3684 Tuus
603 3645 736 3684 sum
768 3645 894 3700 ego,
941 3627 1167 3684 salvum
1212 3646 1304 3684 me
1336 3630 1444 3696 fac,
1484 3629 1747 3696 Domine,
1783 3645 1924 3700 quo-

267 3717 428 3773 niam
453 3717 907 3788 justiﬁcationes
967 3723 1100 3773 tuas
1157 3718 1461 3790 exquisivi.
1523 3741 1550 3768 »
1612 3719 1729 3790 Ego
1787 3726 1925 3773 tuus

264 3803 547 3871 famulus,
579 3811 635 3860 et
662 3810 726 3860 tu
759 3806 912 3861 Deus
943 3823 1130 3862 meus.
1166 3810 1210 3862 A
1241 3812 1296 3861 te
1323 3824 1497 3878 posco
1531 3805 1926 3877 salvari,quia

262 3897 464 3949 venter
493 3909 607 3948 non
633 3898 723 3950 est
753 3893 897 3948 mihi
956 3899 1128 3959 Deus,
1166 3912 1270 3950 nec
1327 3912 1460 3951 sum
1517 3895 1677 3951 inani
1726 3895 1922 3966 gloriae

265 3981 524 4047 deditus,
556 3982 656 4038 sed
679 3981 1207 4052 justiﬁcationibus
1239 3984 1377 4040 tuis.

340 4094 368 4121 ‹‹
425 4071 516 4126 Me
571 4075 1053 4143 exspectaverunt
1083 4078 1435 4144 peccatores,
1495 4077 1560 4128 ut
1617 4074 1923 4146 perderent

267 4176 380 4231 me,
412 4159 750 4216 testimonia
804 4164 907 4217 tua
956 4161 1232 4219 intellexi.
1280 4186 1308 4214 »
1338 4164 1532 4234 Longo
1586 4179 1680 4218 me
1736 4167 1919 4220 certa-

268 4247 424 4304 mine
455 4251 712 4306 adversae
745 4255 1062 4321 potestates
1122 4253 1497 4325 impugnant,
1559 4253 1658 4308 sed
1692 4270 1796 4325 ego
1829 4253 1918 4308 in-

264 4336 533 4408 telligens
590 4339 926 4395 testimonia
955 4345 1077 4408 tua,
1138 4341 1593 4398 consolationem
1635 4342 1825 4415 recepi
1852 4360 1920 4399 ex

268 4441 374 4481 618.

337 4536 367 4566 ‹‹
418 4513 622 4570 Omnis
676 4515 1138 4572 consumationis
1217 4519 1333 4571 vidi
1404 4520 1600 4574 ﬁnem.
1669 4543 1688 4567 -
1752 4520 1916 4574 Chri-

263 4607 422 4661 stum
453 4603 676 4676 utique,
710 4603 813 4675 qui
869 4603 1005 4659 ﬁnis
1035 4609 1124 4659 est
1183 4605 1365 4678 Legis,
1405 4611 1462 4661 et
1491 4607 1914 4678 Prophetarum

265 4692 714 4749 consummatio.
767 4692 1053 4764 Propheta
1110 4694 1372 4765 praevidit
1419 4696 1478 4749 in
1528 4697 1735 4768 spiritu
1778 4715 1914 4754 con-

263 4797 599 4838 summasse
655 4798 790 4838 eum
849 4782 1046 4838 omnia
1075 4799 1201 4854 quae
1241 4784 1459 4856 scripta
1489 4791 1630 4840 sunt
1659 4787 1728 4842 de
1760 4803 1824 4842 eo
1855 4786 1914 4842 in

264 4871 432 4944 Lege,
464 4875 521 4927 et
551 4871 877 4944 Prophetis,
924 4877 981 4927 et
1040 4871 1304 4943 psalmis.
1366 4873 1669 4945 Siquidem
1702 4875 1824 4946 ipse
1855 4875 1913 4930 in

263 4961 538 5034 passione
597 4959 677 5015 ait
739 4976 751 5014 :
816 4960 1262 5017 Consummatum
1319 4967 1399 5017 est
1432 4964 1764 5032 (Joan.xrx,
1799 4965 1910 5030 30).

263 5050 529 5106 «Latum
588 5050 934 5106 mandatum
1003 5054 1171 5105 tuum
1229 5051 1428 5106 nimis.
1493 5074 1520 5099 ››
1579 5052 1910 5123 Spatiosum

259 5138 419 5194 enim
451 5138 714 5210 praevidit
744 5142 978 5210 tempus
1013 5139 1156 5194 illud
1191 5140 1265 5194 ab
1295 5157 1362 5195 eo
1420 5157 1536 5211 quo
1575 5158 1636 5196 se
1667 5141 1908 5196 manda-

259 5227 342 5284 vit
367 5243 471 5301 per
523 5231 730 5299 Legem
783 5232 839 5282 et
879 5229 1200 5301 Prophetas
1258 5233 1570 5286 venturum
1603 5247 1909 5305 usquequo

260 5316 534 5389 procedat
572 5332 676 5388 per
703 5317 1099 5389 Evangelium.

1017 5469 1164 5509 ΜΕΜ.

339 5575 361 5603 ι
391 5557 691 5622 Quomodo
723 5556 896 5613 dilexi
919 5557 1105 5630 legem
1137 5560 1584 5630 tuam,Domine
1617 5578 1630 5615 :
1669 5563 1786 5615 tota
1817 5561 1910 5618 die

259 5643 556 5702 meditalio
583 5662 712 5701 mea
743 5651 883 5702 est.»
923 5649 983 5703 In
1010 5647 1119 5703 hoc
1149 5654 1393 5720 apparet
1423 5667 1555 5704 eum
1588 5649 1773 5722 legem
1807 5650 1906 5705 Dei

255 5735 497 5811 diligere
529 5736 710 5811 :quia
737 5753 909 5795 omne
939 5741 1174 5811 tempus
1201 5738 1329 5796 vitae
1381 5757 1500 5797 suae
1531 5756 1661 5796 eam
1693 5756 1904 5813 cogno-

2042 619 2348 692 splendore
2380 622 2586 677 divinae
2618 621 2766 678 lucis
2798 621 3047 678 eluceat.

2116 711 2363 781 «Super
2417 711 2686 766 inimicos
2745 728 2905 767 meos
2966 711 3309 783 prudentem
3370 729 3462 768 me
3502 710 3689 768 fecisti

2043 801 2320 855 mandato
2344 804 2466 871 tuo,
2501 801 2638 873 quia
2678 801 2735 855 in
2768 804 3048 856 internum
3071 799 3215 854 mihi
3245 805 3353 856 est.
3390 824 3416 850 »
3466 798 3693 858 Inimici

2043 889 2358 960 prophetae,
2389 889 2574 944 Judaei
2607 895 2766 956 sunt,
2805 889 2905 960 qui
2965 887 3347 961 spiritualiter
3384 906 3497 945 non
3527 889 3695 944 intel-

2043 978 2248 1051 ligunt.
2314 979 2537 1044 Quibus
2595 979 3030 1050 prudentiorem
3091 977 3374 1050 propheta
3427 995 3488 1032 se
3527 978 3687 1048 dicit,

2043 1067 2181 1138 quia
2237 1069 2296 1123 in
2356 1068 2450 1123 his
2507 1068 2799 1123 mandatis
2841 1085 2968 1139 qua:
3014 1067 3072 1122 in
3103 1072 3386 1122 aeternum
3419 1067 3688 1135 servavit,

2039 1162 2351 1213 venturum
2382 1158 2691 1213 Dominum
2726 1157 3011 1229 praevidit.

2119 1270 2138 1296 α
2173 1252 2358 1319 Super
2387 1264 2590 1303 omnes
2619 1248 2892 1302 docentes
2923 1263 3016 1302 me
3045 1245 3325 1312 intellexi,
3358 1245 3495 1317 quia
3523 1243 3688 1301 testi-

2042 1334 2239 1390 monia
2269 1340 2370 1390 tua
2422 1335 2722 1392 meditatio
2782 1351 2912 1390 mea
2967 1338 3075 1390 est.
3134 1356 3162 1385 »
3197 1335 3491 1390 Docebant
3548 1338 3690 1391 tunc
3799 1381 3816 1391 .

2042 1424 2253 1479 Scribae
2279 1429 2335 1480 et
2366 1425 2641 1480 Phariszei
2673 1425 2954 1480 habentes
3003 1423 3257 1480 scientiae
3287 1422 3504 1478 clavem
3541 1440 3554 1479 :
3587 1424 3691 1479 sed

2040 1513 2149 1569 iste
2180 1531 2357 1586 super
2387 1513 2479 1570 his
2509 1513 2803 1586 intelligit,
2839 1513 2940 1586 qui
2974 1513 3321 1586 mysterium
3363 1516 3690 1584 unguento-

2041 1619 2194 1669 rum,
2255 1608 2310 1658 et
2368 1603 2740 1658 festivitatem
2800 1608 2972 1674 atque
3032 1602 3598 1670 holocautomatum,
3630 1601 3692 1657 in

2040 1691 2368 1764 Evangeliis
2399 1692 2542 1747 vidit
2571 1710 2700 1748 esse
2731 1691 3166 1764 complendum.

2115 1805 2142 1831 ‹‹
2174 1781 2361 1853 Super
2386 1798 2554 1837 senes
2585 1781 2840 1837 intellexi
2875 1799 2886 1836 :
2923 1781 3062 1852 quia
3094 1780 3373 1835 mandata
3401 1784 3502 1835 tua
3539 1797 3693 1852 quae-

2041 1870 2168 1925 sivi.
2205 1894 2231 1918 ››
2265 1875 2451 1942 Super
2493 1872 2828 1926 sacerdotes
2874 1875 2930 1925 et
2960 1869 3254 1942 principes
3301 1874 3511 1924 cuncta
3547 1869 3693 1942 legis

2037 1960 2316 2014 mandata
2371 1960 2639 2031 requiro:
2677 1960 2816 2031 quia
2867 1958 2925 2013 in
2961 1959 3116 2016 Novo
3172 1959 3544 2014 Testamento
3601 1956 3695 2031 agi

2039 2048 2340 2120 praestolor
2368 2050 2521 2120 quod
2555 2065 2726 2103 cerno
2761 2048 2819 2102 in
2855 2047 3050 2103 Veteri
3083 2047 3424 2120 ﬁguratum.

2115 2160 2140 2184 ‹‹
2171 2138 2255 2192 Ab
2295 2137 2456 2192 omni
2512 2138 2605 2192 via
2664 2136 2818 2192 mala
2875 2135 3150 2208 prohibui
3205 2135 3382 2207 pedes
3413 2151 3594 2202 meos,
3630 2140 3696 2192 ut

2040 2227 2366 2282 custodiam
2398 2227 2574 2282 verba
2601 2230 2722 2281 tua.
2758 2248 2785 2275 ››
2849 2227 2892 2280 Α
2949 2223 3268 2297 ριέεοὶρίῐὶο
3299 2224 3446 2279 omni
3479 2223 3696 2282 facino-

2040 2316 2154 2372 rosi
2186 2333 2279 2372 me
2311 2331 2542 2388 semper
2574 2314 2822 2382 inhibui,
2884 2317 2948 2369 ut
2987 2313 3222 2370 facilius
3250 2313 3494 2370 verbum
3523 2327 3694 2370 man-

2039 2406 2309 2460 datorum
2341 2405 2633 2460 custodire
2663 2403 2905 2460 alerem.

2112 2517 2138 2543 ‹‹
2174 2494 2484 2564 Ajudiciis
2511 2493 2630 2550 tuis
2687 2510 2802 2550 non
2859 2491 3167 2564 declinavi,
3225 2492 3365 2565 quia
3399 2496 3463 2548 tu
3491 2493 3681 2566 legem

2039 2582 2285 2655 posuisti
2319 2583 2482 2638 mihi.
2541 2607 2567 2632 »
2602 2585 2812 2656 Legem
2845 2583 3255 2639 mandatorum
3283 2586 3400 2638 ate
3430 2583 3686 2656 suscepi,

2040 2673 2195 2744 quod
2228 2674 2276 2728 si
2322 2674 2392 2728 ab
2423 2673 2516 2729 his
2550 2673 2902 2729 declinarem
2955 2672 3199 2744 judiciis
3233 2688 3245 2727 :
3279 2671 3340 2728 in
3369 2673 3694 2744 aeternoju-

2039 2761 2188 2817 dicio
2221 2763 2660 2818 condemnarer.
2831 2821 2834 2824 ,

2112 2874 2136 2899 ‹‹
2175 2852 2360 2916 Quam
2393 2851 2587 2906 dulcia
2619 2851 2886 2906 faucibus
2907 2852 3052 2906 meis
3082 2850 3315 2923 eloquia
3341 2849 3480 2906 tua!
3515 2865 3694 2922 super

2041 2939 2155 2994 mel
2185 2944 2243 2995 et
2273 2941 2467 2995 favum
2499 2941 2583 2994 ori
2618 2956 2768 2996 meo.
2801 2963 2829 2989 »
2890 2940 3162 3006 Transito
3226 2939 3419 3008 melle,
3450 2938 3538 2994 vel
3571 2937 3686 2996 alio

2039 3028 2167 3084 cibo
2199 3028 2415 3101 palato,
2449 3027 2676 3084 nullum
2709 3028 2865 3084 ultra
2891 3045 3159 3084 sanorem
3189 3027 3364 3084 habet
3397 3045 3410 3084 :
3445 3027 3545 3084 sed
3575 3028 3690 3084 elo-

2039 3119 2179 3190 quia
2208 3123 2330 3184 tua,
2365 3119 2626 3185 Domine,
2676 3119 2797 3174 sive
2853 3119 2911 3174 in
2973 3135 3091 3188 ore,
3153 3117 3272 3174 sive
3302 3118 3361 3172 in
3395 3117 3684 3190 faucibus,

2037 3207 2127 3262 vel
2154 3209 2212 3262 in
2243 3224 2455 3263 arcano
2487 3208 2670 3263 abditi
2731 3208 3003 3279 pectoris,
3039 3224 3270 3280 semper
3319 3207 3514 3263 dulcia
3547 3211 3690 3263 sunt

1958 3285 2000 3350 C
2041 3296 2460 3351 meditantibus
2491 3313 2578 3352 ea.
2611 3297 2757 3351 Nam
2813 3298 2964 3353 sicut
2994 3297 3107 3352 mel
3144 3296 3373 3353 visibile
3403 3296 3692 3352 amaritu-

2041 3384 2237 3440 dinem
2269 3391 2424 3441 arcet
2454 3391 2789 3442 nostrarum
2833 3387 3090 3442 faucium
3128 3402 3140 3442 :
3175 3387 3256 3441 ita
3298 3385 3547 3458 eloquiis
3579 3390 3694 3442 Do-

2041 3474 2274 3531 minicis
2305 3475 2730 3532 amaritudines
2771 3482 3107 3533 nostrorum
3161 3474 3480 3531 criminum
3533 3473 3690 3530 miti-

2038 3569 2270 3636 gantur.

2109 3677 2137 3702 «
2169 3658 2218 3707 Α
2250 3655 2544 3710 mandatis
2575 3655 2693 3711 tuis
2724 3655 3002 3722 intellexi,
3043 3658 3348 3728 propterea
3377 3652 3530 3710 odivi
3561 3667 3690 3710 om-

2035 3759 2168 3798 nem
2201 3743 2354 3799 viam
2388 3743 2737 3816 iniquitatis.
2773 3767 2798 3792 ››
2831 3745 3238 3817 Supradictam
3272 3743 3686 3799 mandatorum

2034 3831 2403 3888 dulcedinem
2462 3832 2757 3901 hauriens,
2818 3832 3028 3905 iniqua;
3090 3831 3502 3889 amaritudinis
3529 3830 3684 3887 viam

2033 3920 2205 3976 odivi.

2790 4099 2931 4139 NUN.

2101 4250 2127 4274 ‹‹
2165 4226 2425 4282 Lucerna
2454 4226 2702 4297 pedibus
2725 4225 2872 4279 meis
2904 4223 3147 4278 verbum
3179 4221 3678 4287 tuum,Domine.»

2028 4314 2086 4370 Si
2119 4315 2178 4369 in
2207 4315 2386 4388 hujus
2417 4313 2612 4369 saeculi
2657 4313 2926 4368 noctibus
2956 4311 3016 4366 in
3071 4310 3240 4368 nobis
3269 4309 3429 4367 verbi
3461 4309 3561 4366 Dei
3589 4309 3684 4367 lu-
3779 4368 3785 4371 .

2029 4407 2155 4459 ceat
2182 4403 2380 4459 lumen
2416 4420 2428 4457 :
2464 4418 2577 4457 non
2612 4401 2881 4456 incidunt
2910 4401 3088 4473 pedes
3120 4400 3302 4456 nostri
3335 4401 3395 4454 in
3438 4399 3679 4471 laqueos

2029 4491 2257 4547 funium
2290 4509 2355 4547 ac
2386 4491 2704 4563 praecipitia
2733 4491 3052 4555 fovearum,
3113 4507 3240 4561 quae
3291 4506 3503 4544 manus
3535 4490 3680 4544 artis

2031 4579 2327 4635 diabolicae
2357 4579 2416 4634 in
2450 4579 2668 4636 nostris
2719 4577 3089 4634 olfendiculis
3146 4581 3494 4650 praeparant.
3530 4600 3559 4625 «
3613 4578 3681 4632 Et

2027 4669 2225 4724 lumen
2259 4669 2484 4724 semitis
2535 4669 2702 4724 meis.
2739 4691 2766 4717 ››
2823 4667 2915 4741 Ut]
2941 4667 3051 4723 hoc
3081 4665 3303 4722 lumine
3358 4669 3676 4738 praeeunte,

2027 4760 2170 4814 dum
2201 4758 2327 4813 vitae
2363 4758 2536 4813 istius
2571 4756 2813 4813 semitas
2875 4756 3180 4830 gradimur
3229 4773 3242 4812 :
3296 4754 3356 4810 in
3385 4771 3514 4810 eam
3547 4770 3674 4826 qua

2027 4849 2118 4904 via
2150 4865 2283 4904 vera
2311 4852 2421 4918 est,
2454 4847 2866 4919 perducamur.

2101 4961 2127 4986 ‹‹
2161 4937 2357 4992 Juravi
2390 4940 2447 4990 et
2477 4936 2653 4991 statui
2674 4935 2965 4992 custodire
2988 4933 3469 5007 judiciajustitite
3499 4937 3672 4989 tuae.»

2028 5026 2287 5082 Primum
2329 5025 2570 5096 juravit,
2602 5031 2667 5080 ut
2696 5027 2767 5081 ab
2826 5025 2933 5081 hac
2993 5023 3261 5081 custodia
3316 5039 3433 5079 non
3465 5022 3674 5080 dissol~

2025 5121 2212 5172 vatur.
2274 5115 2488 5171 Deinde
2543 5115 2767 5180 statuit,
2828 5119 2892 5170 ut
2948 5131 3074 5186 qua
3115 5115 3416 5185 juraverat
3453 5114 3670 5185 firmet,

2025 5206 2215 5261 sciens
2248 5204 2390 5260 nihil
2424 5204 2483 5259 in
2514 5203 2615 5260 Dei
2637 5203 2881 5275 judiciis
2912 5203 3025 5260 nisi
3082 5220 3186 5276 per
3207 5202 3503 5275 justitiam
3534 5220 3669 5276 pro-

2024 5294 2230 5366 palari.

2096 5405 2123 5432 ‹‹
2163 5382 2512 5438 Humiliatus
2544 5399 2675 5438 sum
2720 5398 3162 5456 usquequaque,
3213 5383 3497 5440 Domine:
3530 5382 3671 5438 vivi-

2026 5473 2134 5528 ﬁca
2166 5489 2257 5528 me
2287 5472 2611 5528 secundum
2633 5472 2874 5528 verbum
2908 5472 3351 5529 tuum.»Didicit
3373 5471 3671 5528 humilita-

2023 5567 2139 5617 tem
2189 5579 2364 5633 quam
2399 5561 2667 5617 Christus
2698 5560 2896 5616 docu‘it
2927 5579 2940 5616 ε
2975 5563 3076 5634 qui
3129 5562 3289 5618 mitis
3330 5565 3438 5628 est,
3472 5563 3528 5615 et
3557 5558 3670 5615 hu-

2021 5650 2177 5705 milis
2208 5651 2397 5706 corde.
2423 5651 2557 5705 Ideo
2590 5667 2743 5705 nunc
2767 5652 3203 5723 uleprecatur,ut
3229 5651 3380 5706 sicut
3409 5647 3505 5704 ille
3536 5651 3670 5720 post

2016 5739 2407 5797 humilitatem
2441 5741 2639 5796 formae
2657 5740 2883 5799 servilis
2905 5741 3190 5800 exaltatus
3209 5745 3299 5800 est
3326 5739 3386 5796 in
3415 5736 3663 5812 gloriam
