3992 6194
315 377 468 445 12⁸71

1809 370 2231 433 APPENDIX.

3558 369 3725 437 1272

306 510 412 572 Dei
442 508 644 584 patris,
704 507 786 565 ita
841 510 898 564 et
928 506 1037 563 iste
1067 506 1139 562 ab
1169 505 1278 562 hac
1307 504 1641 562 humilitate
1684 521 1960 578 corporea
1988 506 2044 573 Α
2072 506 2250 562 tando
2272 504 2448 562 dicit:
2483 528 2512 556 ‹‹
2541 502 2835 562 Declinate
2856 520 2890 562 a
2910 501 3295 577 me,maligni.
3318 524 3351 556 ιο
3378 503 3442 563 Si
3467 502 3723 569 volueris

311 603 373 659 in
402 601 580 657 vitam
611 598 998 655 transferatur
1038 598 1290 652 ternam.

311 701 319 708 ’
383 715 410 742 «
442 688 787 746 Voluntaria
816 687 933 744 oris
965 686 1078 741 mei
1111 684 1474 757 beneplacita
1516 685 1627 753 fac,
1664 685 1961 741 Domine.»

310 782 436 838 Vox
464 778 754 836 Ecclesia.
790 782 869 830 Ac
899 776 949 831 si
980 775 1135 831 dicat
1184 793 1197 830 :
1245 774 1393 830 Vota
1432 792 1560 830 mea
1590 792 1716 847 qua
1747 774 1851 829 tibi
1883 774 1965 830 of-

304 871 456 939 fero,
488 865 850 939 beneplacita
880 865 988 921 tibi
1020 865 1159 932 sint,
1213 863 1271 919 id
1303 869 1412 931 est,
1472 862 1851 936 acceptabilia
1905 868 1966 920 et

315 955 697 1017 delectabilia.
758 978 786 1006 ‹‹
820 953 1136 1026 Etjudicia
1194 958 1295 1008 tua
1323 953 1465 1009 doce
1496 969 1609 1009 me.
1645 975 1673 1003 ››
1706 954 1823 1008 Hoc
1853 956 1961 1020 est,

313 1054 415 1105 tua
446 1047 725 1103 mandata
754 1048 819 1100 ut
849 1042 1172 1116 intelligam
1203 1048 1262 1098 et
1290 1041 1587 1115 impleam.

388 1160 416 1188 «
452 1136 663 1191 Anima
694 1150 824 1189 mea
851 1132 911 1187 in
972 1132 1247 1189 manibus
1277 1132 1415 1188 tuis.
1447 1151 1473 1184 ιι
1509 1132 1627 1187 Hoc
1656 1133 1745 1187 est
1774 1130 1965 1187 sensi-

315 1229 428 1283 bus
457 1226 576 1282 tuis
607 1242 621 1280 :
656 1224 796 1297 quia
826 1226 1066 1294 paratus
1099 1239 1231 1277 sum
1291 1227 1356 1277 ut
1405 1237 1624 1293 operer.
1666 1221 1733 1275 Et
1762 1219 1822 1275 in
1854 1220 1966 1276 alio

314 1315 442 1374 loco
473 1314 614 1370 dicit
644 1330 657 1368 :
695 1334 722 1364 ‹‹
753 1313 967 1368 Anima
998 1328 1129 1368 mea
1157 1310 1217 1367 in
1249 1310 1523 1367 manibus
1555 1310 1719 1366 meis.
1757 1333 1777 1360 ιι
1815 1311 1965 1375 Quo-

317 1404 491 1462 modo
510 1403 652 1459 dicit
671 1402 731 1458 in
765 1400 1040 1457 manibus
1062 1399 1210 1456 meis
1231 1400 1259 1455 ?
1288 1404 1364 1457 Eo
1385 1400 1541 1471 quod
1573 1403 1810 1471 paratus
1832 1415 1965 1455 sum

316 1493 661 1566 martyrium
692 1490 982 1549 sustinere
1012 1494 1247 1562 propter
1274 1487 1597 1545 Christum.

387 1606 415 1633 ‹‹
463 1584 792 1640 Posuerunt
851 1583 1180 1650 peccatores
1238 1576 1478 1648 laqueos
1536 1577 1701 1635 mihi.
1763 1600 1792 1626 »
1824 1577 1967 1634 Vide

314 1672 471 1743 quod
501 1668 748 1741 laqueus
806 1682 974 1723 secus
1028 1664 1181 1721 viam
1244 1664 1499 1736 ponitur,
1560 1668 1617 1720 et
1672 1664 1722 1722 si
1777 1680 1969 1738 egres-

314 1778 418 1817 sus
450 1758 634 1814 fueris
668 1758 739 1812 de
766 1755 880 1823 via,
909 1754 1083 1810 cades
1109 1754 1169 1809 in
1190 1752 1489 1825 laqueum.
1522 1753 1670 1817 Quid
1698 1759 1838 1809 sunt
1868 1753 1966 1809 isti

315 1843 1018 1943 laqueitnisitendicula
1051 1842 1396 1943 diaboli,.vel
1429 1842 1968 1943 suggestioneslda-
1997 1877 2046 1943 Β

311 1936 511 1993 monis
532 1936 560 1991 ‘I
592 1934 749 1991 Vitia
776 1934 951 1990 etiam
1006 1937 1063 1988 et
1096 1934 1353 2008 peccata
1406 1936 1656 2004 possunt
1698 1931 1967 2004 intelligi.

318 2049 347 2076 «
380 2027 450 2082 Et
478 2025 536 2079 in
570 2023 884 2091 mandatis,
917 2023 1034 2079 tuis
1081 2038 1193 2078 non
1228 2020 1432 2078 erravi.
1468 2043 1497 2071 »
1530 2021 1651 2077 Vox
1681 2020 1966 2078 Ecclesia.

314 2115 444 2172 'Non
475 2112 659 2171 erravi
690 2126 724 2169 a
752 2113 872 2168 tuis
902 2110 1219 2181 mandatis,
1270 2110 1371 2166 sed
1424 2110 1708 2167 custodivi
1738 2111 1797 2167 in
1828 2126 1970 2183 ope-

317 2204 564 2262 ratione;

388 2316 418 2344 «
449 2292 798 2351 Hareditate
853 2288 1136 2361 acquisivi
1194 2289 1535 2345 testimonia
1600 2294 1721 2346 tua.
1781 2311 1811 2342 ››
1845 2291 1971 2347 Tua

315 2381 659 2439 testimonia
687 2384 745 2435 et
768 2384 868 2434 tua
908 2383 1212 2450 praecepta;
1244 2377 1353 2433 hoc
1384 2384 1474 2433 est
1502 2395 1632 2435 mea
1661 2378 1969 2436 hareditas

314 2470 376 2527 in
407 2474 711 2537 aternum,
744 2472 801 2545 et
829 2466 945 2532 hic,
978 2471 1035 2521 et
1063 2466 1122 2521 in
1155 2467 1439 2522 futurum.
1505 2489 1534 2517 »
1593 2469 1738 2533 Quia
1776 2468 1969 2524 exsul-

315 2557 461 2614 tatio
495 2556 687 2613 cordis
720 2554 833 2611 mei
865 2557 1022 2609 sunt.
1078 2578 1099 2606 ι
1139 2555 1265 2609 Tua
1319 2554 1676 2627 testimonia,
1717 2557 1827 2612 hoc
1859 2562 1967 2624 est,

316 2647 592 2724 exultatio
620 2664 639 2702 :
668 2644 809 2717 quia
828 2641 1085 2699 Ecclesia
1114 2643 1174 2699 in
1202 2643 1495 2700 mandatis
1516 2644 1618 2700 Dei
1650 2644 1971 2703 delectatur

322 2739 382 2792 et
426 2734 700 2791 exsultat.

389 2847 418 2876 «
451 2822 733 2881 Inclinavi'
760 2837 862 2879 cor
891 2837 1111 2877 meum.
1164 2843 1184 2869 η
1220 2821 1347 2877 Non
1376 2823 1460 2877 fui
1492 2824 1805 2896 superbus,
1866 2826 1969 2882 sed

317 2914 583 2985 humilis,
616 2917 673 2969 et
726 2912 856 2968 ideo
906 2910 1243 2967 «inclinavi
1297 2928 1398 2967 cor
1455 2929 1670 2982 meum,
1716 2935 1744 2964 »
1795 2919 1859 2970 ut
1914 2919 1971 2972 te

311 3001 707 3074 intelligerem
743 3018 756 3056 :
792 2998 932 3071 quia
988 2999 1223 3072 superbi
1282 3016 1397 3055 non
1454 3000 1739 3058 inclinant
1768 3020 1865 3059 cor
1896 3004 1969 3059 ad

322 3090 741 3155 humilitatem.
772 3091 857 3145 Ad
890 3090 1043 3162 quod
1079 3089 1351 3146 inclinavi
1383 3106 1481 3145 cor
1526 3100 1724 3147 meum
1755 3093 1782 3148 ‘I
1829 3094 1972 3149 dicit

312 3179 612 3243 Ecclesia.
664 3201 690 3229 ‹‹
748 3179 834 3234 Ad
898 3178 1193 3234 faciendas
1233 3179 1687 3249 justiﬁcationes
1745 3185 1895 3238 tuas.
1940 3204 1968 3234 ››

324 3270 445 3327 Ηοο
472 3273 563 3325 est
593 3269 872 3324 mandata
899 3272 1021 3324 tua.
1055 3291 1083 3318 «
1116 3267 1181 3323 In
1209 3272 1488 3324 aeternum
1542 3274 1779 3342 propter
1809 3273 1967 3328 retri-
2000 3249 2043 3317 (ἶ

316 3359 641 3417 butionem.
676 3381 705 3409 »
754 3358 899 3413 Vita
958 3361 1205 3425 aterna,
1239 3362 1304 3413 ut
1331 3357 1493 3413 illam
1524 3375 1751 3416 merear
1782 3362 1969 3433 perci-

317 3465 473 3521 pere.

1021 3571 1263 3610 SAMECH.

390 3684 417 3710 ‹‹
452 3660 689 3732 Iniquos
721 3661 855 3714 odio
886 3660 1086 3724 habui,
1150 3665 1207 3715 et
1268 3660 1454 3732 legem
1514 3665 1673 3716 tuam
1708 3662 1904 3719 dilexi.
1939 3685 1966 3714 η

320 3748 438 3805 Vox
469 3748 766 3819 Propheta
796 3747 856 3801 in
890 3765 1138 3819 persona
1157 3748 1443 3804 Ecclesia.
1478 3751 1777 3816 Quemodo
1808 3751 1969 3823 dicit,

322 3860 350 3888 ‹‹
385 3836 622 3908 Iniquos
651 3836 784 3891 odio
818 3835 1035 3902 habui;
1071 3858 1099 3886 »
1132 3838 1273 3891 dum
1306 3839 1589 3894 Dominus
1620 3839 1762 3896 dicit
1821 3858 1833 3895 :
1874 3843 1971 3897 Di-

326 3926 483 3996 ligite
510 3925 766 3982 inimicos
793 3928 1017 3995 vestros,
1052 3925 1347 3994 benefacite
1377 3928 1461 3981 his
1506 3930 1601 3997 qui
1628 3944 1719 3984 vos
1745 3929 1974 3985 oderunt

317 4017 469 4088 (Luc.
502 4032 580 4085 Vl,
610 4015 751 4084 27)?
782 4014 851 4069 Et
881 4012 1018 4068 alibi
1083 4030 1095 4068 :
1155 4013 1320 4069 Orate
1373 4030 1474 4085 pro
1528 4020 1975 4089 persequentibus

318 4113 370 4161 et
398 4103 866 4160 calumniantibus
896 4102 1049 4158 vobis
1080 4101 1285 4173 (Matth.
1318 4120 1372 4171 v,
1434 4105 1545 4172 44).
1604 4106 1671 4160 Et
1700 4106 1794 4161 hic
1824 4124 1971 4178 quo-

319 4194 492 4251 modo
549 4193 711 4259 dicit,
772 4192 907 4250 Odia
965 4191 1133 4247 habui
1160 4192 1188 4246 ‘I
1244 4193 1350 4248 Sed
1410 4195 1736 4249 secundum
1784 4194 1972 4268 legem

316 4282 543 4341 Veteris
573 4282 931 4341 Testamenti
991 4286 1187 4353 potest
1216 4298 1279 4337 se
1327 4282 1655 4349 defendere,
1704 4284 1858 4340 sicut
1885 4285 1975 4341 di-

319 4374 478 4426 ctum
510 4375 600 4427 est
635 4386 648 4425 :
681 4370 887 4441 Dilige:
925 4373 1171 4426 amicum
1234 4378 1410 4441 tuum,
1470 4376 1520 4426 et
1576 4372 1697 4429 odio
1754 4372 1973 4431 habebis
2010 4421 2023 4433 .

318 4460 613 4516 inimicum
667 4466 826 4515 tuum
880 4460 1052 4530 (Levii
1078 4476 1192 4525 XIX,
1240 4460 1307 4514 18
1336 4477 1349 4529 ;
1381 4460 1569 4516 Matth.
1602 4479 1656 4530 v,
1691 4462 1802 4534 43).
1861 4465 1971 4520 Sed

316 4550 490 4606 modo
522 4548 963 4620 intelligendum
994 4552 1103 4617 est,
1140 4570 1168 4598 ‹‹
1201 4548 1344 4603 Odio
1394 4548 1594 4617 habui,
1659 4574 1687 4600 ››
1747 4552 1888 4609 vitia
1916 4557 1973 4609 et

2072 594 2319 667 perfecte
2348 594 2747 667 paenitentiam
2808 610 2995 667 agere,
3054 610 3364 668 segregare
3393 598 3453 650 te
3483 594 3670 653 debes
3696 613 3728 651 ι

2071 684 2362 740 consortio
2388 687 2758 757 peccatorum
2786 682 2876 739 vel
2906 682 3169 739 omnium
3202 682 3507 739 malorum
3537 683 3729 740 homi-

2073 789 2237 837 num,
2269 778 2328 830 et
2383 773 2583 846 fugere
2637 773 2697 830 in
2728 770 2911 829 alium
2940 772 3157 841 locum,
3209 777 3277 828 ut
3306 772 3573 844 perfecte
3602 788 3728 829 eam

2072 877 2244 934 agere
2269 861 2481 919 valeas.
2519 883 2547 913 «
2576 861 2870 919 Declinate
2901 878 2935 917 a
2963 878 3076 927 me,
3109 860 3396 934 maligni;
3434 882 3466 910 ιο
3504 860 3563 916 hi
3598 867 3731 917 sunt

2073 952 2386 1019 damones,
2409 952 2547 1008 vitia
2567 955 2624 1007 et
2652 955 2887 1023 peccata
2917 966 2932 1005 :
2966 950 3053 1011 vel
3084 950 3438 1009 adversaria
3472 954 3732 1022 potesta-

2074 1044 2180 1096 tes.
2213 1040 2359 1105 Quia
2388 1041 2529 1097 dum
2562 1040 2675 1114 ipsi
2712 1038 3040 1096 tendiculas
3096 1040 3198 1099 tibi
3254 1044 3626 1111 praeparant,
3682 1043 3736 1097 et

2072 1130 2481 1203 suggestioues
2529 1131 2839 1203 pessimas,
2873 1145 2988 1189 non
3031 1132 3189 1199 potes
3245 1129 3505 1187 scrutari
3560 1144 3729 1189 man-

2072 1220 2212 1277 data
2239 1220 2363 1287 Dei,
2417 1225 2482 1277 ut
2536 1220 2636 1276 illa
2691 1221 2838 1277 bene
2894 1219 3204 1291 intelligas.
3234 1219 3345 1275 Sed
3377 1219 3429 1275 si
3465 1218 3730 1277 volueris

2074 1309 2474 1382 paenitentiam
2505 1325 2694 1383 agere,
2729 1325 3034 1383 segregare
3060 1309 3129 1365 de
3158 1308 3339 1366 debes
3383 1310 3462 1366 ab
3498 1308 3737 1367 illorum

2075 1399 2386 1455 consortio.

2147 1508 2175 1537 «
2209 1487 2451 1558 Suscipe
2474 1504 2565 1543 me
2595 1487 2920 1543 secundum
2950 1485 3249 1558 eloquium
3273 1490 3476 1542 tuum.
3505 1511 3530 1539 ι
3560 1488 3735 1543 David

2075 1574 2217 1632 dicit
2248 1593 2261 1632 :
2294 1576 2537 1649 Suscipe
2567 1592 2660 1633 me
2690 1593 2725 1632 a
2753 1593 2926 1633 carne
2958 1576 3282 1632 secundum
3313 1577 3481 1649 quod
3515 1576 3738 1648 promi-

2075 1664 2228 1733 sisti,
2291 1670 2356 1721 ut
2409 1666 2481 1721 de
2540 1682 2671 1721 mea
2729 1681 2903 1721 carne
2949 1680 3185 1720 carnem
3218 1664 3528 1737 acciperes
3559 1668 3734 1721 etme

2076 1753 2411 1810 redimeres.
2446 1777 2473 1804 ‹‹
2504 1755 2571 1809 Et
2598 1753 2807 1810 vivam.
2843 1776 2871 1802 ››
2904 1754 3021 1810 Hoc
3077 1758 3168 1809 est
3220 1752 3281 1809 in
3321 1754 3535 1809 anima
3565 1754 3619 1809 si
3650 1770 3735 1810 me

2077 1842 2477 1910 redemeris,et
2497 1842 2610 1911 hic,
2642 1846 2699 1898 et
2727 1843 2784 1897 in
2817 1842 3104 1898 futurum.
3143 1864 3165 1891 ι
3197 1843 3271 1898 Et
3299 1859 3376 1898 ne
3406 1843 3732 1899 confundas

2079 1947 2172 1987 me
2204 1931 2276 1987 ab
2305 1932 2735 2004 exspectatione
2766 1931 3038 1988 mea.»De
3068 1931 3178 1988 hoc
3209 1931 3369 2004 quod
3403 1934 3731 2004 exspectavi

2077 2037 2204 2077 eam
2236 2020 2640 2089 salvationem,
2674 2037 2809 2077 cum
2840 2020 3065 2077 veneris
3103 2038 3220 2078 non
3252 2021 3617 2093 confundar,
3676 2028 3733 2078 ut

2078 2125 2195 2166 non
2226 2109 2472 2167 habeam
2504 2110 2905 2167 confusionem
2937 2126 3126 2183 neque
3153 2109 3272 2182 hic,
3322 2126 3533 2183 neque
3559 2111 3616 2166 in
3644 2110 3729 2166 fu-

2077 2203 2299 2257 turum.

2152 2312 2180 2340 ‹‹
2213 2290 2441 2361 Adjuva
2498 2306 2611 2346 me.
2673 2312 2703 2339 »
2757 2288 3055 2345 Auxilium
3112 2293 3298 2363 rogat.
3351 2311 3385 2339 «
3444 2288 3735 2346 Etsalvus

2079 2395 2197 2435 ero.
2228 2398 2255 2431 ιο
2295 2382 2357 2435 in
2388 2380 2604 2447 anima,
2662 2381 2712 2435 si
2754 2380 2982 2435 veneris
3013 2383 3079 2433 ut
3131 2394 3224 2435 me
3281 2379 3562 2451 adjuves.
3619 2402 3650 2429 α
3680 2383 3740 2434 Et

2079 2468 2408 2525 meditabor
2437 2469 2496 2524 in
2520 2467 3047 2540 justiﬁcationibus
3076 2468 3215 2523 tuis.
3241 2490 3270 2517 ιι
3300 2467 3368 2524 Id
3401 2473 3515 2538 est,
3541 2469 3606 2524 in
3629 2468 3737 2526 tuis

2081 2558 2395 2613 mandatis.
2429 2582 2456 2607 ‹‹
2483 2559 2742 2630 Semper.
2778 2579 2807 2608 »
2838 2558 2975 2613 Sine
3005 2557 3140 2613 ﬁne.

2151 2668 2178 2695 «
2214 2647 2493 2719 Sprevisti
2549 2664 2753 2703 omnes
2800 2646 3185 2703 discedentes.
3221 2668 3251 2698 ››
3286 2647 3351 2702 Id
3382 2652 3497 2715 est,
3534 2648 3737 2721 despe~

2076 2733 2234 2791 xisti.
2272 2757 2300 2785 «
2324 2738 2371 2791 A
2393 2736 2645 2807 justitiis
2672 2735 2843 2791 tuis.»
2881 2738 3071 2802 Quare
3094 2737 3122 2791 ‘I
3151 2758 3181 2787 «
3213 2735 3362 2801 Quia
3392 2737 3623 2807 injuste
3651 2743 3739 2793 est

2079 2825 2351 2897 cogitatio
2377 2842 2600 2881 eorum.
2635 2846 2664 2875 »
2695 2826 2828 2881 Ideo
2883 2825 3175 2897 sprevisti,
3234 2826 3376 2897 quia
3416 2826 3731 2882 discedunt

2079 2931 2114 2969 a
2141 2914 2261 2969 tuis
2293 2915 2608 2982 mandatis,
2658 2917 2715 2970 et
2758 2914 3029 2987 cogitatio
3084 2931 3288 2971 eorum
3346 2914 3561 2985 iniusta
3592 2919 3687 2971 est
3718 2932 3735 2970 :

2078 3001 2502 3071 haereticorum,
2558 3003 2894 3059 Judaorum
2952 3001 3039 3059 vel
3100 3002 3365 3058 omnium
3416 3001 3734 3070 malorum,

2078 3096 2282 3148 contra
2309 3092 2628 3161 Christum,
2661 3096 2719 3148 et
2745 3096 2949 3147 contra
2978 3090 3313 3148 Ecclesium.

2152 3222 2179 3248 ‹‹
2214 3199 2661 3255 Pravaricantes
2690 3199 2949 3271 reputavi
3007 3215 3212 3256 omnes
3251 3205 3597 3270 peccatores
3628 3206 3739 3257 ter-

2082 3306 2176 3343 ra.
2213 3310 2241 3337 ››
2274 3288 2541 3360 Optando
2572 3288 2714 3343 dicit
2742 3288 3029 3360 Propheta
3048 3287 3109 3342 in
3140 3303 3395 3359 persona
3424 3289 3740 3347 Ecclesia:

2080 3376 2220 3449 quia
2252 3381 2386 3432 ante
2419 3378 2731 3433 adventum
2763 3375 2982 3432 Christi
3012 3377 3492 3449 praevaricatores
3524 3384 3697 3435 erant
3727 3396 3741 3435 :

2081 3464 2181 3537 qui
2213 3466 2324 3521 sub
2346 3466 2540 3522 debito
2562 3465 2916 3521 tenebantur
2936 3469 3173 3537 propter
3201 3466 3740 3536 pravaricationem

2081 3554 2255 3627 primi
2287 3554 2543 3612 hominis
2574 3553 2795 3622 Ada,et
2825 3571 3029 3611 omnes
3059 3555 3133 3611 ad
3163 3554 3465 3613 infernum
3497 3557 3739 3615 descen-

2080 3643 2332 3711 debant;
2365 3643 2540 3699 etiam
2572 3644 2684 3715 ipsi
2733 3643 2986 3699 infantes
3024 3644 3095 3699 ad
3154 3644 3456 3701 infernum
3495 3647 3738 3703 descen-

2083 3732 2300 3788 debant
2334 3750 2346 3787 :
2380 3732 2521 3805 quia
2549 3737 2781 3805 propter
2831 3731 2977 3787 illud
3019 3732 3277 3789 debitum
3333 3737 3739 3808 pravaricato-

2081 3837 2175 3877 res
2209 3822 2632 3893 reputabantur
2665 3838 2677 3877 :
2712 3822 2824 3877 nisi
2857 3838 2960 3894 per
2983 3822 3347 3894 baptismum
3378 3824 3573 3880 abluti
3605 3825 3743 3882 fuis-

2083 3914 2233 3965 sent.
2269 3910 2333 3965 Et
2363 3910 2665 3983 modo,qui
2692 3927 2807 3966 non
2839 3915 2980 3966 sunt
3012 3912 3314 3984 baptizati,
3336 3914 3410 3969 ad
3441 3914 3741 3972 infernum

2082 3998 2465 4055 descendunt.
2499 4023 2527 4050 ‹‹
2560 3999 3012 4056 Pravaricantes
3046 4002 3327 4072 reputavi.
3380 4025 3411 4053 ››
3442 4003 3591 4066 Quia
3621 4020 3739 4061 non

2082 4104 2286 4144 omnes
2317 4093 2668 4160 peccatores,
2721 4088 3191 4161 praevaricatores
3245 4107 3259 4145 :
3312 4092 3433 4158 sed,
3465 4114 3496 4141 ‹‹
3522 4108 3734 4148 omnes

2083 4172 2569 4247 praevaricatores,
2602 4199 2630 4229 »
2667 4182 3017 4250 peccatores.
3051 4202 3080 4229 «
3114 4178 3246 4235 Ideo
3275 4179 3441 4236 dilexi
3469 4180 3732 4237 testimo-

2083 4264 2180 4320 nia
2207 4269 2327 4320 tua.
2364 4288 2391 4315 ››
2424 4266 2506 4321 Ne
2536 4267 2595 4321 in
2630 4266 2723 4322 his
2754 4268 3159 4339 pravaricator
3188 4284 3518 4341 appaream.

2154 4394 2181 4422 (ι
2216 4372 2451 4446 Confige
2498 4374 2709 4429 timore
2765 4379 2865 4429 tuo
2922 4390 3146 4430 carnes.
3186 4390 3351 4433 meas
3382 4393 3397 4433 :
3430 4394 3465 4433 a
3486 4377 3736 4450 judiciis

2082 4461 2238 4517 enim
2270 4460 2386 4517 tuis
2416 4462 2609 4517 timui.
2646 4484 2675 4511 ››
2714 4462 2907 4518 Metuo
2940 4463 3203 4519 futurum
3227 4464 3526 4536 judicium
3558 4486 3575 4534 ;
3608 4468 3735 4525 ideo

2082 4550 2239 4605 cruci
2270 4554 2382 4605 tua
2413 4552 2710 4624 configens
2742 4567 2946 4608 omnes
2975 4554 3485 4624 concupiscentias
3521 4558 3736 4629 carnis,

318 4646 575 4715 peccata.
609 4662 638 4689 «
670 4640 741 4694 Et
771 4637 965 4706 dilexi,
993 4660 1020 4687 »
1053 4638 1162 4693 hoc
1195 4642 1283 4694 est
1312 4637 1475 4694 illam
1507 4644 1800 4711 naturam,
1834 4643 1973 4713 quia
2002 4620 2049 4685 Ῑ)
2083 4639 2185 4694 tibi
2215 4641 2534 4707 convivere,
2568 4620 2674 4697 tibi
2707 4641 3009 4709 commori,
3043 4620 3533 4716 tibi—consepeliri
3568 4620 3736 4720 pars;

318 4746 434 4785 non
462 4729 598 4786 licet
654 4729 849 4784 odisse
906 4731 1238 4782 creaturam
1290 4726 1414 4794 Dei,
1482 4730 1580 4784 sed
1639 4736 1969 4801 peccatum,

316 4818 477 4873 Sicut
506 4817 644 4874 alibi
675 4816 815 4872 dicit
849 4835 861 4872 :
895 4817 1137 4886 Perfecto
1192 4816 1312 4871 odio
1369 4817 1590 4873 oderam
1646 4820 1770 4875 illos
1795 4821 1966 4891 (Psal.

316 4925 583 4974 cxxxvm,
641 4907 755 4977 2'2).
813 4907 882 4961 Et
936 4906 1135 4961 odium
1197 4922 1311 4961 non
1343 4908 1972 4979 perfectum._Quare?

318 4999 456 5064 Quia
487 5000 583 5069 qui
613 4996 726 5054 odit
754 4998 988 5068 fratrem
1044 5011 1205 5050 suum
1264 4996 1538 5050 homicida
1596 5005 1673 5053 est
1729 5000 1773 5068 (Ι
1801 5003 1966 5056 Joan.

318 5102 403 5153 ιιι,
456 5088 560 5157 15).
627 5110 653 5138 ‹‹
688 5087 757 5142 Et
788 5084 973 5157 lcgcm
1032 5088 1193 5140 tuam
1250 5083 1445 5154 dilexi,
1482 5108 1509 5135 »
1560 5086 1617 5141 id
1663 5092 1772 5148 est.
1807 5092 1967 5143 tuam

316 5175 505 5244 legem
538 5193 716 5248 quam
752 5179 811 5231 tu
849 5174 1191 5247 praecepisti.
1251 5173 1447 5240 dilexi,
1507 5191 1679 5247 Opere
1710 5176 1965 5248 implevi.

393 5285 421 5311 α
452 5265 701 5333 Adjutor
726 5269 783 5319 ct
812 5268 1117 5335 susceptor
1153 5281 1317 5318 meus
1355 5281 1416 5320 cs
1451 5269 1532 5319 tu.
1571 5288 1591 5313 υ
1627 5266 1873 5335 Adjulor,
1907 5267 1968 5323 in

317 5354 611 5425 praesenti,
642 5358 934 5424 susceptor,
969 5354 1263 5410 inl'uturo.
1324 5378 1349 5401 ‹‹
1414 5355 1480 5408 Et
1533 5354 1591 5409 in
1651 5355 1822 5410 verbo
1868 5361 1965 5411 tuo

316 5459 507 5517 spero.
546 5465 573 5491 ››
606 5441 721 5497 Hoc
753 5450 861 5511 est,
896 5444 953 5498 in
987 5443 1237 5509 Christo,
1280 5443 1419 5513 quia
1470 5443 1723 5499 Verbum
1783 5445 1967 5501 Patris

317 5532 499 5589 Filius
529 5536 637 5588 est.

384 5645 412 5672 ‹‹
451 5621 743 5679 Declinate
775 5638 808 5676 a
829 5637 943 5687 me,
974 5621 1233 5693 maligni,
1267 5625 1325 5676 et
1355 5622 1662 5677 scrutabor
1682 5624 1968 5685 mandata

314 5710 416 5767 Dei
445 5712 583 5781 mei.
621 5735 649 5762 ››
678 5715 800 5767 Vox
824 5710 1121 5783 Propheta
1152 5711 1213 5765 in
1244 5726 1492 5783 persona
1521 5711 1786 5768 Ecclesia
1820 5730 1833 5770 :
1866 5729 1965 5785 op-

2080 4734 2177 4784 tus
2206 4745 2360 4796 sum,
2394 4734 2460 4784 ut
2488 4728 2546 4784 in
2579 4730 2773 4785 futuro
2821 4729 2927 4785 tibi
2958 4746 3311 4803 consurgere
3344 4749 3599 4791 merear.
3628 4738 3740 4797 Sed

2081 4822 2137 4873 et
2166 4836 2294 4886 nos,
2326 4818 2588 4885 Domine,
2623 4820 3029 4891 deprecamur,
3050 4825 3115 4875 ut
3147 4820 3207 4875 in
3238 4820 3452 4879 timore
3480 4828 3588 4884 tuo
3609 4842 3742 4883 con.

2082 4906 2199 4974 fixi,
2234 4907 2469 4964 lucerna
2502 4909 2649 4964 sacri
2689 4908 2928 4964 luminis
2991 4914 3287 4980 praeeunte
3317 4928 3355 4968 a
3380 4915 3612 4984 peccati
3648 4916 3741 4972 fu-

2079 4996 2252 5051 nibus
2284 4997 2561 5065 absoluti,
2590 5003 2647 5053 et
2670 5003 2770 5053 tua
2800 4998 2985 5069 portio
3020 4998 3154 5053 facti
3194 4997 3358 5056 illam
3387 5001 3544 5067 viam
3580 5005 3743 5065 ince-

2077 5087 2212 5141 dere
2246 5087 2565 5153 valeamus,
2600 5105 2725 5161 qua
2760 5104 2866 5142 nos
2898 5106 2932 5143 a
2960 5087 3252 5146 malorum
3283 5088 3563 5151 liberatos
3594 5112 3736 5168 sup-

2080 5174 2286 5246 pliciis,
2369 5176 2595 5248 angelis
2674 5176 2846 5231 faciat
2917 5176 3269 5234 coharedes.
3344 5184 3456 5235 Per
3534 5181 3733 5256 ipsum

2075 5264 2387 5320 Dominum
2417 5266 2621 5321 Jcsum
2653 5266 2949 5322 Christum
2986 5266 3125 5321 :cui
3183 5272 3275 5324 est
3329 5286 3469 5337 cum
3517 5276 3733 5333 aeterno

2078 5354 2242 5409 Patre
2271 5360 2328 5409 et
2352 5355 2569 5427 Spiritu
2604 5361 2803 5413 sancto
2854 5356 3039 5411 honor
3066 5360 3122 5411 ct
3177 5356 3382 5431 gloria,
3422 5359 3486 5415 in
3517 5362 3737 5421 secula

2075 5442 2446 5499 saeculorum.
2479 5446 2683 5500 Amen.

2146 5532 2378 5589 Salubri
2432 5550 2538 5591 nos
2596 5549 2829 5606 semper
2884 5534 3130 5591 consilio
3184 5539 3242 5592 et
3297 5554 3468 5596 sacro
3497 5540 3733 5616 eloquio

2075 5622 2280 5678 beatus
2356 5622 2621 5679 hortatur
2695 5622 3000 5697 PrOpheta,
3079 5629 3143 5681 ut
3191 5624 3497 5697 justitiam
3551 5647 3734 5704 quam

2072 5711 2170 5768 ille
2224 5712 2538 5770 custodivit
2592 5713 2649 5769 in
2707 5730 2901 5787 opere,
2957 5730 3066 5772 nos
3124 5714 3739 5785 debeamusﬁdelita.
