3992 6194
263 427 421 492 ωδ

266 651 484 708 inertes
515 650 746 707 animos
767 651 837 706 ad
861 649 980 705 haec
1010 649 1395 706 custodienda
1425 648 1654 704 facilius
1683 648 1911 718 excitet,

268 740 411 814 quid
441 740 635 795 meriti
669 755 770 811 pro
800 739 988 811 ipsius
1035 739 1310 795 custodiae
1349 738 1584 810 justitia
1624 738 1912 809 adipisca-

270 847 427 899 mur,
456 829 660 884 edocet
691 829 892 884 dicens
928 845 940 883 ;

1034 918 1151 957 ΑΚΝ.

342 1030 371 1055 ‹‹
408 1007 531 1063 Feci
574 1007 868 1078 judicium
923 1013 980 1062 et
1029 1007 1321 1078 justitiam
1360 1024 1372 1061 :
1410 1023 1526 1062 non
1575 1007 1773 1061 tradas
1824 1021 1916 1060 me

270 1095 772 1152 calumniantibus
803 1113 920 1153 me.
964 1120 990 1145 ››
1020 1097 1242 1169 Jugiter
1271 1114 1378 1152 nos
1423 1096 1481 1150 in
1531 1096 1639 1151 hoc
1684 1093 1917 1151 mortali

270 1202 509 1257 corpore
540 1185 813 1241 vitiorum
844 1190 1072 1243 caterva
1105 1186 1511 1258 persequitur:
1539 1185 1638 1241 sed
1672 1184 1722 1240 si
1754 1201 1915 1239 men-

266 1274 794 1345 surajudiciorum
845 1292 911 1331 ac
949 1275 1443 1346 justiﬁcationum
1494 1275 1592 1330 Dei
1651 1273 1710 1328 in
1751 1273 1920 1329 nobis

271 1367 597 1430 maneat,ut
627 1363 898 1436 prudenti
920 1363 1162 1421 consilio
1192 1380 1260 1420 ea
1290 1381 1417 1435 quae
1447 1363 1540 1419 his
1569 1361 1923 1418 conveniunt

271 1452 578 1521 faciamus,
610 1451 820 1509 horum
854 1458 1298 1524 persecutorum
1330 1451 1604 1508 manibus
1655 1468 1770 1506 non
1801 1454 1917 1506 tra-

274 1543 501 1598 demur.

348 1654 374 1680 α
409 1630 651 1703 Suscipe
683 1648 916 1687 servum
949 1635 1117 1687 tuum
1151 1629 1208 1685 in
1242 1633 1413 1687 bono.
1451 1653 1477 1679 ››
1509 1629 1655 1696 Quia
1709 1628 1920 1685 servire

275 1735 369 1776 me
399 1724 635 1792 peccato
657 1721 784 1792 jam
815 1719 1033 1776 nescio.
1071 1740 1097 1772 ιι
1129 1720 1200 1775 Ut
1231 1737 1346 1776 non
1377 1718 1812 1775 calumnientur
1833 1735 1923 1774 me

273 1809 536 1882 superbi.
572 1832 600 1859 »
631 1809 907 1866 Diabolus
937 1814 995 1864 et
1026 1809 1279 1865 ministri
1309 1810 1458 1881 ejus.

350 1922 378 1948 «
412 1899 577 1954 Oculi
622 1899 735 1955 mei
783 1900 1118 1956 defecerunt
1164 1898 1222 1953 in
1269 1898 1524 1954 salutare
1573 1902 1763 1954 tuum.
1801 1921 1828 1946 ››
1861 1898 1923 1953 In
1955 1937 2004 2002 Β

276 1988 495 2054 Jesum,
529 1987 628 2059 qui
662 1987 941 2043 Hebraice
971 1987 1224 2042 Salvator
1253 1986 1488 2041 dicitur.
1523 2008 1550 2035 ‹‹
1585 1985 1654 2040 Et
1701 1985 1757 2038 in
1808 1983 1924 2039 elo-

275 2077 484 2149 quium
509 2077 755 2148 justitiaa
787 2082 922 2132 tum.
959 2098 986 2125 ››
1019 2078 1080 2130 In
1117 2076 1374 2130 Verbum
1416 2073 1561 2128 illud
1612 2074 1764 2145 quod
1804 2076 1928 2128 erat

277 2166 336 2221 in
370 2165 655 2239 principio
686 2165 843 2236 apud
878 2170 1060 2219 Deum
1094 2181 1106 2220 :
1141 2164 1241 2235 qui
1268 2162 1506 2235 justitia
1529 2161 1673 2234 legis
1704 2179 1818 2217 non
1839 2179 1929 2217 ve-

279 2254 368 2310 nit
397 2253 638 2321 solvere,
671 2255 772 2310 sed
806 2251 1071 2324 implere.

279 2371 286 2374 -
349 2365 377 2392 «
413 2344 524 2399 Fac
567 2359 701 2398 cum
749 2359 912 2399 servo
958 2347 1060 2398 tuo
1107 2342 1431 2398 secundum
1463 2341 1928 2397 misericordiam

279 2437 462 2489 tuam.
495 2453 522 2484 ιι
558 2432 630 2488 Ut
661 2432 785 2504 ipse
814 2435 947 2487 vota
994 2448 1125 2487 mea
1165 2431 1452 2504 perﬁcias.
1488 2455 1515 2481 ‹‹
1547 2431 1616 2485 Et
1638 2429 1926 2501 justiﬁca-

279 2518 468 2574 tiones
498 2523 629 2576 tuas
659 2519 798 2576 doce
829 2535 940 2574 me.
967 2543 989 2571 ι
1027 2519 1099 2574 Ut
1129 2536 1249 2587 eas,
1281 2519 1434 2575 sicut
1469 2517 1682 2591 saepius
1713 2517 1927 2590 optavi,

279 2609 502 2680 possim
533 2610 851 2666 advertere.

353 2721 380 2748 ‹‹
411 2701 620 2756 Servus
650 2703 789 2755 tuus
817 2715 949 2755 sum
982 2715 1087 2772 ego
1121 2717 1134 2754 :
1169 2699 1244 2754 da
1287 2698 1429 2754 mihi
1461 2697 1824 2754 intellectum
1865 2702 1929 2753 ut

1431 426 1665 488 BREVI
1678 421 1926 488 ARIUM
1971 425 2051 486 ΙΝ
2097 424 2482 488 PSALMOS.

267 559 508 632 exsequi
535 565 596 617 et
623 559 1110 618 indissolubiliter
1132 559 1512 626 retinere.Qui
1536 565 1599 616 ut
1619 575 1827 632 segnes
1855 565 1911 614 et
1943 559 1998 626 Α

3513 423 3673 484 1274

2103 560 2222 616 «Os
2245 575 2439 615 meum
2469 555 2670 631 aperui
2698 560 2756 614 et
2786 555 2994 614 attraxi
3025 556 3294 629 spiritum
3323 573 3334 612 :
3362 555 3500 628 quia
3517 573 3682 613 man-

2024 652 2161 707 data
2189 655 2289 706 tua
2312 649 2738 705 desiderabam.
2777 670 2804 696 »
2835 647 2945 702 Cor
2975 648 3263 702 mundum
3294 646 3568 713 reseravi,
3619 650 3677 703 et

2024 743 2269 814 dignum
2316 755 2408 794 me
2459 738 2620 794 eﬁ‘eci
2651 736 2937 794 desiderio
2969 737 3378 790 mandatorum
3411 739 3672 806 tuorum,

2025 831 2084 886 in
2117 846 2290 902 quem
2321 828 2570 900 Spiritus
2603 832 2842 883 sanctus
2868 825 3313 881 diffunderetur.

2099 944 2126 970 ‹‹
2160 919 2369 992 Aspice
2399 918 2458 973 in
2493 934 2585 974 me
2615 922 2670 973 et
2701 918 2977 972 miserere
3008 915 3146 982 mei,
3178 914 3678 986 secundumjudi-

2027 1011 2183 1066 cium
2218 1009 2586 1081 diligentiam
2613 1023 2824 1062 nomen
2849 1011 3036 1062 tuum.
3071 1028 3098 1054 »
3133 1003 3318 1059 Utillo
3339 1003 3671 1074 mejudicio

2029 1115 2303 1155 muneres
2335 1115 2449 1170 quo
2481 1096 2736 1168 reliquos
2767 1095 2866 1166 qui
2899 1095 3154 1168 diligunt
3185 1109 3397 1149 nomen
3430 1097 3620 1147 tuum.

2101 1189 2384 1244 «Gressus
2407 1203 2566 1242 meos
2585 1185 2768 1257 dirige
2786 1184 3110 1240 secundum
3129 1182 3428 1254 eloquium
3449 1186 3678 1237 tuum.»

2031 1279 2098 1334 Et
2144 1295 2258 1333 non
2310 1277 2633 1333 secundum
2680 1291 2987 1346 corporeae
3017 1273 3366 1329 voluntates.
3403 1295 3431 1322 «
3465 1273 3533 1328 Et
3564 1288 3680 1327 non

2029 1366 2363 1423 dominetur
2393 1365 2505 1422 mei
2535 1364 2729 1421 omnis
2761 1363 3097 1435 iniquitas.»
3129 1361 3276 1426 Quia
3305 1365 3405 1424 tuo
3438 1377 3571 1416 sum
3595 1361 3678 1414 fa-

2032 1455 2279 1512 mulatui
2313 1455 2703 1527 mancipatus.

2105 1568 2134 1595 «
2157 1545 2397 1602 Redime
2422 1561 2515 1601 me
2538 1562 2572 1600 a
2592 1543 2903 1599 calumniis
2926 1541 3326 1608 bominum,ut
3347 1539 3679 1596 custodiam

2033 1636 2312 1692 mandata
2341 1640 2460 1690 tua.
2498 1658 2526 1683 »
2556 1632 2873 1689 Calumnize
2906 1635 3065 1697 sunt,
3099 1646 3234 1685 cum
3281 1629 3462 1701 justis
3491 1628 3684 1684 homi-

2034 1726 2210 1781 nibus
2239 1724 2459 1779 crimen
2490 1721 2810 1794 impietatis
2843 1719 3138 1791 objicitur,
3171 1723 3227 1774 et
3257 1735 3324 1774 cx
3355 1717 3571 1789 quibus
3622 1733 3688 1773 se

2035 1814 2242 1869 redimi
2287 1811 2546 1884 deposcit
2577 1829 2611 1866 a
2640 1811 2776 1874 Deo,
2810 1815 2874 1864 ut
2903 1810 3031 1879 ejus
3062 1807 3341 1864 mandata
3370 1805 3683 1862 custodiat.

2111 1927 2139 1953 ι(
2170 1903 2400 1959 Faciem
2451 1905 2615 1956 tuam
2657 1899 2932 1954 illumina
2960 1914 3137 1970 super
3166 1912 3398 1952 servum
3430 1900 3623 1951 tuum.
3655 1916 3684 1944 »

2035 1994 2330 2050 Conﬁrma
2358 2007 2451 2046 me
2482 1989 2674 2062 efﬁgie
2705 1987 2982 2059 imaginis
3011 1985 3209 2058 gloriae
3241 1991 3419 2040 tuaa.«
3451 1985 3520 2039 Et
3546 1984 3690 2040 doce

2037 2099 2128 2138 me
2163 2080 2604 2154 iustiﬁcationes
2635 2083 2788 2133 tuas.
2812 2098 2838 2125 »
2872 2077 2943 2132 Ut
2972 2075 3128 2147 quod
3159 2073 3218 2129 in
3244 2073 3361 2128 illis
3393 2089 3565 2128 cerno
3588 2088 3690 2144 per

2036 2170 2362 2243 speculum,
2396 2173 2551 2224 certa
2580 2164 3073 2237 contemplatione
3102 2161 3480 2234 conspiciam.

2111 2259 2373 2316 «Exitus
2412 2272 2698 2328 aquarum
2749 2255 3117 2310 deduxerunt
3161 2251 3312 2308 oculi
3360 2251 3496 2317 mei,
3552 2249 3692 2322 quia

2039 2367 2154 2406 non
2205 2345 2607 2404 custodierunt
2652 2344 2840 2416 legem
2890 2346 3075 2398 tuam.
3122 2364 3150 2391 »
3200 2341 3407 2396 Veram
3459 2354 3693 2410 semper

2039 2437 2160 2511 agit
2189 2436 2590 2510 paenitentiam
2623 2435 2716 2490 hic
2747 2436 3011 2498 sanctus,
3041 2436 3098 2486 et
3129 2447 3244 2486 non
3273 2433 3465 2485 cessat
3503 2428 3691 2484 ﬂuen-

2040 2530 2116 2585 tis
2147 2528 2539 2600 lacrymarum
2569 2524 2813 2594 antiqua
2839 2521 3050 2577 delicta
3079 2519 3302 2576 diluere
3335 2537 3348 2576 :
3382 2522 3448 2573 ut
3475 2515 3693 2573 intelli-

2041 2634 2199 2692 gare,
2223 2617 2338 2672 nisi
2368 2630 2562 2670 veram
2596 2611 2997 2684 paenitentiam
3026 2609 3235 2682 egeris,
3260 2607 3366 2664 tibi
3388 2605 3554 2663 facile
3576 2622 3693 2662 non

2040 2707 2259 2763 dimitti
2301 2721 2430 2776 quae
2472 2701 2744 2776 gesseris.
2793 2700 2944 2756 Vera
2986 2704 3074 2754 est
3123 2697 3280 2754 enim
3329 2695 3691 2769 paenitentia,

279 2787 461 2846 SOiam
491 2788 830 2844 testimonia
858 2793 978 2844 tua-
1017 2812 1042 2836 υ
1074 2791 1119 2844 Α
1149 2792 1205 2844 ΐο
1236 2806 1303 2844 ea
1332 2787 1579 2856 discam.
1610 2793 1667 2843 οι
1714 2805 1827 2844 non
1862 2787 1933 2842 ab
2033 2797 2258 2868 jugiter
2287 2793 2522 2850 ﬂetibus
2553 2790 2869 2847 commissa
2886 2787 3108 2844 diluere
3139 2791 3196 2843 et
3223 2785 3424 2843 abluta
3453 2801 3567 2841 non
3591 2785 3694 2840 ite-

281 2876 590 2941 hzereticis,
622 2875 711 2933 vel
741 2877 960 2935 Judaeis
1007 2893 1019 2932 :

281 2970 372 3050 est
401 2967 472 3021 ab
505 2966 912 3023 exercitatione
942 2971 1056 3022 tua:
1089 2966 1387 3022 servitutis
1418 2967 1695 3022 otiosum.

359 3053 663 3125 «Tempus
689 3054 956 3123 faciendi,
976 3055 1220 3112 Domine
1245 3073 1258 3110 :
1283 3053 1718 3126 dissipaverunt
1747 3053 1935 3126 iniqui

283 3144 472 3218 legem
495 3144 909 3200 tuam.»Jud:ci
932 3144 1130 3214 utique
1153 3145 1253 3216 qui
1273 3160 1402 3199 eam
1424 3143 1803 3215 spiritualiter
1821 3160 1936 3200 non

277 3233 712 3290 intellexerunt.
745 3235 853 3290 Sed
886 3234 1078 3289 veniet
1108 3237 1339 3305 tempus
1369 3234 1603 3305 quando
1624 3233 1852 3290 occulta
1875 3231 1939 3288 il-

275 3322 392 3386 lius
423 3322 710 3380 Dominus
741 3322 914 3378 faciet
945 3321 1354 3396 praedicatione
1404 3323 1736 3396 evangelica
1783 3341 1930 3382 rese-

275 3412 412 3470 rari.

349 3525 376 3552 ε(
409 3502 542 3558 Ideo
571 3499 746 3558 dilexi
777 3501 1056 3557 mandata
1084 3505 1184 3556 tua
1215 3517 1394 3574 super
1437 3519 1648 3558 aurum
1681 3505 1736 3558 et
1766 3506 1933 3575 topa-

275 3591 426 3656 zion.
459 3609 485 3642 ι
522 3589 682 3647 Sicut
713 3590 869 3646 enim
918 3607 1132 3646 aurum
1181 3595 1524 3646 cunctorum
1557 3590 1929 3648 metallorum

277 3680 556 3753 praecellit
587 3680 960 3752 pretium,ita
979 3679 1244 3752 topazius
1264 3681 1527 3736 omnium
1558 3697 1930 3753 gemmarum

280 3769 338 3828 in
371 3785 432 3825 se
461 3769 764 3825 continens
795 3768 1592 3841 pulchritudinem,omnium
1623 3769 1804 3825 vincit
1828 3770 1930 3826 ho-

278 3857 609 3916 nores.ldeo
639 3856 929 3928 Propheta
959 3874 1137 3930 super
1166 3858 1287 3914 haec
1311 3858 1510 3913 omnia
1530 3858 1630 3914 Dei
1655 3859 1932 3914 mandata

278 3945 490 4018 diligit,
517 3944 656 4018 quia
685 3945 742 4000 in
776 3945 870 4001 his
899 3946 1212 4002 adventum
1243 3946 1606 4018 Domini,qui
1640 3948 1930 4003 mundum

277 4034 684 4106 redemptorus
713 4037 822 4103 est,
855 4033 1191 4089 nuntiatum
1227 4033 1518 4107 intelligit.

351 4147 380 4174 «
413 4123 721 4196 Propterea
741 4124 814 4178 ad
836 4123 1036 4180 omnia
1057 4125 1334 4180 mandata
1366 4129 1467 4181 tua
1488 4123 1930 4198 dirigebarzom-

279 4230 412 4270 ncm
443 4211 597 4270 viam
621 4212 886 4286 iniquam
919 4211 1050 4270 odio
1083 4212 1284 4270 habui.
1321 4236 1347 4262 »
1380 4213 1536 4270 Nihil
1568 4215 1638 4270 de
1670 4214 1778 4270 viis
1821 4213 1930 4269 ini-

278 4302 525 4374 quitatis
545 4301 791 4358 accessit
816 4319 828 4357 :
854 4301 955 4358 sed
978 4302 1132 4358 sicut
1152 4302 1552 4375 perambulavi
1578 4303 1832 4376 integre:
1854 4303 1935 4360 ita

275 4389 475 4450 omnia
504 4405 630 4461 quae
655 4389 712 4444 in
743 4389 852 4444 viis
881 4389 1212 4462 iniquitatis
1243 4393 1648 4460 morabantur,
1681 4393 1858 4449 odivi.

1033 4513 1160 4552 PHE.

347 4627 376 4655 «
399 4601 686 4660 Mirabilia
707 4601 1046 4658 testimonia
1075 4608 1196 4668 tua,
1220 4604 1464 4662 Domine
1488 4622 1501 4660 :
1529 4606 1657 4662 ideo
1676 4611 1933 4662 scrutata

1074 2877 1213 2950 quia
1259 2876 1405 2932 mihi
1445 2877 1674 2933 nullum
1701 2881 1936 2949 tempus
2045 2902 2192 2941 rare.

2795 3003 2955 3043 SADE.

2118 3123 2143 3148 ‹‹
2178 3099 2387 3154 Justus
2416 3114 2497 3166 cs,
2532 3095 2797 3161 Domine,
2821 3098 2879 3150 et
2911 3096 3133 3148 rectum
3159 3089 3452 3162 judicium
3478 3093 3647 3144 tuum
3675 3103 3688 3142 :

2047 3187 2341 3244 mandasti
2393 3185 2686 3256 justitiam
2735 3182 3074 3240 testimonia
3122 3186 3244 3244 tua,
3290 3184 3347 3235 et
3391 3178 3693 3234 veritatem

1960 3309 2003 3377 Ο
2045 3284 2208 3334 tuam
2254 3276 2452 3332 nimis.
2489 3297 2516 3325 ››
2547 3273 2756 3330 Omnia
2804 3290 2931 3344 quae
2981 3270 3297 3326 mandante
3327 3272 3384 3324 te
3414 3266 3693 3340 patimur,

2033 3369 2222 3439 justa,
2257 3370 2413 3422 recta
2459 3381 2526 3419 ac
2573 3380 2706 3419 vera
2754 3367 2892 3417 sunt
2927 3378 2940 3414 ι
2973 3359 3113 3430 quia
3160 3362 3262 3413 aut
3308 3373 3410 3429 pro
3440 3354 3694 3428 peccatis

2041 3457 2259 3513 nostris
2309 3455 2612 3526 ingruunt,
2665 3456 2767 3507 aut
2825 3454 2890 3505 ut
2945 3447 3172 3520 probati
3226 3445 3692 3509 manifestemur,

2039 3547 2335 3602 eveniunt.

2115 3657 2143 3684 «
2172 3634 2493 3689 Tabescere
2538 3647 2630 3686 me
2680 3629 2814 3684 fecit
2865 3627 3024 3684 zelus
3073 3628 3287 3683 domus
3321 3631 3453 3680 tute.
3490 3645 3517 3672 »
3547 3623 3692 3680 Cum

2041 3725 2250 3780 domus
2281 3721 2376 3776 Dei
2402 3721 2681 3792 spelunca
2711 3718 3005 3773 latronum
3040 3715 3291 3771 efﬁcitur
3319 3732 3354 3770 a
3380 3711 3552 3768 malis
3590 3711 3693 3766 ba-

2042 3811 2358 3876 bitoribus;
2392 3811 2478 3866 vel
2518 3826 2652 3865 cum
2699 3808 2897 3862 videro
2947 3821 3190 3878 corpora
3220 3804 3334 3860 Deo
3366 3802 3557 3858 dicata
3596 3817 3694 3855 vo-

2041 3900 2292 3956 lutabris
2352 3900 2676 3955 facinorum
2727 3895 3046 3968 inquinari.
3082 3916 3110 3943 «
3154 3892 3299 3959 Quia
3347 3890 3510 3947 obliti
3555 3893 3696 3944 sunt

2040 3991 2218 4046 verba
2260 3995 2362 4044 tua
2414 3986 2635 4042 inimici
2687 3986 2822 4041 mei.
2859 4007 2885 4034 »
2917 3983 3337 4040 Obliviscentes
3366 3979 3522 4034 enim
3553 3992 3696 4048 prm-

2041 4083 2209 4150 cepta
2237 4078 2403 4149 legis,
2440 4078 2699 4132 fecerunt
2728 4063 2972 4130 domum
3022 4077 3188 4126 tuam
3237 4067 3575 4141 speluncam
3608 4065 3691 4121 la-

2040 4173 2299 4223 tronum.

2078 4237 2086 4247 ’
2120 4277 2140 4304 ι
2178 4257 2432 4327 Ignitum
2465 4252 2765 4324 eloquium
2799 4256 2970 4305 tuum
2990 4248 3384 4313 vehementer,
3401 4249 3460 4302 et
3488 4261 3692 4302 servus

2044 4351 2180 4400 tuus
2209 4344 2411 4399 dilexit
2440 4341 2607 4396 illud.
2628 4362 2657 4391 ››
2679 4339 2826 4404 Quia
2857 4339 3010 4394 sicut
3039 4341 3342 4410 peccatum
3374 4333 3692 4403 consumit,

2041 4433 2122 4489 ita
2151 4438 2208 4489 et
2239 4434 2596 4504 peccantem,
2631 4427 2680 4484 si
2708 4432 3079 4484 convertatur
3106 4425 3420 4481 illuminat.

2115 4547 2140 4572 ‹‹
2173 4519 2612 4576 Adolescentior
2642 4535 2774 4574 sum
2805 4533 2911 4590 ego
2941 4521 3001 4572 et
3026 4519 3394 4588 contemptus
3429 4531 3441 4570 :
3466 4511 3690 4584 justiﬁ-

2043 4611 2300 4668 cationes
2337 4615 2468 4664 tuas
2516 4625 2630 4664 non
2681 4624 2813 4662 sum
2863 4605 3100 4663 oblitus.
3138 4629 3164 4653 ››
3196 4605 3540 4672 Quanquam
3572 4601 3691 4656 haac

275 4699 366 4752 est
392 4711 460 4750 ea
489 4693 688 4748 anima
717 4708 867 4747 mea.
903 4713 932 4740 »
964 4690 1096 4746 Vidi
1128 4693 1187 4747 in
1219 4692 1311 4748 his
1343 4692 1504 4750 aliud
1533 4695 1650 4767 agi,
1680 4695 1838 4750 aliud
1871 4696 1932 4750 ﬁ-
1964 4683 2011 4748 Π
2043 4700 2216 4757 David
2248 4717 2315 4756 ex
2346 4715 2596 4772 persona
2627 4715 2735 4754 sua
2765 4695 2939 4764 dicat,
2991 4695 3088 4767 qui
3122 4691 3549 4750 adolescentior
3578 4707 3688 4746 caa-

274 4781 497 4858 gurari.
541 4782 791 4852 Ideoque
821 4779 962 4852 quia
991 4779 1208 4836 mirum
1260 4781 1406 4837 mihi
1437 4787 1548 4850 est,
1580 4782 1922 4855 diligentius

272 4874 692 4945 perscrutatus,
717 4873 946 4936 cuncta,
972 4873 1027 4925 te
1049 4867 1402 4935 declarante,
1425 4887 1745 4944 cognosco:
1769 4871 1924 4926 sicut

272 4958 935 5034 sequitur.«Declaratio
964 4975 1302 5015 sermonum
1336 4965 1570 5016 tuorum
1603 4960 1920 5028 illuminat,

2042 4792 2181 4846 teris
2215 4789 2513 4854 fratribus,
2546 4787 2712 4860 quasi
2745 4790 3114 4858 contemptus
3162 4784 3232 4838 ad
3284 4799 3416 4838 oves
3447 4795 3689 4853 pascen-

2040 4881 2147 4936 das
2176 4880 2454 4942 directus,
2487 4876 2698 4933 dehinc
2732 4876 2788 4931 in
2823 4891 3065 4947 regnum
3097 4873 3318 4929 electus
3339 4875 3427 4927 est
3457 4889 3468 4926 :
3493 4875 3690 4924 tamen

2038 4969 2159 5024 hmo
2194 4969 2261 5023 ad
2299 4965 2581 5040 populum
2615 4965 3015 5020 Christianum
3049 4961 3350 5018 referenda
3395 4964 3553 5029 sunt,
3587 4959 3688 5031 qui

269 5057 326 5107 σι
374 5049 735 5107 intellectum
783 5049 883 5103 dat
930 5047 1206 5120 ρατνυιὶε.
1239 5073 1265 5099 ι)
1299 5055 1606 5106 Sermones
1639 5050 1740 5105 Dei
1782 5054 1923 5107 sunt
2032 5057 2194 5131 prius
2211 5060 2673 5128 contemptus,et
2700 5055 2771 5110 de
2790 5055 2963 5110 domo
2986 5053 3166 5125 patris
3183 5047 3691 5122 ejectus,recolens

271 5141 492 5213 scripta
521 5138 936 5211 prophetarum
967 5143 1024 5194 et
1056 5138 1224 5210 Legis
1256 5157 1383 5211 quae
1408 5139 1464 5194 in
1488 5140 1810 5213 Evangeliis
1829 5141 1923 5196 de—

271 5231 600 5287 clarantur:
625 5228 764 5282 dum
787 5227 1012 5282 Verbum
1041 5244 1167 5283 caro
1186 5231 1395 5298 factum
1411 5229 1620 5284 habitat
1669 5230 1728 5284 in
1768 5231 1923 5285 nobis

272 5321 457 5391 (Jaan.
490 5335 528 5388 ι,
566 5317 676 5389 tt),
705 5319 762 5371 et
801 5315 1004 5371 multis
1053 5316 1370 5374 virtutibus
1416 5322 1595 5374 Deum
1644 5319 1920 5375 ostendit.

265 5409 375 5466 Sed
412 5407 621 5464 horum
654 5403 987 5462 intellectus
1015 5407 1288 5479 parvitati
1321 5412 1554 5476 nostrae,
1588 5408 1688 5482 qui
1720 5409 1778 5463 in
1830 5408 1924 5464 in-

270 5497 539 5556 nocentia
571 5495 753 5552 renali
789 5512 1020 5563 sumus,
1053 5497 1333 5554 tribuitur
1367 5515 1380 5552 :
1419 5499 1660 5555 Domino
1713 5498 1797 5554 sic
1844 5498 1926 5555 di-

269 5589 434 5644 cente
468 5609 482 5641 :
519 5585 795 5653 Conﬁteor
825 5584 947 5655 tibi,
980 5586 1228 5655 Domine,
1262 5589 1422 5644 Pater
1467 5589 1592 5643 caeli
1631 5592 1684 5644 et
1712 5592 1871 5645 terrae
1902 5608 1920 5644 :

267 5676 401 5750 quia
428 5671 757 5729 abscmdiati
787 5673 904 5730 hac
925 5690 960 5729 a
987 5675 1324 5746 sapientibus
1371 5682 1425 5732 et
1465 5677 1848 5750 prudentibus,
1873 5683 1927 5734 et

267 5763 530 5824 repetenti
559 5778 628 5821 ea
647 5763 903 5836 parvulis
932 5762 1146 5836 (lauit.
1179 5781 1256 5838 χι,
1288 5767 1402 5836 25).

2030 5146 2486 5217 justiﬁcationes
2534 5146 2651 5211 Dei,
2701 5143 2954 5216 acceptis
3002 5140 3212 5214 prioris
3257 5138 3686 5212 primogenitis,

2041 5235 2198 5309 prior
2229 5237 2468 5292 effectus
2500 5240 2606 5290 est.
3499 5277 3501 5280 .

2111 5349 2134 5372 ‹-
2171 5323 2412 5380 Justitia
2438 5321 2793 5394 tuajustitia
2842 5320 2899 5376 in
2949 5325 3252 5376 aeternum.
3288 5339 3319 5371 ι
3348 5320 3532 5383 Quam
3573 5333 3688 5374 non

2040 5413 2311 5488 cognovit
2339 5412 2590 5486 pepulus
2614 5410 2711 5466 ille
2736 5411 2890 5482 prior
2925 5425 3155 5482 semper
3173 5425 3300 5465 esse
3323 5413 3686 5482 perpetuam.

2047 5524 2069 5552 ι
2105 5509 2172 5559 Et
2203 5503 2290 5558 lex
2321 5507 2421 5557 tua
2449 5503 2686 5557 veritas.
2721 5524 2746 5547 »ι
2785 5500 2901 5555 lllis
2950 5500 3060 5554 fuit
3109 5499 3319 5555 umbra
3350 5514 3362 5552 :
3400 5513 3554 5553 nunc
3600 5497 3690 5550 est

2041 5591 2304 5648 Ecclesiae
2335 5590 2549 5664 pOpulo
2578 5590 2814 5645 veritas.
2847 5591 2954 5645 Sed
2989 5588 3274 5662 Propheta
3304 5603 3406 5658 pro
3453 5585 3560 5640 hac
3592 5601 3686 5639 ve-

2040 5681 2211 5738 ritate
2244 5679 2432 5735 multa
2462 5679 2759 5752 perferens
2786 5680 2902 5734 ait:

2109 5794 2135 5821 ‹‹
2159 5769 2482 5828 Tribulatio
2509 5773 2567 5827 et
2595 5768 2868 5844 angustia
2890 5769 3234 5826 invenerunt
3262 5780 3385 5822 me:
3407 5761 3685 5826 mandata
