3992 6194
306 403 462 477 1275

305 541 410 595 tua
439 537 737 595 meditatio
784 552 918 595 mea
963 540 1070 594 est.
1107 558 1128 588 ι)
1165 534 1495 601 Quamlibet
1538 533 1852 590 tribuletur
1889 531 1949 586 in
1979 530 2034 596 Α

306 628 516 701 pennis,
549 632 876 684 coarctetur
920 628 978 683 in
1030 627 1279 683 vinculis
1313 644 1325 682 :
1361 644 1469 681 vox
1499 642 1728 697 semper
1771 623 1953 679 libera

309 717 406 774 Dei
437 720 714 775 mandata
740 719 1059 774 meditatur
1087 717 1345 773 assidue.

382 829 410 856 «
436 807 700 880 ZEquitas
731 807 1069 862 testimonia
1107 811 1210 862 tua
1255 805 1314 860 in
1365 810 1645 860 zeternum
1680 821 1691 859 :
1727 801 1951 857 intelle-

309 901 468 954 ctum
521 897 592 952 da
641 896 806 962 mihi,
847 900 904 951 et
949 896 1164 951 vivam.
1209 919 1235 944 ››
1268 896 1340 950 Ut
1370 911 1472 967 pro
1503 909 1704 950 eorum
1737 890 1951 948 intelli-

310 986 528 1058 gentia,
555 986 733 1042 vitam
763 985 983 1056 possim
1014 1002 1220 1057 capere
1249 984 1688 1056 sempiternam.

1051 1108 1213 1148 COPH.

388 1205 409 1234 ι
442 1182 695 1238 Clamavi
743 1182 802 1256 in
850 1185 971 1238 toto
1019 1182 1189 1237 corde
1239 1197 1388 1247 meo,
1439 1179 1646 1235 exaudi
1697 1195 1809 1245 me,
1844 1179 1953 1233 Do-

311 1272 491 1342 mine,
518 1271 968 1341 justiﬁcationes
996 1275 1129 1326 tuas
1161 1271 1476 1342 requiram.
1497 1268 1751 1326 Clamavi
1785 1267 1854 1323 ad
1877 1271 1953 1338 te,

309 1359 538 1416 salvum
565 1376 657 1415 me
689 1360 798 1431 fac,
831 1364 896 1414 ut
927 1358 1250 1414 custodiam
1284 1357 1560 1412 mandata
1588 1360 1706 1411 tua.
1741 1377 1769 1404 »
1793 1354 1957 1409 Hunc

311 1447 625 1504 clamorem
653 1464 768 1503 non
801 1464 1084 1519 corporea:
1109 1446 1286 1514 vocis,
1314 1446 1413 1502 sed
1447 1445 1661 1500 mentis
1692 1443 1960 1515 spiritua-

309 1537 490 1593 tualis
519 1553 666 1602 esse,
699 1554 852 1610 sape
881 1537 1220 1593 monuimus
1254 1552 1268 1592 :
1304 1552 1405 1607 per
1430 1550 1605 1606 quem
1623 1532 1772 1604 justi
1795 1537 1957 1586 aDeo

309 1627 704 1682 exaudiuntur
735 1643 748 1680 :
780 1625 866 1681 vel
898 1624 994 1680 ille
1026 1624 1294 1696 precibus
1326 1638 1528 1679 eorum
1558 1622 1723 1694 pium
1757 1619 1960 1693 pandit

310 1715 600 1771 auditum.

387 1825 416 1852 «
448 1803 695 1859 Prznveni
726 1802 785 1858 in
817 1802 1154 1859 maturitate
1183 1806 1240 1857 et
1267 1801 1512 1858 clamavi
1545 1819 1558 1857 :
1591 1799 1730 1872 quia
1757 1798 1817 1853 in
1839 1814 1960 1853 ver-

316 1893 389 1948 bo
419 1898 522 1948 tuo
553 1892 798 1964 speravi.

313 1982 608 2055 praevenit,
642 1982 740 2053 qui
772 1999 875 2054 per
904 1982 1301 2037 maturitatem
1331 1980 1546 2036 vivacis
1577 1978 1956 2050 animi,spem

314 2089 483 2127 suam
515 2088 820 2143 nunquam
853 2088 886 2126 a
910 2071 1103 2126 verbis
1133 2071 1234 2127 Dei
1266 2069 1530 2126 removit.

391 2183 420 2216 ι
448 2165 856 2217 Przevenerunt
884 2159 1036 2216 oculi
1060 2160 1171 2216 mei
1204 2160 1275 2215 ad
1306 2165 1362 2215 te
1393 2157 1648 2214 diluculo
1683 2174 1696 2212 :
1733 2160 1799 2210 ut
1838 2171 1958 2210 me-

315 2250 532 2307 ditarer
561 2250 794 2323 eloquia
822 2254 943 2305 tua.
977 2271 1006 2298 »
1036 2249 1160 2305 Non
1193 2266 1326 2305 eum
1358 2249 1458 2304 lux
1487 2251 1823 2320 soporatum
1867 2261 1962 2300 re-

315 2340 484 2414 perit,
519 2340 620 2395 sed
649 2339 987 2411 vigilantem
1021 2343 1275 2404 strenue,
1310 2342 1368 2393 et
1415 2338 1571 2392 circa
1621 2336 1816 2391 divina
1843 2333 1962 2390 elo-

317 2429 456 2501 quia
475 2427 773 2483 oculorum
799 2426 1194 2499 spiritualium
1220 2427 1539 2482 intentione
1559 2425 1962 2481 meditantem.

388 2537 418 2566 «
449 2516 664 2570 Vocem
692 2531 885 2571 meam
932 2515 1160 2586 exaudi,
1197 2515 1455 2584 Domine,
1485 2515 1810 2570 secundum
1850 2512 1965 2567 mi-

316 2604 695 2660 sericordiam
725 2609 913 2671 tuam,
945 2625 973 2653 »
1005 2608 1115 2660 etc.
1149 2603 1581 2660 Incessabiliter
1610 2603 1764 2658 vocis
1798 2601 1967 2674 spiri-

318 2692 498 2750 tualis
528 2693 746 2750 emittit
773 2694 1081 2766 gemitum,
1133 2698 1196 2749 ut
1250 2694 1321 2748 ab
1345 2693 1453 2748 hac
1506 2691 1860 2748 mortalitate
1902 2690 1963 2746 in

316 2783 497 2839 vitam
529 2784 918 2839 transferatur
945 2788 1242 2840 aeternam.

390 2895 418 2923 «
443 2871 1067 2945 Appropinquaverunt
1093 2876 1507 2945 persequentes
1530 2886 1622 2926 me
1638 2869 1963 2942 iniquitati;

319 2979 354 3016 a
380 2961 506 3033 lege
535 2965 732 3017 autem
773 2965 876 3016 tua
921 2960 1090 3034 longe
1137 2961 1271 3016 facti
1323 2964 1479 3016 sunt.
1515 2983 1542 3009 »
1575 2959 1780 3016 Omnis
1809 2957 1966 3013 enim

319 3050 421 3123 qui
443 3050 642 3124 inique
671 3050 891 3106 sanctis
921 3051 1400 3123 approquinquat
1420 3053 1485 3105 ut
1507 3046 1968 3119 noceat,elonga-

318 3144 416 3196 tur
465 3157 500 3195 a
543 3139 670 3212 lege
701 3139 822 3196 Dei.
857 3163 884 3189 ‹‹
915 3139 1095 3212 Prope
1135 3156 1197 3194 es
1240 3143 1327 3206 tu,
1359 3137 1604 3194 Domine
1638 3154 1651 3193 :
1685 3141 1742 3193 et
1772 3135 1970 3192 omnia

321 3229 600 3284 mandata
628 3231 732 3283 tua
760 3228 1025 3300 aequitas.
1065 3252 1092 3278 »
1124 3229 1248 3286 Non
1280 3227 1496 3285 teneris
1536 3227 1700 3292 locis,
1733 3227 1836 3283 sed
1867 3241 1969 3299 per

315 3317 616 3373 veritatem
650 3319 1060 3375 mandatorum
1091 3318 1365 3375 cordibus
1397 3321 1732 3374 sanctorum
1762 3315 1967 3371 illabe-

320 3407 424 3463 ris.

393 3519 421 3546 ‹‹
473 3497 558 3552 Ab
607 3497 774 3553 initio
820 3497 1061 3570 cognovi
1112 3497 1183 3553 de
1232 3496 1591 3554 testimoniis
1637 3494 1776 3551 tuis.
1811 3513 1837 3545 ι)
1883 3492 1967 3548 Ab

319 3584 504 3640 Adam
535 3585 592 3639 in
624 3585 900 3641 omnibus
930 3586 1281 3658 patriarchis
1313 3603 1378 3643 ac
1405 3584 1728 3658 prophetis.
1764 3606 1792 3632 »
1825 3581 1970 3647 Quia

321 3671 383 3726 in
415 3676 697 3728 eternum
729 3673 986 3729 fundasti
1017 3691 1102 3731 ea.
1138 3698 1167 3724 »
1199 3675 1548 3748 Evangeliis,
1579 3675 1638 3730 in
1669 3673 1886 3746 quibus
1915 3673 1973 3728 et

322 3776 430 3816 nos
464 3760 690 3815 fundati
722 3778 929 3818 sumus
959 3781 1139 3835 supra
1179 3765 1630 3821 fundamentum
1679 3776 1969 3818 memora-

325 3855 453 3905 tum
506 3865 518 3903 :
574 3849 727 3906 sicut
755 3849 972 3907 dixisse
1015 3852 1260 3908 Paulum
1292 3853 1621 3925 apostolum
1660 3869 1813 3924 saape
1857 3868 1972 3907 me-

323 3955 628 3996 minimus.

1086 4049 1211 4087 RES.

401 4137 594 4195 «Vide
625 4138 1021 4195 humilitatem
1055 4155 1246 4195 meam
1277 4142 1334 4196 et
1361 4138 1518 4210 eripe
1547 4155 1641 4194 me
1675 4155 1687 4192 :
1724 4137 1862 4208 quia
1889 4138 1969 4193 le-

325 4245 456 4299 gem
483 4231 647 4284 tuam
681 4246 797 4285 non
830 4245 962 4285 sum
994 4228 1235 4285 oblitus.
1271 4252 1298 4278 ››
1331 4229 1454 4283 Tibi
1489 4226 1788 4293 humilior,
1832 4244 1866 4282 a
1915 4230 1972 4283 te

326 4317 472 4388 eripi
523 4331 615 4371 me
665 4318 961 4389 deprecor,
1010 4323 1074 4373 ut
1117 4318 1336 4374 exalter
1369 4334 1381 4372 :
1417 4317 1554 4388 quia
1584 4333 1808 4374 memor
1838 4332 1970 4372 sum

323 4404 471 4477 legis
516 4409 630 4462 tum
662 4422 780 4477 qua
817 4407 1012 4464 dixisti
1046 4425 1058 4463 :
1095 4409 1201 4476 Qui
1227 4424 1285 4463 se
1315 4408 1708 4477 humiliaverit,
1758 4406 1975 4462 exalta-

328 4496 477 4552 bitur
506 4496 658 4567 (Luc.
695 4512 808 4563 ειν,
843 4497 950 4568 11).
995 4519 1024 4546 ‹‹
1053 4497 1259 4553 Judica
1300 4496 1594 4567 judicium
1647 4512 1864 4562 meum,
1916 4498 1973 4550 et

324 4584 547 4641 redime
577 4602 670 4641 me
705 4601 717 4640 :
752 4589 986 4657 propter
1014 4585 1311 4656 eloquium
1342 4588 1511 4640 tuum
1543 4584 1769 4639 viviﬁca
1795 4599 1906 4639 me.
1941 4604 1969 4632 ››

1795 392 2214 458 ΑΡΡΕΝΠΙΧ.

854 1915 874 1940 ι
928 1893 1137 1948 Vetera
1185 1891 1332 1947 vitia
1386 1889 1668 1962 pudicitia
1713 1886 1958 1959 juvenili
1989 1911 2036 1977 Β

3555 383 3709 452 1276

2137 551 2165 578 ‹‹
2198 526 2363 584 Multi
2396 526 2826 600 persequuntur
2853 537 2946 578 me
2976 524 3033 577 et
3062 517 3355 577 tribulant
3384 535 3481 576 me
3513 535 3525 574 :
3560 536 3598 574 a
3632 525 3711 576 te-

2063 617 2356 674 stimoniis
2386 617 2505 673 tuis
2533 633 2649 672 non
2675 613 2978 671 declinavi.
3015 635 3042 662 ››
3073 611 3328 667 Szeviant
3368 609 3520 665 odiis
3553 626 3567 664 :
3603 609 3716 664 im-

2063 711 2326 779 pugnent
2347 705 2578 777 injuriis
2606 722 2618 760 :
2644 720 2748 776 ego
2780 720 2813 757 a
2841 700 3198 758 testimoniis
3220 699 3342 754 tuis
3369 698 3718 770 erigur,non

2063 797 2328 853 inclinor.
2367 818 2394 845 «
2427 794 2556 849 Vidi
2589 810 2704 849 non
2737 795 3032 848 servantes
3066 793 3325 862 pactum,
3357 793 3415 843 et
3455 788 3716 843 tabesce-

2063 887 2197 942 ham
2233 903 2244 940 :
2277 884 2415 957 quia
2443 883 2677 955 eloquia
2706 887 2808 937 tua
2837 897 2953 936 non
2985 878 3454 936 custodiebant.»
3479 877 3718 931 Pactum

2065 975 2174 1030 fuit
2203 973 2401 1030 lsraeli
2435 987 2569 1029 cum
2603 971 2896 1043 Deo,quod
2923 969 3068 1024 dixit
3096 969 3167 1024 ad
3198 971 3430 1040 Moysen
3475 983 3490 1020 :
3526 965 3720 1020 Omnia

2063 1079 2423 1137 quaecumque
2448 1061 2654 1118 dixerit
2682 1062 2964 1124 Dominus,
2997 1060 3262 1130 faciemus
3315 1057 3522 1128 (Exod.
3577 1072 3720 1122 xm,

2065 1155 2118 1222 3,
2149 1155 2225 1225 7).
2260 1153 2372 1209 Sed
2403 1156 2459 1208 et
2488 1168 2644 1208 nunc
2673 1167 2780 1206 nos
2813 1147 3166 1221 paciscimur
3194 1148 3252 1201 in
3295 1146 3632 1218 baptismo,
3662 1149 3722 1199 ut

2066 1241 2546 1299 abrenuntiemus
2565 1239 2794 1296 diabolo
2824 1242 2881 1293 et
2901 1236 3174 1309 operibus
3204 1235 3354 1306 ejus.
3387 1235 3507 1289 Pro
3539 1237 3727 1288 trans-

2067 1330 2437 1404 gressoribus
2485 1345 2622 1401 ergo
2671 1328 2852 1398 hujus
2902 1325 3056 1399 pacti
3106 1323 3395 1396 Propheta
3452 1322 3725 1377 tabescit.

2066 1422 2134 1477 Et
2165 1419 2381 1476 Paulus
2411 1418 2512 1490 qui
2543 1416 2807 1473 dicebat:
2835 1416 2964 1484 Quis
2987 1416 3194 1482 uritur,
3215 1416 3266 1468 et
3283 1427 3391 1485 ego
3413 1427 3537 1466 non
3567 1415 3729 1466 uror?

2065 1509 2144 1581 (II
2173 1510 2293 1564 Cor.
2320 1526 2398 1575 x1,
2418 1508 2531 1579 29).

2143 1619 2164 1650 ι
2199 1597 2343 1653 Vide
2373 1597 2512 1669 quia
2537 1595 2813 1652 mandata
2841 1598 2945 1649 tua
2972 1591 3168 1658 dilexi,
3198 1590 3454 1647 Domine
3489 1605 3504 1644 :
3540 1588 3603 1644 in
3634 1595 3729 1645 tua

2068 1687 2469 1743 misericordia
2495 1685 2721 1742 vivilica
2761 1700 2874 1740 me.
2928 1706 2957 1732 »
3013 1679 3223 1738 Dilexit
3266 1697 3337 1735 ea
3387 1697 3400 1733 ε
3459 1695 3583 1734 non
3634 1694 3729 1750 per

2069 1781 2313 1846 metum,
2345 1777 2446 1831 sed
2481 1793 2582 1848 per
2612 1776 2775 1830 bonae
2804 1771 3120 1829 voluntatis
3153 1769 3455 1826 affectum.
3493 1768 3635 1823 Ideo
3672 1784 3726 1824 se

2067 1866 2128 1922 in
2158 1866 2251 1921 his
2279 1863 2556 1920 viviﬁcari
2587 1863 2868 1935 deposcit.

2137 1979 2166 2005 ‹‹
2199 1954 2557 2026 Principium
2587 1953 2896 2009 verborum
2926 1956 3163 2007 tuorum
3187 1948 3430 2004 veritas.
3465 1969 3490 1997 ι
3531 1951 3605 2002 Ut
3634 1963 3727 2002 no-

2066 2061 2173 2101 vus
2204 2044 2378 2100 homo
2421 2047 2659 2099 renatus
2708 2042 2767 2097 in
2819 2041 3048 2097 Christo
3095 2037 3266 2093 vivat.
3300 2059 3334 2088 «
3369 2038 3445 2092 Et
3481 2037 3545 2090 in
3574 2042 3725 2090 aeter-

2068 2151 2210 2190 num
2243 2133 2441 2189 omnia
2461 2131 2687 2204 judicia
2709 2130 2955 2202 justitiae
2981 2133 3116 2184 tuae.
3147 2149 3168 2177 ι
3204 2127 3279 2182 Ut
3306 2125 3602 2196 deinceps
3635 2141 3719 2179 co-

2070 2239 2356 2296 gnoscens
2404 2238 2467 2278 se
2519 2222 2590 2277 ad
2643 2221 2961 2293 imaginem
3011 2215 3597 2286 similitudinemque
3634 2207 3726 2269 Dei

2071 2315 2353 2378 creatum,
2385 2310 2532 2366 nihil
2555 2309 2798 2381 judiciis
2829 2325 2894 2365 ac
2919 2306 3164 2378 justitiis
3191 2306 3324 2377 ejus
3356 2308 3535 2377 gerat
3585 2303 3728 2359 indi-

2071 2418 2277 2474 gnum.

2839 2559 2950 2598 SlN.

2146 2731 2175 2758 «
2206 2707 2505 2780 Principes
2535 2705 2826 2780 persecuti
2855 2708 2997 2761 sunt
3025 2699 3116 2758 me
3147 2701 3354 2775 gratis,
3382 2705 3441 2757 et
3473 2718 3509 2756 a
3540 2697 3729 2756 verbis

2072 2797 2192 2853 tuis
2222 2797 2555 2853 formidavit
2583 2813 2682 2851 cor
2711 2811 2927 2851 meum.
2959 2815 2986 2844 »
3023 2790 3347 2848 Formidavi
3372 2806 3405 2844 a
3423 2788 3598 2843 verbo
3626 2787 3726 2843 illo

2075 2905 2190 2959 quo
2222 2886 2303 2942 ait
2333 2904 2346 2942 :
2375 2886 2477 2955 Qui
2504 2903 2593 2941 me
2622 2886 2903 2956 negaverit
2930 2898 3115 2939 coram
3144 2879 3472 2942 hominibus,
3505 2876 3724 2944 negabo

2074 2985 2126 3033 et
2154 2993 2254 3046 ego
2285 2993 2410 3031 eum
2437 2992 2622 3030 coram
2649 2976 2814 3029 Patre
2845 2988 2982 3042 meo,
3005 2973 3102 3044 qui
3129 2977 3205 3025 est
3231 2971 3294 3024 in
3321 2967 3468 3024 caelis
3497 2965 3728 3036 (Matth.

2075 3083 2130 3132 x,
2165 3066 2276 3136 32).
2311 3065 2441 3120 Ideo
2470 3063 2722 3137 perstitit
2753 3061 2918 3118 fortis
2947 3061 3007 3116 in
3039 3059 3330 3132 passione.

2149 3178 2175 3204 «
2215 3155 2470 3210 Laztabor
2498 3170 2604 3226 ego
2635 3169 2812 3225 super
2857 3149 3091 3223 eloquia
3136 3153 3258 3216 tua,
3292 3146 3448 3202 sicut
3501 3144 3608 3216 qui
3647 3145 3734 3199 in-

2077 3243 2235 3299 venit
2264 3243 2451 3316 spolia
2481 3242 2688 3298 multa.
2721 3263 2748 3291 »
2782 3239 3033 3312 Alligato
3088 3237 3244 3303 forti,
3287 3239 3345 3291 et
3390 3235 3552 3290 vasis
3607 3235 3738 3306 ejus

2079 3333 2320 3405 direptis
2351 3334 2500 3400 (Luc.
2533 3349 2612 3399 x1,
2642 3332 2736 3396 21,
2763 3330 2876 3401 22),
2911 3329 3073 3384 ΙᾶΞῒΟΓ
3123 3327 3183 3380 in
3232 3324 3379 3380 illud
3429 3323 3737 3395 eloquium

2077 3421 2474 3493 evangelicum
2507 3420 2662 3492 quod
2695 3419 2838 3474 dicit
2871 3437 2883 3474 :
2919 3419 3052 3474 Cum
3099 3432 3186 3472 vos
3230 3418 3648 3486 persequentur
3692 3420 3742 3467 et

2077 3510 2494 3577 maledicent,et
2515 3509 2695 3566 dicent
2723 3525 2880 3564 omne
2908 3507 3116 3562 malum
3145 3504 3434 3560 adversum
3464 3519 3562 3558 vos
3579 3517 3740 3573 prap-

2079 3607 2161 3655 ter
2190 3602 2465 3669 justitiam
2489 3599 2716 3669 gaudete
2741 3606 2793 3654 et
2821 3597 3091 3653 exsultate
3119 3612 3137 3649 :
3166 3594 3297 3666 quia
3318 3607 3536 3647 merces
3567 3593 3736 3645 vestra

2077 3690 2252 3744 multa
2279 3698 2357 3744 est
2387 3691 2448 3743 in
2477 3687 2628 3744 cretis
2661 3687 2870 3760 (Matth.
2902 3703 2959 3753 v,
2993 3687 3080 3752 11,
3116 3685 3223 3754 12).

2151 3802 2179 3828 ‹‹
2214 3778 2592 3850 lniquitatem
2622 3777 2752 3833 odio
2785 3774 2964 3831 habui
3011 3779 3070 3828 et
3114 3769 3495 3828 abominatus
3545 3785 3676 3824 sum
3718 3787 3731 3823 :

2078 3869 2264 3941 legem
2300 3872 2495 3924 autem
2525 3871 2690 3923 tuam
2722 3864 2916 3920 dilexi.
2953 3886 2980 3913 »
3011 3863 3163 3918 Dum
3193 3859 3575 3931 iniquitatem
3616 3856 3736 3913 odit

2079 3963 2137 4014 et
2165 3959 2265 4015 Dei
2288 3958 2580 4030 justitiam
2615 3956 2829 4030 diligit,
2864 3955 2923 4009 in
2954 3952 3165 4025 maiori
3205 3966 3269 4006 se
3312 3949 3506 4006 ofﬁcio
3535 3951 3735 4004 exten-

2081 4047 2189 4117 dit,
2221 4047 2424 4105 dicens
2457 4066 2469 4104 :

2157 4157 2184 4189 α
2213 4137 2440 4209 Septies
2469 4137 2529 4192 in
2561 4137 2655 4191 die
2683 4134 2918 4191 laudem
2969 4131 3085 4188 dixi
3134 4130 3241 4186 tibi
3294 4141 3465 4200 super
3493 4123 3729 4195 judicia

2075 4225 2335 4298 justitiae.
2388 4249 2416 4275 «
2471 4225 2696 4297 Septies
2743 4224 2927 4279 Deum
2972 4237 3074 4294 per
3120 4219 3281 4275 diem
3309 4216 3530 4281 laudat;
3578 4212 3728 4285 quia

2082 4331 2248 4371 mens
2277 4315 2407 4386 ejus
2438 4315 2497 4369 in
2531 4313 2702 4386 pleno
2735 4311 3041 4384 splendore
3072 4309 3422 4382 perdurans,
3449 4303 3522 4359 ad
3552 4300 3732 4357 illum

2081 4405 2400 4477 septimum
2430 4404 2606 4470 diem,
2640 4403 2700 4458 id
2731 4405 2819 4458 est
2847 4401 3229 4456 sabbatorum
3259 4395 3609 4459 Sabhatum,
3631 4391 3734 4465 qui

2080 4499 2171 4551 est
2199 4493 2432 4565 requies
2459 4497 2692 4561 aeterna,
2723 4490 2979 4547 festinat.

2153 4606 2182 4634 ‹‹
2215 4584 2333 4639 Pax
2365 4583 2552 4638 multa
2582 4579 2965 4654 diligentibus
2997 4578 3187 4650 legem
3217 4581 3406 4642 tuam,
3439 4573 3683 4631 Domine
3714 4587 3730 4626 :

323 4674 591 4730 Judicavi
623 4691 716 4730 me
744 4690 848 4747 ego
880 4673 1026 4729 nihil
1056 4675 1224 4736 scire.
1256 4673 1371 4729 nisi
1405 4674 1610 4730 Jesum
1654 4672 1972 4739 Christum,
2004 4657 2050 4723 D
2082 4677 2141 4729 et
2169 4690 2284 4730 non
2312 4677 2402 4728 est
2429 4671 2546 4728 illis
2577 4661 2944 4727 scandalum.
2979 4690 3008 4719 »
3039 4667 3147 4732 Qui
3181 4667 3363 4722 Deum
3413 4668 3605 4729 amat,
3634 4679 3734 4735 pa-

326 4764 428 4836 qui
458 4765 531 4820 ad
562 4763 1025 4836 redemptionem
1057 4762 1260 4819 mundi
1289 4763 1483 4819 venire
1511 4761 1840 4835 promissus
1861 4765 1970 4818 est.

323 4853 500 4910 Juxta
527 4870 662 4927 ergo
693 4853 802 4909 hoc
838 4852 1133 4925 judicium
1164 4869 1269 4926 ego
1301 4869 1335 4908 a
1365 4856 1420 4908 te
1447 4852 1702 4908 vivificer
1745 4851 1804 4906 in
1854 4850 1972 4908 elo-

325 4943 482 5016 quiis
511 4944 648 5000 tuis.

397 5055 425 5081 «
458 5037 651 5106 Longe
679 5037 768 5090 est
798 5051 831 5088 a
861 5033 1262 5105 peccatoribus
1311 5032 1472 5088 salus
1526 5049 1538 5086 :
1591 5030 1731 5103 quia
1755 5030 1974 5103 justifi-

327 5122 587 5179 cationes
635 5127 767 5180 tuas
821 5141 936 5180 non
993 5123 1411 5196 exquisierunt.
1468 5144 1495 5171 »
1544 5121 1717 5178 Salus
1772 5125 1972 5176 nostra

327 5205 592 5282 Christus
623 5211 839 5286 est,qui
871 5231 904 5269 a
933 5211 1364 5286 negligentibus
1393 5209 1612 5268 Judaeis
1632 5208 1968 5283 elongatur:

323 5315 392 5354 eo
444 5300 598 5370 quod
649 5301 708 5356 in
748 5302 1276 5373 justificationibus
1315 5301 1461 5374 legis
1491 5317 1605 5357 non
1637 5299 1974 5372 intelligunt

325 5389 667 5462 figuratum.

396 5501 425 5530 «
456 5477 856 5535 miserationes
886 5484 998 5538 tuae
1029 5481 1225 5538 multa
1267 5485 1426 5553 sunt,
1466 5481 1732 5538 Domine.
1768 5501 1796 5529 ››
1827 5478 1974 5544 Quia

324 5571 395 5628 de
427 5568 630 5626 multis
661 5568 936 5641 periculis
984 5576 1174 5627 erunt.
1230 5593 1258 5621 «
1309 5571 1644 5627 Secundum
1679 5568 1971 5642 judicium

324 5665 493 5716 tuum
523 5659 751 5716 vivifica
783 5675 894 5717 me.
931 5682 959 5709 ››
989 5660 1071 5716 Ne
1099 5660 1430 5717 inveniatur
1461 5661 1521 5716 in
1555 5676 1648 5717 me
1691 5660 1848 5732 quod
1871 5659 1970 5729 ju-

324 5749 541 5808 dieium
574 5750 779 5812 mortis
801 5749 1094 5808 absumat.

2081 4779 2207 4820 cem
2240 4779 2374 4818 cum
2407 4761 2689 4818 fratribus
2719 4774 2954 4816 necesse
2983 4760 3072 4814 est
3101 4755 3333 4812 habeat.
3364 4753 3518 4809 Nam
3549 4752 3736 4810 Deum

2081 4851 2229 4908 falso
2259 4867 2456 4907 amore
2487 4849 2698 4923 diligit,
2729 4849 2830 4921 qui
2861 4845 3292 4904 scandalizatur
3321 4844 3380 4899 in
3414 4843 3621 4898 fratre.

2153 4963 2181 4990 «
2216 4939 2635 5011 Exspectabam
2666 4937 2920 4994 salutare
2947 4940 3141 5003 tuum,
3172 4933 3440 5002 Domine,
3473 4935 3534 4987 et
3565 4947 3733 4986 man-

2081 5031 2219 5087 data
2245 5034 2348 5085 tua
2377 5029 2505 5085 feci.
2528 5048 2556 5082 ιι
2592 5028 2793 5085 Jesum
2827 5024 3138 5082 Dominum
3170 5021 3438 5079 omnium
3470 5019 3736 5078 salutare

2080 5123 2442 5193 exspectans,
2473 5135 2541 5175 ea
2570 5135 2698 5190 quae
2729 5117 2787 5172 in
2822 5116 2971 5188 Lege
3015 5118 3072 5172 et
3113 5110 3424 5185 Prophetis
3453 5110 3739 5167 mandata

2082 5210 2331 5280 fuerant,
2364 5208 2492 5264 feci.
3241 5233 3244 5235 λ

2154 5321 2182 5349 ‹‹
2207 5297 2533 5354 Custodivit
2561 5296 2760 5353 anima
2787 5311 2920 5352 mea
2945 5291 3286 5351 testimonia
3315 5295 3420 5346 tua
3444 5292 3503 5346 et
3530 5286 3738 5344 dilexit

2081 5406 2149 5445 ea
2185 5388 2575 5444 vehementer.
2607 5408 2638 5436 »
2669 5385 2816 5441 Cum
2866 5381 3215 5441 strenuitate
3255 5378 3541 5438 custodiae
3589 5376 3734 5434 vali-

2081 5479 2218 5534 dam
2249 5476 2618 5533 dilectionem
2649 5473 2942 5548 apposuit.

2153 5590 2181 5618 «
2221 5566 2447 5624 Servavi
2495 5567 2782 5639 praecepta
2809 5567 2912 5621 tua
2939 5567 2996 5620 et
3024 5561 3362 5619 testimonia
3407 5563 3516 5615 tua
3550 5574 3568 5613 :
3603 5556 3735 5630 quia

2082 5675 2287 5714 omnes
2323 5657 2425 5713 viae
2475 5673 2612 5712 meae
2657 5669 2853 5711 coram
2884 5657 2964 5724 te,
2998 5651 3260 5709 Domine.
3294 5671 3322 5699 ››
3353 5651 3563 5704 Servat
3592 5663 3730 5722 ρης

2080 5750 2248 5822 cepta
2274 5743 2854 5819 testimoniaque,qui
2873 5743 3002 5804 vias
3029 5741 3133 5812 Dei
3163 5739 3403 5814 incedit,
3434 5755 3548 5798 nec
3565 5735 3732 5813 quid~
