3992 6194
299 449 454 515 12⁸17

302 673 818 748 contemplationis
849 675 1134 731 habeatur
1161 675 1493 748 indignum.

1058 857 1167 895 ἰ’Αο
1179 881 1190 894 .

373 1004 402 1032 ‹‹
434 980 875 1054 Appropinquet
925 982 1108 1038 oratio
1167 998 1297 1038 mea
1347 982 1405 1038 in
1459 987 1773 1055 conspectu
1825 987 1947 1049 tuo,

299 1070 582 1138 Domine;
628 1071 952 1127 secundum
1000 1071 1298 1144 eloquium
1350 1077 1516 1128 tuum
1568 1073 1645 1127 da
1692 1072 1836 1128 mihi
1868 1073 1950 1127 in-

299 1160 614 1216 tellectum.
648 1181 676 1210 »
712 1161 1043 1216 Proximam
1075 1161 1178 1216 tibi
1231 1163 1356 1218 ﬁeri
1403 1162 1724 1218 orationem
1758 1179 1948 1218 meam

301 1249 594 1319 deprecor,
629 1248 892 1318 Domine,
925 1253 990 1303 ut
1021 1265 1054 1311 a
1085 1253 1140 1303 te
1168 1248 1529 1304 intellectum
1564 1249 1824 1321 capiens,
1859 1249 1947 1303 ni-

299 1336 382 1392 hil
413 1336 571 1392 aliud
605 1337 720 1392 nisi
752 1338 906 1409 quod
940 1341 1167 1410 oportet
1195 1354 1448 1394 exorem.

371 1449 400 1476 «
436 1427 690 1483 Introeat
717 1425 1036 1498 postulatio
1065 1443 1196 1482 mea
1246 1426 1305 1481 in
1337 1431 1653 1500 conspectu
1685 1431 1806 1494 tuo,
1837 1427 1948 1484 Do—

302 1517 458 1571 mine
491 1533 502 1570 :
541 1516 866 1572 secundum
919 1515 1218 1587 eloquium
1261 1519 1431 1572 tuum
1477 1516 1634 1588 eripe
1673 1533 1841 1572 me.»
1879 1515 1951 1571 Ut

302 1622 430 1662 eam
463 1622 566 1677 per
593 1605 832 1662 odorem
864 1605 924 1660 in
955 1608 1122 1661 nocte
1153 1604 1334 1676 hujus
1363 1605 1492 1660 vitae
1523 1606 1834 1679 dignanter
1863 1623 1950 1662 as-

303 1710 566 1760 sumens,
601 1695 672 1750 ab
718 1695 826 1750 hac
877 1696 1248 1768 corruptione
1296 1695 1778 1767 concupiscentiae
1824 1713 1948 1751 car-

305 1783 456 1840 nalis
486 1784 795 1857 eripiatur.

375 1896 403 1922 ‹‹
437 1874 798 1929 Eructabunt
825 1873 982 1929 labia
1011 1891 1141 1930 mea
1173 1875 1481 1947 hymnum,
1515 1893 1649 1933 cum
1682 1875 1949 1930 docueris

307 1979 401 2018 me
424 1962 880 2033 justificationes
929 1968 1081 2019 tuas.
1118 1987 1139 2016 ι
1177 1965 1234 2020 Si
1267 1983 1370 2038 per
1411 1982 1620 2037 puram
1653 1963 1949 2019 conscien-

306 2052 449 2106 tiam
481 2056 736 2106 reserata
766 2052 984 2108 fuerint
1018 2071 1051 2107 a
1081 2057 1138 2108 te
1167 2053 1322 2108 labia
1352 2070 1503 2120 mea,
1536 2057 1676 2108 tunc
1707 2053 1950 2125 dignum

304 2139 663 2196 laudationis
695 2142 987 2211 proferam
1019 2138 1306 2212 hymnum
1334 2159 1346 2197 :
1372 2158 1548 2213 quem
1581 2158 1614 2196 a
1635 2142 1754 2197 tuis
1777 2141 1956 2211 justi-

305 2227 676 2284 ﬁcationibus
706 2229 973 2284 imbutus
1003 2229 1265 2284 edoceor.

378 2341 406 2367 ‹‹
439 2316 852 2372 Pronuntiabit
909 2317 1110 2390 lingua
1168 2333 1297 2376 mea
1354 2317 1586 2391 eloquia
1639 2323 1760 2388 tua,
1815 2319 1955 2391 quia

306 2405 586 2459 mandata
615 2408 718 2460 tua
757 2406 1022 2477 mquitas.
1059 2428 1086 2454 »
1118 2405 1274 2461 Nihil
1307 2411 1396 2462 est
1425 2407 1582 2463 aliud
1615 2408 1674 2462 in
1708 2407 1954 2480 eloquiis

304 2493 445 2560 tuis,
481 2493 746 2560 Domine,
779 2494 893 2550 nisi
924 2511 1056 2566 pax,
1089 2496 1202 2551 nisi
1232 2497 1498 2568 aequitas,
1525 2497 1638 2552 nisi
1672 2496 1812 2553 vita.
1840 2498 1954 2552 Hoc

303 2583 477 2637 corde
507 2583 764 2649 credam,
799 2582 908 2638 hoc
936 2583 1112 2640 labiis
1144 2583 1407 2657 eloquar,
1439 2582 1548 2640 hoc
1580 2584 1782 2658 lingua
1813 2602 1952 2657 pro-

302 2670 594 2726 nuntiem.

375 2784 403 2809 ‹‹
440 2760 564 2816 Fiat
595 2776 808 2817 manus
837 2766 958 2825 tua,
994 2767 1059 2818 ut
1090 2764 1274 2819 salvet
1305 2780 1397 2818 me
1432 2779 1446 2818 :
1477 2763 1757 2834 quoniam
1787 2780 1952 2818 man-

305 2847 439 2902 data
469 2852 573 2903 tua
601 2849 768 2921 elegi.
805 2873 832 2899 ››
865 2850 1009 2905 Cum
1039 2850 1181 2906 dicit
1213 2853 1247 2923 εξ
1267 2854 1391 2906 Fiat
1417 2869 1618 2908 manus
1649 2863 1764 2920 tua,
1797 2851 1952 2908 desi-

304 2940 444 3008 gnat
496 2937 814 2993 Dominum
863 2939 1242 3008 Salvatorem,
1275 2940 1372 3012 qui
1424 2942 1612 2996 factus
1659 2945 1751 2997 est
1798 2941 1850 2996 ei
1886 2958 1952 2996 ex

306 3026 528 3081 semine
559 3027 737 3081 David
773 3030 1097 3084 secundum
1147 3046 1402 3097 carnem,
1437 3047 1539 3102 per
1595 3047 1770 3101 quem
1804 3030 1956 3084 facta

307 3120 447 3172 sunt
490 3115 764 3172 universa
808 3121 866 3171 et
913 3122 1217 3190 reguntur.
1261 3123 1495 3174 Manum
1527 3119 1621 3174 hic
1671 3120 1954 3175 debemus

305 3205 604 3260 dexteram
638 3205 919 3278 accipere.
954 3206 1218 3261 Postulat
1242 3212 1435 3262 autem
1469 3209 1663 3263 venire
1693 3207 1952 3264 Salvato-

306 3309 428 3348 rem
463 3311 567 3367 per
595 3311 769 3366 quem
804 3312 865 3350 se
901 3299 1136 3351 noverat
1165 3296 1532 3352 salvandum.
1558 3299 1721 3362 Quod
1757 3301 1951 3353 autem

304 3383 446 3439 dicit
479 3399 491 3436 :
527 3406 556 3432 «
591 3382 750 3456 Elegi
782 3384 1080 3450 mandata,
1117 3406 1145 3433 ››
1176 3387 1374 3440 omnia
1404 3401 1464 3441 se
1487 3384 1743 3458 pericula
1769 3386 1954 3442 amori

304 3473 536 3528 Domini
569 3474 974 3545 postposuisse
1008 3478 1278 3529 testatur.

376 3585 404 3611 ‹‹
437 3562 754 3634 Concupivi
806 3561 1062 3618 salutare
1110 3567 1299 3631 tuum,
1334 3563 1596 3634 Domine,
1631 3568 1686 3619 et
1735 3565 1827 3620 lex
1856 3570 1959 3622 tua

303 3651 610 3707 meditatio
644 3668 773 3707 mea
802 3656 912 3707 est.
948 3674 974 3699 »
1006 3652 1205 3724 Ipsum
1258 3653 1451 3708 videre
1483 3654 1954 3725 concupiveram,

305 3755 480 3811 quem
533 3740 604 3794 de
652 3744 816 3794 utero
867 3739 1136 3813 virginali
1185 3740 1304 3796 illis
1352 3741 1544 3796 adhuc
1593 3743 1957 3815 temporibus

301 3829 606 3882 credebam
659 3845 788 3883 esse
836 3833 1172 3885 venturum.
1206 3831 1278 3884 Et
1310 3835 1375 3884 ut
1411 3830 1521 3885 sibi
1573 3831 1722 3886 hanc
1777 3833 1958 3888 scien-

303 3914 444 3969 tiam
481 3916 552 3970 de
579 3915 900 3987 Scripturis
946 3917 1160 3973 divinis
1193 3919 1530 3990 provenisse
1576 3926 1952 3989 monstraret,

304 4003 572 4074 sequitur
602 4020 615 4058 :
653 4025 676 4054 ¢
709 4006 780 4060 Et
808 4004 900 4060 lex
929 4011 1028 4061 tua
1058 4006 1358 4063 meditatio
1382 4024 1513 4064 mea
1541 4013 1648 4064 est.
1672 4032 1698 4058 »
1732 4012 1794 4065 In
1828 4029 1957 4082 pro-

303 4092 494 4165 phetis
524 4093 681 4149 enim
713 4094 1127 4166 concupiverat
1148 4095 1448 4152 Christum
1483 4098 1793 4154 Dominum
1819 4117 1954 4155 nas-

301 4181 579 4252 citurum,
612 4183 682 4238 de
711 4200 829 4255 quo
861 4183 975 4239 Lex
1003 4188 1059 4239 et
1090 4184 1387 4257 Propheta.-
1418 4185 1828 4258 loquebantur.

373 4293 401 4319 ‹‹
432 4271 601 4327 Vivet
630 4274 828 4328 anima
858 4289 1008 4340 mea,
1037 4278 1094 4329 et
1124 4274 1389 4331 laudabit
1419 4279 1494 4342 te,
1519 4281 1577 4330 et
1599 4277 1824 4347 judicia
1853 4282 1955 4335 tua

301 4359 663 4430 adjuvabunt
693 4377 804 4415 me.
823 4362 1152 4434 nAbsorpta
1177 4368 1413 4419 terrenae
1437 4366 1830 4438 corruptionis
1860 4367 1954 4421 in-

300 4446 603 4515 firmitate,
637 4449 825 4502 vivere
856 4465 919 4503 se
950 4451 1264 4506 conﬁtetur
1287 4453 1424 4519 Deo,
1459 4471 1562 4525 per
1591 4455 1951 4526 adjutorium

294 4535 657 4606 judiciorum
689 4536 838 4607 ejus.

378 4645 405 4678 α
432 4624 630 4681 Erravi
661 4626 814 4681 sicut
842 4626 964 4681 ovis
996 4643 1124 4697 quae
1151 4627 1421 4700 perierat,
1456 4629 1685 4700 require
1716 4647 1947 4687 servum

300 4719 491 4783 tuum,
513 4715 651 4785 quia
684 4716 962 4772 mandata
983 4719 1084 4771 tua
1105 4733 1218 4772 non
1241 4733 1374 4773 sum
1398 4717 1637 4774 oblitus.
1675 4741 1696 4770 ι
1727 4720 1896 4776 Fuiss

300 4806 358 4860 et
379 4805 503 4875 jam
535 4820 649 4860 non
680 4819 828 4875 esse,
863 4821 1027 4860 ovem
1049 4805 1440 4860 errabundam
1461 4806 1636 4862 dicit:
1668 4812 1948 4879 reportari

300 4908 362 4949 se
391 4893 646 4963 pastoris
687 4893 952 4950 humeris
998 4895 1344 4967 deprecatur
1377 4912 1390 4949 :
1425 4900 1491 4950 ut
1539 4912 1693 4952 nunc
1725 4898 1948 4970 angelis

300 4981 371 5036 de
401 4998 507 5036 sua
537 4981 866 5038 inventione
895 4983 1113 5055 gaudia
1141 4984 1496 5038 tribuantur.
1531 4985 1812 5041 Dominus
1843 5004 1946 5042 au-

301 5075 419 5125 tem
465 5085 580 5125 non
611 5074 699 5126 est
746 5071 986 5136 missus,
1020 5071 1132 5127 nisi
1182 5073 1250 5125 ad
1306 5088 1442 5127 oves
1492 5089 1616 5143 qua:
1651 5074 1949 5145 perierunt

301 5157 512 5213 domus
558 5159 732 5214 Israel
781 5159 990 5230 (Matth.
1023 5177 1116 5228 xv,
1144 5161 1256 5231 2-1).
1291 5163 1471 5226 Quem
1522 5161 1815 5234 supplices
1846 5165 1944 5220 de-

300 5262 628 5319 precamur,
647 5252 711 5303 ut
722 5247 1081 5317 judiciorum
1098 5251 1225 5321 eius
1250 5251 1515 5316 factores,
1532 5254 1943 5310 mandatorum

297 5335 591 5406 custodes,
624 5336 1216 5412 testimoniorumque
1236 5345 1595 5398 scrutatores
1615 5344 1823 5412 ell‘ecti,
1857 5362 1944 5400 re-

297 5429 460 5498 perta
489 5425 719 5497 perdita
747 5443 850 5482 ove
897 5428 1049 5498 (Luc.
1081 5445 1173 5499 xv,
1209 5431 1351 5501 4-6),
1382 5430 1676 5487 industria
1707 5433 1946 5505 benigni

297 5515 552 5585 pastoris
583 5515 855 5571 restituta
884 5517 1277 5575 ecclesiastico
1300 5519 1453 5589 ovili,
1477 5521 1660 5577 sacris
1692 5521 1822 5590 eius
1841 5522 1948 5578 hu-

301 5603 479 5658 meris
506 5604 803 5675 reportati,
837 5611 1176 5663 sanctorum
1231 5609 1571 5680 angelorum
1616 5627 1948 5667 mereamur

301 5689 610 5748 consortiis
640 5692 876 5766 gloriari
903 5711 916 5751 :
950 5695 1063 5768 ipsi
1084 5695 1268 5768 gloria
1295 5713 1430 5754 cum
1461 5702 1673 5756 eterna
1692 5701 1857 5758 Patre
1888 5705 1947 5757 et

298 5779 514 5855 Spiritu
545 5779 744 5841 'sancto
766 5784 825 5843 in
859 5788 1067 5844 cuncta
1089 5785 1301 5844 saecula
1331 5787 1701 5848 saeculorum.
1733 5796 1942 5851 Amen.

1489 453 1988 517 BREVIARIUM
2033 453 2112 518 1N
2159 455 2538 520 PSALMUS.

301 590 480 657 quam
509 582 570 640 in
603 587 760 653 actu,
781 585 957 654 dicto,
988 584 1076 643 vel
1109 585 1363 659 cogitatu
1390 587 1532 658 agit,
1551 587 1707 658 quod
1737 587 1948 644 divina:
1977 587 2033 654 Α

3545 458 3703 522 1278

2599 592 2928 650 PSALMUS
2967 593 3153 651 CXIX.

2060 683 2348 757 Canticum
2376 683 2666 753 graduum.
2688 683 3032 757 Quindecim
3058 684 3346 755 graduum
3368 683 3579 756 psalmi
3597 701 3703 757 per

2130 756 2420 827 quosdam,
2442 760 2746 825 provectus
2768 772 2877 810 nos
2907 755 2976 827 ad
3011 771 3305 810 summam
3328 755 3694 827 perducunt:

2131 830 2195 881 ut
2225 826 2282 880 in
2317 826 2480 881 atriis
2513 827 2744 882 Domini
2794 826 3091 898 possimus
3129 826 3364 881 dicere}
3393 829 3524 884 Ecce
3549 845 3702 884 nunc

2131 898 2424 953 benedicite
2452 901 2767 965 Dominum,
2799 914 2984 953 omnes
3003 899 3148 953 servi
3179 899 3419 967 Domini,
3453 901 3513 954 in
3542 901 3705 955 atriis

2127 969 2317 1042 domus
2359 971 2456 1024 Dei
2483 969 2616 1042 ejus,
2647 971 2821 1042 (Psal.
2856 987 3092 1042 cxxxxu,
3124 970 3196 1038 1).
3233 969 3298 1024 Et
3349 970 3487 1040 quia
3515 987 3548 1025 a
3577 970 3698 1042 ple-

2129 1040 2326 1112 risque
2359 1058 2534 1113 super
2563 1041 2656 1096 his
2685 1041 2970 1113 latissime
3017 1041 3378 1113 disputatum
3413 1047 3520 1106 est,
3552 1040 3696 1096 stul-

2129 1119 2256 1167 tum
2287 1117 2376 1168 est
2403 1112 2578 1184 parva
2607 1113 2799 1168 dicere
2827 1112 2971 1168 velle
3002 1112 3386 1185 pro’magnis.

2132 1240 2161 1268 «
2191 1220 2279 1274 Ad
2314 1221 2623 1275 Dominum
2655 1237 2789 1275 cum
2810 1219 3123 1276 tribularer
3152 1219 3416 1289 clamavi,
3440 1224 3495 1275 et
3525 1236 3697 1275 exau-

2057 1307 2199 1362 divit
2231 1325 2342 1364 me.
2377 1330 2403 1358 ι)
2437 1313 2576 1364 Tres
2607 1325 2700 1364 res
2731 1309 2789 1363 in
2841 1326 2958 1364 uno
2986 1307 3272 1364 versiculo
3300 1308 3576 1364 velociter
3604 1325 3703 1364 ex-

2058 1395 2351 1468 plicantur
2383 1414 2395 1451 :
2431 1399 2721 1470 angustia,
2747 1412 2966 1469 preces,
2991 1397 3280 1453 exauditio
3311 1413 3324 1450 :
3361 1397 3500 1468 quia
3529 1413 3701 1452 nemo

2057 1485 2395 1553 tribulatur,
2426 1487 2539 1542 nisi
2571 1487 2670 1558 qui
2702 1487 2888 1542 vivere
2916 1486 2975 1542 in
3003 1487 3231 1542 Christo
3264 1485 3356 1558 pie
3386 1485 3700 1541 desiderat.

2058 1573 2296 1644 Oportet
2316 1590 2452 1645 ergo
2485 1578 2552 1628 ut
2582 1591 2695 1629 non
2716 1591 2922 1630 vocum
2949 1573 3218 1640 elatione,
3239 1575 3339 1630 sed
3370 1573 3559 1629 cordis
3591 1573 3702 1629 hu-

2059 1661 2308 1718 militate
2358 1661 2789 1734 proclamemus
2839 1663 2909 1717 ad
2959 1662 3296 1728 Dominum,
3330 1663 3379 1717 si
3429 1663 3704 1734 cupimus

2058 1751 2342 1807 exaudiri.

2133 1863 2160 1892 «
2192 1841 2459 1907 Domine,
2493 1841 2676 1898 libera
2696 1842 2952 1897 animam
2979 1857 3169 1897 meam
3188 1840 3406 1897 alabiis
3424 1840 3703 1908 iniquis.»

1981 1961 2032 2027 Β
2061 1934 2108 1983 Α
2139 1930 2378 1999 Judaeis,
2413 1930 2512 2001 qui
2543 1930 2841 1986 Christum
2869 1931 3182 1986 Dominum
3211 1947 3327 1985 non
3359 1929 3551 1987 solum
3585 1946 3706 1987 non

2064 2019 2328 2087 credunt,
2362 2020 2461 2074 sed
2497 2020 2672 2075 etiam
2703 2019 3027 2076 immundis
3075 2019 3246 2074 labiis
3294 2018 3702 2090 blasphemare

2064 2125 2180 2162 non
2212 2112 2501 2163 metuunt.
2536 2132 2563 2157 «
2598 2109 2664 2163 Et
2693 2127 2728 2165 a
2757 2107 2956 2180 lingua
2984 2107 3204 2163 dolosa.
3230 2130 3259 2157 »
3290 2109 3377 2162 Ab
3408 2107 3708 2164 haeretico-

2063 2213 2194 2252 rum
2226 2197 2509 2263 doctrina,
2545 2197 2645 2269 qui
2676 2214 2783 2253 nos
2814 2215 2846 2253 a
2878 2201 3032 2253 recta
3053 2197 3185 2252 ﬁdei
3216 2197 3372 2252 linea
3399 2198 3707 2253 exturbare

2064 2285 2353 2341 nituntur.

2139 2396 2165 2424 «
2196 2376 2344 2440 Quid
2373 2377 2544 2432 detur
2571 2377 2699 2444 tibi,
2729 2382 2832 2433 aut
2851 2377 2987 2449 quid
3012 2379 3340 2448 apponatur
3365 2375 3470 2431 tibi
3502 2377 3575 2431 ad
3598 2374 3709 2431 lin-

2063 2480 2241 2536 guam
2290 2464 2606 2521 dolocam?
2639 2489 2666 2515 »
2698 2467 2784 2520 Ad
2837 2482 2897 2521 se
2946 2464 3194 2521 ﬁdeliter
3245 2464 3706 2536 proclamantem

2063 2555 2321 2608 animam
2345 2555 2626 2611 Dominus
2646 2555 3001 2627 interrogare
3021 2555 3255 2626 pietatis
3272 2554 3480 2610 all'ectu
3501 2555 3708 2626 digna-

2062 2647 2160 2697 tus
2189 2647 2279 2698 est
2313 2661 2325 2698 :
2361 2648 2424 2698 ut
2462 2643 2602 2715 quid
2632 2645 2683 2700 ei
2725 2646 2914 2710 detur,
2948 2648 3052 2700 aut
3083 2643 3223 2715 quid
3273 2648 3604 2716 apponatur
3633 2645 3706 2700 ad

2063 2730 2327 2803 linguam
2359 2732 2669 2788 dolosam?
2701 2732 2903 2788 Dicent
2951 2731 3120 2788 multi
3157 2732 3268 2787 hoc
3299 2732 3357 2788 in
3392 2731 3515 2787 loco
3548 2749 3707 2788 com-

2065 2824 2292 2875 mutata
2340 2821 2749 2893 praepositione
2789 2838 2803 2876 :
2855 2821 3003 2885 Quid
3054 2822 3224 2876 detur
3270 2820 3376 2875 tibi
3429 2822 3710 2878 adversus

2064 2907 2326 2981 linguam
2376 2909 2686 2964 dolosam?
2719 2908 2914 2965 Dicere
2962 2909 3166 2964 volunt
3194 2913 3260 2963 ut
3307 2908 3475 2980 quasi
3507 2924 3575 2963 ex
3609 2908 3708 2964 Dei

2063 2997 2329 3053 doctrina
2361 2998 2558 3052 anima
2587 2997 2688 3053 illa
2718 2997 2940 3054 audiat.

2135 3109 2163 3135 «
2200 3088 2433 3160 Sagittae
2459 3088 2712 3160 potentis
2736 3092 2920 3143 acutae
2942 3105 3075 3143 cum
3108 3085 3464 3143 carbonibus
3489 3085 3710 3142 desola—

2062 3175 2248 3231 toriis.
2285 3197 2312 3225 ››
2345 3181 2454 3231 Pro
2502 3177 2847 3233 desolatoriis
2892 3177 3219 3231 carbonibus
3258 3176 3317 3230 in
3353 3175 3587 3230 Hebraeo
3619 3173 3712 3249 ἀρ-

2063 3262 2323 3324 meeum;
2374 3265 2566 3321 habet.
2602 3265 2992 3321 Desolatorem
3026 3269 3163 3336 puto
3215 3268 3270 3319 et
3300 3265 3359 3318 in
3409 3263 3557 3320 lsaia
3587 3279 3714 3320 esse

1984 3331 2027 3399 α
2065 3354 2398 3420 carbonem,
2425 3354 2525 3426 qui
2556 3355 2626 3409 ad
2651 3354 2807 3410 labia
2829 3355 2958 3424 ejus
2991 3331 3396 3424 deferturUsa.
3430 3369 3506 3419 vr,
3538 3352 3614 3423 6),
3648 3357 3713 3407 ut

2069 3446 2278 3515 purget
2306 3443 2447 3500 vitia
2467 3460 2595 3515 qua:
2628 3442 2940 3514 loquendo,
2965 3443 3084 3498 sive
3103 3441 3326 3514 optima
3347 3458 3593 3513 quisque
3623 3445 3710 3497 ta-

2069 3533 2272 3600 cendo,
2302 3537 2687 3588 contraxerat.
2723 3534 2792 3587 Et
2820 3532 2914 3587 hic
2965 3533 3160 3602 itaque
3195 3532 3505 3587 carbonem
3541 3531 3708 3586 simi-

2069 3620 2183 3676 lem
2219 3621 2565 3693 deprecatur
2595 3637 2607 3676 :
2645 3624 2709 3675 ut
2740 3622 2910 3676 detur
2939 3620 2989 3676 ei
3021 3621 3194 3676 carbo
3246 3621 3317 3674 de
3349 3620 3555 3675 altario
3587 3619 3707 3690 Dei,

2068 3710 2169 3780 qui
2206 3710 2262 3764 in
2294 3711 2421 3779 ejus
2453 3708 2622 3764 labiis
2666 3713 3037 3781 peccatorum
3085 3708 3462 3764 solitudinem
3513 3707 3708 3774 faciat,

2069 3799 2123 3853 id
2159 3803 2264 3865 est,
2299 3815 2332 3853 a
2360 3799 2515 3853 vitiis
2544 3815 2678 3854 eum
2711 3802 2945 3870 praestet
2973 3797 3251 3853 alienum.

2145 3909 2171 3940 α
2196 3889 2312 3942 Heu
2328 3887 2490 3955 mihi,
2507 3887 2644 3958 quia
2661 3887 2951 3943 incolatus
2971 3904 3136 3943 meus
3161 3886 3538 3960 prolongatus
3557 3889 3666 3942 est.
3681 3908 3706 3933 ››

2065 3977 2245 4048 Cujus
2276 3977 2636 4032 conversatio
2667 3976 2725 4030 in
2759 3975 2917 4032 caelis
2942 3980 3051 4041 est,
3077 3976 3481 4048 peregrinatur
3509 3974 3568 4028 in
3599 3973 3706 4028 hoc

2064 4081 2323 4136 corpore,
2348 4069 2405 4120 et
2431 4064 2550 4120 hzec
2573 4065 2958 4136 peregrinatio
2989 4064 3161 4135 longa
3199 4064 3250 4118 ei
3289 4063 3536 4127 videtur,
3571 4061 3710 4133 quia

2065 4155 2218 4225 quod
2251 4154 2510 4225 suscepit
2540 4169 2642 4225 per
2672 4170 2858 4225 spem,
2887 4170 3001 4207 non
3034 4149 3540 4222 contemplaturin
3572 4166 3703 4221 spe-

2065 4243 2171 4297 cie.
2196 4242 2446 4313 Ideoque
2469 4241 2636 4312 quasi
2660 4241 2921 4294 triticum
2944 4239 3096 4294 inter
3117 4237 3313 4309 paleas
3335 4254 3576 4310 gemens
3593 4236 3704 4292 ait:

2065 4353 2093 4379 «
2127 4331 2388 4384 Habitavi
2407 4346 2541 4384 cum
2565 4329 2966 4383 habitantibus
2987 4327 3188 4382 Cedar.
3215 4349 3242 4375 »
3266 4326 3444 4382 Cedar
3464 4328 3710 4384 tenebrae

2063 4419 2549 4491 interpretantur.
2573 4417 2809 4473 Habitat
2838 4433 2972 4489 ergo
2995 4416 3108 4472 iste
3137 4433 3270 4471 cum
3304 4416 3710 4472 habitantibus

2062 4509 2354 4575 tenebras,
2391 4507 2492 4562 sed
2512 4524 2626 4562 non
2659 4507 3008 4562 obscuratur
3032 4523 3065 4560 a
3094 4505 3350 4561 tenebris
3380 4522 3392 4559 :
3429 4506 3581 4560 sicut
3609 4507 3710 4559 lux

2062 4600 2204 4654 lucet
2226 4600 2286 4652 in
2317 4597 2577 4659 tenebris,
2609 4601 2660 4651 et
2684 4596 2917 4651 ienebrw
2948 4612 3066 4650 eam
3095 4611 3207 4649 non
3227 4593 3712 4665 comprehehende-

1899 4684 1958 4782 ἔ,
1993 4695 2042 4760 D
2075 4692 2202 4742 runt
2232 4689 2408 4759 (Joan.
2433 4704 2472 4754 ι,
2499 4685 2575 4757 5).
2614 4684 2838 4740 Multum
2867 4685 3046 4739 incola
3074 4685 3186 4754 fuit
3212 4685 3571 4782 animantem
3605 4686 3712 4737 De-

2071 4777 2400 4833 siderabam
2431 4774 2586 4831 enim
2617 4773 2858 4829 dissolvi
2889 4778 2945 4828 et
2974 4789 3102 4829 esse
3133 4789 3264 4828 cum
3297 4772 3542 4827 Christo.

2130 4890 2156 4915 ‹‹
2191 4866 2335 4920 Cum
2369 4865 2463 4921 his
2494 4864 2593 4936 qui
2628 4864 2877 4918 oderunt
2906 4879 3130 4935 pacem,
3159 4877 3318 4917 eram
3352 4861 3650 4933 paciﬁcus.
3676 4882 3704 4909 ››

2061 4954 2315 5026 lmplens
2347 4953 2492 5008 illud
2521 4952 2782 5025 Apostoli
2819 4969 2831 5005 :
2867 4952 2927 5006 Si
2965 4951 3224 5023 possibile
3249 4954 3346 5015 est,
3377 4966 3501 5004 cum
3530 4951 3706 5005 omni-

2058 5043 2154 5097 bus
2205 5043 2518 5097 hominibus
2561 5058 2750 5113 pacem
2797 5042 3000 5095 habete.
3063 5041 3236 5110 (Rom.
3287 5055 3386 5105 xu,
3439 5039 3547 5108 l8).
3600 5039 3702 5093 Est

2055 5149 2191 5203 ergo
2223 5149 2358 5186 cum
2414 5131 2754 5186 odientibus
2786 5146 2986 5203 pacem
3043 5127 3323 5201 paciﬁcus
3373 5127 3608 5193 idcirco,
3645 5131 3708 5182 ut

2055 5220 2140 5275 eis
2172 5239 2373 5292 pacem
2409 5220 2650 5275 liberius
2701 5219 3060 5292 praedicaret.
3097 5241 3124 5266 «
3159 5219 3389 5272 Etcum
3425 5217 3704 5288 loquebar

2056 5309 2194 5375 illis,
2249 5310 2674 5383 impugnabant
2728 5325 2820 5363 me
2867 5309 3067 5379 gratis.
3106 5330 3132 5355 »
3169 5306 3266 5363 llle
3313 5305 3702 5362 annuntiabat

2056 5415 2298 5470 pacem;
2336 5400 2437 5454 sed
2469 5397 2632 5468 pacis
2663 5397 2885 5453 inimici
2936 5415 3048 5452 non
3081 5395 3273 5452 solum
3304 5412 3432 5451 eam
3465 5412 3580 5450 non
3613 5411 3698 5449 re-

2055 5487 2368 5560 cipiebant,
2400 5503 2603 5543 verum
2634 5488 2810 5542 etiam
2844 5487 3038 5558 ipsum
3071 5484 3507 5558 pradicatorem
3538 5482 3698 5554 pacis

2057 5577 2181 5632 suis
2213 5577 2470 5649 nequitis
2501 5576 2946 5649 impugnabant.

2609 5699 2939 5757 PSALMUS
2979 5699 3134 5757 CXX.

2056 5792 2344 5850 Canticum
2371 5791 2666 5865 graduum.
2703 5791 2815 5850 Iste
2843 5789 3108 5864 psalmus
3153 5785 3472 5846 secundam
3504 5799 3704 5845 ascen-
