3992 6194
281 432 437 499 i279

352 569 892 650 sionemicontinet,
911 573 1082 645 cujus
1112 573 1322 650 titulus
1348 577 1464 650 est:
1494 573 1778 650 Canticum
1797 587 1925 650 groo
1954 586 2010 650 Α

1775 434 2193 497 APPENDIX.

3543 429 3690 494 me

2112 590 2142 617 «
2172 566 2519 638 Jerusalem,
2556 583 2684 640 qua:
2714 565 3037 624 aediﬁcatur
3066 570 3131 622 ut
3158 564 3389 622 civitas.
3424 587 3455 614 »
3488 566 3697 622 Adhuc

350 643 543 726 (luam.
578 644 781 702 Plures
805 641 1140 728 enimsunt,
1173 646 1574 719 signiﬁcantes
1603 645 1830 728 (utjam
1864 641 1922 723 in

2063 657 2248 728 nquit,
2280 673 2397 712 non
2429 661 2517 711 est
2545 656 2841 727 expletum
2866 656 3177 712 aedilicium
3211 655 3468 711 civitatis
3490 655 3697 727 hujus,

312 760 316 788 ἶ
352 714 541 791 primo
580 732 806 791 eorum,
830 719 1104 791 audistis)
1137 714 1446 791 ascénsum
1497 714 1786 791 nostrum,
1822 714 1922 791 qui

353 783 418 841 fit
447 786 504 841 in
540 789 708 860 corde
742 790 811 844 ad
848 789 1054 856 Deum,
1088 783 1122 844 a
1164 790 1422 845 convalle
1475 783 1920 860 ploralionis,‘id

351 862 462 927 est,
495 860 565 914 ab
598 859 930 916 humilitate
959 859 1492 917 contribulationisl

353 987 381 1013 «
412 965 614 1020 Levavi
663 966 864 1022 oculos
916 985 1074 1023 meos
1106 969 1177 1022 ad
1229 973 1477 1024 montes.
1511 989 1538 1016 ››
1579 963 1924 1038 Spirituales

282 1053 484 1125 utique
515 1055 714 1112 oculos
743 1056 918 1112 extuli
952 1060 1022 1113 ad
1057 1057 1282 1114 excelsa
1311 1057 1596 1113 librorum
1631 1071 1643 1109 :
1678 1053 1926 1125 Prophe-

279 1146 472 1198 tarum
522 1144 744 1200 scilicet
792 1164 857 1202 ac
907 1148 1092 1220 Legis.
1129 1148 1354 1202 «Unde
1401 1147 1592 1201 veniet
1640 1144 1922 1200 auxilium

283 1231 447 1287 mihi.
483 1254 512 1283 »
538 1233 701 1290 Unde
733 1235 1050 1292 Dominum
1101 1236 1502 1292 auxiliatorem
1534 1234 1797 1290 omnium
1831 1249 1923 1288 ve-

283 1321 407 1377 nire
437 1324 712 1395 suspicio.
1133 1382 1150 1394 ,

355 1433 382 1461 ‹‹
412 1411 706 1468 Auxilium
740 1431 934 1470 meum
968 1435 1001 1472 a
1032 1416 1277 1473 Domino
1329 1416 1429 1486 qui
1466 1414 1598 1470 fecit
1629 1413 1838 1469 cmlum
1872 1414 1929 1466 et

283 1501 539 1573 terram.)
575 1525 602 1551 »
633 1504 717 1558 Ab
761 1504 887 1575 ipso
939 1506 1223 1560 auxilium
1256 1503 1573 1577 praestoler,
1607 1520 1708 1574 per
1751 1517 1926 1573 quem

283 1588 450 1666 Pater.
476 1590 686 1650 coelum
717 1597 1052 1666 terramque
1091 1594 1317 1649 locavit.
1357 1594 1496 1647 llinc
1519 1593 1645 1662 jam
1677 1607 1781 1662 pro
1815 1589 1928 1644 {ide

281 1665 390 1734 sua
419 1678 505 1735 vir
550 1681 660 1736 iste
705 1699 740 1736 a
784 1683 1003 1754 Spiritu
1057 1688 1257 1738 sancto
1307 1697 1656 1753 responsum
1705 1678 1929 1750 accepit

281 1767 714 1825 consolationis.
753 1772 844 1826 Ait
876 1771 1031 1825 enim
1067 1789 1078 1826 :
1482 1825 1484 1828 ,

309 1847 313 1852 ί
358 1877 378 1904 α
409 1856 534 1912 Non
565 1858 661 1912 det
691 1858 750 1912 in
783 1859 1237 1915 commotionem
1268 1860 1475 1932 pedem
1519 1862 1707 1913 tuum.
1743 1877 1771 1905 »
1800 1857 1925 1911 Non

281 1943 502 2026 patitur
530 1962 822 2005 removere
872 1947 1273 2015 stabilitatem,
1308 1966 1423 2020 qua
1452 1947 1512 2002 in
1558 1963 1624 2002 eo
1657 1946 1924 2000 firmatus
1955 1953 2002 2022 Β

280 2049 362 2088 es.
397 2057 424 2083 «
461 2035 656 2108 Neque
688 2037 962 2092 dormitet
991 2037 1090 2110 qui
1122 2037 1377 2093 custodit
1408 2042 1484 2092 te.
1520 2060 1546 2085 ››
1581 2037 1732 2092 Deus
1764 2034 1922 2090 enim

280 2121 339 2176 in
395 2139 457 2178 se
518 2128 853 2180 manentem
914 2125 1175 2198 pervigili
1233 2125 1498 2182 custodia
1550 2124 1800 2196 protegit
1859 2139 1924 2177 ac

278 2215 494 2268 tuetur.

356 2321 377 2350 α
410 2302 554 2359 Ecce
585 2321 700 2358 non
731 2304 1071 2361 dormitabit
1091 2322 1280 2380 neque
1301 2305 1572 2372 dormiet,
1593 2303 1693 2375 qui
1724 2306 1925 2357 custo-

277 2379 364 2444 dit
394 2391 590 2446 Israel.
629 2415 656 2442 ››
686 2393 823 2448 Sine
872 2393 990 2448 ulla
1037 2399 1236 2450 autem
1287 2394 1723 2450 intermissione
1753 2410 1786 2448 a
1815 2391 1927 2446 Deo

277 2480 606 2534 custoditur
632 2481 732 2552 qui
773 2498 906 2538 eum
955 2482 1348 2553 spiritualium
1397 2482 1700 2538 oculorum
1733 2481 1924 2535 inten-

275 2567 434 2622 tione
463 2569 836 2640 perspexerit.

350 2678 377 2704 «
414 2655 698 2715 Dominus
747 2659 1002 2717 custodit
1050 2664 1124 2714 te.
1163 2683 1188 2708 ››
1225 2661 1352 2732 Ipse
1381 2660 1479 2732 qui
1532 2659 1740 2719 cwlum
1789 2657 1924 2713 fecit

277 2748 334 2800 et
362 2749 600 2814 terram,
635 2747 774 2820 quia
803 2748 884 2803 dii
915 2749 1016 2822 qui
1046 2766 1175 2806 eam
1218 2767 1333 2806 non
1365 2751 1645 2816 fecerunt,
1679 2751 1925 2821 pereunt

276 2852 345 2890 ΘΧ
375 2852 461 2891 ea.

349 2947 378 2975 «
411 2926 696 2983 Dominus
727 2929 1006 3000 protectio
1037 2933 1177 2984 tua:
1212 2945 1389 3001 super
1405 2945 1646 2984 manum
1678 2928 1923 2983 dexterae

275 3017 408 3072 tuae.
443 3037 471 3066 »
506 3015 606 3072 Ille
639 3021 696 3074 te
736 3018 1008 3090 protegit,
1043 3033 1112 3072 ne
1163 3035 1311 3090 opus
1339 3023 1510 3072 tuum
1541 3017 1832 3083 dextrum,
1864 3014 1921 3070 id

281 3107 375 3162 est
396 3103 640 3176 bonum,
675 3122 810 3176 pars
843 3106 1122 3179 impediat
1152 3105 1408 3161 inimica.

350 3214 379 3242 «
411 3193 519 3251 Per
549 3191 704 3258 diem
738 3195 823 3250 sol
855 3211 969 3250 non
1025 3199 1154 3251 uret
1182 3199 1260 3260 te,
1290 3212 1480 3267 neque
1523 3195 1664 3250 luna
1693 3211 1797 3266 per
1827 3211 1923 3252 no-

275 3283 448 3337 ctem.
486 3304 513 3330 »
543 3282 749 3361 Justus
782 3299 884 3340 nec
913 3283 974 3339 in
1011 3283 1312 3356 prosperis
1333 3283 1541 3340 elevari
1573 3289 1784 3357 potest,
1818 3299 1922 3340 nec

281 3369 340 3426 in
371 3368 642 3434 tristibus
681 3373 872 3445 dejici.
908 3373 1069 3440 Quod
1100 3373 1159 3429 in
1208 3374 1300 3428 die
1330 3377 1387 3429 et
1417 3377 1603 3437 nocte,
1638 3373 1746 3429 hoc
1776 3377 1833 3428 et
1862 3371 1921 3426 in

284 3459 802 3534 solesignificatur
830 3467 888 3518 et
916 3463 1080 3519 luna.

356 3569 384 3602 α
418 3551 697 3610 Dominus
727 3552 983 3608 custodit
1028 3556 1080 3607 te
1111 3551 1183 3607 ab
1216 3553 1374 3607 omni
1405 3551 1578 3608 malo.
1617 3574 1645 3601 »
1684 3552 1769 3608 Ab
1802 3569 1926 3608 om-

277 3637 454 3694 nibus
483 3637 715 3695 insidiis
757 3640 1001 3695 inimici.
1056 3664 1084 3691 «
1127 3641 1427 3698 Custodiat
1475 3641 1734 3698 animam
1765 3645 1928 3697 tuam

285 3727 589 3781 Dominus.
629 3750 656 3775 »
687 3728 769 3783 Ne
816 3728 869 3783 ei
900 3746 1034 3801 pars
1092 3731 1428 3787 dominetur
1475 3731 1783 3802 potestatis
1833 3731 1930 3786 ad-

275 3832 482 3878 versae.

303 3891 308 3979 ί
351 3926 381 3955 ‹‹
411 3905 692 3962 Dominus
714 3907 1009 3962 custodiat
1030 3907 1338 3964 introitum
1363 3912 1556 3963 tuum.
1581 3930 1602 3958 ι
1635 3910 1736 3965 Per
1757 3926 1932 3982 quem

278 3994 583 4069 ingressus
604 4011 666 4051 es
697 3996 768 4051 ad
790 3997 1271 4068 cognoscendum
1294 3997 1537 4052 Patrem.
1573 4020 1593 4046 α
1617 3997 1683 4051 Et
1711 3999 1932 4052 exitum

276 4088 446 4139 tuum
479 4101 548 4141 ex
577 4085 687 4142 hoc
725 4102 881 4142 nunc
913 4091 969 4142 et
994 4102 1181 4159 usque
1211 4085 1271 4140 in
1303 4085 1603 4141 saeculum.
1634 4107 1662 4136 »
1696 4086 1769 4141 Ut
1799 4103 1930 4142 cum

279 4190 313 4227 a
341 4190 580 4246 corpore
628 4175 959 4243 recesseris,
993 4192 1101 4231 sua
1149 4175 1420 4231 custodia
1452 4174 1774 4247 protegaris
1802 4193 1818 4243 ;
1862 4192 1934 4230 ne

283 4262 343 4316 in
374 4263 552 4319 chaos
601 4263 746 4319 illud
797 4265 1204 4337 praecipiteris,
1238 4265 1337 4320 ubi
1369 4264 1529 4320 dives
1580 4264 1936 4336 conspicitur

277 4351 512 4421 ardens,
546 4353 647 4408 sed
679 4352 739 4408 in
770 4353 902 4410 sinu
932 4355 1186 4411 Abrahze
1219 4371 1354 4411 cum
1387 4355 1602 4410 Lazaro
1635 4354 1936 4427 sempiter-

281 4456 356 4496 na
386 4441 586 4512 requie
614 4443 933 4513 perfruaris
964 4445 1112 4515 (Luc.
1145 4462 1258 4513 xw,
1292 4446 1363 4499 23
1392 4444 1585 4516 seqq.).

831 4550 1162 4606 PSALMUS
1201 4551 1382 4607 CXXI.

283 4637 572 4711 Canticum
602 4639 906 4711 graduum.
942 4641 1053 4695 Iste
1084 4639 1350 4711 psalmus
1371 4640 1579 4696 tertius
1609 4643 1697 4696 est
1729 4657 1936 4697 ascen-

355 4710 537 4766 sionis
568 4710 807 4784 gradus,
828 4728 1036 4784 vocem

355 4782 716 4838 converSatio
747 4782 974 4838 habetis
1003 4783 1062 4837 in
1095 4783 1273 4838 caelis.

354 4912 381 4939 «
418 4890 670 4946 Laatatus
718 4907 852 4945 sum
901 4889 962 4944 in
1006 4889 1099 4945 his
1130 4907 1256 4961 quae
1307 4889 1467 4946 dicta
1516 4894 1657 4945 sunt
1703 4889 1868 4946 mihi.
1902 4910 1929 4942 ι)

284 4977 449 5036 Dicta
480 4978 626 5035 mihi
678 4978 908 5035 fuerant
954 4995 1056 5051 per
1086 4979 1293 5053 Legem
1325 4983 1380 5034 et
1411 4978 1728 5050 Prophetas
1759 4983 1935 5052 atque

284 5067 597 5138 apostolos.
631 5067 741 5123 Sed
787 5073 844 5125 et
873 5084 978 5140 ego
1010 5067 1140 5124 dico
1192 5084 1259 5123 ea
1300 5084 1428 5139 quae
1477 5083 1579 5140 per
1629 5067 1934 5140 speculum

287 5149 718 5228 contemplatus
747 5159 991 5224 fueram,
1013 5163 1069 5212 et
1088 5174 1242 5212 nunc
1277 5155 1416 5211 facie
1447 5159 1517 5212 ad
1541 5156 1744 5212 faciem
1767 5157 1933 5212 video

284 5245 333 5315 (I
362 5244 482 5299 Cor.
517 5263 640 5313 xm,
678 5249 785 5318 12).
820 5249 887 5303 Et
931 5264 1224 5319 quasnam,
1258 5245 1504 5318 inquis?
1540 5267 1566 5299 «ι
1597 5246 1659 5301 In
1690 5247 1934 5302 domum

281 5332 513 5389 Domini
545 5335 1001 5392 ambulabimus.
1038 5358 1065 5385 ››
1101 5336 1161 5391 Id
1203 5339 1311 5403 est,
1343 5334 1403 5390 in
1440 5334 1732 5391 caelestem
1764 5335 1930 5392 Jeru-

284 5422 489 5490 salem,
524 5426 589 5478 ut
611 5424 764 5480 cives
795 5425 1122 5481 efﬁciamur
1171 5431 1509 5482 sanctorum
1541 5429 1598 5481 et
1627 5425 1932 5482 domestici

284 5513 403 5569 Dei.

360 5623 388 5654 α
417 5604 651 5659 Stantes
685 5608 854 5659 erant
883 5605 1059 5676 pedes
1090 5605 1275 5662 nostri
1305 5605 1365 5660 in
1397 5605 1561 5662 atriis
1587 5607 1728 5674 tuis,
1759 5606 1931 5661 Jeru-

284 5691 489 5750 salem.
529 5716 548 5742 υ
590 5692 765 5749 Firmi
795 5693 856 5748 in
888 5693 1281 5766 amplitudine
1328 5696 1477 5765 ejus.
1505 5696 1616 5751 Sed
1649 5712 1720 5751 ne
1751 5695 1926 5752 istam

283 5783 572 5838 terrenam
602 5786 862 5855 putares,
896 5782 1032 5838 audi
1063 5782 1204 5853 quid
1237 5782 1507 5852 subjecit.

1135 4711 1348 4767 ominis
1396 4711 1727 4782 continens,
1762 4713 1934 4783 cujus
1965 4697 2014 4763 Ι)

2035 747 2136 801 sed
2189 746 2447 816 quotidie
2499 745 2818 801 azdiﬁcatur
2864 745 2935 799 de
2973 745 3270 817 lapidibus
3317 745 3471 800 vivis
3523 762 3699 817 super

2035 835 2479 890 fundamentum
2543 833 2944 905 apostolorum
3005 837 3062 888 et
3113 833 3568 906 prophetarum,
3627 835 3695 890 ab

2031 923 2161 996 ipso
2194 940 2426 978 summo
2459 922 2724 996 angulari
2755 923 2948 994 lapide
2978 922 3206 978 Christo
3237 923 3404 992 Jesu,
3431 923 3596 978 sicut
3624 924 3701 979 ait

2038 1012 2352 1084 Apostolus
2382 1012 2597 1084 (Ephes.
2637 1031 2697 1081 ιι,
2728 1014 2840 1082 20).
2889 1035 2909 1060 α
2947 1012 3127 1083 Cujus
3159 1011 3544 1084 participatio
3577 1013 3704 1082 ejus

2036 1102 2095 1156 in
2129 1103 2407 1175 idipsum.
2441 1123 2469 1152 »
2503 1103 2566 1158 In
2599 1119 2714 1157 uno
2748 1101 3014 1158 Ecclesiae
3065 1118 3326 1174 corpore,
3360 1118 3473 1174 per
3504 1101 3704 1159 Chris-

2040 1195 2188 1246 tum.

2114 1301 2140 1333 α
2170 1279 2314 1336 Illuc
2346 1281 2502 1336 enim
2522 1281 2915 1337 ascenderunt
2942 1281 3153 1345 tribus,
3177 1280 3369 1336 tribus
3394 1279 3696 1337 Domini.-

2035 1371 2160 1426 Non
2193 1375 2429 1442 peccato
2451 1370 2733 1437 obnoxiae,
2769 1372 2892 1438 sed,
2918 1394 2944 1421 ‹‹
2970 1370 3160 1425 tribus
3194 1369 3469 1437 Domini;
3506 1390 3534 1421 ι
3573 1387 3703 1442 qua

2037 1464 2454 1532 cognoscentes
2504 1460 2822 1516 Dominum
2878 1460 3045 1531 sequi
3093 1477 3210 1516 non
3260 1458 3639 1516 distulerunt
3687 1476 3701 1513 :

2037 1550 2191 1622 quod
2224 1549 2297 1606 ad
2349 1555 2551 1622 gentes
2599 1554 2687 1605 est
2738 1549 3129 1606 referendum.
3190 1572 3218 1599 (ί
3253 1548 3699 1604 Testimonium

2037 1639 2234 1695 Israel.
2287 1662 2316 1689 «
2371 1639 2444 1695 Ut
2480 1655 2615 1694 eum
2665 1638 3012 1694 condemnet
3059 1655 3072 1693 :
3123 1638 3264 1709 quia
3309 1637 3410 1692 ille
3469 1654 3608 1693 eum
3643 1638 3703 1693 in

2036 1728 2239 1784 multis
2287 1733 2590 1784 ostensum
2644 1727 2948 1784 miraculis
2986 1744 3100 1784 non
3151 1727 3448 1800 cognovit.
3483 1727 3700 1784 Tribus

2034 1835 2167 1874 vero
2215 1819 2478 1891 gentium
2528 1819 2729 1874 statim
2761 1817 3061 1890 cognitum
3111 1821 3487 1889 receperunt.
3520 1816 3617 1872 Sic
3647 1821 3700 1872 et

2035 1907 2237 1978 regina
2280 1907 2500 1973 Austri,
2553 1906 2641 1962 vel
2691 1905 2978 1974 Ninivitae,
3025 1906 3085 1960 in
3135 1905 3314 1976 hujus
3367 1905 3694 1961 testimonii

2027 1995 2251 2066 judicio
2303 2003 2569 2068 surgent,
2605 2001 2662 2050 et
2709 1995 3186 2050 condemnabunt
3234 2011 3373 2050 eum
3424 1995 3587 2064 (Luc.
3619 2012 3695 2059 x1,

2033 2086 2122 2154 31,
2155 2084 2267 2155 32).
2307 2107 2333 2137 α
2360 2086 2444 2140 Ad
2492 2085 2892 2141 confitendum
2941 2083 3165 2139 nomini
3195 2089 3318 2148 tuo,
3357 2083 3635 2140 Domine.
3666 2108 3693 2133 η

2034 2173 2402 2230 Confitentur
2423 2175 2602 2240 enim,
2634 2175 2774 2246 quia
2804 2174 2862 2228 in
2913 2173 3150 2229 nomine
3195 2179 3296 2228 tuo
3329 2189 3517 2229 omne
3549 2190 3693 2245 genu

2036 2263 2302 2319 ﬂectetur
2355 2263 2698 2333 caelestium,
2756 2263 3123 2318 terrestrium
3191 2267 3248 2317 et
3317 2261 3690 2319 infernarum

2036 2354 2300 2425 (Philipp.
2337 2371 2398 2421 II,
2436 2355 2524 2426 10)
2559 2370 2572 2408 :
2605 2358 2662 2409 et
2700 2352 2841 2423 quia
2869 2355 2954 2420 tu,
2989 2351 3232 2408 Domine
3261 2352 3407 2408 Jesu
3439 2352 3699 2420 Christe,

2034 2443 2094 2498 in
2126 2442 2313 2514 gloria
2343 2458 2405 2499 es
2433 2443 2536 2498 Dei
2571 2441 2777 2498 Patris.

2109 2532 2316 2598 «Quia
2360 2531 2479 2588 illic
2533 2532 2811 2588 sederunt
2859 2531 3026 2588 sedes
3057 2531 3115 2587 in
3154 2529 3401 2602 judicio.
3441 2553 3471 2579 >ι
3519 2532 3698 2587 Sedes

2033 2620 2132 2676 Dei
2164 2619 2412 2693 apostoli
2439 2625 2613 2677 sunt:
2648 2637 2826 2693 super
2854 2637 3004 2692 quos
3034 2619 3313 2675 Dominus
3347 2619 3693 2692 requiescit.

2034 2710 2128 2765 Ha:
2152 2711 2322 2765 sedes
2350 2710 2638 2765 sedebunt
2659 2724 2839 2781 super
2860 2709 3027 2765 sedes
3061 2707 3691 2777 duodecim,judican-

2032 2804 2120 2856 tes
2151 2799 2458 2854 duodecim
2482 2799 2676 2854 tribus
2705 2798 2886 2854 Israel
2920 2815 2933 2853 :
2968 2797 3121 2854 sicut
3151 2799 3278 2871 ipse
3304 2798 3389 2853 ait
3415 2797 3472 2852 in
3499 2798 3682 2852 Evan-

2032 2887 2180 2958 gelio
2229 2887 2450 2955 (Matth.
2484 2904 2599 2956 xix,
2630 2889 2743 2960 28).
2801 2910 2830 2937 (ι
2859 2888 3038 2944 Sedes
3087 2903 3266 2960 super
3297 2887 3530 2942 domum
3562 2886 3675 2942 Da-

2030 2977 2146 3033 vid.
2181 2997 2209 3027 »
2242 2980 2426 3048 Super
2470 2977 2788 3034 Ecclesiam
2821 2976 3034 3034 Christi
3079 2977 3467 3048 gubernantes
3499 2981 3683 3047 atque

2035 3071 2337 3121 monentes
2368 3082 2497 3122 eam
2527 3065 3011 3138 praeceptionibus
3041 3066 3188 3121 suis.

2106 3177 2134 3204 «
2168 3155 2386 3228 Rogato
2409 3173 2535 3227 quze
2567 3155 2639 3210 ad
2675 3164 2877 3227 pacem
2897 3159 3036 3210 sunt
3056 3153 3408 3211 Jerusalem.
3431 3177 3458 3204 ››
3492 3157 3686 3210 Inter-

2032 3249 2230 3316 rogate
2263 3261 2387 3316 qum
2419 3245 2492 3300 ad
2523 3261 2724 3317 pacem
2747 3244 3076 3317 pertineant
3104 3244 3361 3300 civitatis
3394 3243 3606 3313 hujus,
3631 3247 3684 3300 et

1953 3322 1994 3390 C
2034 3332 2351 3406 sequimini
2383 3350 2512 3389 eam
2549 3352 2561 3390 :
2598 3337 2662 3388 ut
2691 3350 2793 3406 per
2829 3333 3200 3390 dilectionem
3232 3333 3397 3404 pacis
3427 3333 3689 3389 fructum

2037 3423 2481 3494 consequamini
2499 3428 2723 3478 eterna:
2746 3422 3145 3479 beatitudinis.
3173 3444 3201 3472 ‹‹
3226 3422 3295 3478 Et
3325 3423 3700 3479 abundantia

2037 3511 2419 3584 diligentibus
2450 3517 2527 3569 te.
2562 3533 2590 3562 »
2622 3512 2752 3580 Qui,
2779 3511 2995 3569 relictis
3027 3512 3285 3578 caducis,
3312 3513 3502 3567 Deum
3529 3529 3697 3585 super

2038 3602 2238 3657 omnia
2255 3600 2482 3673 diligit;
2516 3600 2643 3672 ipse
2669 3601 3031 3658 abundantia
3053 3600 3342 3656 bonorum
3367 3600 3699 3657 caelestium

2045 3690 2388 3764 perfruitur.

2113 3803 2141 3829 ‹‹
2176 3779 2300 3834 Fiat
2343 3796 2455 3850 pax
2505 3779 2565 3834 in
2616 3779 2831 3835 virtute
2858 3782 2982 3835 tua.
3018 3802 3047 3829 »
3099 3777 3386 3836 Dominus
3431 3779 3694 3838 Christus

2039 3874 2130 3926 est
2160 3886 2271 3941 pax
2303 3873 2502 3925 nostra
2535 3886 2548 3924 :
2584 3868 2686 3941 qui
2719 3885 2824 3924 nos
2855 3868 2916 3923 in
2957 3885 3074 3924 uno
3122 3867 3358 3924 vinculo
3392 3868 3700 3926 charitatis

2041 3958 2357 4030 astringit:
2392 3959 2560 4029 cujus
2609 3958 2793 4014 virtus
2823 3957 2873 4014 si
2921 3956 3292 4014 convalescat
3318 3959 3385 4014 in
3421 3957 3615 4026 nobis,
3645 3963 3702 4016 et

2041 4047 2165 4120 ipse
2196 4064 2428 4119 quoque
2449 4047 2780 4118 pectoribus
2802 4045 3021 4103 nostris
3043 4045 3324 4103 illabitur.
3355 4071 3380 4095 ι
3407 4049 3478 4103 Et
3509 4049 3701 4105 abun-

2045 4137 2247 4193 dantia
2275 4136 2330 4190 in
2363 4136 2625 4192 turribus
2655 4137 2795 4192 tuis.
2830 4159 2858 4186 »
2893 4137 2959 4191 In
3009 4135 3102 4192 his
3133 4136 3554 4192 abundantiam
3585 4138 3693 4192 bo-

2045 4242 2254 4282 norum
2309 4223 2639 4280 ccelestium
2672 4225 2798 4281 ﬁeri
2829 4224 3117 4297 Propheta
3147 4224 3425 4296 deposcit,
3456 4224 3556 4296 qui
3589 4240 3690 4279 su-

2045 4314 2475 4388 pereminentes
2528 4315 2739 4371 merito
2789 4319 3074 4386 tanquam
3117 4317 3315 4371 turres
3343 4314 3702 4384 fortissima,

2044 4404 2195 4460 hanc
2225 4401 2520 4458 civitatem
2572 4407 2628 4458 et
2656 4403 2873 4459 virtute
2917 4402 3220 4472 muniunt,
3250 4407 3311 4460 et
3355 4404 3707 4476 proceritate

2045 4494 2341 4548 decorant.

2119 4607 2146 4632 ‹‹
2178 4587 2422 4654 Propter
2477 4583 2686 4638 fratres
2736 4597 2898 4637 meos
2943 4584 3002 4638 et
3057 4581 3351 4660 proximos
3406 4600 3573 4641 meos
3621 4582 3703 4640 lo-

2045 4673 2267 4746 quebar
2295 4688 2500 4744 pacem
2533 4673 2602 4727 de
2649 4675 2728 4727 te.
2759 4693 2788 4722 »
2823 4671 2897 4727 Ut
2926 4670 3151 4728 scilicet
3191 4675 3249 4728 et
3277 4672 3394 4745 ipsi
3445 4673 3522 4730 ad
3556 4691 3698 4731 con-

2048 4762 2507 4820 summationem
2566 4761 2745 4832 hujus
2803 4759 3032 4817 aediﬁcii
3079 4778 3142 4818 se
3189 4761 3480 4833 perfectos
3542 4763 3702 4819 exhi-

2045 4852 2242 4909 beant.

2123 4944 2422 5012 aPropter
2479 4940 2722 4996 domum
2781 4939 3012 4994 Domini
3063 4939 3160 4994 Dei
3217 4939 3403 4994 nostri
3451 4942 3702 5013 quaesivi

2046 5031 2198 5086 bona
2227 5029 2354 5086 tibi.
2389 5051 2418 5081 »
2449 5028 2824 5084 Praedicando
2852 5044 3055 5100 pacem
3086 5027 3366 5102 proximis
3393 5029 3701 5097 fratribus,

2047 5119 2147 5191 qui
2180 5119 2358 5175 efﬁcit
2387 5135 2486 5175 eos
2506 5118 2798 5173 civitatem
2829 5116 3002 5190 Regis
3029 5118 3250 5189 aeterni,
3277 5117 3374 5173 cui
3401 5118 3523 5174 haec
3546 5119 3699 5177 bona

2046 5208 2316 5282 quaesivit
2364 5224 2377 5264 :
2429 5211 2494 5264 ut
2539 5207 2612 5263 ab
2669 5206 3046 5262 universitate
3107 5206 3359 5264 civitatis
3407 5207 3470 5264 in
3520 5226 3695 5266 unam

2044 5301 2173 5371 ejus
2223 5297 2501 5355 transiret
2547 5296 2992 5361 habitationem,
3023 5295 3126 5370 qui
3177 5296 3261 5353 ait
3291 5313 3306 5352 :
3343 5302 3533 5366 Pater,
3570 5314 3696 5372 rogo

2042 5394 2105 5444 ut
2131 5387 2225 5444 ubi
2270 5403 2367 5457 ego
2406 5403 2547 5454 sum,
2575 5389 2630 5442 et
2679 5386 2770 5441 illi
2796 5387 2911 5442 sint
2949 5401 3182 5442 mecum.
3213 5387 3322 5458 Ego
3371 5389 3437 5442 in.
3465 5385 3618 5456 illis,
3650 5392 3701 5444 et

2041 5488 2101 5535 tu
2130 5479 2190 5533 in
2217 5494 2302 5534 me
2330 5498 2349 5532 .-
2381 5481 2443 5532 ut
2479 5475 2698 5534 videant
2745 5477 2985 5546 gloriam
3013 5491 3193 5532 meam
3217 5494 3241 5531 :
3269 5479 3408 5548 quia
3436 5478 3696 5536 dilexisti

2040 5585 2126 5624 me
2154 5575 2282 5624 ante
2310 5567 2757 5624 constitutionem
2783 5564 2981 5622 mundi
3009 5566 3188 5637 (Joan.
3221 5581 3355 5640 xvu,
3388 5568 3506 5639 24).

2570 5690 2902 5748 PSALMUS
2931 5689 3141 5748 CXXII.

2042 5782 2326 5839 Canticum
2353 5781 2650 5854 graduum.
2683 5781 2797 5839 Iste
2826 5780 3092 5854 psalmus
3119 5784 3394 5854 quartum
3426 5785 3688 5843 cantico-
