3992 6194
286 411 439 474 1281

1450 407 1950 470 BREVIARIUM
1995 409 2074 468 ΙΝ
2122 411 2504 477 PSALMOS.

3551 425 3703 486 1282

371 543 830 619 pnn;_grad_uum_
856 539 1062 619 pandit
1091 555 1442 619 ascensum:
1466 539 1528 619 in
1558 555 1672 619 quo
1710 539 1797 593 vir
1831 537 1944 619 _ille
1972 544 2027 610 Α
2058 542 2299 600 forsitan
2335 549 2397 601 ut
2419 563 2569 619 aqua
2603 548 3045 606 absorbuissent
3103 568 3230 608 nos.
3267 575 3294 601 »
3351 554 3702 611 Commotio-

363 609 684 685 ﬁdeli§,qui
717 609 940 668 dudum
975 612 1301 685 adgmontes
1324 609 1671 685 sustollebat
1718 609 1939 685 oculos,

359 704 518 743 nunc
553 681 864 758 proﬁciens
891 685 1016 754 jam
1049 682 1109 737 in
1143 699 1410 758 ascensu,
1445 683 1515 737 ad
1545 682 1742 754 ipsum
1775 681 1942 737 cozlo-

358 776 493 815 rum
528 754 916 812 habitatorem
951 771 1050 810 eos
1080 755 1270 827 erigit,
1305 754 1542 809 dicens:

359 872 388 900 «
424 849 504 904 Ad
538 851 594 902 te
623 845 804 901 levavi
826 844 1026 900 oculos
1058 861 1238 911 meos,
1269 844 1368 914 qui
1419 843 1648 898 habitas
1709 843 1767 897 in
1827 859 1939 896 coa-

288 940 365 997 lo.
394 937 761 994 »Notandum
795 934 950 1007 quod
977 949 1080 1006 per
1113 933 1378 1004 singulos
1414 932 1672 1004 psalmos
1695 932 1936 1002 quidam

289 1028 582 1102 graduum
615 1029 755 1080 sunt
785 1023 1094 1095 profectus.
1131 1022 1240 1088 Qui
1268 1022 1326 1076 in
1359 1022 1546 1093 primo
1579 1021 1802 1076 dixerat
1833 1019 1938 1074 :Ad

290 1116 607 1174 Dominum
640 1129 774 1170 cum
805 1111 1121 1168 tribularer
1149 1110 1418 1177 clamavi,
1455 1114 1514 1165 et
1569 1110 1627 1164 in
1687 1109 1943 1164 secundo

213 1266 226 1273 _
291 1207 492 1263 oculos
521 1205 593 1260 ad
628 1207 854 1258 montes
877 1217 939 1257 se
993 1199 1249 1256 elevasse
1299 1203 1655 1267 narraverat,
1717 1197 1945 1253 laetatus

292 1311 526 1368 quoque
555 1291 910 1363 fuerat,quia
941 1289 1053 1345 sibi
1085 1290 1387 1362 ingressus
1412 1289 1471 1344 in
1504 1289 1676 1344 domo
1709 1287 1802 1342 Dei
1819 1288 1944 1342 fue-

292 1389 402 1451 rat,
432 1381 830 1455 repromissus
863 1397 876 1434 :
912 1395 1068 1435 nunc
1103 1380 1173 1434 ad
1208 1380 1401 1450 majus
1443 1377 1691 1450 proﬁcit,
1753 1381 1817 1432 ut
1873 1373 1945 1432 ad

293 1475 491 1546 ipsum
521 1472 705 1527 Deum
737 1468 938 1526 oculos
970 1468 1138 1524 levet.
1179 1491 1198 1518 ε
1236 1467 1343 1531 Qui
1376 1466 1606 1522 habitas
1639 1468 1696 1522 in
1726 1466 1888 1521 ccelo.
1913 1486 1940 1515 »

293 1561 630 1618 Ascendens
661 1576 777 1632 quo
810 1558 1111 1614 levaturus
1141 1560 1266 1612 erat
1282 1555 1502 1626 oculos,
1528 1555 1640 1611 nisi
1671 1555 1808 1611 illuc
1830 1568 1944 1625 quo

294 1651 591 1717 tendebat,
626 1649 940 1705 ascendere
971 1646 1347 1702 desiderabat
1375 1646 1404 1700 ?

367 1763 396 1791 ‹‹
429 1741 572 1795 Ecce
592 1739 746 1795 sicut
773 1737 926 1793 oculi
959 1752 1258 1792 servorum
1302 1735 1361 1788 in
1423 1734 1700 1789 manibus
1754 1732 1946 1787 domi-

298 1846 506 1886 norum
539 1844 804 1895 suorum,
827 1831 884 1882 et
915 1826 1067 1882 sicut
1097 1824 1249 1880 oculi
1277 1823 1518 1880 ancillie
1552 1823 1609 1877 in
1671 1822 1947 1877 manibus

297 1919 548 1976 domine:
577 1935 716 1988 suae,
750 1917 834 1974 sic
863 1915 1016 1972 oculi
1057 1914 1246 1970 nostri
1278 1914 1349 1969 ad
1398 1912 1707 1968 Dominum
1769 1913 1946 1965 Deum
1979 1930 2025 1993 B

299 2014 570 2065 nostrum
599 2007 985 2080 quoadusque
1007 2005 1354 2059 misereatur
1379 2001 1584 2056 nostri.
1622 2023 1642 2049 υ
1698 2001 1768 2054 Et
1797 1997 1946 2054 servi

299 2114 526 2165 sumus,
559 2103 616 2152 et
644 2095 868 2152 ancillae
900 2110 1110 2150 sumus
1144 2111 1156 2147 :
1191 2091 1287 2146 ille
1317 2090 1590 2145 dominus
1612 2093 1668 2144 et
1709 2088 1949 2143 domina

302 2192 409 2243 est.
441 2185 716 2240 Attendat
745 2183 999 2238 charitas
1029 2184 1271 2236 vestras.
1314 2178 1437 2233 Non
1472 2177 1688 2232 mirum
1721 2176 1767 2232 si
1799 2174 1949 2231 servi

300 2291 509 2331 sumus
531 2278 590 2328 et
611 2271 715 2328 ille
736 2270 1014 2326 dominus
1037 2274 1160 2336 est;
1214 2268 1316 2323 sed
1368 2267 1584 2322 mirum
1636 2265 1685 2321 si
1729 2263 1950 2321 ancilla:

301 2379 528 2429 sumus,
565 2365 621 2416 et
648 2359 746 2416 ille
775 2359 1017 2414 domina
1043 2362 1152 2414 est.
1188 2357 1300 2413 Sed
1333 2373 1522 2428 neque
1552 2355 1661 2410 hoc
1712 2355 1949 2420 mirum,

301 2452 440 2523 quia
460 2448 680 2505 ancilla;
734 2464 962 2514 sumus,
1009 2445 1266 2502 Ecclesia
1312 2445 1469 2500 enim
1527 2461 1781 2500 sumus:
1827 2457 1950 2504 nec,

303 2539 446 2595 illud
476 2538 714 2604 mirum,
746 2537 887 2610 quia
917 2541 974 2593 et
1003 2537 1129 2609 ipse
1161 2536 1401 2592 domina
1429 2539 1518 2590 est
1550 2553 1562 2590 :
1587 2534 1725 2605 quia
1771 2533 1956 2587 virtus

303 2633 360 2685 et
400 2628 690 2701 sapientia
745 2626 847 2682 Dei
909 2630 1016 2683 est.
1074 2624 1224 2681 Audi
1272 2641 1408 2698 ergo
1469 2622 1816 2696 Apostolum
1876 2621 1958 2674 di-

303 2720 572 2771 centem:
625 2716 729 2771 Nos
769 2723 956 2769 autem
1012 2714 1395 2785 praedicamus
1455 2712 1728 2766 Christum
1775 2710 1957 2764 cruci-

307 2803 518 2874 ﬁamm:
557 2803 766 2859 .ludaeis
821 2801 1043 2873 quidem
1088 2800 1428 2865 scandalum,
1475 2799 1722 2870 gentibus
1779 2801 1961 2852 autem

306 2893 624 2958 stultitiam,
687 2893 824 2962 ipsis
883 2907 1011 2946 vero
1080 2893 1285 2946 vocatis
1357 2889 1565 2946 Iudaeis
1640 2892 1690 2944 et
1754 2886 1961 2944 Graecis

315 2983 590 3038 Christum
619 2982 716 3036 Dei
741 2982 1017 3050 virtutem,
1050 2983 1098 3035 et
1157 2981 1254 3034 Dei
1296 2979 1630 3049 sapientiam
1687 2978 1734 3048 (I
1757 2982 1886 3034 Cor.
1920 2995 1959 3044 ι,

313 3072 402 3138 23,
434 3071 548 3142 24),
580 3072 724 3126 Cum
760 3069 962 3125 multis
994 3067 1455 3141 persecutionem
1478 3067 1790 3139 generibus
1822 3067 1961 3122 sub-

307 3159 804 3232 jicimur,oportet
837 3175 941 3213 nos
956 3157 1264 3229 semperin
1284 3157 1380 3212 Dei
1412 3156 1627 3211 auxilio
1657 3155 1962 3212 oculorum

318 3249 700 3305 intentionem
731 3249 856 3304 sine
889 3246 1007 3303 ullo
1038 3247 1176 3301 vitio
1200 3246 1496 3302 continere
1527 3246 1798 3310 deﬁxam,
1818 3261 1961 3317 quo-

314 3338 582 3410 adusque
613 3337 783 3393 nobis
813 3335 1273 3392 misericordiam
1297 3335 1598 3406 largiatur.

387 3450 414 3477 ‹‹
449 3427 724 3482 Miserere
756 3425 962 3493 nostri,
996 3424 1544 3491 Domine,miserere
1575 3423 1782 3491 nostri,
1826 3423 1965 3494 quia

316 3515 571 3572 multum
595 3514 797 3588 repleti
829 3531 1038 3570 sumus
1069 3517 1429 3585 contemptu.
1467 3537 1487 3562 ι
1528 3514 1588 3567 Id
1621 3517 1728 3580 est,
1761 3512 1964 3583 despe-

317 3606 562 3677 ratione,
595 3605 734 3676 quia
755 3603 941 3660 sancti
974 3603 1383 3674 despiciuntur
1427 3619 1461 3657 a
1500 3601 1672 3658 malis
1719 3600 1967 3656 homini-

317 3695 452 3751 bus.
630 3702 641 3710 '

390 3782 795 3853 «Multumque
814 3781 1034 3854 repleta
1049 3788 1136 3837 est
1149 3782 1347 3837 anima
1361 3780 1967 3852 nostrazopprobrium

320 3872 847 3936 abundantibus,et
877 3872 1171 3942 despcctio
1203 3871 1494 3941 superbis.
1531 3894 1559 3918 ›ι
1583 3871 1707 3925 Non
1740 3875 1968 3924 tantum

321 3963 380 4016 in
406 3959 627 4016 divitiis
657 3959 820 4025 dicit,
855 3960 955 4014 sed
987 3976 1086 4014 eos
1112 3959 1212 4030 qui
1245 3960 1548 4014 abundant
1603 3959 1663 4014 in
1724 3959 1967 4030 malitia,

322 4049 407 4104 illi
429 4048 760 4122 despiciunt
789 4064 1074 4120 pauperes
1101 4048 1334 4103 Christi.
1371 4048 1583 4105 Divites
1641 4048 1972 4120 despiciunt

321 4155 628 4212 pauperes,
661 4144 718 4194 et
746 4137 983 4210 superbi
1040 4137 1371 4210 despiciunt
1430 4138 1707 4205 humiles,
1759 4143 1816 4194 et
1858 4139 1966 4210 ipsi

321 4229 526 4285 dicunt
556 4227 743 4284 multa
772 4227 1083 4300 opprobria
1103 4231 1306 4282 contra
1336 4233 1598 4284 sanctam
1630 4227 1970 4284 Ecclesium.

842 4317 1174 4372 PSALMUS
1215 4317 1452 4373 CXXIII.

397 4406 690 4478 Canticum
719 4406 1132 4478 grad_uu-m.lste
1161 4405 1428 4476 psalmus
1477 4407 1719 4478 quintus
1778 4423 1974 4462 ascen-

396 4475 580 4532 sionis
612 4480 701 4531 est
730 4476 968 4547 gradus,
1020 4475 1269 4547 edocens
1301 4475 1678 4532 virum'illum
1743 4478 1971 4533 ﬁdelem

438 4548 696 4613 roﬁcere,
729 4546 828 4620 qui
876 4563 978 4618 per
1006 4546 1381 4620 elevationem
1414 4549 1809 4620 spiritualium
1844 4566 1974 4604 ocu-

438 4566 696 4613 roncere,
729 4566 828 4618 qu1
876 4566 978 4618 per
1006 4566 1381 4602 elevationem
1414 4566 1809 4620 spiritualium
1844 4566 1974 4604 ocu-

394 4566 585 4676 Forum
616 4620 686 4674 ad
712 4617 992 4674 cmlorum
1025 4617 1413 4672 habitatorem
1448 4619 1720 4674 evincens
1771 4637 1974 4675 omnes

2052 649 2154 688 nes
2187 635 2473 692 malarum
2500 638 2811 708 mentium,
2847 657 2974 711 quas
2996 645 3230 697 sanctos
3253 643 3345 698 Dei
3388 643 3701 700 absorbere

2054 727 2344 792 quaerunt,
2379 725 2548 795 aquis
2599 734 3058 798 comparantur;
3119 731 3218 784 sed
3279 731 3584 789 habitante
3642 733 3700 788 in

2053 811 2272 866 sanctis
2302 812 2567 879 Domino,
2601 816 2872 871 deorsum
2905 817 3171 873 defluunt
3203 823 3259 873 et
3285 821 3624 878 decurrunt.

2127 922 2152 949 «
2187 901 2524 959 Torrentem
2560 905 2932 975 pertransivit
2964 907 3162 962 anima
3193 913 3409 964 nostra.
3435 932 3462 960 ››
3493 911 3700 968 Melius

2053 987 2111 1042 in
2159 990 2396 1046 Hebraeo
2441 993 2663 1050 habet:
2726 1018 2754 1043 ‹‹
2813 996 3063 1050 Torrens
3113 997 3483 1068 pertransivit
3527 1016 3703 1071 super

2054 1078 2311 1134 animam
2344 1086 2605 1136 nostram
2633 1099 2644 1136 :
2682 1107 2708 1133 ››
2741 1084 2895 1154 quod
2928 1083 3151 1140 scilicet
3202 1085 3373 1141 multi
3426 1089 3702 1144 tentatio-

2055 1185 2197 1224 num
2231 1169 2493 1227 turbines
2523 1188 2700 1243 super
2742 1173 2997 1228 animam
3031 1174 3157 1244 ejus
3188 1176 3566 1244 transierunt,
3601 1194 3705 1233 nec

2055 1263 2370 1330 potuerunt
2400 1277 2528 1316 eam
2561 1277 2788 1328 necare,
2821 1263 2975 1332 iusto
3007 1263 3234 1318 dicente
3267 1281 3280 1319 :
3317 1287 3344 1314 ‹‹
3395 1266 3518 1321 Nisi
3567 1267 3706 1338 quia

2055 1347 2341 1404 Dominus
2371 1355 2495 1404 erat
2521 1350 2577 1405 in
2613 1351 2780 1406 nobis
2814 1367 2826 1405 :
2861 1352 3016 1406 dicat
3048 1369 3202 1408 nunc
3263 1353 3459 1410 Israel.
3515 1356 3707 1412 Forsi-

2055 1440 2152 1491 tan
2186 1441 2600 1508 pertransisset
2628 1440 2828 1495 anima
2857 1446 3054 1496 nostra
3104 1458 3318 1513 aquam
3373 1443 3706 1500 intolerabi-

2054 1525 2189 1581 lem.
2225 1549 2253 1576 »
2299 1527 2554 1583 Verbum
2606 1527 2965 1582 ἀνυπόστατον
3018 1531 3172 1602 apud
3229 1535 3458 1587 Graecos
3516 1535 3703 1589 ambi-

2056 1630 2237 1685 guum
2267 1621 2396 1671 est:
2444 1623 2501 1672 et
2551 1623 2744 1688 potest
2792 1634 3018 1688 sonare,
3079 1620 3230 1690 quod
3284 1621 3590 1688 subsistat,
3650 1627 3708 1678 et

2057 1705 2211 1776 quod
2246 1704 2607 1762 intolerabile
2644 1708 2741 1774 sit,
2805 1707 2913 1762 hoc
2971 1713 3079 1774 est,
3124 1710 3278 1779 quod
3335 1727 3505 1767 nemo
3559 1712 3706 1767 ferre

2058 1799 2253 1863 queat.
2304 1799 2414 1850 Pro
2473 1812 2588 1867 quo
2617 1801 2674 1850 et
2730 1796 2940 1868 Aquila
3022 1801 3076 1852 et
3154 1798 3562 1869 Symmachus,
3651 1807 3709 1857 et

2058 1883 2393 1948 Theodotio,
2427 1889 2484 1938 et
2511 1901 2714 1940 omnes
2747 1885 3090 1957 intrepretes
3123 1887 3246 1957 pari
3277 1904 3413 1944 voce
3461 1906 3706 1947 consen-

2059 1971 2250 2026 tiunt:
2285 1973 2570 2043 superbas
2592 1990 2774 2044 aquas
2805 1979 2864 2030 et
2911 1979 3230 2043 arrogantes
3272 1993 3374 2047 pro
3407 1976 3704 2033 ἀνυπόστα-

2057 2081 2150 2114 τον
2180 2063 2622 2118 transferentes.

2140 2173 2160 2199 α
2198 2150 2544 2206 Benedictus
2566 2152 2870 2220 Dominus,
2899 2153 2997 2224 qui
3034 2171 3146 2209 non
3179 2155 3338 2210 dedit
3368 2173 3474 2212 nos
3505 2156 3564 2212 in
3615 2175 3709 2214 ca-

2065 2244 2297 2311 pturam
2329 2239 2602 2296 dentibus
2635 2257 2857 2296 eorum.
2893 2264 2918 2290 »
2953 2247 3172 2298 Horum
3207 2245 3550 2301 torrentium
3574 2247 3711 2302 den-

2063 2333 2151 2383 tes
2174 2330 2566 2384 numerositas
2595 2336 2684 2386 est
2712 2331 3010 2398 vitiorum,
3045 2349 3078 2385 a
3121 2331 3335 2403 quibus
3394 2350 3465 2389 ne
3518 2334 3709 2406 capia-

2068 2435 2219 2486 mur,
2255 2419 2443 2490 gratia
2476 2419 2573 2474 Dei
2609 2419 2891 2474 eruimur.

2139 2530 2164 2555 ‹‹
2198 2507 2410 2562 Anima
2440 2511 2660 2577 nostra,
2695 2508 2846 2562 sicut
2873 2525 3099 2580 passer,
3132 2514 3331 2580 erepta
3374 2515 3464 2565 est
3516 2512 3588 2566 de
3638 2511 3714 2570 la-

2068 2611 2215 2666 queo
2271 2596 2631 2651 venantium.
2695 2618 2722 2647 »
2787 2597 3135 2652 Tenduntur
3192 2599 3361 2654 nobis
3409 2599 3602 2673 laquei
3652 2599 3713 2654 in

2067 2685 2557 2756 concupiscentiis
2587 2701 2652 2740 ac
2685 2685 2931 2741 diversis
2953 2686 3251 2742 diabolica:
3285 2688 3512 2744 astutiae
3543 2688 3712 2756 dolis;

2070 2773 2167 2828 sed
2203 2773 2447 2828 contrito
2480 2778 2693 2828 Satana
2723 2774 2832 2828 sub
2857 2775 3106 2846 pedibus
3137 2775 3373 2842 nostris,
3408 2777 3557 2832 sicut
3589 2794 3719 2848 pas-

2071 2878 2228 2916 sera
2265 2861 2546 2933 capiente,
2610 2860 2907 2917 evolamus
2957 2863 3029 2917 ab
3089 2861 3226 2919 illis.
3283 2864 3379 2919 Sic
3435 2865 3592 2920 enim
3638 2882 3719 2920 se-

2071 2951 2292 3022 quitur.

2143 3062 2171 3088 ‹‹
2206 3040 2476 3110 Laqueus
2508 3039 2796 3095 contritus
2827 3043 2934 3108 est,
2967 3045 3023 3096 et
3053 3058 3161 3097 nos
3192 3041 3419 3097 liberati
3451 3059 3717 3099 sumus.»

2073 3129 2131 3185 Si
2163 3128 2318 3183 enim
2355 3129 2636 3184 Dominus
2667 3128 2890 3184 habitet
2909 3129 2969 3184 in
3002 3130 3171 3185 nobis
3204 3149 3216 3186 :
3245 3131 3369 3203 ipse
3423 3133 3511 3203 (ut
3567 3132 3718 3188 dixi-

2074 3220 2230 3289 mus)
2261 3217 2369 3272 hos
2394 3216 2721 3290 disrumpet
2749 3218 2974 3291 laques,
2997 3235 3068 3274 ne
3094 3236 3198 3275 nos
3231 3220 3574 3292 impediant.

1993 3297 2036 3364 C
2080 3327 2107 3357 «
2143 3307 2512 3378 Adjutorium
2560 3311 2825 3362 nostrum
2875 3308 2935 3362 in
2984 3309 3221 3365 nomine
3279 3309 3556 3366 Domini:
3617 3311 3718 3382 qui

2075 3396 2208 3450 fecit
2237 3395 2448 3450 cmlum
2481 3401 2537 3451 et
2564 3399 2802 3452 terram.
2829 3419 2856 3446 »
2889 3397 3006 3452 Hoc
3038 3402 3128 3452 est
3147 3414 3359 3454 nomen
3419 3400 3573 3472 quod
3631 3405 3724 3455 est

2074 3501 2252 3555 super
2309 3501 2478 3539 omne
2541 3501 2774 3540 nomen.
2844 3485 3032 3556 Hujus
3116 3486 3372 3542 nominis
3432 3488 3721 3558 adjutorio

2077 3574 2280 3629 mortis
2336 3574 2653 3629 vincuntur
2701 3574 2914 3647 laquei,
2949 3575 2997 3631 si
3055 3575 3114 3630 in
3189 3575 3288 3630 illo
3372 3593 3720 3633 maneamus

2078 3663 2255 3717 afﬁxi.

2606 3753 2730 3807 PSA
2741 3753 2931 3808 LMUS
2998 3753 3210 3810 CXXIV

2081 3843 2370 3914 canticum
2399 3842 2694 3909 graduum.
2752 3843 2860 3898 Iste
2913 3843 3178 3914 psalmus
3232 3850 3432 3900 sextus
3477 3845 3727 3901 habetur

2150 3913 2208 3987 in
2237 3914 2480 3970 canticis
2509 3914 2824 3987 graduum,
2859 3913 2957 3985 qui
2989 3931 3056 3970 ex
3085 3933 3220 3970 voce
3269 3917 3558 3987 prOphetaa
3617 3933 3724 3973 nos

2152 3983 2436 4050 hortatur,
2502 3983 2582 4050 ut,
2635 3984 2852 4040 relictis
2881 3983 3286 4041 ismcularibus'
3360 3983 3576 4053 causis,
3665 3988 3724 4043 in

2153 4062 2333 4111 Deum
2400 4062 2628 4112 tantum
2707 4073 2942 4112 omnem
3009 4058 3423 4112 conﬁdentiam
3505 4057 3726 4114 habea-

2153 4145 2307 4196 mus,
2341 4129 2540 4183 dicens
2575 4146 2586 4183 :

2157 4260 2183 4285 ‹‹
2215 4236 2320 4299 Qui
2345 4236 2648 4290 conﬁdunt
2677 4235 2735 4289 in
2752 4235 2995 4290 Domino
3027 4236 3177 4290 sicut
3201 4252 3370 4292 mons
3395 4236 3554 4308 Sion,
3613 4253 3728 4292 non

2083 4324 2545 4381 commovebitur
2620 4324 2678 4377 in
2757 4328 3061 4378 aeternum.
3121 4349 3140 4372 ι
3203 4325 3361 4393 Sion,
3423 4325 3724 4382 Ecclesia:

2082 4431 2250 4469 mons
2281 4418 2477 4468 autem
2500 4413 2672 4481 juxta
2691 4411 2980 4468 Danielem
3007 4415 3170 4485 (Dan.
3208 4432 3266 4483 ιι,
3300 4415 3412 4486 34),
3459 4414 3727 4471 Christus

2084 4503 2385 4558 Dominus.
2429 4501 2577 4573 Ergo
2609 4502 2708 4572 qui
2740 4502 2799 4556 in
2827 4519 2959 4576 eum
3022 4507 3205 4559 totam
3258 4521 3422 4576 spem
3481 4508 3726 4575 ponunt.

2084 4610 2198 4648 non
2231 4591 2749 4648 commoventurin
2778 4596 3161 4664 perpetuum:
3211 4593 3346 4664 quia
3401 4592 3729 4648 conformes

396 4672 1136 4746 Ei'iaboliée'immissionis
1195 4672 1468 4759 insidias,
1524 4672 2050 4746 aa"'sxo}a'i'tsen
2084 4681 2419 4738 efﬁciuntur
2455 4681 2680 4751 corpori
2709 4679 2902 4752 glorlae
2948 4682 3158 4751 ejus.»
3219 4681 3325 4745 Qui
3385 4681 3612 4737 habitat
3670 4681 3728 4736 in

397 4763 598 4819 dicens
625 4780 637 4816 :

398 4876 425 4903 ‹‹
459 4851 580 4907 Nisi
603 4852 740 4924 quia
772 4851 1056 4907 Dominus
1085 4855 1209 4907 erat
1239 4849 1298 4904 in
1337 4851 1505 4906 nobis
1533 4868 1544 4906 :
1607 4851 1764 4906 dicat
1822 4867 1974 4906 nunc

328 4939 526 4996 Israel.
560 4961 582 4988 ι
621 4940 774 4995 Bene
805 4939 862 4994 in
887 4939 1381 4995 nobis'Dominus
1432 4939 1679 5011 habitat,
1740 4939 1788 4995 si
1839 4957 1974 4996 eum

328 5034 542 5085 sancta:
566 5029 778 5084 mentis
809 5027 1297 5100 contemplatione
1354 5029 1732 5101 suscipimus.
1771 5051 1797 5078 ‹‹
1850 5029 1974 5084 Nisi

329 5119 468 5190 quia
526 5118 811 5173 Dominus
863 5123 987 5173 erat
1027 5117 1084 5172 in
1155 5118 1346 5185 nobis,
1398 5135 1531 5173 cum
1599 5123 1978 5190 exsurgerent

329 5207 599 5264 homines
633 5207 690 5261 in
725 5223 868 5263 nos:
910 5207 1151 5263 forsitan
1194 5208 1352 5263 vivos
1374 5206 1760 5279 deglutissent
1793 5225 1919 5263 nos.
1951 5230 1970 5256 ο

327 5297 455 5354 Non
479 5312 683 5352 carnes
713 5302 944 5352 nostras
995 5297 1270 5353 devorare
1323 5299 1514 5353 conati
1573 5303 1715 5353 sunt
1767 5297 1971 5370 impii;

329 5397 429 5451 sed
461 5395 690 5449 animas
722 5410 824 5466 per
857 5395 915 5449 in
949 5395 1291 5466 tigationem
1333 5395 1617 5452 scelerum
1651 5394 1953 5467 deglutire.

331 5485 433 5540 "sed
464 5483 646 5556 erepti
678 5500 886 5538 sumus
913 5484 986 5538 ab
1010 5483 1101 5538 his
1134 5501 1234 5555 per
1264 5502 1396 5539 eum
1434 5486 1534 5555 qui
1585 5489 1708 5540 erat
1764 5485 1822 5538 in
1874 5501 1973 5540 no-

328 5573 439 5629 bis.
473 5573 573 5628 Cui
609 5573 680 5627 ob
714 5572 822 5627 hoc
852 5574 1050 5644 gratiae
1111 5575 1420 5629 referendae
1446 5579 1604 5641 sunt,
1655 5573 1794 5645 quia
1849 5589 1976 5646 gra-

327 5662 410 5719 tia
437 5661 566 5730 ejus
596 5662 801 5716 salvati
835 5679 1063 5718 sumus.

401 5777 428 5808 ι(
465 5755 607 5810 Cum
639 5751 989 5810 irasceretur
1010 5753 1246 5810 animus
1277 5768 1479 5810 eorum
1505 5755 1785 5818 adversus
1824 5771 1969 5813 nos:

2081 4767 2427 4824 Jerusalem.
2456 4790 2483 4816 »
2517 4768 2579 4822 In
2612 4768 2741 4839 ipsa
2774 4767 3026 4823 Ecclesia
3079 4774 3264 4825 matre
3321 4774 3540 4839 nostra,
3601 4785 3728 4841 quae

2085 4874 2322 4914 sursum
2357 4862 2463 4922 est,
2499 4856 2682 4912 libera
2713 4858 2914 4928 (Galat.
2943 4875 3017 4926 1v,
3047 4860 3159 4930 26),

2157 4971 2184 4999 ‹‹
2218 4947 2444 5002 Montes
2486 4946 2541 5000 in
2601 4947 2846 5002 circuitu
2905 4948 3053 5018 ejus.
3090 4970 3117 4997 ››
3175 4947 3458 5004 Custodizn
3499 4952 3728 5004 sancto-

2086 5053 2238 5105 rum,
2299 5035 2662 5108 angelorum,
2712 5036 3130 5108 prophetarum
3192 5037 3726 5109 apostolorumque,

2086 5144 2212 5199 quae
2243 5125 2302 5180 in
2355 5125 2593 5180 modum
2640 5125 3004 5196 proceritatis
3061 5131 3350 5182 montana:
3400 5127 3728 5200 superemi-

2087 5220 2226 5272 nent
2256 5215 2483 5270 cunctis
2515 5214 2573 5269 in
2622 5215 2948 5270 sanctitate.
2981 5236 3002 5262 ι
3058 5216 3122 5270 Et
3173 5217 3454 5272 Dominus
3501 5217 3560 5272 in
3615 5217 3728 5273 cir-

2085 5307 2242 5361 cuitu
2277 5303 2475 5377 populi
2505 5304 2710 5370 sui,ex
2741 5303 2848 5358 hoc
2880 5322 3036 5361 nunc
3084 5310 3140 5361 et
3193 5323 3378 5378 usque
3434 5306 3490 5362 in
3552 5324 3729 5362 saecu-

2083 5395 2273 5449 lum.»
2307 5393 2605 5464 Sicutipse
2664 5391 2938 5464 pollicere
2994 5395 3271 5468 dignatus
3321 5401 3428 5463 est,
3489 5397 3724 5456 dicens:

2083 5486 2214 5539 Ecce
2239 5500 2333 5553 ego
2379 5482 2651 5537 vobiscum
2708 5498 2829 5536 sum
2876 5499 3043 5553 usque
3094 5487 3153 5539 in
3209 5488 3728 5541 consummationem

2081 5575 2270 5631 sa'culi
2301 5573 2506 5642 (Matth.
2541 5586 2739 5635 xxvm,
2771 5572 2884 5640 20).

2156 5689 2180 5711 ‹‹
2216 5663 2360 5726 Quia
2385 5678 2496 5715 non
2530 5659 2815 5732 relinquet
2851 5661 3134 5718 Dominus
3181 5663 3399 5734 virgam
3459 5668 3723 5734 peccato-

2083 5771 2214 5812 rum
2255 5767 2433 5826 super
2462 5756 2679 5807 sortem
2720 5750 3039 5824 justorum.
3077 5775 3105 5804 ››
3145 5757 3254 5810 Pro
3284 5767 3439 5828 virga
3495 5751 3555 5812 in
3611 5755 3724 5824 He.
