3992 6194
290 407 447 470 1383

296 631 378 688 Ne
409 648 516 687 nos
541 630 785 686 inducas
816 629 874 684 in
907 627 1498 698 tentationem,quam
1534 625 1774 681 sufferre
1823 641 1938 680 non

291 721 611 794 possimus.
641 742 668 770 ί(
702 719 772 774 Ut
807 736 916 774 non
948 718 1262 774 extendant
1283 716 1429 787 justi
1463 716 1534 770 ad
1568 713 1938 785 iniquitatem

290 829 502 867 manus
533 827 689 867 suas.
724 832 752 859 »
786 808 856 864 Ut
885 824 999 864 non
1023 807 1280 880 cogitent
1311 822 1324 860 :
1355 805 1502 869 Quid
1527 803 1670 859 mihi
1707 803 1942 874 prodest

290 902 442 970 quod
468 901 670 971 justus
700 897 908 960 sum,si
943 912 1174 967 semper
1204 897 1630 967 persequantur
1687 909 1778 947 me
1833 891 1937 946 iui-

292 990 394 1060 qui
423 990 450 1043 ?
483 1011 510 1038 ‹‹
543 988 611 1042 Ut
645 1003 759 1043 non
790 987 1121 1041 extendant.
1159 1009 1184 1033 ››
1219 984 1328 1040 hoc
1357 989 1468 1051 est,
1498 988 1563 1037 ut
1610 982 1939 1038 sustineant

292 1078 502 1144 malos,
533 1084 588 1132 et
619 1092 732 1130 non
766 1074 981 1130 faciant
1010 1074 1186 1129 mala.

360 1191 386 1217 ‹‹
438 1166 704 1231 Beuefac,
767 1163 1031 1233 Domine,
1092 1163 1261 1218 bonis
1320 1166 1376 1217 et
1438 1161 1611 1217 rectis
1680 1160 1869 1216 corde.
1906 1181 1934 1209 »

287 1255 395 1319 Qui
426 1253 510 1310 vel
543 1253 678 1309 boni
705 1256 842 1308 sunt
872 1253 930 1305 in
963 1267 1153 1323 opere,
1207 1248 1296 1305 vel
1347 1249 1487 1304 recti
1533 1248 1822 1304 habentur
1878 1247 1936 1300 in

287 1346 420 1400 fide.

360 1457 387 1481 «
449 1430 823 1488 Declinantes
881 1435 1076 1485 autem
1127 1428 1184 1482 in
1242 1427 1629 1499 obligationes
1688 1425 1938 1480 adducet

287 1521 591 1578 Dominus.
624 1544 652 1570 »
677 1525 784 1574 Pro
853 1518 1330 1590 obligationibus,
1373 1516 1586 1588 Aquila
1609 1511 1935 1574 δδιαπλοκάς

288 1613 808 1682 iuterpretatusest
841 1625 853 1663 :
885 1606 1291 1680 Symmachus,
1325 1602 1706 1672 σκολιότητας,
1731 1603 1937 1673 quinta

290 1701 488 1771 editio,
524 1696 934 1770 διεστραμμένα.
997 1721 1022 1744 ‹‹
1080 1696 1222 1750 Cum
1285 1694 1662 1766 operantibus
1719 1691 1934 1762 iniqui-

291 1795 491 1843 tatem.
529 1811 554 1836 »
588 1788 655 1841 Hi
689 1786 842 1857 quia
872 1783 1176 1856 praeceptis
1226 1783 1321 1838 Dei
1375 1783 1691 1853 declinant,
1749 1781 1934 1835 addu-

291 1881 504 1932 cuntur
533 1893 665 1930 cum
700 1876 790 1930 his
821 1875 921 1945 qui
951 1874 1137 1928 Deum
1160 1873 1452 1945 ignorant,
1499 1876 1563 1927 ut
1593 1869 1772 1926 simili
1805 1886 1936 1925 sen-

293 1966 470 2022 tentia
520 1965 820 2020 feriantur.
873 1985 901 2013 «
963 1963 1077 2018 Pax
1131 1979 1306 2034 super
1351 1961 1546 2016 Israel.
1592 1984 1619 2010 »
1676 1960 1940 2016 Christus

292 2054 576 2111 Dominus
607 2058 697 2110 est
719 2070 830 2124 pax
861 2055 1060 2107 nostra
1117 2052 1238 2122 qui,
1299 2050 1570 2106 auferens
1627 2049 1943 2112 maceriam

291 2143 611 2199 inimicitiae
643 2143 713 2197 de
745 2141 937 2197 medio
961 2141 1298 2196 Judieorum
1348 2156 1414 2195 ac
1458 2139 1744 2211 gentium,
1808 2137 1946 2199 fecit

295 2238 790 2303 utraquegunum,
837 2229 992 2301 quod
1049 2232 1174 2284 erat
1222 2234 1356 2284 ante
1403 2228 1652 2285 divisum
1731 2229 1945 2300 (Ephes.

293 2341 356 2392 ΙΙ,
394 2320 614 2393 14,15)-

835 2425 1161 2480 PSALMUS
1192 2424 1400 2480 CXXV.

301 2518 593 2574 Canticum
641 2515 934 2582 graduum.
988 2515 1099 2587 Iste
1130 2513 1395 2587 psalmus
1462 2513 1744 2587 septimus
1825 2531 1949 2587 gra-

371 2593 579 2655 duum,
609 2587 828 2658 profert
875 2584 1167 2658 canticum
1213 2584 1304 2658 vel
1342 2584 1771 2658 ascensum‘iu
1829 2584 1946 2658 quo

369 2658 563 2714 fidelis
597 2655 795 2712 anima
852 2656 1131 2729 adversus
1187 2655 1503 2729 criminum
1553 2655 1944 2729 captivitatem

369 2732 428 2786 in
464 2729 777 2785 Dominum
800 2726 1050 2782 exsultat
1083 2731 1140 2782 et
1187 2726 1327 2782 dicit
1360 2744 1372 2782 :

369 2879 396 2905 ‹‹
429 2855 495 2910 In
527 2853 911 2910 convertendo
943 2851 1228 2906 Dominus
1277 2852 1669 2924 captivitatem
1719 2853 1877 2908 Sion.
1908 2873 1934 2904 η

297 2945 633 3000 Pervaserat
662 2941 817 2999 enim
850 2941 1190 2996 universum
1226 2942 1513 2996 mundum
1561 2947 1730 2998 vetus
1761 2943 1943 3014 capti-

294 3033 445 3089 vitas
476 3031 752 3087 vitiorum
791 3048 803 3086 :
840 3031 939 3086 sed
969 3029 1298 3086 lucescente
1329 3031 1498 3086 nobis
1520 3029 1650 3086 Sole
1675 3031 1940 3101 justitize,

295 3122 548 3194 effugata
569 3126 676 3177 est.
710 3121 800 3175 Sic
831 3124 887 3174 et
918 3117 1192 3189 Ecclesia,
1244 3135 1372 3190 quae
1422 3119 1752 3192 specialiter
1805 3121 1942 3175 Sion

296 3215 691 3282 nuncupatur,
725 3207 1072 3281 apparuit.»
1132 3208 1290 3262 Facti
1349 3225 1557 3264 sumus
1616 3208 1767 3264 sicut
1813 3225 1943 3265 con-

304 3278 555 3356 solati.)
610 3300 716 3355 Pro
761 3278 1060 3363 bonsolali,
1121 3315 1324 3354 omnes
1377 3298 1594 3370 pariter
1635 3298 1939 3355 editiones.
1973 3278 2016 3345 (ἶ

294 3393 630 3446 somnia-nte:
661 3388 1108 3444 transtulerunt.
1145 3388 1215 3442 Et
1245 3387 1485 3460 pulchre
1543 3388 1938 3444 somniantes:

302 3481 564 3536 nondum
599 3483 688 3536 est
719 3479 878 3534 enim
907 3474 1316 3550 plenalaetitia,
1342 3476 1399 3530 in
1431 3477 1756 3549 captivitate
1813 3475 1944 3532 reli-

301 3569 434 3639 quis
465 3567 818 3623 constitutis.

373 3679 393 3704 ε
431 3656 597 3710 Tunc
655 3654 940 3726 repletum
991 3659 1081 3710 est
1117 3654 1330 3727 gaudio
1388 3671 1452 3710 os
1527 3659 1815 3724 nostrum,
1891 3659 1949 3711 et

301 3742 504 3814 lingua
533 3747 737 3798 nostra
767 3742 1130 3798 exsultation
1150 3760 1237 3798 θ.»
1283 3746 1329 3798 Α
1375 3744 1668 3815 spirituali
1715 3749 1772 3798 et
1818 3744 1946 3800 infi-

293 3831 417 3887 nita
437 3829 640 3885 laetitia
660 3830 747 3886 vel
810 3847 873 3885 os
924 3834 1214 3897 nostrum,
1272 3831 1361 3886 vel
1399 3831 1601 3904 lingua
1645 3832 1944 3905 repletur:

293 3920 432 3992 quia
461 3937 579 3976 non
611 3919 830 3975 sufficit
853 3923 1047 3974 tantas
1077 3918 1363 3990 explicare
1392 3919 1596 3976 laudes
1618 3938 1721 3992 pro
1757 3923 1948 3994 gratia

285 4027 403 4083 qua
423 4009 735 4066 salvamur.

371 4125 391 4151 ι
422 4101 584 4158 Tunc
632 4101 830 4156 dicent
851 4099 1002 4154 inter
1039 4103 1262 4172 gentes,
1321 4098 1710 4171 Maguiﬁcavit
1769 4100 1928 4157 Domi

293 4207 406 4245 nus
440 4191 625 4245 facere
657 4206 791 4244 cum
849 4187 1042 4244 illis.»
1107 4187 1167 4243 Si
1220 4188 1399 4256 enim,
1457 4187 1670 4243 relictis
1726 4190 1912 4245 transi

287 4279 649 4350 toriis,spem
674 4278 1032 4334 collocemus
1065 4278 1122 4332 iu
1158 4277 1553 4350 sempiternis,
1616 4281 1752 4332 tunc
1807 4277 1946 4334 dici-

290 4372 391 4422 tur
421 4367 560 4438 quia
599 4383 846 4440 magnos
904 4384 1010 4423 nos
1066 4368 1201 4423 fecit
1257 4368 1561 4436 Dominus,
1615 4367 1951 4440 captivitate

289 4455 556 4529 depulsa,
584 4460 640 4512 et
676 4457 831 4512 sicut
863 4457 1163 4528 quondam
1198 4461 1403 4529 gentes
1471 4456 1681 4512 timore
1740 4457 1950 4512 territae

293 4547 363 4602 de
395 4545 717 4603 Israelitico
767 4544 982 4617 populo
1030 4545 1422 4617 loquebantur
1476 4546 1782 4602 dicentes:
1827 4546 1949 4602 Sic-

1781 398 2207 464 APPENDIX.

308 544 735 613 braeosceptrum
767 540 959 596 habet.
993 539 1109 595 Hoc
1140 542 1230 593 est
1261 553 1396 609 ergo
1427 537 1582 608 quod
1634 535 1930 607 petimus:
1958 535 2015 602 Α
2046 536 2376 592 membrum
2431 535 2652 592 caeteris
2703 534 3002 590 membris.
3049 558 3076 583 «

3543 400 3690 462 1984

3138 534 3300 589 Sicut
3347 536 3575 590 torrens
3644 537 3700 590 in

2051 629 2271 701 austro.
2295 625 2457 682 Sicut
2479 624 2633 680 enim
2667 625 2841 680 ﬂante
2871 628 3069 680 austro
3097 623 3411 680 solvuntur
3461 624 3705 697 glacies,

2049 719 2106 769 et
2136 715 2392 787 impletis
2423 715 2800 782 torrentibus,
2833 713 3026 769 omnis
3056 714 3261 769 horror
3290 730 3429 769 cum
3483 715 3704 786 impetu

2047 821 2154 860 suo
2187 805 2429 860 defluit:
2465 805 2568 876 sic,
2608 805 2783 859 ﬂante
2839 803 3057 875 Spiritu
3104 808 3330 870 sancto,
3393 802 3708 860 solvuntur

2046 898 2282 965 peccata
2317 898 2555 949 nostra:
2609 893 2849 960 scilicet,
2901 898 2986 960 ut,
3049 897 3283 964 accepta
3329 892 3707 960 remissione,

2046 984 2148 1038 ﬁat
2175 982 2345 1038 nobis
2375 983 2520 1037 illud
2553 983 2705 1054 quod
2749 982 3034 1054 scriptum
3093 986 3181 1038 est
3212 1001 3226 1038 :
3285 982 3448 1037 Sicut
3506 983 3709 1050 glacies

2046 1073 2104 1126 in
2133 1088 2341 1140 sereno,
2373 1074 2663 1128 solvuntur
2688 1079 2912 1143 peccata
2944 1080 3038 1127 tua
3066 1072 3267 1141 (Eccli.
3302 1089 3385 1136 III,
3426 1073 3539 1142 17).

2116 1184 2142 1210 ‹‹
2179 1160 2285 1225 Qui
2317 1161 2611 1216 seminant
2636 1161 2694 1215 in
2718 1159 3012 1230 lacrymis,
3041 1161 3101 1215 in
3155 1161 3369 1233 gaudio
3433 1167 3705 1228 meteut;

2046 1249 2437 1306 euntesibant
2465 1255 2520 1305 et
2566 1250 2802 1319 ﬂebant,
2856 1249 3153 1304 mittentes
3219 1250 3455 1305 semina
3514 1267 3652 1306 sua.
3686 1273 3710 1299 ι

2046 1338 2239 1394 Sancti
2270 1338 2450 1410 igitur
2481 1338 2577 1394 Dei
2639 1338 3076 1394 seminaverunt
3112 1339 3171 1392 in
3227 1338 3515 1412 lacrymis
3573 1357 3712 1395 eon-

2047 1427 2338 1497 fessionis,
2371 1432 2428 1483 et
2471 1428 2529 1482 in
2578 1427 2822 1483 diversis
2874 1427 3251 1495 cruciatibus,
3301 1428 3362 1483 in
3429 1429 3713 1499 gentibus

2045 1517 2286 1571 verbum
2319 1516 2450 1571 Dei:
2483 1521 2686 1572 euntes
2717 1521 2775 1570 et
2804 1517 3007 1572 flentes
3035 1533 3211 1588 super
3251 1517 3540 1574 duritiam
3592 1536 3711 1573 cor-

2051 1606 2142 1660 dis
2169 1622 2395 1670 eorum,
2428 1607 2583 1677 quod
2608 1606 2667 1660 in
2695 1605 2890 1660 futuro
2924 1622 3056 1662 cum
3090 1607 3540 1678 manipulorum
3565 1609 3715 1663 fruc-

2045 1694 2204 1749 tibus
2225 1695 2561 1766 portabunt,
2621 1694 2850 1750 dicente
2908 1695 2978 1750 ad
3031 1711 3130 1751 eos
3190 1696 3478 1752 Domino:
3540 1698 3706 1753 Amen

2046 1783 2163 1837 dico
2197 1785 2503 1853 vobis,qu.ia
2532 1785 2736 1852 ﬂebitis
2768 1800 2858 1839 vos
2885 1788 2936 1838 et
2982 1785 3358 1841 lamentabilis
3385 1804 3407 1847 ;
3470 1787 3709 1843 mundus

2048 1877 2231 1929 (tutan
2285 1873 2566 1942 gaudebit,
2626 1875 2720 1929 sed
2776 1875 3004 1929 tristitia
3060 1883 3238 1930 vestra
3294 1878 3363 1930 in
3442 1878 3706 1946 gaudium

2051 1964 2588 2034 convertetuonan.
2634 1979 2747 2032 xvr,
2805 1965 2916 2034 20).
2968 1964 3155 2035 Igitur
3198 1969 3256 2019 et
3312 1982 3426 2020 nos
3491 1967 3554 2021 in
3609 1968 3708 2022 tri-

2055 2051 2350 2108 bulatione
2381 2051 2724 2121 clamantes,
2771 2053 3066 2109 elevamus
3114 2054 3328 2110 mentis
3380 2055 3597 2111 oculos
3641 2059 3706 2112 ad

2055 2140 2455 2197 auxiliatorem
2488 2141 2694 2210 Deum,
2730 2145 2794 2196 ut
2825 2145 2991 2198 eruat
3045 2159 3152 2198 nos
3199 2159 3233 2198 a
3289 2145 3469 2200 saevis
3528 2145 3705 2200 denti-

2055 2232 2169 2287 bus
2197 2229 2528 2287 invidorum
2563 2231 2828 2287 :auferat
2866 2248 2900 2286 a
2939 2231 3108 2286 nobis
3159 2236 3467 2304 sceptrum
3529 2235 3703 2290 domi~

2055 2319 2311 2377 nationis
2343 2319 2580 2393 iniquae,
2615 2325 2678 2375 ut
2709 2320 2883 2376 solita
2903 2320 3274 2377 miseratione
3299 2321 3553 2395 largita,
3576 2324 3708 2380 dum

2056 2427 2090 2463 a
2119 2409 2453 2481 captivitate
2479 2409 2757 2466 vitiorum
2807 2409 3189 2482 absolvimur,
3235 2410 3499 2467 ccelestis
3553 2413 3709 2468 Jeru-

2055 2499 2239 2555 salem
2270 2499 2512 2555 aedificio
2543 2504 2828 2571 tanquam
2857 2500 2972 2555 vivi
2999 2499 3225 2573 lapides
3281 2505 3712 2558 connectamur

2569 2624 2896 2680 PSALMUS
2940 2624 3174 2680 CXXVI.

2053 2715 2344 2787 Canticum
2377 2713 2653 2787 graduum
2703 2715 3034 2769 Salomonis.
3093 2715 3226 2770 Ideo
3284 2715 3560 2787 psalmus
3595 2717 3706 2774 iste

2124 2784 2450 2858 Salomonis
2481 2784 2652 2858 titulo
2684 2790 3042 2856 praenotatur
3088 2803 3100 2858 ς
3158 2791 3222 2840 ut
3276 2784 3399 2858 ipse
3449 2789 3701 2844 fabrica-

2125 2860 2214 2910 tor
2239 2855 2440 2927 templi
2498 2855 2701 2912 doceat
2755 2874 2818 2912 se
2865 2874 2981 2912 non
3018 2857 3203 2913 valere
3258 2855 3697 2916 aedificationem

2125 2929 2254 2997 ejus
2283 2944 2695 2983 consummare
2725 2928 2852 2984 sine
2866 2928 3098 2984 Domini
3130 2929 3366 2984 auxilio.

2124 3058 2151 3085 ‹‹
2184 3035 2307 3090 Nisi
2339 3034 2623 3090 Dominus
2652 3035 3024 3090 mdificaverit
3053 3036 3314 3108 domum,
3368 3039 3428 3094 in
3480 3055 3702 3094 vanum

2051 3123 2318 3178 laborant
2339 3125 2436 3196 qui
2464 3125 2752 3180 aedificant
2783 3141 2933 3180 eam.
2969 3147 2998 3174 »
3036 3123 3152 3181 Nos
3209 3143 3439 3198 sumus,
3503 3145 3707 3184 secun-

2053 3213 2194 3268 dum
2227 3212 2636 3284 Appostolum,
2684 3214 2787 3269 Dei
2839 3213 3126 3286 templum
3160 3214 3236 3286 (II
3292 3215 3416 3271 Cor.
3447 3234 3531 3283 η,
3569 3220 3699 3285 16);

2056 3301 2291 3373 quinisi
2334 3319 2436 3374 per
2481 3303 2790 3358 Dominum
2837 3308 3101 3358 nostrum
3139 3304 3344 3360 Jesum
3403 3306 3701 3363 Christum

2054 3391 2409 3447 aedificemur
2437 3409 2614 3464 super
2643 3393 3025 3448 fundamenta
3053 3394 3454 3465 apostolorum
3488 3402 3551 3452 et
3580 3413 3704 3470 pro-

2055 3480 2384 3550 phetarum,
2417 3481 2610 3537 inanis
2640 3481 2750 3538 erit
2789 3481 3272 3554 philosophorum
3329 3489 3390 3539 et
3453 3485 3701 3559 reliquo-

2055 3587 2187 3624 rum
2219 3570 2586 3625 saacularium
2619 3571 2925 3626 doctorum
2951 3570 3276 3629 aediﬁcatio.

2127 3684 2154 3710 ‹‹
2189 3660 2313 3717 Nisi
2343 3661 2629 3716 Dominus
2656 3661 3000 3717 custodierit
3027 3661 3342 3731 civitatem,
3379 3664 3440 3720 in
3493 3683 3701 3723 vanum

2055 3750 2465 3806 laboraverunt
2495 3751 2594 3821 qui
2617 3750 2957 3806 custodiunt
2985 3767 3134 3806 eam.
3170 3773 3197 3800 »
3231 3751 3452 3809 Fidelis
3511 3756 3702 3812 anima

2058 3839 2259 3895 civitas
2287 3838 2575 3915 accipitur
2602 3839 2802 3895 aeterni
2834 3839 3028 3912 Regis,
3063 3856 3195 3911 quae
3223 3841 3453 3898 civibus
3516 3845 3702 3915 bonis,

2058 3929 2116 3984 id
2147 3933 2254 3996 est,
2285 3914 2553 3983 honestis
2584 3928 2846 3984 moribus
2905 3929 3324 4000 frequentatur,
3359 3948 3543 4003 quam
3578 3934 3704 3989 nul-

2059 4019 2176 4074 lius
2207 4021 2396 4089 potest
2426 4017 2574 4072 tueri
2606 4017 2891 4084 custodia,
2924 4016 3036 4072 nisi
3066 4016 3228 4074 illius
3259 4021 3361 4090 qui
3395 4038 3512 4077 non
3572 4024 3702 4079 dore

2062 4107 2278 4164 mitans
2308 4107 2558 4179 protegit
2588 4107 2762 4162 Isarel
2775 4149 2787 4162 .

2131 4219 2159 4247 ‹‹
2190 4195 2420 4251 Vanum
2451 4199 2539 4251 est
2565 4195 2730 4251 vobis
2777 4200 2911 4252 ante
2969 4196 3159 4254 lucem
3219 4215 3464 4272 surgere.
3495 4221 3522 4250 Ι
3587 4201 3702 4267 Qui

2060 4290 2193 4341 ante
2245 4283 2439 4340 lucem
2499 4285 2708 4358 surgit,
2769 4289 3084 4342 nocturnas
3152 4290 3421 4345 tenebras
3481 4289 3710 4362 palpet.

2058 4374 2149 4429 Sic
2179 4379 2236 4429 et
2291 4373 2628 4446 qui,relicto
2681 4374 2976 4447 Evangelii
3035 4376 3278 4440 lumine,
3315 4379 3386 4433 ad
3438 4381 3714 4452 superius

2060 4464 2283 4519 dictum
2316 4464 2529 4536 dogma
2559 4464 2878 4533 transierit,
2939 4465 2998 4520 in
3057 4467 3317 4522 tenebris
3372 4485 3714 4524 commora-

2059 4557 2172 4624 tur,
2208 4569 2313 4608 nec
2364 4557 2554 4625 potest
2609 4553 2923 4610 Dominicaa
2984 4555 3432 4612 resurrectionis
3489 4559 3713 4629 perfrui

290 4636 441 4691 cavit
467 4638 615 4692 Deus
647 4651 831 4707 aquas
864 4634 1042 4690 maris
1074 4639 1131 4689 et
1157 4634 1431 4690 Jordanis
1489 4636 1560 4690 ad
1610 4636 1942 4708 ingressum
1977 4650 2021 4716 Β
2057 4643 2340 4700 claritate.
2376 4666 2402 4692 «
2436 4642 2664 4715 Surgite
2695 4647 3006 4715 postquam
3039 4645 3322 4713 sederitis,
3379 4648 3485 4718 qui
3549 4665 3712 4704 man-

292 4725 544 4780 ﬁliarum
565 4724 743 4780 Israel
795 4724 988 4796 (Exod.
1035 4742 1151 4791 XIV,
1210 4725 1323 4779 22:
1382 4729 1548 4781 Josue
1595 4742 1656 4793 II,
1720 4727 1828 4794 16),
1878 4726 1940 4780 In

289 4813 401 4870 hoc
431 4831 566 4887 ergo
599 4813 812 4886 gaudio
837 4814 1202 4869 confitemur.

366 4926 394 4954 ‹‹
423 4904 568 4968 Quia
600 4902 997 4975 magnificavit
1028 4903 1307 4958 Dominus
1358 4903 1542 4959 facere
1583 4904 1889 4960 nobiscum
1925 4921 1938 4960 :

289 4994 427 5049 facti
471 5009 680 5049 sumus
729 4991 1012 5048 laetantes.
1050 5015 1077 5041 ››
1133 4992 1542 5048 Serviebamus
1584 4994 1748 5066 prius
1797 4993 1943 5050 Pha-

290 5082 474 5151 raoni,
527 5082 582 5137 id
624 5087 732 5147 est,
795 5081 1230 5138 exterminatori
1290 5082 1349 5137 in
1406 5082 1570 5138 duris
1617 5082 1938 5156 Operibus:

291 5186 448 5224 nunc
470 5175 666 5226 autem
699 5172 986 5227 servimus
1030 5173 1150 5245 regi
1203 5170 1446 5240 caelesti,
1507 5174 1676 5243 cujus
1724 5174 1940 5247 jugum

291 5274 466 5313 suave
497 5263 660 5314 estet
685 5260 970 5316 onusleve
1000 5261 1204 5331 (Matth.
1237 5279 1315 5332 x1,
1348 5262 1459 5334 30).

365 5346 722 5416 «Converte,
776 5349 1040 5418 Domine,
1104 5350 1502 5423 captivitatem
1588 5356 1873 5407 nostram.
1911 5374 1939 5402 »

290 5441 669 5492 Communem
714 5453 774 5491 se
822 5439 1215 5511 captivitatem
1258 5440 1470 5496 habere
1519 5456 1653 5496 cum
1713 5441 1940 5513 reliquo

287 5525 504 5600 populo
538 5525 824 5598 PrOpheta
855 5527 1066 5583 fatetur
1100 5547 1111 5584 :
1148 5529 1289 5601 quia
1343 5531 1698 5602 compatitur
1757 5547 1940 5586 unum

365 5656 380 5689 ί
438 5652 554 5708 Ηοο
584 5649 709 5707 loco
742 5667 856 5706 non
884 5656 1200 5722 potuerunt
1249 5654 1535 5711 editiones
1590 5660 1812 5713 veteres
1853 5674 1940 5714 re-

293 5723 535 5796 stituere
561 5739 730 5784 voces
758 5723 1146 5803 interpretum
1177 5726 1529 5798 Grmcorum,
1559 5743 1691 5799 quis
1738 5729 1944 5802 legun.

2052 4732 2281 4789 ducatis
2354 4747 2565 4804 panem
2624 4732 2860 4788 doloris.
2908 4755 2929 4781 υ
2991 4733 3098 4798 Qui
3157 4735 3211 4788 in
3299 4734 3714 4793 humiliatione

2053 4821 2376 4894 quiescitis,
2408 4820 2736 4888 elevamini,
2769 4837 2871 4878 vos
2901 4823 3000 4894 qui
3033 4822 3092 4877 in
3119 4824 3396 4894 peccatis,
3419 4825 3510 4880 vel
3547 4833 3713 4884 natos

2053 4927 2201 4980 esse,
2234 4909 2321 4966 vel
2354 4910 2542 4965 vivere
2571 4908 2949 4978 meministis,
2981 4914 3038 4966 et
3089 4912 3161 4966 ad
3221 4912 3409 4968 Deum
3461 4916 3712 4971 transire

2053 4999 2418 5056 desideratis.
2453 4999 2576 5054 Vel.
2613 5020 2634 5047 α
2677 4998 2782 5062 Qui
2846 5001 3216 5056 manducatis
3275 5019 3489 5073 panem
3550 5005 3711 5061 dolo-

2055 5090 2157 5146 ris.
2195 5112 2222 5139 ››
2254 5089 2360 5144 Pro
2390 5088 2940 5157 dolore,Theodotio,
2964 5093 3022 5144 et
3067 5090 3272 5161 quinta
3321 5091 3499 5148 editio
3564 5095 3708 5151 idola

2051 5177 2416 5251 interpretati
2473 5183 2652 5233 sunt:
2716 5183 2879 5234 sexta
2915 5195 3088 5250 .vero,
3146 5195 3409 5237 errorem.
3488 5182 3703 5239 Sensus

2052 5269 2250 5339 itaque
2286 5269 2458 5339 juxta
2501 5267 2826 5340 simplicem
2870 5267 3315 5341 intelligentiam
3389 5271 3502 5326 iste
3567 5276 3701 5326 est:

2050 5358 2186 5414 Sine
2217 5374 2393 5414 causa
2424 5356 2682 5412 diluculo
2713 5357 2785 5412 ad
2819 5356 3104 5428 templum
3136 5359 3393 5428 curritis,
3430 5365 3488 5416 et
3519 5361 3707 5416 Deum

2053 5449 2293 5503 adorare
2325 5463 2426 5503 vos
2457 5446 2714 5516 creditis,
2775 5447 2876 5519 qui
2931 5447 3088 5503 idola
3147 5449 3364 5520 pariter
3422 5451 3709 5508 adoratis.

2051 5542 2110 5593 et
2138 5537 2445 5593 immundo
2476 5536 2782 5592 vescimini
2817 5553 2984 5609 pane.

2050 5664 2428 5796 tuiianss.
2481 5663 2784 5721 codicibus
2841 5663 3059 5721 nostris
3120 5664 3430 5739 paululum
3494 5667 3706 5742 depra-

2050 5752 2119 5795 va
2147 5751 2200 5793 a.
2285 5751 2414 5796 ΛΒΤ.

2049 5751 2200 5795 ναια.
2229 5751 2414 5796 MART.
