3992 6194
311 435 468 502 1285

313 658 527 733 aliquis
576 658 1014 731 interrogasset,
1077 659 1310 731 quando
1369 659 1477 715 hoc
1531 660 1608 715 sit
1638 660 1878 728 factum,
1911 659 1964 715 ei

312 750 564 806 dicitur:
600 748 804 804 «Cum
850 748 1076 804 dederit
1133 747 1357 804 dilectis
1416 749 1541 805 suis
1602 765 1898 805 somnum.
1935 772 1962 798 »

311 838 517 896 Dilecti
549 837 738 892 sancti
787 842 952 914 sunt,
1014 837 1115 909 qui
1171 843 1303 910 post
1352 855 1627 894 somnum
1662 839 1964 910 praesentis

309 929 441 985 vitae
475 927 568 982 hic
612 925 931 982 dormitare
979 926 1286 982 videntur:
1338 929 1402 982 ut
1449 928 1508 982 in
1542 928 1965 983 resurrectione

314 1019 384 1075 ad
431 1017 610 1072 vitam
658 1019 933 1070 aeternam
993 1020 1332 1072 mereantur
1378 1016 1723 1088 pervenire:
1761 1039 1788 1066 «
1825 1017 1964 1072 Ecce

313 1105 622 1163 haereditas
679 1103 909 1160 Domini
965 1103 1069 1158 ﬁlii
1123 1121 1345 1161 merces
1404 1106 1628 1161 fructus
1658 1106 1898 1161 ventris.
1937 1129 1957 1155 ι

314 1197 458 1252 Cum
490 1193 712 1250 sanctis
747 1193 817 1248 ab
850 1192 958 1248 hoc
987 1193 1196 1250 szesulo
1247 1199 1481 1266 accepto
1511 1194 1727 1267 quietis
1758 1210 1964 1250 somno

311 1283 713 1352 discesserint,
776 1286 916 1337 tunc
977 1282 1120 1338 fient
1176 1282 1487 1338 hereditas
1545 1283 1794 1348 Domini,
1826 1282 1966 1354 quia

305 1375 432 1446 jam
455 1389 571 1428 non
594 1371 900 1442 subjacent
924 1371 1369 1427 tentationibus.
1398 1372 1508 1428 Sed
1532 1376 1590 1427 et
1621 1372 1745 1443 ipse
1775 1371 1965 1426 Domi-

313 1480 446 1530 nus,
489 1466 665 1518 natus
696 1477 766 1516 ex
792 1459 1054 1532 Virgine,
1089 1460 1280 1517 factus
1329 1465 1418 1517 est
1468 1463 1692 1516 fructus
1719 1461 1960 1516 ventris.

312 1553 493 1623 Cujus
525 1555 833 1623 assumpta
891 1549 1232 1606 humanitas
1291 1550 1441 1606 hanc
1501 1551 1724 1622 accepit
1753 1565 1967 1604 merce-

314 1642 469 1708 dem,
501 1645 566 1696 ut
621 1644 822 1712 gentes
881 1644 1096 1695 vocatae
1155 1640 1213 1694 in
1273 1639 1430 1710 ﬁliis,
1493 1640 1614 1694 sint
1656 1638 1963 1694 hiereditas

315 1733 464 1803 ejus.
524 1729 677 1785 Dedit
722 1730 822 1800 eis,
883 1729 1094 1800 inquit,
1150 1736 1460 1800 potestatem
1490 1730 1633 1800 ﬁlios
1691 1731 1789 1784 Dei
1843 1729 1965 1798 ﬁeri

317 1821 413 1891 qui
441 1819 670 1875 credunt
698 1821 758 1874 in
787 1821 1014 1874 nomine
1043 1820 1158 1889 ejus
1185 1819 1366 1888 (Joan.
1402 1835 1443 1885 ι,
1477 1819 1586 1888 16).

389 1931 418 1958 ‹‹
453 1909 614 1964 Sicut
644 1909 870 1981 sagittae
901 1909 959 1962 in
993 1925 1171 1964 manu
1203 1908 1478 1980 potentis,
1511 1909 1592 1963 ita
1625 1906 1727 1961 ﬁlii
1761 1921 1963 1960 excus-

317 2014 540 2054 sorum.
603 2023 625 2050 ι
695 1997 1001 2068 Excussos,
1076 1999 1372 2069 expeditos
1438 2001 1494 2052 et
1549 1997 1839 2051 accinctos
1895 1993 1966 2049 ad

318 2087 585 2160 praelium
616 2093 801 2153 vocat,
826 2087 984 2157 quod
1013 2087 1255 2141 verbum
1287 2091 1343 2140 et
1373 2086 1431 2139 in
1465 2085 1658 2140 Esdrze
1686 2084 1850 2138 libris
1877 2083 1971 2138 Se-

319 2175 628 2248 ptuaginta
649 2175 1001 2245 Interpretes
1023 2173 1455 2228 transtulerunt
1492 2174 1565 2244 (II
1588 2172 1744 2229 Esdr.
1777 2189 1832 2242 v,
1859 2172 1968 2241 13).

391 2287 420 2314 ‹‹
453 2265 666 2320 Beatus
707 2263 796 2318 vir
840 2261 940 2334 qui
989 2261 1252 2334 implevit
1299 2263 1655 2319 desiderium
1696 2277 1872 2318 suum
1903 2277 1973 2316 ex

321 2352 462 2408 illis.
489 2374 519 2403 n
546 2353 652 2408 Pro
672 2352 939 2408 desiderio
961 2352 1021 2406 in
1049 2351 1287 2407 Hebraeo
1327 2353 1646 2423 pharetram
1675 2352 1867 2406 habet.
1902 2349 1975 2405 Ut

321 2441 463 2513 quia
493 2443 747 2513 sagittas
786 2440 1148 2514 prtemiserat
1194 2441 1252 2495 in
1303 2441 1801 2513 comparationem
1834 2455 1972 2494 san-

322 2535 572 2600 ctorum,
617 2535 1042 2602 consequenter
1095 2530 1428 2602 pharetram
1485 2529 1719 2602 sagittis
1769 2528 1977 2583 inferat

321 2618 686 2691 explendam.
727 2643 747 2669 α
785 2620 910 2675 Non
951 2619 1340 2675 confundetur
1384 2635 1515 2674 cum
1564 2618 1836 2690 loquetur
1864 2617 1975 2672 ini-

323 2707 496 2763 micis
537 2708 662 2764 suis
690 2707 751 2763 in
809 2712 994 2780 porta.
1029 2732 1052 2761 ι
1123 2709 1310 2776 Porta,
1361 2709 1549 2778 janua
1604 2709 1724 2764 sive
1756 2707 1974 2763 ostium

324 2796 451 2868 ipse
481 2801 571 2852 est
602 2796 704 2868 qui
736 2796 852 2851 ait:
891 2799 1002 2864 Ego
1045 2813 1168 2851 sum
1215 2798 1417 2852 ostium
1435 2813 1454 2857 ;
1503 2813 1604 2868 per
1630 2813 1720 2852 me
1775 2799 1826 2851 si
1854 2797 1978 2868 quis

324 2887 629 2957 introierit,
687 2885 998 2941 salvabitur
1054 2887 1230 2957 (Joan.
1291 2905 1346 2957 χ,
1405 2889 1482 2955 9).
1544 2890 1691 2959 Ergo
1750 2887 1850 2957 qui
1907 2885 1978 2940 de
2040 2921 2046 2925 -

325 2973 464 3029 ﬁliis
487 2989 867 3029 excussorum
893 2973 1042 3030 ﬁxus
1064 2975 1123 3028 in
1141 2973 1368 3030 Christo
1387 2978 1497 3041 est,
1521 2992 1636 3030 non
1659 2974 1978 3030 confunde-

329 3066 427 3117 tur
455 3063 514 3117 in
547 3063 640 3118 die
661 3062 873 3134 judicii
898 3079 912 3119 :
947 3080 1080 3118 cum
1103 3064 1534 3135 exprobraverit
1557 3063 1810 3118 inimicis
1834 3063 1980 3135 legis

333 3151 431 3206 Dei
461 3151 918 3207 inobedientiam
970 3155 1028 3207 et
1085 3151 1547 3224 perversitatem,
1600 3152 1687 3208 vel
1745 3169 1980 3208 omnem

333 3239 620 3297 malitiam
663 3241 946 3313 ipsorum.

837 3410 1172 3468 PSALMUS
1212 3411 1474 3468 CXXVII.

335 3521 623 3580 Canticum
652 3518 954 3590 graduum.
1006 3518 1118 3574 Iste
1165 3518 1433 3590 psalmus
1486 3518 1544 3573 in
1594 3533 1980 3590 nonoascen-

402 3592 586 3648 sionis
617 3593 826 3663 gradu,
856 3589 953 3663 vel,
983 3589 1231 3663 cantico,
1277 3592 1552 3663 timorem
1583 3589 1981 3646 dilectionem-

403 3680 516 3736 que
546 3661 909 3719 Doininicam
942 3661 1225 3732 insinuat,
1257 3662 1456 3718 dicens
1483 3679 1496 3717 :

403 3838 428 3866 ‹ι
467 3815 625 3876 Beati
655 3830 859 3870 omnes
891 3815 992 3886 qui
1022 3815 1231 3869 timent
1272 3813 1608 3883 Dominum,
1642 3813 1742 3885 qui
1774 3812 1978 3868 ambu-

333 3905 456 3960 lant
489 3904 548 3958 in
579 3903 685 3958 viis
719 3905 867 3973 ejus.
903 3925 930 3952 »
975 3902 1080 3966 Qui
1132 3919 1266 3957 cum
1322 3901 1530 3958 timore
1569 3903 1888 3974 jungentes
1919 3915 1980 3955 se

335 3993 431 4049 Dei
465 3991 784 4062 dilectioni,
835 3994 1172 4047 exercentur
1228 3991 1286 4044 in
1342 3990 1436 4045 his
1494 4007 1621 4062 quae
1666 3989 1979 4063 prophetia,

333 4082 604 4155 apostoli,
637 4079 1004 4153 evangelista:
1045 4079 1525 4152 prazdicaverunt.

410 4197 431 4224 ι
469 4171 724 4227 Labores
751 4172 1048 4225 fructuum
1070 4174 1305 4226 tuorum
1326 4170 1709 4225 manducabis
1734 4187 1746 4225 :
1770 4169 1979 4224 beatus

333 4278 415 4332 es,
450 4265 507 4315 et
540 4262 686 4316 bene
717 4260 822 4316 tibi
849 4260 978 4315 erit.
1007 4283 1034 4308 ››
1063 4260 1314 4316 Labores
1338 4259 1632 4315 fructuum
1658 4263 1815 4327 sunt,
1845 4275 1979 4314 cum

335 4349 511 4404 homo
542 4354 842 4403 exercetur
868 4348 926 4402 in
959 4351 1202 4414 mundo,
1254 4354 1318 4404 ut
1365 4350 1436 4405 ad
1487 4349 1828 4404 aeternitatis
1860 4349 1978 4403 fru-

335 4441 494 4493 ctum
536 4435 721 4508 possit
751 4437 1042 4491 accedere.
1078 4437 1222 4491 Nam
1272 4436 1562 4492 laboriose
1611 4454 1713 4509 per
1742 4437 1848 4492 has
1877 4436 1980 4491 Dei

331 4527 458 4582 vias
490 4525 799 4592 inceditur,
835 4524 988 4580 sicut
1018 4525 1143 4596 ipse
1192 4525 1310 4580 ait:
1362 4529 1524 4582 Arcto
1569 4531 1620 4581 et
1666 4542 1983 4582 aerumnosa

333 4619 426 4672 via
455 4619 535 4672 est
592 4630 718 4686 quae
771 4613 922 4669 ducit
978 4613 1046 4668 ad
1102 4615 1279 4669 vitam
1335 4613 1549 4681 (Matth.
1584 4631 1683 4681 vn,
1720 4616 1828 4684 14).
1869 4615 1981 4670 Sed

1469 437 1965 501 BREVIARIUM
2011 439 2089 500 IN
2133 439 2520 503 PSALMOS.

389 590 412 618 ι
444 571 592 625 Cum
645 569 870 625 dederit
921 569 1150 626 dilectis
1208 569 1332 626 suis
1389 586 1687 627 somnum.
1719 590 1745 621 ι)
1783 571 1959 634 Quasi
1988 573 2044 638 Α

3567 439 3720 508 1286

2148 595 2173 621 ‹‹
2207 573 2351 629 Ecce
2383 573 2466 628 sic
2498 573 2876 630 benedicatur
2927 575 3126 644 homo,
3185 577 3285 650 qui
3339 579 3508 636 timet
3531 581 3721 636 Domi-

2075 675 2236 714 num.
2269 683 2295 710 »
2328 660 2429 714 His
2462 661 2666 731 utique
2696 660 3083 735 locupletatur
3110 664 3348 724 divitiis.

2149 771 2177 799 «
2202 749 2512 804 Benedicat
2567 755 2622 804 te
2685 751 2964 808 Dominus
3019 769 3086 807 ex
3133 754 3288 810 Sion.
3325 778 3351 803 ››
3391 756 3496 820 Qui
3528 757 3587 813 in
3620 764 3722 816 Ec-

2074 837 2253 893 clesia
2279 843 2500 911 regnat.
2535 861 2562 888 ‹‹
2597 840 2666 894 Et
2697 839 2890 896 videas
2915 858 3039 913 qua:
3065 841 3216 898 bona
3237 849 3374 900 sunt
3392 846 3717 905 Jerusalem

2073 927 2350 982 omnibus
2379 927 2587 983 diebus
2618 928 2743 983 vitae
2771 934 2906 984 tum.
2945 953 2972 979 ››
3025 933 3088 986 In
3128 931 3230 988 illa
3260 933 3477 991 coclesti
3511 949 3718 1006 matre,

2074 1016 2144 1071 de
2175 1033 2292 1088 qua
2320 1017 2378 1070 in
2429 1015 2560 1072 aliis
2607 1019 2984 1089 exposuimus
3033 1021 3315 1092 psalmis:
3354 1023 3413 1078 in
3448 1041 3565 1096 qua
3591 1027 3718 1084 vita:

2073 1109 2366 1177 perpetuae
2398 1106 2551 1161 bona
2579 1105 2757 1162 visuri
2791 1112 2929 1162 sunt
2958 1111 3162 1165 sancti.

2152 1219 2172 1242 α
2208 1194 2276 1248 Et
2303 1193 2502 1249 videas
2533 1193 2687 1250 filios
2720 1195 2975 1251 filiorum
3008 1201 3265 1256 tuorum.
3300 1223 3330 1250 »
3363 1202 3718 1263 Retributio-

2075 1299 2208 1337 nem
2264 1287 2567 1354 captantes
2615 1299 2855 1356 Operum
2905 1285 3213 1343 bonorum.
3248 1312 3275 1339 ‹‹
3310 1294 3516 1348 Pacem
3548 1311 3726 1367 super

2078 1371 2274 1427 Israel.
2313 1395 2334 1420 ι
2371 1371 2485 1427 Pax
2517 1377 2734 1440 nostra,
2767 1373 2941 1430 Jesus
2979 1376 3264 1445 Christus,
3289 1379 3515 1451 jugiter
3545 1400 3724 1456 super

2075 1466 2330 1517 mentem
2363 1477 2426 1517 se
2457 1461 2747 1517 videntem
2779 1464 3043 1536 aspiciat.

2571 1649 2890 1705 PSALMUS
2937 1651 3220 1709 CXXVIII.

2074 1738 2356 1793 Canticum
2385 1737 2679 1811 graduum.
2738 1739 2852 1794 Iste
2908 1740 3172 1811 psalmus
3229 1745 3524 1802 decimum
3559 1750 3726 1807 nobis

2145 1808 2475 1888 profertvel
2505 1809 2822 1888 canticum,
2855 1808 2939 1888 vel
2970 1829 3301 1888 ascensum,
3336 1818 3460 1888 qui,
3492 1835 3559 1874 ex
3579 1838 3714 1877 voce

2144 1881 2483 1952 prophetica
2513 1881 2820 1946 inchoans,
2868 1884 3032 1938 docet
3062 1881 3424 1943 incessanter
3443 1881 3724 1948 resistere

1994 1955 2042 2019 Β
2144 1951 2421 2022 nequitiis
2451 1952 2958 2024 impugnantibus,
2991 1972 3062 2010 ne
3094 1974 3199 2012 nos
3229 1967 3584 2031 expugnent.

2156 2143 2182 2169 «
2213 2123 2373 2191 Szepe
2418 2125 2894 2192 expugnaverunt
2951 2139 3043 2179 me
3097 2142 3130 2180 a
3174 2126 3482 2196 juventute
3512 2147 3726 2188 mea.»

2083 2208 2231 2264 Dicit
2261 2225 2323 2264 se
2355 2209 2689 2280 impugnari
2721 2211 2793 2265 ab
2849 2211 3015 2267 initio
3063 2214 3249 2271 aetatis
3296 2233 3414 2272 sua
3465 2218 3554 2274 vir
3581 2219 3728 2291 iste;

2081 2298 2182 2354 sed
2228 2315 2262 2352 a
2317 2298 2534 2369 quibus
2589 2298 2988 2371 impugnetur,
3046 2301 3213 2359 silet:
3277 2309 3341 2360 ut
3369 2305 3732 2381 intelligatur

2083 2387 2222 2457 quia
2252 2403 2449 2459 pugna
2479 2404 2512 2442 a
2543 2386 2774 2443 diabolo
2814 2389 3087 2446 mittitur.
3123 2392 3342 2450 Poteris
3371 2395 3461 2452 vel
3493 2398 3564 2452 de
3595 2416 3729 2471 pro-

2082 2475 2316 2531 batione
2342 2476 2472 2542 Job,
2504 2477 2593 2531 vel
2626 2476 2695 2532 de
2727 2477 3040 2534 traditione
3085 2481 3295 2538 Christi
3342 2501 3376 2540 a
3405 2485 3560 2542 Juda
3590 2488 3728 2544 faci-

2084 2563 2200 2620 lius
2232 2564 2340 2620 hoc
2366 2565 2684 2622 advertere.

2162 2679 2180 2702 u
2216 2653 2378 2709 Dicat
2410 2671 2565 2709 nunc
2614 2655 2811 2726 Israel,
2859 2657 3020 2730 Saepe
3068 2670 3548 2734 expugnaverunt
3579 2683 3671 2722 me
3703 2685 3737 2723 a

2078 2743 2390 2813 juventute
2421 2759 2571 2814 mea,
2605 2744 2821 2800 etenim
2855 2763 2968 2801 non
3002 2753 3320 2818 potuerunt
3342 2751 3504 2807 mihi.
3532 2777 3560 2803 »
3592 2759 3737 2826 Ergo

2088 2831 2187 2902 qui
2222 2830 2396 2886 Israel
2428 2837 2536 2894 est,
2568 2831 2667 2886 ille
2700 2838 2889 2904 potest
2927 2835 3137 2909 dicere,
3189 2839 3328 2910 quia
3360 2840 3740 2913 impugnatur

2088 2920 2364 2976 omnibus
2423 2921 2629 2976 diebus
2698 2922 2826 2978 vitae
2898 2941 3037 2979 sum.
3122 2927 3227 2982 Sed
3304 2945 3419 2984 non
3476 2931 3527 2985 ei
3587 2949 3737 3003 prae-

2088 3008 2238 3065 valet
2267 3009 2390 3065 haec
2420 3026 2635 3082 pugna,
2669 3011 2808 3083 quia
2837 3013 3122 3071 Dominus
3154 3023 3377 3089 pugnat
3407 3035 3509 3090 pro
3540 3037 3625 3076 eo.

2165 3119 2192 3150 α
2221 3099 2412 3170 Supra
2441 3099 2684 3154 dorsum
2707 3117 2904 3156 meum
2928 3102 3355 3162 fabricaverunt
3382 3113 3735 3179 peccatores,

2089 3185 2580 3260 prolongaverunt
2600 3188 2970 3261 iniquitatem
2993 3192 3125 3248 sibi.
3151 3217 3173 3248 ι
3204 3195 3434 3267 Jugiter
3453 3198 3526 3253 ad
3553 3203 3735 3256 Deum

2011 3321 2053 3387 α
2092 3277 2434 3378 currenti-et
2462 3278 2534 3333 ad
2564 3277 2849 3349 ampliora
2875 3282 3132 3337 tendenti
3174 3283 3536 3350 fabricantur
3563 3305 3597 3342 a
3622 3292 3734 3343 ter-

2093 3383 2164 3439 go
2191 3366 2583 3439 nequitiarum
2618 3367 2921 3436 machinae,
2965 3371 3102 3442 quia
3151 3371 3209 3427 in
3260 3379 3497 3444 aspectu
3527 3375 3738 3448 exponi

2092 3471 2206 3510 non
2240 3459 2502 3526 possunt.
2535 3456 2639 3512 Sed
2672 3472 2806 3512 cum
2838 3457 2909 3512 ad
2941 3459 3208 3516 effectum
3234 3478 3348 3517 non
3371 3464 3736 3537 perveniunt,

2091 3544 2203 3599 sibi
2233 3544 2345 3616 ipsi
2394 3543 2780 3617 prolongant:
2831 3547 2905 3602 ob
2956 3547 3011 3602 id
3066 3549 3402 3620 invidendo,
3435 3559 3737 3625 peccatum

2091 3633 2492 3705 ultionemque
2521 3633 2778 3689 divinam
2839 3635 2896 3691 in
2953 3653 3016 3693 se
3071 3645 3403 3710 provocant.
3462 3642 3741 3715 Sequitur

2090 3740 2246 3779 enim
2276 3738 2288 3778 ἶ

2165 3833 2192 3864 α
2221 3813 2504 3869 Dominus
2517 3815 2718 3886 justus
2738 3816 3006 3874 concidet
3025 3821 3273 3876 cervices
3289 3825 3680 3893 peccatorum.
3711 3846 3740 3874 »

2089 3906 2201 3957 Pro
2230 3903 2531 3959 cervicibus
2562 3903 2620 3959 in
2670 3905 2908 3962 Hebraeo
2957 3907 3132 3964 habet
3177 3911 3416 3978 vincula,
3472 3911 3555 3966 vel
3584 3916 3738 3968 cate-

2089 4009 2210 4059 nas,
2246 3996 2310 4047 ut
2337 3993 2413 4048 sit
2442 4009 2691 4050 sensus:
2726 3994 2814 4049 Illi
2872 3995 2973 4066 qui
3005 4014 3098 4052 me
3158 3998 3281 4054 suis
3336 3999 3570 4055 insidiis
3601 4000 3737 4056 hinc

2090 4082 2225 4137 inde
2275 4080 2649 4150 vallaverant,
2711 4083 2887 4138 etiam
2947 4084 3206 4140 vinctum
3264 4087 3577 4154 tenebant;
3611 4089 3733 4159 sed,

2091 4169 2406 4226 auxiliante
2440 4171 2702 4238 Domino,
2737 4188 2941 4227 omnes
2981 4189 3162 4228 nexus
3193 4173 3366 4230 soluti
3398 4180 3556 4232 sunt.

2163 4283 2189 4308 ((
2224 4260 2674 4315 Confundantur
2703 4264 2760 4314 et
2805 4266 3219 4318 convertantur
3259 4269 3581 4322 retrorsum
3611 4284 3737 4324 om-

2090 4365 2194 4404 nes
2220 4349 2319 4420 qui
2351 4349 2602 4404 oderunt
2640 4348 2799 4403 Sion.
2829 4370 2858 4399 »
2918 4349 3258 4419 Ecclesiam,
3315 4370 3443 4426 qua:
3494 4361 3583 4412 est
3611 4373 3737 4413 cor-

2091 4453 2202 4509 pus
2233 4435 2470 4502 Christi,
2505 4437 2674 4508 cujus
2707 4454 2813 4494 nos
2844 4441 3109 4496 membra
3148 4459 3376 4500 sumus.

2165 4525 2394 4580 «Fiant
2441 4525 2592 4582 sicut
2640 4526 2837 4582 fenum
2887 4528 3298 4588 aedificiorum:
3351 4535 3505 4606 quod
3540 4535 3736 4606 prius-

2091 4631 2267 4686 quam
2301 4614 2599 4682 evellatur,
2661 4617 2886 4674 arescit.
2929 4641 2950 4667 ι
3011 4623 3137 4675 Non
3199 4621 3318 4677 haec
3375 4622 3447 4678 de
3475 4623 3735 4680 aediﬁciis

335 4705 429 4762 hic
461 4705 624 4762 labor
673 4703 906 4761 aeternis
959 4703 1244 4758 fructibus
1294 4701 1668 4774 adimpletur,
1720 4719 1853 4758 cum
1885 4704 1983 4759 ho-
2013 4691 2061 4756 Ι)
2093 4704 2150 4758 in
2186 4708 2348 4776 petra
2374 4701 2577 4760 locatis
2599 4704 2894 4777 dicuntur,
2928 4708 3028 4764 sed
3064 4709 3154 4764 his
3205 4726 3331 4781 qua:
3361 4713 3532 4783 quasi
3563 4712 3736 4769 citius

334 4812 431 4851 mo
462 4811 611 4868 pane
639 4793 738 4850 illo
770 4793 989 4849 caelesti
1020 4791 1429 4864 locupletatur.
1479 4795 1598 4848 Hoc
1641 4792 1797 4848 enim
1829 4793 1981 4848 desi-

334 4884 494 4940 derio
526 4889 583 4940 et
625 4882 722 4938 ille
764 4881 1288 4954 compungebatur,
1335 4879 1437 4952 qui
1483 4881 1746 4937 dicebat:
1783 4886 1985 4939 Beatus

335 4975 435 5045 qui
462 4972 877 5029 manducauerit
906 4987 1106 5042 panem
1137 4972 1201 5025 in
1229 4986 1396 5038 regno
1444 4971 1543 5026 Dei
1569 4973 1702 5039 (Luc
1728 4987 1840 5042 xxv,
1871 4972 1980 5042 15).

410 5067 622 5118 «Uxor
669 5067 769 5118 tua
825 5061 977 5117 sicut
1031 5059 1168 5114 vitis
1223 5059 1551 5128 abundans,
1612 5060 1668 5115 in
1701 5059 1982 5118 lateribus

335 5154 548 5210 domus
579 5157 710 5208 tuae.
749 5173 772 5202 ι
805 5150 976 5218 Uxor,
1000 5151 1169 5221 juxta
1187 5148 1552 5205 Salomonem
1579 5151 1756 5221 (Prov.
1780 5168 1881 5217 vn,
1907 5153 1980 5222 4).

336 5242 625 5315 sapientia
646 5241 952 5312 accipitur,
975 5256 1100 5310 quae
1142 5239 1200 5292 in
1225 5238 1432 5293 animae
1456 5241 1786 5296 emundata:
1809 5242 1982 5297 domo

335 5337 619 5404 tanquam
653 5330 915 5402 speciosa
945 5329 1078 5384 vitis
1110 5329 1382 5398 adducta,
1434 5329 1491 5383 in
1533 5327 1814 5386 lateribus
1844 5348 1984 5404 ope-

335 5436 466 5475 rum
501 5424 832 5476 nostrorum
874 5416 1227 5474 extenditur.

413 5531 433 5556 ι
474 5508 598 5562 Filii
633 5507 718 5562 tui
778 5507 930 5563 sicut
987 5505 1219 5562 novellae
1279 5505 1583 5574 olivarum,
1645 5508 1702 5563 in
1734 5508 1980 5565 circuitu

337 5611 550 5652 mensae
582 5602 714 5651 tum.
747 5620 774 5646 »
807 5601 988 5653 Actus
1017 5597 1301 5652 bonorum
1337 5596 1393 5650 in
1427 5596 1671 5652 circuitu
1704 5598 1980 5655 doctrinae

293 5699 302 5703 ’
335 5684 586 5744 ccelestis
611 5685 1115 5759 assistentes,cum
1140 5684 1494 5759 pinguedine
1524 5685 1685 5758 pacis
1705 5689 1762 5743 et
1779 5686 1982 5744 obum-

334 5774 598 5846 bratione
625 5773 876 5833 virtutis.

2093 4794 2322 4850 ruitura
2359 4811 2534 4866 super
2581 4810 2819 4851 arenam
2865 4802 3201 4870 ponuntur:
3251 4801 3406 4872 quod
3460 4803 3531 4858 ad
3563 4819 3738 4876 opera

2094 4883 2285 4938 carnis
2317 4882 2590 4954 respicit:
2625 4883 2684 4938 in
2715 4885 2930 4956 quibus
2961 4905 3075 4943 non
3129 4889 3302 4945 modo
3350 4890 3578 4946 nullum
3611 4908 3737 4964 gra-

2093 4987 2233 5025 num
2267 4971 2548 5027 bonitatis
2597 4972 2905 5043 invenitur,
2954 4993 3157 5032 verum
3202 4979 3377 5034 etiam
3421 4984 3736 5052 antequam

2093 5060 2164 5116 ad
2197 5061 2622 5117 incrementum
2655 5062 2886 5136 aliquod
2917 5066 3172 5134 veniant,
3206 5067 3588 5126 exsiccantur.

2171 5173 2192 5199 ι
2224 5151 2305 5206 De
2335 5168 2450 5222 quo
2481 5168 2594 5206 non
2626 5152 2886 5225 implevit
2904 5171 3144 5211 manum
3168 5173 3335 5212 suam
3359 5158 3455 5230 qui
3478 5164 3673 5216 metet.
3703 5185 3731 5212 ››

2092 5242 2200 5310 Qui
2242 5241 2682 5297 retributionem
2740 5241 2976 5315 dignam
3035 5246 3224 5317 operis
3282 5248 3373 5302 sui
3404 5250 3732 5306 mercedem

2094 5348 2206 5387 non
2240 5330 2473 5402 recepit.
2509 5353 2535 5379 ‹‹
2562 5329 2676 5387 Nec
2697 5330 2892 5387 sinum
2918 5350 3090 5388 suum
3132 5334 3231 5406 qui
3256 5335 3588 5409 manipulos
3611 5337 3733 5394 col-

2093 5418 2251 5492 liget.
2288 5442 2316 5467 »
2349 5417 2456 5485 Qui
2488 5435 2588 5490 per
2636 5421 3006 5478 conscientiae
3053 5423 3388 5496 puritatem,
3437 5433 3494 5482 et
3540 5427 3590 5482 si
3621 5427 3728 5481 mi-

2093 5525 2203 5562 nus
2262 5507 2456 5572 habet,
2516 5506 2877 5565 voluntatem
2931 5515 3126 5568 tamen
3184 5514 3399 5569 bonam
3442 5514 3729 5570 adhibuit.

2092 5596 2341 5667 Ideoque
2371 5613 2405 5651 a
2437 5601 2569 5665 Deo,
2605 5600 2888 5669 tanquam
2920 5601 2966 5655 si
2998 5600 3246 5657 multum
3297 5601 3574 5669 dedisset,
3607 5618 3730 5658 ma-

2091 5684 2325 5758 nipulos
2373 5684 2568 5754 refert,
2628 5685 2781 5746 sicut
2831 5688 3005 5748 vidua
3071 5691 3143 5748 de
3197 5691 3428 5748 duobus
3484 5690 3733 5758 minutis

2089 5773 2394 5854 (Mariam,
2425 5773 2634 5852 42-44).
