3992 6194
276 415 434 476 1287

1772 407 2194 471 APPENDIX.

3538 414 3688 478 1138

350 572 377 598 «
412 548 479 604 Et
510 564 624 604 non
669 547 942 604 dixerunt
993 545 1092 618 qui
1151 543 1559 618 prmteribant:
1594 541 1923 599 Benedictio
1953 543 2001 609 A
2035 541 2192 596 libus
2222 541 2340 596 tuis
2371 557 2548 614 super
2577 557 2689 598 me.
2723 564 2752 592 »
2787 542 2921 606 Quae
2951 555 3163 615 magna
3206 542 3505 600 mirabilia
3533 545 3695 601 vide-

282 637 507 693 Domini
542 653 718 709 super
745 653 868 692 vos.
905 659 932 686 ››
975 636 1098 691 Νοη
1148 651 1245 690 eos
1294 634 1714 690 benedixerunt
1743 631 1931 688 sancti

279 727 377 782 Dei
410 743 423 787 :
461 727 558 798 qui
593 743 695 799 pro
728 723 908 780 nihilo
941 724 1224 780 habentes
1251 723 1409 778 hunc
1452 725 1763 791 mundum,
1795 739 1929 794 per-

279 814 641 872 transierunt
670 815 741 870 ad
779 813 1034 868 coelestia
1089 817 1144 868 et
1191 817 1422 868 aeterna.
1458 835 1484 861 «
1520 811 1930 867 Benediximus

277 905 444 959 vobis
478 904 535 958 in
570 902 808 957 nomine
839 901 1091 956 Domini.
1121 925 1141 954 ι
1181 900 1275 970 Ut,
1306 901 1524 956 relictis
1546 899 1926 955 infructuosis

278 993 576 1063 aridisque
605 991 900 1062 operibus,
935 1007 999 1046 ea
1051 990 1280 1058 seratis,
1332 1007 1461 1062 qua:
1509 995 1565 1045 et
1597 1004 1925 1045 messorum

281 1098 544 1148 manum,
570 1085 626 1136 et
647 1079 1046 1152 colligentium
1072 1078 1401 1151 manipulos
1423 1078 1684 1152 repleant
1707 1078 1928 1134 sinum.

795 1195 1124 1252 PSALMUS
1170 1195 1402 1250 CXXIX.

281 1304 574 1375 Canticum
604 1303 906 1375 graduum.
928 1302 1039 1357 Iste
1075 1301 1339 1375 psalmus
1364 1300 1739 1375 undecimum
1762 1301 1931 1375 nobis

351 1372 712 1446 ascensionis
771 1374 1018 1445 gradum
1077 1372 1304 1446 pandit,
1347 1378 1401 1428 et
1460 1373 1792 1429 canticum:
1827 1372 1926 1444 qui

350 1445 540 1501 fidelis
565 1446 774 1500 anima:
801 1445 1089 1500 conatum
1108 1446 1178 1500 ad
1208 1445 1416 1500 altiora
1439 1446 1772 1500 tendentem
1797 1461 1930 1516 pro-

348 1519 559 1587 ferens,
608 1517 749 1571 dum
807 1534 867 1571 se
909 1517 965 1571 in
1025 1517 1314 1587 profundo
1373 1517 1538 1587 quasi
1583 1517 1928 1571 immersum

347 1590 632 1659 queritur,
668 1605 776 1643 nos
807 1588 876 1643 ad
921 1588 1301 1660 intelligenda
1351 1587 1606 1643 cmlestia
1637 1595 1927 1659 provocat,

351 1660 548 1716 dicens
572 1676 586 1714 :

349 1789 375 1815 ‹‹
412 1765 492 1820 De
522 1763 827 1836 profundis
859 1763 1101 1818 clamavi
1136 1765 1206 1818 ad
1242 1769 1316 1830 te,
1347 1763 1590 1820 Domine
1619 1783 1631 1821 :
1662 1764 1927 1835 Domine,

277 1853 486 1909 exaudi
526 1853 844 1908 orationem
897 1869 1107 1907 meam.
1144 1875 1171 1901 »
1220 1853 1300 1908 De
1345 1853 1653 1924 profundis
1687 1853 1928 1921 clamat,

279 1944 379 2014 qui
402 1942 512 1996 scit
541 1941 921 1997 altitudinem
955 1941 1292 1997 divitiarum
1328 1942 1628 2013 sapientiae
1656 1942 1755 1998 Dei
1783 1961 1795 2007 ς
1830 1947 1932 2014 qui

270 2031 704 2104 persecutiones
735 2032 992 2104 patitur;
1024 2031 1123 2103 qui
1161 2047 1294 2086 eum
1341 2031 1704 2088 misericordi
1735 2033 1928 2103 suspi-

279 2122 363 2177 rio
397 2122 759 2193 deprecatur.

348 2235 376 2262 ‹‹
431 2211 596 2266 Fiant
652 2227 820 2266 aures
879 2214 989 2265 tua:
1059 2211 1427 2266 intendentes
1485 2211 1543 2265 in
1603 2212 1926 2266 orationem

272 2300 423 2356 servi
457 2300 564 2356 tui.
604 2323 632 2350 »
658 2299 782 2354 Non
825 2299 917 2353 hic
946 2297 1239 2354 carnalem
1273 2317 1472 2356 aurem
1501 2301 1790 2371 Propheta
1822 2317 1926 2372 po-

267 2389 474 2453 stulat,
511 2389 702 2442 sciens
734 2388 914 2442 Deum
969 2388 1376 2459 incorporeum
1425 2405 1574 2456 esse,
1609 2390 1709 2445 sed
1743 2389 1925 2444 virtu-

269 2483 392 2533 tem
427 2494 542 2548 qua
573 2493 712 2531 suos
742 2475 1015 2530 exaudire
1046 2477 1343 2547 dignatur,
1377 2479 1653 2548 exposcit.

341 2590 366 2613 ιι
403 2565 460 2620 Si
493 2563 834 2635 iniquitates
873 2564 1287 2635 observaveris,
1341 2565 1622 2621 Domine:
1657 2566 1917 2634 Domine,

265 2653 401 2726 quis
415 2651 770 2709 sustinebit?
793 2675 819 2700 ››
837 2651 896 2706 Si
920 2653 1100 2722 enim,
1123 2653 1560 2725 transgrediens
1585 2654 1741 2726 leges
1764 2661 1916 2723 tuas,

263 2743 496 2816 generis
537 2742 780 2797 humani
810 2741 1095 2814 fragilitas
1146 2741 1366 2797 ultione
1415 2748 1516 2798 tua
1539 2744 1805 2816 protinus
1837 2745 1916 2800 fe-

267 2833 474 2900 riatur,
508 2831 638 2902 quis
667 2831 910 2886 evadere
942 2831 1198 2902 poterit?

337 2945 364 2971 «
397 2921 542 2986 Quia
572 2921 728 2993 apud
760 2925 815 2975 te
868 2919 1203 2992 propitiatio
1258 2926 1364 2976 est.
1403 2946 1425 2973 ι
1497 2927 1580 2976 'I‘u
1623 2923 1777 2978 enim
1813 2942 1920 2982 nos

265 3009 674 3067 reconciliabis
699 3008 856 3066 Patri
887 3025 990 3081 per
1019 3025 1269 3065 crucem.
1305 3033 1334 3060 «
1370 3011 1434 3065 Et
1464 3016 1699 3083 propter
1729 3013 1915 3087 legem

270 3105 431 3156 tuam
491 3101 748 3155 sustinui
798 3105 877 3164 te,
937 3097 1201 3154 Domine.
1239 3121 1266 3147 »
1324 3102 1434 3155 Lex
1490 3103 1797 3170 spirz’tualis
1839 3108 1919 3160 est

263 3191 441 3256 (Rom.
474 3206 549 3259 v1,
587 3189 675 3256 14)
705 3192 764 3243 et
793 3187 1100 3243 continens
1146 3187 1322 3242 verba
1366 3188 1498 3243 vitae
1526 3207 1538 3244 :
1573 3207 1750 3261 quam
1783 3209 1916 3249 sus-

2038 631 2256 685 bantur
2280 630 2638 699 hominibus,
2695 631 2752 686 in
2783 630 2877 686 his
2937 649 3053 687 non
3101 633 3342 700 incessi,
3374 650 3450 690 ne
3475 651 3568 690 me
3598 651 3698 708 op-

2041 719 2377 790 primorent.

2111 810 2228 864 «Si
2279 827 2396 866 non
2465 809 2764 866 humiliter
2841 810 3203 866 sentiebam:
3282 813 3390 868 sed
3454 811 3696 868 exaltavi

2039 899 2296 954 animam
2333 912 2548 955 meam;
2582 923 2609 949 »
2656 899 2906 955 Humilis
2954 900 3188 972 quidem
3238 905 3332 956 est
3360 902 3568 965 corde,
3601 904 3700 959 sed

2039 987 2302 1044 excelsus
2332 994 2423 1044 est
2448 1006 2644 1045 sensu.
2678 988 2988 1044 Humiliter
3008 989 3331 1046 sentiebam
3352 989 3417 1046 in
3441 991 3698 1047 seculo:

2039 1078 2138 1132 sed
2171 1077 2429 1133 animam
2462 1094 2652 1134 meam
2683 1077 2928 1134 exaltavi
2950 1079 3018 1137 in.
3041 1078 3201 1136 coelo.

2113 1192 2134 1216 α
2172 1167 2335 1223 Sicut
2365 1167 2465 1240 qui
2505 1167 2831 1223 ablactatus
2877 1174 2966 1223 est
3009 1185 3043 1224 a
3091 1173 3274 1225 matre
3328 1186 3469 1236 sua,
3503 1171 3592 1225 ita
3620 1187 3706 1226 re-

2039 1256 2261 1312 tribues
2294 1257 2352 1311 in
2393 1257 2650 1313 animam
2708 1273 2984 1312 meam.»
3041 1257 3199 1312 Nihil
3255 1259 3316 1314 in
3381 1275 3450 1315 se
3482 1260 3711 1332 puerile

2041 1346 2252 1402 sentit:
2289 1346 2428 1418 quia
2459 1346 2654 1402 cibum
2688 1346 2858 1402 lactis
2911 1347 3211 1415 excedens,
3259 1349 3334 1403 ad
3369 1349 3707 1420 perfectum

2041 1434 2301 1507 pervenit
2331 1436 2542 1504 virum,
2572 1434 2670 1491 illo
2705 1452 2860 1491 nunc
2903 1451 3075 1507 pane,
3136 1436 3236 1508 qui
3293 1437 3368 1492 de
3398 1437 3573 1493 cmlis
3603 1438 3702 1493 ad-

2038 1525 2214 1590 venit,
2249 1524 2323 1579 ali
2356 1529 2572 1580 exorat.

2114 1614 2378 1685 «Speret
2441 1613 2612 1669 Israel
2668 1614 2728 1668 in
2789 1614 3054 1682 Domino,
3118 1631 3187 1670 ex
3253 1615 3369 1671 hoc
3429 1633 3600 1671 nunc
3655 1623 3711 1672 et

2042 1719 2226 1774 usque
2254 1702 2313 1758 in
2343 1703 2644 1758 saeculum.
2681 1725 2708 1753 ››
2742 1706 2913 1758 Docet
2944 1709 3008 1758 ut
3052 1703 3215 1760 nullo
3263 1705 3383 1760 ﬁne
3415 1706 3708 1777 temporis

2040 1808 2172 1864 spes
2204 1796 2403 1848 nostra
2433 1791 2775 1848 clandatur:
2812 1796 2875 1848 ut
2903 1810 3006 1865 per
3057 1809 3221 1864 spem
3269 1795 3592 1866 praesentis
3624 1797 3706 1849 vi-

1963 1919 2010 1984 Β
2041 1886 2110 1935 tae
2148 1881 2300 1937 bona
2331 1881 2510 1936 futuri
2533 1881 2727 1936 seculi
2757 1881 3081 1953 capiamus.

2573 2024 2902 2081 PSALMUS
2931 2025 3164 2082 CXXXI.

2041 2134 2322 2189 Canticum
2359 2134 2652 2202 graduum.
2705 2133 2819 2188 Iste
2866 2132 3131 2205 psalmus
3184 2133 3450 2189 habetur
3479 2134 3544 2189 in
3572 2152 3700 2191 can-

2109 2205 2240 2287 ticis
2271 2205 2624 2287 tredecimus
2657 2205 3253 2287 gradpumﬂiquiﬁper
3281 2207 3695 2262 ascensionem

2107 2277 2469 2352 profectuum
2501 2277 2574 2352 de
2619 2275 2866 2352 adventu
2925 2275 3054 2330 Filii
3109 2275 3209 2332 Dei
3267 2292 3339 2332 ex
3395 2294 3544 2334 voce
3573 2295 3702 2352 pro-

2109 2347 2342 2419 phetica
2372 2365 2478 2404 nos
2509 2348 2728 2414 edocet,
2770 2349 2972 2404 dicens
2999 2365 3012 2403 :

2107 2478 2133 2503 ‹‹
2168 2457 2473 2518 Memento,
2513 2455 2770 2520 Domine,
2805 2453 3006 2510 David.
3042 2477 3070 2503 »
3105 2453 3286 2510 Filius
3319 2456 3695 2530 omnipoten-

2033 2542 2108 2598 tis
2129 2543 2249 2614 Dei,
2283 2549 2698 2615 assumpturus
2725 2560 2958 2599 carnem
2981 2561 3081 2616 pro
3104 2544 3580 2616 redemptionem
3604 2563 3698 2619 po-

2038 2631 2180 2703 puli,
2217 2633 2391 2688 David
2427 2649 2487 2688 se
2517 2633 2697 2688 voluit
2730 2633 3092 2705 nuncupari:
3145 2634 3274 2704 ejus
3322 2634 3555 2690 scilicet
3588 2654 3697 2692 no-

2034 2721 2188 2776 mine
2218 2723 2523 2791 vocitatus,
2555 2722 2625 2777 de
2654 2723 2824 2795 cujus
2851 2739 3060 2795 genere
3107 2729 3538 2795 assumpturus
3571 2730 3693 2781 erat

2031 2816 2087 2866 et
2119 2826 2349 2883 corpus.
2385 2832 2411 2861 »
2447 2812 2517 2866 Et
2547 2812 2740 2867 omnis
2789 2811 3261 2868 mansuetudinis
3310 2813 3456 2884 ejus.
3495 2836 3524 2862 υ
3556 2815 3678 2869 Non

2031 2900 2345 2968 contendit,
2380 2917 2566 2972 neque
2597 2901 2910 2957 clamavit:
2949 2901 3049 2957 sed
3097 2902 3253 2956 sicut
3299 2919 3481 2974 agnus
3513 2919 3677 2958 man-

2030 2993 2231 3044 suetus
2289 2989 2582 3045 duductus
2637 2995 2726 3046 est
2783 2990 2850 3045 ad
2909 2989 3205 3046 victimam
3266 2991 3393 3062 (lsa.
3437 2993 3683 3062 mnf-3;

2031 3095 2127 3134 LII.
2167 3079 2244 3149 7).

2103 3168 2327 3223 «Sicut
2385 3167 2608 3239 juravit
2657 3167 2942 3225 Domino:
3001 3173 3202 3224 votum
3251 3170 3408 3226 vovit
3437 3170 3560 3227 Dco
3590 3177 3686 3228 Ja-

267 3277 452 3332 tinere
485 3257 789 3344 debemus,
823 3291 895 3332 ne
950 3280 1252 3348 peccantes
1306 3276 1365 3331 in
1416 3293 1543 3333 eam
1603 3295 1706 3350 per
1735 3279 1918 3352 legem

2060 3259 2158 3313 ob.
2197 3280 2223 3305 »
2254 3257 2664 3313 Juramentum
2699 3274 2764 3312 ac
2815 3263 3017 3313 votum
3068 3264 3304 3331 propter
3345 3259 3688 3318 ﬁrmitatem

267 3365 679 3437 dijudicemur.

336 3477 364 3505 «
398 3455 693 3512 Sustinuit
749 3456 950 3512 anima
1006 3471 1136 3510 mea
1197 3455 1531 3523 Dominum,
1580 3480 1607 3507 »
1667 3464 1776 3514 etc.
1810 3483 1837 3509 α
1871 3463 1915 3515 Α

265 3546 531 3600 custodia
590 3546 883 3600 matutina
943 3561 1130 3615 usque
1183 3545 1254 3599 ad
1315 3550 1566 3600 noctem.
1617 3570 1642 3595 »
1702 3549 1784 3603 Ab
1817 3547 1917 3604 illa

264 3633 553 3688 matutina
582 3633 727 3688 hora
776 3651 892 3705 qua
940 3633 999 3688 in
1048 3632 1278 3688 vineam
1328 3635 1688 3692 Dominicam
1719 3641 1807 3693 est
1840 3637 1918 3694 lo-

265 3725 452 3790 catus,
507 3737 670 3790 spem
727 3738 893 3776 suam
956 3721 1014 3775 in
1072 3721 1232 3776 illam
1287 3722 1485 3778 defixit
1544 3724 1769 3797 horam,
1800 3742 1916 3798 qua

265 3808 573 3864 denarium
607 3809 890 3864 mercedis
919 3809 1186 3880 accipiat.
1246 3812 1292 3864 A
1346 3811 1545 3883 vigilia
1602 3816 1909 3872 matutina.

263 3920 291 3948 «
329 3899 529 3970 Speret
560 3897 736 3954 Israel
769 3898 826 3952 in
859 3897 1194 3952 Dominum.
1229 3919 1257 3947 ››
1307 3899 1396 3953 Ab
1445 3918 1510 3955 eo
1551 3904 1706 3973 quod
1738 3905 1789 3959 ei
1820 3905 1914 3959 lu-

264 4003 398 4043 men
453 3987 712 4044 veritatis
770 3986 981 4058 illuxit,
1040 3985 1442 4042 indeficienter
1496 3990 1754 4048 coelestia
1778 4010 1915 4050 con-

259 4076 594 4149 templetur.

341 4188 368 4220 ¢
401 4167 544 4232 Quia
575 4169 729 4240 apud
765 4167 1075 4224 Dominum
1125 4165 1544 4237 misericordia,
1581 4193 1608 4220 »
1635 4171 1776 4226 Cum
1812 4188 1916 4244 pro

263 4257 434 4311 nobis
493 4257 668 4312 homo
725 4256 848 4313 fieri
883 4257 1160 4330 dignatus
1190 4264 1299 4316 est.
1343 4278 1364 4306 α
1398 4265 1463 4316 Et
1493 4262 1728 4333 copiosa
1758 4263 1912 4334 apud

264 4344 449 4400 Deum
482 4350 570 4401 est
599 4346 944 4418 redemptio.
977 4371 1000 4399 ι
1053 4349 1197 4406 Cum
1248 4370 1362 4408 non
1403 4369 1565 4419 auro,
1600 4368 1790 4424 neque
1821 4369 1913 4407 ar-

263 4439 466 4504 gento,
500 4435 598 4489 sed
633 4436 886 4506 pretioso
918 4453 1025 4492 nos
1054 4440 1340 4512 sanguine
1372 4441 1636 4498 redemit.

335 4546 363 4574 «
399 4525 469 4580 Et
500 4523 623 4596 ipse
654 4525 900 4580 redimet
929 4527 1103 4582 Israel
1143 4546 1208 4584 ex
1257 4532 1533 4586 omnibus
1585 4531 1910 4603 iniquitati-

263 4616 373 4669 bus
405 4630 629 4670 eorum.
669 4637 689 4662 »
726 4615 853 4686 Ipse
910 4616 1062 4671 enim
1117 4619 1318 4682 Filius,
1371 4621 1698 4676 introeunte
1729 4620 1912 4690 pleni-

263 4703 469 4758 tudine
501 4705 792 4775 gentium,
824 4703 1116 4777 reliquum
1141 4708 1341 4778 Israel,
1367 4709 1614 4765 remissa
1637 4709 1912 4780 iniquita-

261 4797 337 4859 te,
371 4792 638 4850 salvabit.

810 4903 1138 4960 PSALMUS
1177 4905 1374 4961 CXXX.

263 5008 550 5084 Canticum
601 5009 899 5084 graduum.
950 5012 1064 5084 Iste
1117 5011 1380 5084 psalmus
1436 5014 1822 5069 duodecimus
1853 5013 1909 5068 in

333 5077 442 5156 hac
469 5077 832 5146 ascensione,
881 5082 965 5138 vel
982 5077 1230 5156 _cantici,
1264 5083 1353 5140 vel
1383 5086 1600 5156 gradus
1644 5085 1912 5153 habetur,

335 5149 436 5272 ἓΠὶ
468 5167 572 5206 nos
603 5168 671 5206 ex
702 5170 951 5224 persona
981 5154 1280 5226 Prophetas
1304 5149 1694 5212 humilitatem
1736 5149 1912 5228 quam

382 5219 602 5272 hristus
663 5224 718 5272 in
779 5242 950 5272 carne
1002 5231 1338 5272 (Instatnrnn
1395 5233 1521 5272 emt
1578 5230 1777 5272 adamat.
1825 5228 1912 5272 di-

382 5219 602 5276 hristus
663 5219 720 5279 in
779 5242 950 5282 carne
1001 5219 1338 5297 gestaturus
1395 5233 1521 5284 erat
1578 5219 1796 5296 edocet,
1825 5228 1913 5284 di-

334 5306 470 5346 cens
496 5309 508 5346 Ξ

338 5410 364 5436 ‹‹
399 5385 664 5442 Domine.
700 5406 813 5445 non
845 5397 932 5448 est
979 5395 1294 5452 exaltatum
1345 5414 1443 5453 cor
1490 5414 1708 5454 meum.
1743 5421 1763 5446 ι»
1799 5398 1911 5453 Sed

263 5479 321 5533 in
356 5475 705 5533 contritione
735 5485 792 5534 et
822 5480 1227 5542 humiliatione
1259 5487 1385 5557 ejus
1409 5487 1715 5543 obtulitibi
1741 5487 1915 5543 sacri-

263 5567 461 5624 ﬁcium
494 5567 865 5639 acceptabile.
901 5594 927 5621 «
963 5571 1161 5646 Neque
1188 5574 1322 5632 elati
1353 5581 1491 5632 sunt
1530 5576 1681 5634 oculi
1714 5577 1848 5633 mei.
1879 5597 1906 5630 η

261 5656 337 5714 Ut
366 5657 704 5714 transitoria
734 5660 1213 5732 concupiscerent
1241 5671 1298 5719 et
1328 5667 1564 5722 caduca.

337 5768 366 5805 ις
396 5747 596 5822 Neque
628 5748 920 5807 ambulavi
952 5749 1010 5806 in
1043 5753 1311 5824 magnis:
1363 5771 1548 5828 neque
1587 5756 1647 5816 in
1681 5756 1915 5814 mirabi-

1945 4666 1992 4732 D

2033 3346 2306 3402 dictionis
2339 3346 2554 3418 posuit,
2606 3362 2676 3400 ne
2725 3363 2830 3401 nos
2882 3347 3286 3404 dubitaremus
3336 3352 3554 3422 sequi:
3588 3351 3690 3406 sed

2031 3436 2171 3509 quid
2203 3435 2434 3491 interim
2466 3435 2732 3502 voluerit,
2765 3435 3010 3508 dignum
3042 3441 3130 3493 est
3178 3441 3466 3494 contueri.
3505 3465 3535 3490 «
3569 3441 3688 3496 Me-

2028 3531 2243 3593 mento,
2297 3526 2559 3590 Domine,
2619 3526 2796 3582 David
2858 3532 2914 3582 et
2953 3527 3145 3583 omnis
3201 3531 3682 3585 mansuetudinis

2025 3616 2168 3686 ejus.
2229 3615 2388 3669 Sicut
2433 3615 2658 3685 juravit
2714 3617 3040 3672 Domino.»
3101 3621 3208 3672 Pro
3263 3634 3327 3672 eo
3380 3621 3540 3690 quod
3597 3625 3683 3676 est

2025 3707 2186 3769 sicut,
2220 3703 2276 3757 in
2311 3703 2549 3758 Iiebrazo
2608 3703 2786 3759 habet
2841 3707 2972 3775 qui:
3033 3711 3096 3760 ut
3147 3707 3222 3760 sit
3282 3723 3539 3766 sensus:
3575 3708 3684 3764 Me-

2026 3797 2242 3856 mento,
2276 3791 2540 3858 Domine,
2596 3792 2798 3858 David,
2848 3799 2904 3849 et
2956 3793 3148 3850 omnis
3206 3797 3686 3853 mansuetudinis

2023 3883 2173 3953 ejus,
2231 3881 2332 3953 qui
2383 3880 2601 3952 juravit
2657 3882 2927 3953 Domino,
2999 3890 3055 3938 et
3113 3889 3311 3940 votum
3373 3885 3513 3942 fecit
3569 3887 3688 3943 Deo

2021 3971 2222 4028 Jacob.

2097 4085 2124 4111 ‹‹
2157 4061 2214 4115 Si
2249 4060 2525 4116 introiero
2555 4060 2614 4115 in
2664 4061 3109 4118 tabernaculum
3158 4063 3372 4120 domus
3413 4081 3594 4120 mea}:
3627 4066 3679 4121 si

2025 4149 2340 4205 ascendero
2371 4149 2430 4205 in
2463 4149 2677 4206 lectum
2712 4151 2880 4206 strati
2915 4152 3026 4207 mei
3053 4170 3064 4208 :
3092 4151 3139 4207 si
3163 4152 3376 4210 dedero
3397 4170 3669 4209 somnum

2025 4238 2211 4294 oculis
2237 4240 2406 4306 meis,
2428 4244 2530 4295 aut
2572 4239 2866 4312 palpebris
2902 4242 3047 4297 meis
3089 4241 3580 4308 dormitationem,
3613 4247 3675 4298 et

2024 4329 2286 4400 requiem
2317 4328 2681 4400 temporibus
2713 4329 2895 4385 meis:
2931 4331 3115 4386 donec
3166 4331 3460 4388 inveniam
3478 4330 3682 4388 locum

2025 4417 2294 4487 Domino,
2343 4417 2788 4473 tabernaculum
2833 4419 2948 4474 Deo
2997 4419 3198 4476 Jacob.
3235 4443 3262 4469 »
3315 4444 3343 4470 ι(
3391 4421 3688 4478 Taberna-

2026 4506 2222 4562 culum
2255 4507 2466 4562 domus
2496 4529 2523 4557 »
2558 4506 2851 4563 cmlestem
2895 4508 3096 4564 sedem
3143 4509 3365 4566 indicat
3401 4529 3414 4566 :
3449 4511 3510 4566 in
3545 4517 3686 4568 stra-

2022 4601 2083 4651 to
2113 4612 2246 4650 vero
2279 4595 2431 4664 lecti,
2463 4595 2521 4650 in
2573 4597 2874 4652 oculorum
2923 4615 3153 4669 somno,
3204 4599 3260 4654 in
3311 4599 3684 4658 dormitatio-

2025 4700 2098 4740 ne
2127 4683 2563 4756 palpebrarum,
2612 4685 2700 4741 vel
2752 4686 2809 4741 in
2863 4692 3194 4760 temporum
3244 4689 3470 4761 requie,
3515 4697 3687 4747 ater—

2027 4789 2162 4828 nam
2195 4773 2474 4845 quietem,
2507 4791 2634 4846 quae
2667 4792 2966 4848 nunquam
3009 4776 3403 4850 abrumpitur,
3437 4779 3684 4836 demon-

2025 4861 2246 4918 stravit.
2301 4864 2362 4918 In
2423 4863 2638 4936 quibus
2679 4881 2810 4920 .non
2861 4881 2923 4921 se
2979 4866 3305 4922 rediturum
3343 4867 3684 4940 pollicetur,

2025 4953 2139 5008 nisi
2171 4953 2334 5026 prius
2366 4953 2426 5009 in
2458 4953 2694 5011 homine
2719 4955 2964 5029 dignum
3017 4961 3128 5013 Deo
3175 4957 3334 5013 Patri
3362 4957 3564 5016 locum
3593 4960 3682 5016 vel

2023 5042 2291 5100 Ecclesiae
2349 5044 2850 5117 congregationem
2914 5063 3023 5102 sua
3080 5049 3510 5105 resurrectione
3541 5067 3678 5106 con-

2023 5136 2292 5188 strueret.

2101 5239 2126 5270 ἀ(
2182 5226 2320 5278 Ecce
2381 5223 2711 5280 audivimus
2764 5241 2891 5281 eam
2950 5224 3011 5280 in
3070 5227 3344 5299 Ephrata.
3410 5253 3441 5278 ››
3501 5231 3671 5301 Regio

2025 5310 2317 5367 Bethleem
2353 5329 2537 5385 usque
2567 5313 2738 5368 hodie
2794 5312 3122 5385 appellatur
3176 5316 3454 5389 Ephrata.
3489 5319 3673 5390 Hujus

2022 5401 2101 5456 rei
2153 5404 2209 5456 et
2266 5399 2389 5456 alia:
2445 5402 2750 5474 Scripturae
2810 5406 2987 5458 testes
3045 5409 3202 5461 sunt.
3260 5406 3519 5479 Ephrata
3553 5409 3679 5481 ipsa

2022 5494 2112 5545 est
2165 5489 2479 5546 Bethleem.
2514 5491 2621 5546 Ubi
2680 5491 2934 5562 primum
2994 5493 3252 5550 Ecclesia
3307 5501 3398 5552 est
3447 5497 3675 5564 audita,

2020 5578 2077 5634 id
2107 5583 2213 5648 est,
2247 5580 2306 5636 in
2337 5596 2456 5651 qua
2510 5580 2778 5638 Christus
2831 5584 3114 5641 Dominus
3172 5601 3408 5642 carnem
3438 5603 3675 5648 assum-

2023 5669 2156 5740 psit.
2186 5668 2250 5724 In
2281 5669 2389 5725 hac
2419 5675 2478 5725 et
2507 5669 2721 5726 Rachel
2754 5672 2925 5729 Israel
2971 5673 3181 5730 dilecta
3231 5673 3485 5747 quiescit
3514 5678 3669 5748 (Gen.

2021 5774 2190 5827 xxxv,
2225 5759 2332 5832 19),
2385 5776 2512 5835 quas
2570 5764 2774 5836 typum
2821 5762 3004 5837 gessit
3060 5763 3344 5824 Ecclesia.
3382 5786 3411 5817 α
3442 5766 3671 5832 Inveni.
