3992 6194
219 339 394 410 ,1289

1401 341 1901 404 BREVIARIUM
1948 342 2034 403 1M
2085 341 2464 403 PSALMOS.

3485 345 3646 405 1290

153 459 162 462 ’
236 488 374 528 mus
435 487 564 528 eam
624 472 681 527 in
734 473 958 544 campis
1012 473 1186 530 silvae.
1220 495 1248 523 »
1304 475 1362 528 In
1425 473 1718 546 gentibus,
1759 477 1968 545 qumA
2001 473 2172 547 χήρα,
2224 477 2280 528 et
2338 471 2574 527 Hebrrea
2623 471 2944 540 volumina,
2984 477 3041 528 et
3095 473 3206 545 ipsi
3260 474 3646 547 Septuaginta

236 561 402 634 prius
441 560 658 616 diaboli
715 569 899 629 erant,
960 562 1176 618 cubilia
1228 579 1384 617 nunc
1442 566 1636 618 autem
1670 563 1881 634 campi,

237 650 556 705 Dominum
589 650 848 706 colentes
879 651 1183 706 fructiferi.

217 779 224 794 .
308 762 336 788 «
373 739 730 794 Intrabimus
784 741 842 794 in
897 739 1341 796 tabernaculum
1401 740 1519 796 Dei.
1559 764 1584 788 n
1635 741 1751 795 Nos
1782 740 1882 811 qui

235 830 294 884 in
330 846 448 884 una
479 828 653 884 domo
685 827 952 884 Ecclesiae
984 846 1086 901 per
1116 830 1429 884 Dominum
1473 846 1879 901 aggregamur,

234 940 262 967 «
293 916 682 973 Adorabimus
716 917 772 972 in
821 916 944 972 loco
989 917 1089 972 ubi
1138 921 1424 973 steterunt
1469 919 1642 989 pedes
1674 919 1824 989 ejus.
1851 940 1877 968 »

231 1007 296 1062 In
343 1023 459 1078 quo
507 1005 947 1077 praedicationes
995 1006 1326 1078 apostolicae
1375 1007 1719 1076 audiuntur,
1753 1023 1880 1078 qua:

230 1099 297 1150 ut
324 1095 499 1167 pedes
532 1093 828 1150 sustinent
857 1099 1044 1150 totum
1072 1112 1286 1167 corpus
1317 1094 1608 1150 Ecclesiae.

303 1206 331 1234 ‹‹
360 1185 640 1256 Exsurge,
678 1183 937 1252 Domine,
961 1183 1019 1238 in
1045 1185 1303 1256 requiem
1337 1188 1519 1240 tuam.
1554 1208 1580 1234 »
1613 1185 1744 1239 Jam
1778 1201 1879 1239 ex-

228 1274 400 1347 plesti
441 1275 870 1344 juramentum,
920 1273 1228 1328 reddidisti
1284 1275 1675 1343 votumzjam
1714 1273 1878 1328 inve-

229 1362 368 1418 nisti
411 1363 604 1418 locum
662 1362 820 1418 Deo:
875 1363 1001 1432 jam
1060 1361 1385 1434 produxisti
1445 1378 1514 1417 ex
1569 1361 1747 1416 latere
1778 1366 1877 1416 tuo

229 1451 581 1508 Ecclesium:
616 1466 861 1523 exsurge
907 1468 1060 1505 nunc
1111 1451 1181 1505 ab
1233 1450 1454 1516 inferis,
1509 1455 1791 1506 revertere
1817 1450 1874 1504 in

231 1539 698 1610 tabernaculum,
732 1539 934 1594 abiens
966 1539 1023 1592 in
1075 1540 1334 1610 requiem
1362 1557 1374 1595 :
1429 1539 1498 1593 de
1528 1539 1744 1609 quibus
1775 1555 1874 1594 su-

236 1628 436 1701 perius
464 1632 554 1682 est
583 1625 834 1682 locutus.
866 1627 932 1680 Et
963 1641 1077 1680 non
1127 1625 1316 1682 solum
1364 1630 1448 1689 tu,
1482 1627 1607 1691 sed,
1641 1649 1667 1675 «
1702 1627 1786 1680 Tu
1819 1630 1877 1681 et

227 1733 361 1772 arca
391 1714 870 1770 sanctificationis
894 1718 1027 1770 tuae.
1060 1738 1086 1763 ››
1135 1718 1354 1786 Corpus
1395 1713 1617 1770 scilicet
1647 1731 1874 1770 assum-

228 1810 422 1878 ptum,
455 1821 569 1876 quo
601 1804 877 1859 divinitas
918 1805 1244 1874 tegebatur.
1277 1806 1321 1858 A
1371 1820 1485 1875 quo
1517 1804 1631 1875 via,
1661 1804 1875 1859 veritas

229 1898 285 1948 et
314 1893 432 1948 vita
462 1892 630 1947 nobis
662 1896 898 1949 ostensa
925 1897 1035 1948 est.

304 2005 331 2030 «
364 1982 700 2036 Sacerdotes
730 1981 816 2035 tui
849 1981 1169 2036 induantur
1198 1982 1445 2052 justitia.
1480 2004 1506 2030 »
1544 1981 1874 2050 Utjustitiae

229 2070 408 2125 lorica
465 2070 677 2137 induti,
730 2086 844 2124 non
907 2070 1245 2124 saucientur
1301 2088 1334 2123 a
1367 2069 1586 2140 jaculis
1629 2069 1873 2124 inimici.

228 2182 256 2210 «
291 2161 362 2214 Et
389 2158 576 2214 sancti
607 2158 692 2212 tui
723 2157 1032 2212 exsultent.
1070 2178 1098 2205 »
1134 2159 1194 2211 In
1223 2156 1559 2212 cmlestibus
1579 2158 1769 2212 bonis.

212 2303 218 2308 _
308 2271 335 2298 ‹‹
369 2247 610 2318 PrOpter
648 2246 826 2300 David
880 2261 1112 2300 servum
1158 2249 1324 2300 tuum
1374 2262 1490 2300 non
1534 2249 1760 2300 avertas
1793 2245 1876 2300 fa-

235 2338 386 2393 ciem
418 2334 630 2389 Christi
681 2334 788 2389 tui.
828 2356 854 2381 »

232 2424 414 2480 David
473 2424 719 2478 formam
778 2422 1045 2478 servilem
1104 2423 1382 2494 suscepit,
1434 2440 1547 2478 non
1586 2427 1882 2479 avertatur

232 2511 470 2568 claritas
526 2510 800 2582 imaginis
859 2516 968 2564 tua:
1025 2528 1058 2565 a
1115 2512 1357 2579 sanctis,
1419 2512 1476 2566 in
1510 2512 1725 2584 quibus
1755 2512 1881 2583 ipse

231 2600 498 2655 Christus
533 2598 844 2664 inhabitat,
877 2600 978 2654 sed
1013 2598 1304 2654 illuminet
1334 2615 1450 2655 eos.

219 2745 226 2749 ,
311 2707 333 2737 ε
363 2688 593 2743 Juravit
625 2687 910 2742 Dominus
941 2687 1120 2742 David
1167 2688 1490 2759 veritatem,
1521 2693 1578 2743 et
1607 2705 1719 2742 non
1754 2687 1879 2742 fru--

233 2777 516 2833 strabitur
563 2793 720 2831 eum.
761 2800 780 2824 ι
818 2781 932 2831 Deo
988 2775 1212 2830 homini
1270 2777 1436 2831 Pater
1473 2778 1638 2847 jurat
1665 2776 1880 2832 verita-

221 2871 377 2933 ,tem,
417 2881 594 2937 quam
651 2881 767 2919 non
826 2868 1084 2932 evacuat,
1145 2866 1246 2920 sed
1300 2865 1582 2938 adimplet
1637 2866 1877 2920 dicens:

242 2975 264 3002 ι
298 2960 376 3010 De
405 2954 596 3008 fructu
629 2952 846 3009 ventris
878 2953 960 3008 tui
984 2970 1197 3024 ponam
1219 2970 1394 3025 super
1419 2955 1616 3010 sedem
1638 2959 1823 3009 tuam.
1852 2975 1880 3002 »

235 3045 350 3099 Nos
384 3060 592 3099 sumus
623 3043 848 3097 fructus
879 3043 1099 3096 ventris
1130 3043 1278 3113 ejus,
1319 3060 1467 3114 quos
1498 3043 1884 3115 spiritualiter

235 3137 515 3203 tanquam
574 3148 643 3186 ex
703 3134 867 3185 utero
932 3132 1246 3201 generavit.
1303 3131 1410 3198 Qui
1468 3132 1516 3186 si
1576 3131 1884 3203 sequentia

236 3220 660 3284 custodiamus,
694 3217 1033 3273 sedebimus
1058 3235 1236 3290 super
1265 3220 1462 3275 sedem
1495 3221 1642 3291 ejus,
1678 3225 1735 3276 et
1764 3237 1878 3276 non
1910 3219 1954 3286 C

240 3309 434 3366 solum
465 3325 592 3378 nos,
626 3324 829 3363 verum
865 3307 1040 3363 etiam
1082 3311 1138 3363 et
1169 3308 1272 3362 ﬁlii
1319 3309 1520 3365 nostri.
1558 3311 1653 3363 Ait
1681 3309 1836 3364 enim
1869 3325 1882 3363 :

227 3457 234 3462 _
312 3398 429 3454 «Si
489 3396 874 3452 custodierint
930 3395 1034 3450 ﬁlii
1089 3400 1507 3452 testamentum
1565 3414 1786 3465 meum,
1831 3401 1887 3452 et

236 3486 574 3543 testimonia
607 3501 735 3540 mea
781 3485 900 3540 haec
950 3502 1075 3556 quae
1133 3485 1348 3542 docebo
1397 3503 1518 3557 eos,
1569 3493 1625 3542 et
1653 3486 1758 3541 filii
1791 3503 1885 3542 eo-

240 3592 372 3631 rum
405 3591 594 3646 usque
653 3574 712 3628 in
773 3573 1054 3630 saeculum
1109 3573 1327 3645 saculi,
1389 3574 1673 3631 sedebunt
1711 3591 1888 3646 super

240 3665 437 3719 sedem
473 3679 688 3718 meam.
717 3685 745 3711 »
772 3663 830 3718 Si
862 3667 1281 3719 testamentum
1309 3664 1437 3735 ejus
1459 3663 1885 3728 custodiamus,

240 3753 442 3808 sedere
465 3768 572 3806 nos
594 3750 764 3806 faciet
813 3751 872 3805 in
927 3751 1294 3808 cmlestibus:
1347 3753 1498 3808 sicut
1543 3753 1887 3824 aitAposto-

238 3840 333 3896 lus
374 3839 592 3911 (Ephes.
627 3857 690 3907 ιι,
720 3840 816 3905 6):
847 3840 1122 3894 Sedebant
1170 3857 1344 3911 super
1380 3840 1561 3895 sedem
1608 3841 1744 3911 ejus.
1777 3840 1886 3895 Sed

217 3917 297 3994 ,et
325 3928 437 4000 ipsi
466 3927 752 3983 sedebunt
803 3944 980 3999 super
1010 3929 1208 3984 sedem
1256 3931 1384 4000 ejus
1416 3929 1632 4000 quibus
1663 3929 1885 3984 dictum

239 4021 371 4073 est:
430 4016 696 4072 Sedebitis
770 4033 933 4088 super
1001 4017 1280 4072 duodecim
1353 4018 1518 4088 sedes,
1579 4017 1888 4088 judicantes

239 4105 526 4162 duodecim
574 4106 750 4160 tribus
780 4107 953 4161 Israel
1011 4105 1218 4176 (Matth.
1275 4124 1390 4174 xix,
1447 4107 1559 4176 ‘28).
1593 4107 1890 4162 Sedebunt

218 4197 298 4272 et
326 4193 432 4249 filii
466 4194 668 4259 nostri,
703 4194 813 4250 hoc
843 4198 952 4261 est,
1001 4196 1550 4250 rememorabunlur
1580 4211 1754 4268 opera
1786 4197 1886 4252 bo-

216 4300 337 4350 _na,
371 4299 496 4353 quae
528 4283 602 4338 ob
634 4299 892 4338 amorem
939 4282 1096 4339 illius
1149 4284 1367 4356 operati
1409 4301 1637 4353 sumus,
1672 4286 1726 4339 in
1761 4303 1890 4341 con-

240 4374 443 4444 spectu
476 4371 624 4440 ejus.

315 4483 343 4509 ‹‹
378 4458 663 4525 Quoniam
698 4457 870 4530 elegit
918 4458 1202 4515 Dominus
1247 4463 1379 4516 Sion
1408 4481 1420 4529 ;
1473 4463 1732 4534 przelegit
1760 4479 1889 4518 eam

242 4550 302 4603 in
337 4548 755 4603 habitationem
807 4546 938 4602 sibi.
978 4571 998 4595 ι
1055 4550 1510 4604 Concordantem
1560 4551 1670 4606 sibi
1702 4555 1889 4605 cater-

217 4654 376 4706 Ivam
425 4636 906 4704 ecclesiasticam,
956 4636 1042 4691 vel
1093 4637 1487 4693 sanctificatas
1534 4641 1894 4694 sacramentis

216 4791 223 4798 _
249 4726 558 4780 coelestibus
587 4725 691 4780 tibi
719 4725 967 4781 animas.

321 4836 348 4861 ‹‹
382 4818 510 4868 Haec
538 4814 769 4885 requies
803 4830 932 4869 mea
964 4815 1020 4868 in
1067 4814 1344 4870 saeculum
1396 4815 1588 4870 szeculi
1618 4835 1630 4871 :
1663 4816 1754 4871 hic
1787 4815 1894 4870 ha-

246 4903 445 4958 bitabo
478 4903 754 4973 quoniam
789 4903 933 4975 elegi
967 4920 1114 4958 eam.
1155 4925 1180 4950 υ
1230 4905 1498 4958 Animam
1532 4922 1659 4977 qua:
1692 4905 1764 4969 ei,
1796 4922 1898 4976 per

247 4991 694 5047 resurrectionis
743 4991 989 5062 gloriam
1019 4998 1075 5046 et
1131 4993 1606 5049 emundationem
1655 4994 1896 5066 peccati,

247 5080 460 5136 domus
491 5097 555 5135 ac
587 5080 820 5151 requies
861 5081 1011 5136 facta
1040 5085 1146 5136 est.

325 5187 352 5220 α
382 5168 629 5224 Viduam
684 5170 812 5240 ejus
853 5169 1202 5225 benedicens
1252 5170 1630 5227 benedicam:
1683 5190 1897 5245 paupe-

248 5271 343 5313 res
399 5258 528 5328 ejus
560 5257 845 5312 saturabo
903 5258 1174 5330 panibus.
1224 5282 1251 5308 ››
1307 5260 1413 5315 Pro
1475 5261 1635 5316 vidua
1694 5263 1748 5316 id
1803 5269 1899 5330 est,

325 5451 562 5524 {Verus
621 5451 1032 5524 Hieronymus,
1091 5459 1300 5524 Quaest.
1365 5458 1427 5511 in
1484 5460 1618 5512 Gen.
1680 5475 1901 5513 c.xr.v:

252 5546 281 5575 ‹‹
318 5523 473 5597 Licet
504 5524 561 5578 in
594 5523 902 5597 plerisque
925 5523 1225 5580 codicibus
1269 5543 1370 5597 pro
1417 5529 1604 5595 vidua,
1657 5529 1764 5584 hoc
1795 5534 1903 5594 est,

252 5546 281 5575 ‹‹
318 5540 473 5579 Licet
504 5541 561 5578 In
594 5540 892 5648 plerisque
925 5540 1225 5580 couicmus
1269 5543 1370 5597 pro
1417 5540 1604 5595 vidua,
1658 5540 1764 5584 hoc
1795 5540 1903 5594 est,

251 5611 360 5670 PP?
392 5595 544 5670 MP?
575 5594 843 5670 nonnuli
891 5594 1086 5670 legant
1113 5597 1302 5670 φγςραν,
1355 5599 1413 5653 in
1465 5601 1699 5656 llebrzeo
1730 5601 1906 5656 habet

250 5666 430 5738 sedc,”
463 5666 519 5721 id
582 5669 691 5733 est,
741 5666 972 5722 cibaria.
1039 5690 1066 5716 »
1120 5666 1195 5724 Et
1235 5670 1413 5746 χήραν
1473 5671 1710 5745 quidem
1769 5689 1902 5735 cum

533 5793 798 5860 PATROL.
842 5793 1054 5859 XXVI.

911 2338 1154 2405 Propter
1196 2333 1362 2389 illum
1412 2335 1510 2406 qui
1560 2351 1628 2390 ex
1658 2335 1879 2390 semine
1931 2373 1940 2384 ,

1992 563 2186 635 θήραν,
2219 561 2432 616 habent
2469 562 2532 615 3:
2569 561 2668 616 sed
2694 566 2931 633 propter
2976 561 3288 618 novitatem
3338 563 3519 630 verbi,
3585 569 3643 620 et

1994 652 2172 705 unius
2205 649 2408 703 litterae
2432 650 2912 717 demutationem,
2948 649 3229 722 paulatim
3273 651 3524 723 obtinui,
3577 655 3643 707 ut

1993 756 2096 812 pro
2127 738 2578 812 Orﬁpalegeretur
2609 739 2778 811 χήρα,
2811 739 3065 796 maxime
3095 739 3235 816 quia
3280 741 3338 794 in
3396 757 3640 812 sequen-

1991 828 2035 883 ti
2065 826 2353 883 versiculo
2401 843 2687 898 pauperes
2735 828 3109 899 sequebatur.
3171 828 3323 900 Θήρα
3379 829 3642 901 Symma-

1993 916 2141 972 chus
2171 921 2226 971 et
2254 915 2473 988 Aquila
2500 916 3100 988 cibariainterpretati
3133 922 3292 973 sunt.

2064 1026 2092 1055 «
2125 1006 2460 1060 Sacerdotes
2487 1005 2615 1076 ejus
2645 1005 2887 1061 induam
2917 1003 3184 1071 salutari,
3216 1009 3272 1061 et
3293 1005 3480 1061 sancti
3509 1007 3639 1078 ejus

1991 1093 2374 1149 exsultatione
2403 1092 2801 1150 exsultabunt.
2837 1115 2865 1142 »
2892 1095 3020 1165 Ipse
3052 1093 3209 1148 enim
3245 1110 3353 1149 nos
3402 1093 3493 1150 vel
3539 1095 3637 1166 ju-

1991 1182 2235 1250 stitiam,
2289 1181 2376 1238 vel
2408 1182 2660 1240 salutare
2699 1183 2909 1250 induit,
2964 1198 3098 1238 cum
3158 1199 3266 1238 nos
3313 1184 3639 1240 conformes

1989 1271 2214 1343 corpori
2239 1288 2345 1326 suo
2362 1271 2541 1326 efﬁcit
2581 1288 2592 1326 :
2629 1271 2731 1342 qui
2762 1275 2851 1326 est
2873 1270 3110 1342 justitia
3137 1271 3415 1343 salusque
3438 1276 3640 1328 nostra
3690 1317 3693 1322 .

1991 1377 2322 1431 praeparans
2351 1361 2520 1415 nobis
2550 1359 2926 1415 tabernacula
2957 1360 3336 1432 sempiterna.

2061 1471 2089 1498 «
2126 1448 2268 1504 Illuc
2292 1449 2612 1521 producam
2647 1464 2826 1504 cornu
2860 1449 3060 1504 David.
3089 1472 3116 1498 »
3148 1449 3412 1521 Regnum
3470 1449 3634 1505 Chri-

1987 1536 2084 1605 sti,
2121 1537 2276 1608 quod
2312 1537 2371 1592 in
2403 1536 2522 1591 illis
2583 1537 2930 1607 ostenditur,
2977 1537 3194 1608 quibus
3233 1537 3456 1593 dictum
3504 1543 3631 1594 est:

1985 1626 2145 1680 Beati
2190 1641 2460 1697 pauperes
2504 1627 2733 1696 spiritu,
2785 1629 3044 1696 quoniam
3093 1629 3340 1698 ipsorum
3408 1632 3488 1683 est
3547 1643 3635 1682 re-

1982 1729 2153 1783 gnum
2180 1715 2441 1770 ceptarum
2489 1713 2697 1786 (Matth.
2753 1731 2804 1784 v,
2857 1715 2934 1782 3).
2995 1737 3022 1764 ‹‹
3075 1715 3278 1770 Paravi
3333 1716 3634 1771 lucernam

1984 1801 2212 1858 Christo
2259 1819 2463 1858 meo.»
2525 1806 2780 1858 Joannes
2828 1802 3092 1874 Baptista
3145 1803 3264 1860 sive
3311 1819 3635 1875 praecursor

1986 1891 2219 1946 Domini
2250 1895 2306 1946 et
2363 1890 2680 1945 Salvatoris
2727 1891 2912 1946 nostri
2955 1908 2989 1946 a
3035 1892 3151 1947 Deo
3205 1897 3376 1948 Patre
3414 1892 3636 1948 dicitur

1987 1983 2310 2050 praeparata
2341 1977 2580 2034 lucerna
2611 1996 2623 2033 :
2661 1978 2759 2048 qui
2792 1995 2926 2034 eum
2949 1979 3007 2034 in
3065 1979 3246 2051 hujus
3296 1981 3504 2035 mundi
3556 1985 3634 2036 te-

1986 2068 2200 2122 nebras
2231 2072 2540 2122 venturum
2581 2068 2969 2122 annuntiavit.
3028 2067 3121 2122 Sic
3171 2068 3328 2124 enim
3386 2073 3445 2124 et
3500 2069 3628 2140 ipse

1987 2155 2273 2210 Dominus
2304 2154 2517 2210 vocitat
2558 2171 2714 2222 eum,
2773 2154 3020 2210 dicens:
3072 2155 3176 2211 ltle
3219 2161 3341 2212 erat
3405 2157 3630 2213 lucerna

1987 2243 2188 2298 ardens
2217 2245 2393 2314 (Joan.
2427 2261 2482 2312 v,
2515 2244 2626 2315 35),
2649 2248 2707 2299 et
2733 2243 2976 2315 reliqua.

2061 2331 2392 2386 «Inimicos
2435 2332 2562 2403 ejus
2608 2332 2848 2386 induam
2909 2332 3271 2389 confusione.
3329 2356 3357 2384 «
3396 2334 3630 2391 Judzeos

1988 2436 2105 2475 non
2137 2422 2440 2476 credentes
2470 2437 2604 2476 cum
2633 2420 2887 2476 viderint
2914 2422 3224 2478 Dominum
3246 2422 3303 2478 in
3327 2424 3633 2494 majestate

1988 2525 2116 2563 sua.
2145 2531 2173 2558 «
2221 2509 2406 2581 Super
2453 2509 2649 2581 ipsum
2709 2513 2905 2565 autem
2965 2510 3195 2566 ﬂorebit
3250 2510 3634 2567 sanctiﬁcatio

1990 2613 2136 2652 mea.
2167 2622 2195 2647 »
2220 2601 2330 2653 Pro
2361 2598 2836 2668 sanctiﬁcatione,
2897 2615 3078 2654 nassa
3099 2600 3234 2671 (1n)
3294 2599 3354 2655 in
3399 2600 3637 2656 Hebraeo

1990 2686 2287 2742 habetur:
2348 2688 2504 2758 quod
2553 2686 2764 2759 Aquila
2840 2693 3219 2744 consecratum
3293 2689 3640 2761 interpreta-

1989 2779 2106 2841 tur,
2140 2780 2197 2829 et
2218 2775 2510 2846 significat
2541 2776 2823 2831 laminam
2855 2793 2923 2830 ex
2946 2793 3111 2845 auro,
3165 2793 3292 2847 quae
3343 2777 3402 2830 in
3453 2778 3641 2833 fronte

1991 2863 2284 2934 pontificis
2319 2863 2630 2936 ligabatur,
2660 2863 2959 2935 sculptum
2990 2864 3214 2920 habens
3255 2881 3470 2921 nomen
3527 2870 3638 2928 Do-

1992 2968 2158 3006 mlnl.

2502 3041 2828 3097 PSALMUS
2873 3041 3135 3097 CXXXII.

2511 3129 2796 3186 Canticum
2814 3131 3105 3201 graduum.

2066 3239 2094 3266 «
2127 3217 2267 3272 Ecce
2290 3233 2467 3288 quam
2488 3217 2706 3272 bonum
2734 3223 2792 3274 et
2811 3234 2988 3289 quam
3003 3219 3335 3290 jucundum
3367 3219 3632 3277 habitare

1996 3307 2206 3362 fratres
2237 3306 2298 3360 in
2330 3323 2537 3361 unum.
2576 3330 2596 3356 ι
2635 3306 2760 3362 Duo
2783 3307 2963 3362 dicit:
3026 3309 3247 3364 bonum
3305 3313 3365 3364 et
3413 3311 3630 3382 jucun-

1996 3397 2160 3451 dum.
2197 3396 2419 3450 Bonum
2449 3399 2538 3450 est
2569 3396 2935 3468 martyrium,
2970 3398 3070 3453 sed
3101 3413 3218 3452 non
3277 3403 3367 3454 est
3414 3400 3638 3470 jucun-

1997 3484 2138 3538 dum
2173 3499 2187 3538 :
2223 3483 2398 3539 habet
2426 3484 2583 3539 enim
2616 3484 2905 3555 supplicia
2925 3490 2982 3540 et
3012 3502 3234 3557 poenas,
3295 3491 3352 3542 et
3407 3503 3642 3561 semper

1999 3571 2057 3627 in
2082 3571 2438 3628 cruciatibus
2470 3571 2636 3627 dolor
2664 3576 2774 3640 est,
2806 3578 2863 3628 et
2901 3573 3104 3645 utique
3158 3575 3220 3629 in
3276 3574 3473 3632 dolore
3523 3592 3642 3632 non

1997 3660 2466 3731 estjucunditas.
2495 3684 2522 3709 »
2557 3661 2699 3716 Ecce
2729 3678 2907 3733 quam
2949 3662 3168 3718 bonum
3222 3668 3279 3718 et
3332 3680 3511 3735 quam
3547 3665 3644 3735 ju-

1997 3750 2277 3804 cundum.
2318 3771 2346 3798 »
2380 3750 2636 3806 Rursum
2669 3749 3221 3822 voluptasjucunda
3248 3756 3358 3808 est.
3382 3759 3462 3808 Ac
3483 3752 3533 3808 si
3559 3753 3645 3809 di-

1997 3842 2090 3894 cat
2123 3855 2134 3892 :
2165 3838 2372 3894 Cibum
2405 3837 2635 3894 dulcem
2686 3840 2992 3895 comedere
3037 3840 3269 3896 videtur
3307 3842 3640 3912 jucundum

1997 3943 2146 3999 esse,
2181 3927 2481 3999 compellit
2506 3927 2662 3982 enim
2696 3929 2766 3983 ad
2802 3927 3130 3984 libidinem.
3179 3928 3281 3984 Hic
3331 3945 3468 4001 ergo
3523 3929 3638 3984 duo

1997 4017 2212 4088 posuit,
2245 4021 2302 4071 et
2331 4017 2485 4088 quod
2509 4016 2619 4072 sibi
2656 4017 2962 4073 videbatur
2990 4018 3511 4085 essecontrarium,
3544 4017 3642 4073 bo-

1999 4121 2140 4160 num
2172 4105 2397 4160 scilicet
2426 4105 2856 4176 etjucundum,
2882 4122 2992 4160 unc
3021 4120 3288 4160 sermone
3318 4105 3644 4175 conjunxit.

2003 4219 2024 4244 α
2058 4196 2204 4250 Ecce
2228 4210 2406 4265 quam
2438 4195 2659 4248 bonum
2689 4199 2746 4248 et
2767 4209 2942 4264 quam
2968 4194 3324 4264 jucundum,
3375 4193 3641 4250 habitare

2002 4285 2208 4339 fratres
2242 4284 2301 4336 in
2362 4298 2565 4336 unum.
2606 4305 2626 4329 -
2692 4283 2918 4337 Fratres
2977 4286 3191 4348 mente,
3242 4299 3357 4338 non
3402 4299 3644 4356 corpore

1996 4374 2148 4428 Esau
2179 4375 2236 4425 et
2264 4371 2443 4425 Jacob
2475 4372 2680 4425 fratres
2715 4369 2971 4436 fuerunt,
3002 4372 3059 4424 et
3088 4371 3228 4441 quia
3270 4369 3448 4427 simul
3484 4371 3646 4427 habi-

2001 4461 2222 4525 tabant,
2257 4459 2369 4512 fuit
2387 4459 2470 4514 eis
2515 4473 2695 4513 causa
2725 4457 3050 4513 discordiae.
3085 4459 3230 4531 Ergo
3285 4459 3441 4532 quod
3499 4461 3648 4516 dixit

2001 4549 2114 4614 hic,
2151 4549 2356 4602 fratres
2383 4565 2395 4602 :
2426 4563 2538 4601 non
2561 4547 2768 4601 fratres
2789 4546 2932 4602 dicit
2962 4563 3222 4620 corpore,
3280 4549 3376 4603 sed
3441 4550 3648 4604 fratres

2003 4635 2361 4710 spirituales.
2403 4637 2625 4691 Fratres
2658 4637 2729 4691 de
2751 4636 2970 4707 quibus
3002 4636 3350 4709 loquebatur
3374 4641 3430 4693 et
3450 4636 3650 4692 Salva-

2005 4731 2114 4795 tor,
2148 4730 2204 4780 et
2229 4725 2456 4780 dicebat
2485 4725 2559 4780 ad
2585 4725 2861 4781 mulieres
2895 4742 2907 4779 :
2935 4728 3030 4794 Ite,
3084 4729 3341 4782 nuntiate
3378 4728 3650 4798 fratribus

2003 4816 2141 4868 meis
2196 4816 2414 4882 (Matth.
2479 4831 2674 4882 xxvm,
2739 4815 2844 4885 10).
2896 4815 3037 4870 Ecce
3093 4831 3270 4886 quam
3319 4815 3541 4870 bonum
3595 4818 3653 4870 et

2006 4919 2184 4973 quam
2209 4903 2564 4972 jucundum,
2599 4902 2860 4958 habitare
2885 4903 3092 4959 fratres
3122 4904 3180 4958 in
3213 4920 3419 4959 unum.
3443 4924 3470 4956 ιν
3514 4904 3650 4960 Pro-

2009 4992 2132 5063 prie
2158 4991 2421 5062 psalmus
2440 4993 2547 5046 iste
2563 4992 2844 5047 cmnobiis
2879 4996 2934 5047 et
2955 4991 3359 5047 monasteriiss
3382 4993 3652 5049 convenit

2009 5081 2164 5135 Licet
2194 5081 2348 5136 enim
2383 5085 2438 5135 et
2469 5081 2539 5135 de
2562 5079 2834 5135 Ecclesiis
2867 5079 3252 5153 intelligatur,
3285 5081 3485 5138 sedibi
3517 5097 3652 5154 pro-

2011 5168 2190 5241 positi
2223 5168 2560 5225 diversitate
2582 5185 2696 5224 non
2731 5168 2956 5225 videtur
2977 5186 3106 5226 esse
3127 5175 3292 5227 tanta
3321 5170 3650 5227 concordia.

2013 5259 2147 5321 Quae
2175 5263 2264 5313 est
2293 5257 2450 5313 enim
2481 5259 2560 5314 ibi
2593 5257 2929 5314 fraternitas
2958 5258 2986 5313 ‘I
3009 5259 3220 5332 Utique
3240 5258 3394 5317 alius
3429 5261 3500 5316 ad
3557 5260 3658 5316 do-

2013 5456 2403 5528 Alexandrino
2435 5457 2701 5528 quaedam
2729 5455 2845 5511 alia
2889 5455 3244 5528 exemplaria
3298 5457 3538 5526 habent,
3596 5461 3655 5512 et

2015 5527 2352 5583 S.Ililarius
2379 5527 2436 5582 in
2457 5527 2626 5582 hunc
2656 5527 2850 5584 locum
2891 5527 3199 5584 lectionem
3258 5529 3527 5584 eamdem
3583 5543 3654 5582 ex

2015 5600 2402 5654 translationis
2422 5601 2743 5654 auctoritate
2776 5601 2994 5656 laudat.
3029 5601 3185 5658 Vide.
3236 5601 3532 5668 Qumstion.
3591 5599 3653 5652 in

2021 5671 2173 5745 Gem,
2203 5670 2330 5729 loco
2360 5668 2619 5738 laudato,
2677 5675 2733 5729 et
2786 5687 2912 5748 qua:
2961 5688 3068 5730 nos
3113 5671 3194 5730 ibi
3249 5672 3649 5731 observamus.

3289 5797 3363 5866 41
