3992 6194
376 347 523 408 1291

1863 337 2115 398 ΑΡΡΕΝ
2127 337 2253 398 DIX
2268 382 2282 398 .

3626 338 3780 398 1292

370 493 535 535 mum
555 477 635 532 ire
665 473 923 542 festinat,
952 472 1102 530 alius
1122 473 1194 528 ad
1231 471 1472 539 circum,
1509 471 1660 527 alius
1717 472 1776 526 in
1829 469 2009 526 eccle-
2042 471 2097 536 Α
2126 471 2250 525 tuis.
2285 471 2401 526 Hoc
2433 472 2504 526 ad
2535 471 2832 527 Christum
2863 470 3115 526 dicitur:
3149 443 3278 527 ideo
3331 474 3395 526 tu
3451 475 3662 527 unctus
3691 489 3779 540 es,

367 568 457 625 sia
481 565 765 623 deusuris
796 563 1028 637 cogitat.
1081 563 1143 617 In
1194 560 1566 616 monasteriis
1609 565 1807 616 autem
1862 560 2017 615 sicut

369 672 555 712 unum
590 654 975 728 propositum,
1034 667 1189 706 unus
1227 655 1284 705 et
1332 650 1565 706 animus
1610 654 1717 705 est.
1781 673 1807 699 ‹‹
1865 653 2006 704 Ecce

375 761 553 818 quam
575 745 794 801 bonum
825 746 881 798 et
902 739 1428 812 quamjucundum
1487 740 1749 794 habitare
1810 739 2016 793 fratres

373 835 436 890 in
477 851 682 890 unum.
719 855 746 882 »
780 833 917 888 Vere
947 831 1187 895 bonum,
1226 845 1352 884 vere
1413 829 1769 899 jucundum.
1823 827 2017 882 Unum

378 926 614 980 fratrem
673 919 1028 986 dimisimus,
1075 922 1131 973 et
1182 933 1312 973 ecce
1372 921 1622 989 quantos
1667 916 2016 971 invenimus.

379 1013 575 1069 Frater
605 1026 770 1066 meus
799 1013 812 1044 ¹
838 1006 1135 1064 saecularis
1165 1006 1343 1078 (quod
1375 1007 1446 1062 de
1485 1022 1614 1062 meo
1663 1005 1890 1076 loquor,
1951 1007 2021 1059 de

377 1099 624 1173 singulis
653 1099 880 1170 loquor)
904 1114 1017 1153 non
1047 1101 1277 1152 tantum
1302 1111 1394 1150 me
1417 1100 1596 1160 amat,
1642 1112 1820 1166 quam
1880 1095 2018 1149 sub-

377 1189 656 1246 stantiam
688 1203 900 1256 meam,
925 1187 1208 1242 Ceterum
1258 1185 1466 1240 fratres
1526 1184 1862 1256 spirituales
1921 1183 2022 1255 qui

377 1295 486 1335 sua
513 1278 716 1350 utique
747 1275 1072 1348 negligunt,
1107 1275 1222 1330 alia
1252 1290 1365 1329 non
1399 1277 1687 1346 quierunt.
1750 1272 1909 1328 Sicut
1969 1277 2025 1327 et

376 1368 630 1441 legimus
653 1367 711 1421 in
743 1365 982 1421 Actibus
1013 1363 1410 1435 apostolorum
1447 1380 1458 1417 :
1504 1363 1773 1430 Quoniam
1828 1362 2023 1416 multi-

380 1455 591 1513 tudinis
617 1453 951 1510 credentium
980 1460 1097 1508 erat
1149 1467 1244 1508 cor
1297 1468 1496 1521 unum,
1550 1454 1600 1505 et
1658 1452 1849 1506 anima
1911 1466 2027 1504 una

381 1546 514 1617 (Act.
549 1560 623 1613 IV,
655 1544 766 1614 32).
799 1543 868 1597 Et
896 1545 1080 1612 erant,
1112 1539 1323 1609 inquit,
1356 1539 1472 1593 illis
1503 1540 1700 1594 omnia
1757 1555 2024 1594 commu-

381 1635 494 1691 nia.
526 1638 696 1690 Recte
725 1636 892 1687 erant
919 1631 1004 1685 eis
1033 1629 1231 1685 omnia
1269 1629 1623 1695 communia,
1680 1628 1779 1699 qui
1841 1645 2024 1682 unum

379 1723 675 1780 Christum
710 1719 1104 1792 possidebant.
1137 1716 1316 1771 Multa
1338 1716 1612 1785 diximus,
1647 1717 1746 1772 sed
1780 1717 1848 1772 ad
1895 1715 2023 1771 reli-

382 1829 500 1883 qua
520 1811 888 1866 festinemus.

457 1923 480 1949 α
512 1899 675 1954 Sicut
704 1899 1070 1969 unguentum
1105 1896 1162 1950 in
1196 1895 1382 1966 capite
1409 1911 1422 1949 :
1449 1895 1602 1966 quod
1628 1895 1925 1950 descendit
1966 1895 2025 1949 in

378 1989 646 2058 barbam,
679 1987 923 2043 barbam
947 1991 1159 2040 Aaron.
1192 2006 1219 2035 η
1255 1985 1298 2038 Ο
1332 1985 1379 2040 si
1413 1989 1565 2040 esset
1587 1989 1839 2056 tempus,
1868 1990 1933 2040 ut
1955 1986 2025 2040 de

384 2077 634 2151 singulis
666 2077 1124 2148 disputaremus,
1181 2073 1306 2128 dies
1364 2073 1533 2128 nobis
1593 2073 1862 2128 sufficere
1911 2090 2027 2129 non

379 2171 627 2242 poterat.
655 2166 930 2239 Legimus
968 2165 1026 2219 in
1086 2164 1298 2230 Exodo,
1358 2163 1650 2234 quomodo
1689 2163 2030 2218 conficiatur

381 2261 751 2331 unguentum
832 2253 1188 2310 sacerdotale
1243 2251 1433 2322 (Ea-od.
1489 2270 1618 2318 xxx,
1706 2254 1774 2305 22
1839 2253 2024 2325 seqq).

382 2348 603 2403 Deinde
632 2346 882 2416 legimus
901 2343 1192 2414 quomodo
1215 2340 1372 2395 aliud
1394 2345 1762 2413 unguentum
1786 2359 1899 2412 quo
1921 2359 2029 2396 un-

373 2436 678 2508 ‘gebantur
707 2448 871 2504 reges
901 2430 1038 2501 (Ibid
1069 2430 1139 2484 35
1165 2430 1332 2501 seqq.)
1365 2435 1507 2497 erat,
1560 2429 1716 2485 aliud
1766 2447 2028 2502 unguen-

387 2533 516 2578 tum
540 2538 655 2594 quo
686 2520 1058 2591 ungebantur
1078 2517 1392 2589 prophetae.
1427 2521 1493 2571 Et
1532 2519 1674 2588 quid
1731 2518 1900 2590 plura
1947 2519 2030 2575 lo-

387 2610 578 2685 quar?
609 2608 819 2666 Omnia
866 2609 1168 2678 unguenta
1226 2605 1522 2660 habebant
1553 2607 1918 2663 diversitates
1977 2615 2033 2665 et

391 2699 670 2776 mysteria
699 2714 825 2754 sua.
852 2695 1130 2751 Miramur
1151 2695 1220 2749 de
1247 2695 1464 2750 sanctis
1495 2694 1522 2750 ‘l
1554 2697 1844 2768 Leprosus
1875 2703 2031 2768 post-

394 2808 572 2867 quam
611 2791 895 2862 purgatus
943 2785 1134 2851 fuerit,
1200 2800 1486 2856 posquam
1536 2784 1789 2858 byssopo
1860 2789 2034 2844 fuerit

390 2896 669 2956 aspersus
691 2881 748 2934 et
779 2875 1063 2948 sanguine
1086 2872 1336 2946 gallinae,
1371 2877 1428 2928 et
1448 2874 1740 2930 dimititur
1770 2894 1886 2932 una
1918 2878 2034 2950 gal-

387 2971 584 3029 linain
611 2968 964 3032 eremum,et
987 2963 1111 3036 ipse
1133 2962 1307 3017 habet
1325 2967 1687 3034 unguentum
1707 2967 2030 3038 proprium.

385 3061 515 3118 Non
565 3056 963 3116 sanctiﬁcatur
1017 3050 1262 3123 aliquid,
1296 3051 1408 3105 nisi
1458 3069 1559 3122 per
1638 3061 2025 3127 unguentum,

388 3149 699 3222 Propterea
729 3144 934 3200 dicunt
957 3144 1015 3196 et
1043 3139 1487 3196 adolescentulis
1510 3140 1569 3195 in
1628 3141 1861 3200 Cantico
1897 3163 2031 3202 can-

2129 563 2193 615 ut
2222 563 2456 616 caeteros
2506 577 2774 634 ungeres.
2825 561 3049 616 Unctus
3084 577 3145 616 es
3199 559 3326 616 oleo
3369 559 3780 617 exsultationis

2128 666 2241 720 prce
2293 650 2670 720 participibus
2714 651 2821 716 tui,
2855 651 2964 705 hoc
3023 656 3128 719 est,
3163 649 3480 722 plusquam
3530 651 3780 722 apostoli

2127 738 2232 792 tui.
2267 739 2353 791 Tu
2386 739 2538 793 enim
2574 739 2852 810 unguenti
2887 739 3142 794 habuisti
3174 740 3435 794 fontem:
3475 739 3559 793 illi
3596 740 3780 796 stillas

2128 826 2479 882 habuerunt.
2521 851 2546 875 ‹‹
2581 829 2740 883 Sicut
2771 833 3134 898 unguentum
3167 829 3227 883 in
3253 830 3467 900 capite.
3501 852 3520 877 ο
3553 833 3780 884 Praestet

2129 918 2186 968 et
2240 915 2408 971 nobis
2465 916 2750 971 Dominus
2808 916 2917 970 hoc
2980 921 3351 988 unguentum
3414 916 3776 972 divinitatis:

2132 1026 2158 1053 ‹‹
2193 1006 2346 1075 quod
2377 1005 2533 1059 venit
2564 1006 2620 1059 in
2655 1006 2918 1075 barbam,
2954 1028 2980 1054 ››
3013 1005 3121 1060 hoc
3170 1010 3276 1073 est,
3329 1006 3387 1060 in
3423 1006 3630 1060 virum
3661 1023 3780 1076 per-

2133 1094 2345 1147 fectum
2376 1097 2590 1162 Aaron,
2623 1095 2679 1149 in
2713 1097 2901 1150 Aaron
2953 1095 3333 1151 sacerdotem.
3367 1096 3560 1149 Aaron
3595 1102 3782 1151 autem

2133 1181 2550 1254 interpretatur
2593 1187 2909 1239 montanus.
2958 1183 3184 1239 Videtis
3232 1184 3518 1255 quoniam
3555 1183 3672 1239 iste
3702 1202 3784 1241 sa-

2133 1273 2335 1327 cerdos
2367 1289 2482 1328 non
2514 1277 2602 1328 est
2631 1273 2702 1328 de
2732 1271 3021 1340 vallibus;
3075 1272 3176 1328 sed
3232 1274 3302 1328 de
3333 1273 3654 1328 montibus
3684 1278 3785 1329 est.

2133 1359 2338 1431 Barba,
2375 1361 2582 1432 inquit,
2617 1366 2830 1417 Aaron.
2867 1361 3027 1426 Quod
3075 1367 3446 1433 unguentum
3483 1363 3546 1416 in
3585 1363 3786 1434 capite,

2132 1450 2364 1504 venitin
2397 1451 2660 1521 barbam,
2694 1469 2727 1506 a
2755 1451 2941 1506 Verbo
2992 1455 3105 1506 Deo
3147 1451 3304 1507 venit
3351 1452 3427 1506 ad
3461 1451 3791 1516 hominem,

2136 1555 2306 1610 quem
2340 1544 2429 1594 est
2459 1540 2729 1610 dignatus
2759 1555 3078 1595 assumere.
3132 1540 3196 1594 Et
3245 1540 3385 1610 quid
3441 1541 3623 1596 nobis
3665 1558 3791 1613 pro-

2135 1629 2266 1683 dest
2295 1629 2475 1684 barba
2503 1629 2612 1684 ista
2643 1634 2836 1698 uncta,
2870 1633 2926 1683 et
2956 1628 3040 1683 vir
3071 1629 3180 1684 iste
3214 1630 3517 1699 perfectus
3537 1630 3567 1685 ?
3599 1630 3792 1685 Videa-

2137 1734 2268 1772 mus
2329 1735 2476 1789 quos
2529 1719 2820 1789 profectus
2879 1717 3108 1773 habeat.
3166 1718 3327 1782 Quod
3389 1719 3706 1774 descendit
3739 1720 3789 1774 in

2136 1821 2293 1861 oram
2325 1807 2657 1862 vestimenti
2689 1807 2837 1877 ejus.
2871 1807 2987 1861 Nos
3027 1807 3076 1861 si
3121 1807 3549 1862 vestimentum
3584 1808 3788 1863 Christi

2136 1912 2362 1963 sumus,
2397 1897 2727 1951 nuditatem
2753 1897 2880 1966 ejus
2912 1900 3110 1950 nostra
3149 1897 3439 1951 vestimus
3489 1896 3630 1952 ﬁde.
3660 1897 3789 1951 Ecce

2138 1985 2332 2040 nudus
2373 1985 2646 2056 pependit
2678 1985 2733 2038 in
2769 2001 2938 2040 cruce
2967 2001 2978 2039 :
3015 1984 3361 2039 scandalum
3385 1985 3637 2050 Judzeis,
3659 2003 3791 2057 gen-

2136 2074 2294 2128 tibus
2323 2073 2572 2128 stuititia
2603 2074 2652 2142 (Ι
2686 2075 2804 2128 Cor.
2841 2091 2879 2140 1,
2914 2075 3025 2143 23),
3077 2079 3134 2128 et.
3182 2077 3380 2129 tamen
3445 2081 3648 2129 nostra
3679 2074 3790 2130 fide

2139 2167 2196 2217 et
2227 2178 2492 2218 sermone
2524 2167 2579 2217 et
2625 2163 2987 2218 confessione
3043 2163 3303 2218 vestitur.
3359 2163 3491 2220 Noe
3535 2165 3595 2220 in
3627 2165 3789 2220 domo

2139 2269 2246 2306 sua
2279 2253 2472 2306 nudus
2497 2251 2701 2322 jacuit,
2735 2257 2790 2306 et
2823 2253 3092 2322 apparuit
3122 2252 3457 2324 ignominia
3485 2256 3618 2324 ejus
3648 2273 3659 2309 :
3685 2271 3793 2308 ma-

2132 2343 2228 2411 jor
2249 2339 2402 2396 filius
2434 2341 2634 2404 irrisit,
2663 2346 2716 2396 et
2749 2342 2941 2396 minor
2992 2341 3131 2396 texit
3177 2341 3332 2411 (Gen.
3383 2359 3469 2411 Ix,
3506 2344 3571 2397 3t
3611 2343 3784 2415 seqq).

2139 2431 2207 2485 Et
2236 2431 2343 2486 hoc
2376 2435 2562 2485 totum
2595 2446 2774 2501 quare
2804 2429 2931 2485 dico
2952 2430 2980 2484 ?
3011 2434 3082 2485 Ut
3128 2431 3438 2486 ostendam
3483 2438 3790 2488 vestimen-

2139 2524 2264 2574 tum
2313 2536 2418 2574 nos
2471 2535 2599 2574 esse
2657 2518 2889 2574 Christi.
2951 2519 3093 2573 Rem
3151 2519 3278 2574 dico
3337 2521 3516 2576 vobis
3552 2539 3786 2577 novam:

2141 2609 2258 2664 imo
2286 2625 2400 2664 non
2434 2624 2662 2674 novam,
2699 2608 2798 2662 sed
2840 2609 2911 2663 de
2950 2607 3284 2679 Scripturis.
3321 2608 3442 2664 Nos
3477 2611 3789 2666 vestimen-

2140 2702 2265 2752 tum
2294 2697 2509 2752 Christi
2550 2713 2778 2764 sumus,
2831 2701 2886 2751 et
2933 2713 3066 2751 cum
3117 2695 3282 2752 illum
3336 2705 3544 2753 nostra
3573 2702 3791 2755 confes-

2142 2786 2302 2841 sione
2334 2786 2720 2855 vestierimus,
2754 2801 2989 2840 rursum
3022 2785 3215 2856 ipsum
3263 2786 3565 2842 Christum
3598 2788 3793 2844 indui-

2143 2893 2296 2932 mus.
2349 2874 2498 2930 Dicit
2541 2875 2698 2929 enim
2749 2879 2804 2929 ct
2861 2877 3198 2945 Apostolus,
3268 2876 3416 2946 quod
3468 2877 3794 2933 vestimen—

2141 2969 2267 3020 tum
2359 2967 2626 3019 nostrum
2719 2963 2982 3018 Christus
3071 2963 3147 3018 sit
3233 2963 3428 3033 (Galat.
3521 2982 3610 3034 in,
3677 2967 3791 3037 2‘7).

2143 3055 2385 3119 Quando
2438 3053 2595 3108 enim
2652 3052 3040 3123 baptizamur,
3089 3051 3320 3108 Christo
3379 3052 3698 3109 induimur
3746 3061 3795 3110 et

2147 3144 2445 3198 vestimur.
2479 3140 2668 3197 Vultis
2708 3143 2854 3197 scire
2904 3142 3197 3214 quomodo
3242 3141 3575 3198 vestiamus
3609 3143 3791 3199 Domi-

388 3211 641 3293 ticorum
676 3251 689 3288 :
722 3233 1064 3303 Unguentum
1093 3229 1440 3283 exinanitum
1471 3245 1670 3285 nomen
1700 3240 1875 3289 tuum.
1910 3237 2032 3290 Post
2066 3211 2107 3278 Ο
2148 3233 2335 3287 num?
2389 3232 2664 3304 Legimus
2713 3231 2770 3285 in
2827 3231 3116 3287 Jeremia:
3166 3233 3382 3302 Accipe,
3447 3232 3670 3304 inquit,
3699 3235 3795 3288 tibi

391 3335 444 3385 te
470 3328 531 3382 in
560 3325 780 3382 odorem
807 3327 1217 3390 unguentorum
1266 3333 1551 3373 curremus
1583 3318 1762 3390 (Cant.
1801 3341 1836 3389 ι,
1867 3325 1920 3393 2,
1953 3327 2028 3397 3).

393 3439 418 3468 ιι
449 3415 610 3472 Sicut
659 3413 1023 3485 unguentum
1080 3407 1140 3461 in
1185 3406 1373 3477 capite
1417 3409 1572 3477 quod
1622 3410 1921 3468 descendit
1972 3415 2030 3470 in

385 3506 657 3572 barbam,
683 3501 928 3558 barbam
950 3504 1200 3554 Aaron.»
1225 3497 1471 3554 Pulchre
1503 3500 1702 3571 dixit,«
1734 3502 1793 3557 in
1821 3504 2027 3575 capite,

390 3594 547 3666 quod
565 3590 866 3648 descendit
887 3590 944 3645 in
965 3591 1230 3657 barbam,
1258 3592 1501 3646 barbam
1533 3596 1746 3647 Aaron.
1786 3614 1806 3643 ››
1845 3593 2033 3650 Barba

387 3679 683 3736 virilitatis
713 3677 995 3733 indicium
1021 3684 1129 3734 est.
1158 3679 1463 3736 Mulierem
1515 3679 1672 3735 enim
1730 3685 1796 3736 et'
1843 3681 2030 3738 virum

390 3767 502 3825 hoc
533 3767 699 3839 signo
731 3771 940 3822 natura
969 3767 1313 3839 distinguit:
1338 3769 1519 3824 barba
1541 3769 1718 3840 igitur
1742 3770 2033 3829 virilitatis

390 3856 676 3914 indicium
707 3859 813 3911 est.
843 3858 1024 3926 Caput
1052 3872 1188 3927 ergo
1211 3857 1487 3912 divinitas
1539 3857 1772 3924 dicitur,
1801 3861 1905 3916 hoc
1949 3868 2037 3918 est

391 3947 599 4004 deitas.
624 3943 812 4000 Barba
838 3959 971 3998 vero
992 3944 1182 3998 virum
1212 3943 1450 3999 indicat.
1484 3945 1575 4013 Ut,
1629 3947 1841 4020 inquit,
1903 3967 2035 4020 per-

387 4035 696 4092 veniamus
737 4033 797 4087 in
854 4031 1046 4088 virum
1098 4032 1443 4104 perfectum,
1486 4034 1586 4103 qui
1636 4040 1723 4090 est
1771 4037 2036 4096 Christus

369 4125 593 4182 -Coloss.
649 4123 760 4194 28).
817 4121 962 4178 Vide
1001 4137 1138 4194 ergo
1185 4123 1325 4193 quid
1377 4122 1574 4177 dicat:
1636 4147 1662 4172 «
1711 4124 1871 4180 Sicut
1929 4145 2035 4183 un-

390 4218 752 4286 guentum,»
789 4209 942 4266 sicut
1000 4209 1328 4265 benedictio
1392 4210 1670 4282 unguenti
1724 4211 1793 4266 de
1853 4214 2038 4285 capite

390 4301 502 4356 hoc
527 4305 618 4357 est
640 4301 710 4356 de
740 4299 1062 4354 divinitatis
1105 4315 1374 4354 sermone
1434 4299 1734 4354 descendit
1790 4301 1847 4356 in
1906 4303 2037 4357 bar-

393 4390 553 4460 bam,
588 4389 888 4445 descendit
918 4388 977 4442 in
1007 4387 1197 4443 virum
1230 4388 1573 4460 perfectum,
1609 4389 1706 4458 qui
1737 4395 1825 4445 est
1875 4390 2036 4446 Chri-

393 4483 544 4546 stus,
577 4481 780 4550 postea
810 4476 1114 4532 descendit
1141 4476 1338 4548 ipsum
1371 4481 1737 4549 unguentum
1771 4479 1828 4532 in
1872 4497 2034 4535 oram

2144 3321 2410 3388 lumbare,
2443 3325 2495 3376 et
2525 3321 2678 3388 vade,
2709 3320 2919 3391 inquit,
2961 3320 3029 3376 ad
3076 3321 3433 3393 Euphratem,
3472 3327 3531 3376 et
3559 3339 3703 3394 pone
3729 3324 3792 3377 il-

2141 3411 2237 3467 lud
2263 3413 2322 3465 in
2351 3412 2636 3481 foramine
2660 3419 2847 3481 petrae.
2883 3411 2945 3464 Et
2973 3412 3098 3481 feci,
3147 3409 3359 3480 inquit,
3411 3411 3563 3482 quod
3589 3427 3786 3484 prax-

2137 3509 2294 3572 perat
2322 3499 2468 3554 milii
2500 3500 2773 3557 Dominus.
2809 3499 2874 3553 Et
2929 3507 3049 3569 post
3098 3498 3212 3553 dies
3267 3500 3494 3569 aliquos
3543 3517 3784 3556 rem

2141 3607 2262 3644 sum
2287 3589 2356 3643 ad
2387 3588 2745 3658 Euphrarem,
2774 3592 2824 3643 et
2869 3603 3003 3654 ecce,
3055 3587 3264 3658 inquit,
3317 3593 3626 3658 pu-truemt
3655 3592 3785 3645 lum-

2145 3681 2289 3746 bare,
2351 3678 2490 3748 quod
2545 3677 2694 3732 nulli
2737 3680 2864 3731 usui
2919 3682 3053 3733 esset
3098 3678 3256 3731 utile.
3305 3678 3376 3732 Et
3437 3678 3656 3735 locutus
3693 3690 3784 3749 est,

2143 3767 2357 3840 inquit,
2389 3767 2653 3822 Dominus
2679 3765 2748 3820 ad
2778 3782 2900 3821 me:
2945 3765 3250 3837 diligenter
3301 3766 3784 3840 animadvertite:

2146 3858 2320 3926 Sicut,
2354 3855 2567 3927 inquit,
2603 3863 2660 3909 tu
2691 3855 2945 3909 lumbare
2974 3853 3219 3910 habuisti
3246 3856 3396 3910 circa
3424 3857 3643 3914 lumbos
3662 3868 3788 3921 tuos,

2148 3949 2226 4001 ita
2255 3949 2304 4000 et
2333 3961 2424 4015 ego
2450 3943 2617 3998 habui
2655 3944 2922 4014 populum
2966 3945 3133 3998 istum
3179 3943 3328 3997 circa
3382 3961 3489 4011 me,
3523 3946 3662 4001 dicit
3692 3947 3794 4001 Do-

2145 4037 2331 4090 minus
2381 4036 2595 4106 (Jerem.
2665 4050 2789 4098 xm,
2862 4033 2887 4086 1
2956 4034 3129 4104 seqq.)
3196 4032 3313 4087 Hoc
3382 4037 3572 4090 totum
3623 4051 3796 4107 quare

2149 4123 2316 4177 dixi?
2345 4122 2416 4176 Ut
2447 4123 2811 4177 ostenderem
2869 4122 3171 4178 credentes
3218 4123 3631 4178 vestimentum
3666 4141 3801 4180 esse

2148 4211 2385 4266 Christi.
2419 4212 2580 4275 Quod
2612 4210 2912 4266 descendit
2960 4210 3018 4264 in
3053 4227 3215 4266 oram
3260 4212 3580 4266 vestimenti
3610 4215 3753 4283 ejus
3784 4230 3798 4267 :

2150 4325 2178 4352 «
2231 4301 2393 4365 Quod
2445 4299 2746 4355 descendit
2795 4300 2854 4353 in
2908 4301 3176 4368 barbam,
3223 4301 3463 4356 barbam
3517 4306 3801 4358 Aaron.»

2147 4391 2272 4446 Non
2305 4396 2393 4445 est
2423 4390 2601 4460 hujus
2649 4388 2927 4460 temporis
2976 4389 3045 4444 de
3095 4389 3562 4468 sacerdotalibus
3612 4392 3799 4448 dicere

2149 4479 2531 4534 vestimentis.
2561 4477 2862 4549 Siquidem
2909 4477 3166 4550 pontifex
3208 4484 3334 4534 octo
3370 4478 3551 4535 habet
3582 4482 3798 4552 species

393 4565 728 4625 vestimenti
758 4567 906 4637 ejus.
939 4565 1030 4620 Sic
1061 4565 1408 4635 benedictio,
1441 4571 1497 4620 et
1527 4583 1621 4621 ros
1653 4567 1868 4622 montis
1899 4572 2043 4623 Her-
2073 4575 2120 4641 D
2153 4569 2655 4625 vestimentorum.
2683 4568 2943 4639 Longum
2973 4571 3061 4622 est
3083 4584 3238 4623 nunc
3279 4568 3476 4623 dicere
3498 4571 3571 4625 de
3591 4571 3795 4642 ephod,

395 4674 530 4713 mon
554 4656 856 4712 descendit
876 4653 933 4708 in
966 4659 1223 4709 montem
1252 4653 1411 4709 Sion.
1477 4654 1849 4726 Unguentum
1907 4674 2039 4712 vero

391 4747 490 4802 hic
521 4763 624 4818 pro
654 4743 1060 4801 benedictione
1107 4742 1363 4814 ponitur.
1417 4744 1686 4798 Dilexisti
1734 4747 2035 4816 justitiam,

391 4835 605 4908 inquit,
650 4843 702 4890 et
756 4834 922 4890 odisti
975 4833 1371 4904 iniquitatem:
1425 4837 1708 4904 pr0pterea
1767 4836 1931 4889 unxit
1988 4841 2041 4890 te

391 4927 554 4996 Deus,
587 4926 726 4980 Deus
748 4929 875 4979 tuus
902 4923 1018 4977 oleo
1056 4922 1437 4977 exsultationis
1491 4938 1616 4993 prae
1663 4925 2040 4994 participibus

391 5015 695 5086 tuis(Psal.
736 5029 880 5079 xuv,
927 5013 1001 5082 8).
1052 5011 1254 5066 Videte
1305 5011 1445 5082 quid
1499 5012 1691 5068 dicat:
1753 5013 2037 5080 Dilexisti,

391 5102 604 5174 inquit,
629 5102 948 5174 justitiam,
979 5105 1036 5156 et
1065 5100 1239 5156 odisti
1271 5100 1792 5172 iniquitatem.Non
1826 5103 2040 5158 sutlicit

393 5189 965 5264 diligerejustitiam,
1014 5191 1111 5246 sed
1147 5190 1470 5246 econtrario
1525 5191 1718 5246 odisse
1763 5191 2040 5263 iniquita-

400 5282 541 5334 tem.
571 5279 773 5336 Videte
796 5281 936 5352 quid
971 5279 1124 5334 dicat
1149 5296 1161 5332 :
1186 5279 1257 5333 Et
1288 5279 1458 5334 odisti
1483 5279 1872 5350 iniquitatem.
1934 5281 2042 5336 Pro

394 5367 489 5423 his
541 5368 856 5424 virtutibus
909 5368 1050 5440 quid
1103 5368 1374 5440 accepit?
1425 5370 1720 5440 Propterea
1777 5372 1943 5424 unxit
1994 5374 2044 5426 te

393 5459 556 5525 Deus,
591 5456 729 5512 Deus
773 5461 898 5511 tuus
954 5458 1068 5513 oleo
1114 5459 1500 5515 exsultationis
1527 5472 1651 5529 prae
1673 5459 2042 5529 participibus

2151 4661 2221 4714 de
2251 4658 2471 4713 tunica.
2507 4657 2770 4728 Longum
2802 4661 2887 4712 est
2917 4657 3106 4711 dicere
3139 4657 3209 4711 dc
3241 4658 3544 4726 rationali,
3579 4661 3650 4715 de
3681 4677 3794 4715 ma-

2150 4746 2644 4809 nifestationibus,
2676 4746 2744 4801 de
2774 4744 3078 4811 catenulis,
3133 4745 3203 4800 de
3247 4762 3417 4813 zona,
3446 4748 3522 4804 de
3559 4751 3794 4806 femora-

2151 4839 2326 4906 libus,
2361 4836 2431 4890 de
2463 4833 2731 4900 ﬁmbriis,
2766 4835 2836 4889 de
2866 4835 3026 4900 resti,
3075 4835 3144 4889 de
3201 4835 3648 4910 tintinnabulis,
3679 4841 3796 4911 qni-

2149 4927 2261 4982 bus
2287 4925 2602 4979 virtutibus
2655 4923 2923 4978 sacerdos
2978 4924 3185 4979 debeat
3241 4925 3471 4996 ingredi
3514 4929 3792 5000 templum

2151 5015 2402 5081 Domini,
2438 5019 2493 5068 et
2526 5015 2584 5068 in
2633 5013 2845 5068 Sancta
2895 5017 3252 5068 sanctorum.
3317 5014 3387 5068 Et
3434 5031 3545 5071 nos
3579 5034 3714 5089 ergo
3752 5019 3794 5070 si

2149 5103 2420 5159 volumus
2454 5103 2524 5158 de
2583 5103 2928 5157 vestimento
2987 5119 3117 5157 esse
3172 5103 3546 5176 sacerdotali,
3577 5112 3796 5161 autsa-

2151 5192 2555 5264 perhumelare
2587 5208 2816 5259 sumus,
2851 5194 3004 5263 quod
3040 5191 3459 5263 interpretatur
3503 5195 3714 5267 ephod,
3739 5201 3794 5248 ut

2152 5282 2473 5338 habeamus
2505 5281 2655 5335 bona
2685 5296 2879 5351 opera,
2914 5285 2971 5335 et
3001 5280 3057 5334 in
3094 5280 3358 5336 humeris
3391 5285 3605 5338 nostris
3634 5283 3793 5338 Chri-

2152 5369 2227 5424 sti
2260 5370 2537 5425 mandata
2567 5373 2888 5440 portemus,
2925 5373 3028 5423 aut
3065 5374 3221 5425 certe
3269 5370 3475 5425 tunica
3524 5373 3788 5428 debemus

2152 5475 2280 5515 esse
2311 5457 2584 5514 interior:
2621 5474 2747 5530 quae
2798 5458 2998 5514 tunica
3045 5458 3248 5515 stricta
3295 5463 3404 5529 est,
3457 5464 3517 5517 et
3549 5461 3785 5520 adhenet

367 5725 372 5731 ,
471 5657 658 5718 iVide
703 5653 1000 5732 praeﬁxum
1034 5654 1170 5713 huic
1219 5654 1368 5713 libro
1425 5655 1886 5720 admonitionem
1927 5659 2210 5718 nostram.
