3992 6194
268 297 424 359 1293

1430 293 1933 357 BREVIARIUM
1979 293 2054 352 1N
2104 294 2486 374 PSALMOS.

3509 299 3534 362 Ι
3549 299 3664 360 294

268 427 534 501 corpori:
569 444 686 483 non
716 431 805 483 est
853 427 1021 482 laxa:
1076 444 1189 483 non
1242 428 1530 493 funditur,
1587 427 1683 482 sed
1738 425 1995 495 hat-retA
2027 424 2192 495 quasi
2233 441 2336 495 per
2391 424 2752 482 occasionem
2803 425 2996 493 istius,
3038 443 3211 486 suum
3261 427 3474 500 dogma
3530 445 3666 486 con-

265 522 389 574 tota
417 517 486 572 ad
538 534 770 590 corpus.
822 517 1002 572 Vides
1053 532 1189 588 ergo
1250 517 1528 588 quoniam
1576 516 1915 586 quicunque

267 606 512 662 interior
539 611 646 676 est,
697 611 754 661 et
812 605 1054 660 interior
1110 606 1330 670 tunica,
1388 605 1614 660 vicinus
1643 603 1917 678 jungitur

268 696 517 766 corpori.
554 696 612 751 Si
647 695 778 767 quis
805 711 939 750 vero
996 694 1276 751 rationale
1341 698 1450 764 est,
1500 695 1651 765 quod
1705 692 1920 748 dicitur

270 781 521 857 λογεῖονε
560 785 670 839 iste
699 801 814 839 non
869 786 958 838 est
1000 783 1112 838 nisi
1162 784 1221 837 in
1272 787 1501 855 pectore
1543 781 1916 837 constitutus.

267 874 681 929 Animadverte
705 873 1015 944 Scriptura:
1049 871 1345 927 ordinem:
1371 873 1715 942 Quicunque
1746 869 1920 924 ratio-

270 963 400 1020 nale
432 968 538 1030 est,
572 959 812 1035 λογεῖον,
844 966 899 1018 et
930 962 1075 1017 ratio
1107 965 1213 1030 est,
1247 965 1304 1016 et
1332 961 1390 1015 in
1444 966 1674 1032 pectore
1706 957 1922 1015 consti-

271 1056 436 1108 tutus
467 1057 576 1107 est.
609 1056 889 1106 Czeterum
921 1051 1043 1105 fieri
1095 1054 1284 1122 potest
1335 1055 1397 1105 ut
1449 1049 1665 1121 aliquis
1714 1049 1926 1103 habeat

269 1141 668 1213 prudentiam,
701 1145 766 1195 ut
792 1139 1003 1195 habeat
1035 1136 1223 1211 λόγον,
1258 1145 1322 1194 ut
1340 1139 1555 1194 habaat
1572 1152 1921 1194 sermonem.

272 1231 616 1301 Quicunque
645 1245 780 1301 ergo
811 1246 941 1284 vere
988 1229 1261 1285 sacerdos
1321 1233 1432 1295 est,
1493 1228 1664 1282 debet
1711 1226 1925 1280 habere

275 1315 568 1387 δηλῶσεις,
623 1319 730 1374 hoc
783 1323 891 1381 est,
949 1319 1439 1388 mani/estaliones,
1500 1317 1606 1371 hoc
1685 1318 1792 1381 est,
1865 1317 1928 1368 ut

273 1409 664 1481 quodcunque
693 1413 888 1463 mente
919 1406 1267 1478 conceperit,
1318 1407 1592 1478 proferat,
1647 1409 1706 1459 et
1757 1418 1928 1457 omne

275 1499 499 1553 doceat.
561 1497 628 1551 Et
671 1497 791 1552 haec
823 1496 1019 1552 omnia
1077 1496 1296 1550 frustra
1351 1500 1511 1560 sunt,
1580 1493 1628 1548 si
1690 1491 1928 1548 castitas

277 1591 446 1642 aucta
476 1589 532 1640 et
561 1590 763 1640 ornata
794 1601 908 1640 non
934 1585 1124 1640 fuerit.
1163 1585 1296 1639 Ideo
1319 1600 1466 1638 zona
1496 1587 1605 1652 est,
1640 1586 1696 1636 et
1745 1579 1930 1650 cingit

275 1676 530 1741 lumbos,
563 1675 800 1747 stringit
828 1678 885 1730 et
915 1673 1244 1729 mortiﬁcat.
1271 1672 1490 1728 Deinde
1513 1670 1753 1739 dicitur,
1774 1668 1928 1738 quod

276 1764 489 1819 habeat
510 1763 831 1826 femoralia,
863 1768 927 1862 ut
957 1779 1320 1864 quocunque.
1365 1762 1421 1816 in
1475 1756 1930 1864 nobis‘ignomi-
1962 1799 2009 1864 B

279 1853 511 1908 niosum
543 1859 630 1908 est
658 1857 716 1908 et
745 1851 1069 1918 sordidum,
1104 1852 1274 1922 quasi
1310 1851 1413 1905 hoc
1471 1847 1703 1920 cingulo
1757 1862 1930 1900 mun-

279 1942 448 1997 detur
477 1947 533 1996 et
562 1941 962 1997 mortiﬁcetur.
995 1940 1213 1995 Deinde
1246 1940 1458 1993 dicitur
1518 1938 1670 2009 quod
1721 1937 1928 1991 debea-

280 2046 414 2086 mus
461 2029 674 2085 habere
733 2030 1025 2100 poderem,
1086 2044 1261 2098 quem
1319 2030 1484 2081 ornet
1535 2023 1704 2096 quasi
1753 2023 1928 2094 pedes

279 2123 533 2174 nostros.
569 2120 630 2172 In
669 2118 796 2188 ipso
845 2117 1057 2188 pedere
1088 2115 1298 2169 diversi
1354 2115 1522 2168 flores
1564 2116 1737 2166 sunt:
1790 2113 1930 2165 sunt

277 2207 359 2262 ibi
393 2207 817 2276 malogranata,
847 2209 987 2259 sunt
1016 2203 1097 2257 ibi
1129 2203 1303 2257 etiam
1337 2201 1603 2256 ﬁmbriae.
1640 2201 1752 2271 Ego
1789 2202 1927 2269 puto

280 2297 432 2367 quod
465 2293 563 2349 illa
595 2293 804 2348 mulier
834 2293 1117 2365 sanguine
1166 2294 1355 2347 fluens
1399 2291 1571 2346 istam
1632 2289 1925 2343 ﬁmbriam

277 2383 553 2454 tetigerit,
587 2387 642 2437 et
672 2386 877 2438 sanata
924 2385 1012 2437 est
1053 2382 1262 2449 (illa-(th.
1318 2397 1393 2445 IX,
1438 2379 1650 2450 ‘30-'22).
1710 2377 1928 2432 Deinde

279 2477 336 2526 et
366 2469 486 2524 haec
516 2470 906 2526 considerate:
942 2471 1222 2540 quoniam
1270 2469 1342 2524 ad
1392 2472 1680 2524 extremos
1727 2466 1924 2538 pedes,

279 2559 432 2614 inter
463 2559 862 2630 malogranata
891 2563 1057 2613 erant
1087 2565 1142 2613 et
1171 2557 1519 2624 tintinnulae,
1571 2561 1627 2612 et
1673 2571 1784 2610 non
1834 2555 1928 2609 in-

281 2647 653 2720 grediebatur
681 2648 941 2720 pontifex
971 2647 1029 2702 in
1061 2648 1275 2702 Sancta
1299 2651 1660 2710 sanctorum,
1685 2645 1796 2699 nisi
1830 2643 1930 2698 illa

278 2736 677 2792 tintinnabula
710 2740 1107 2808 personarent.
1141 2734 1560 2790 Tintinnabula
1588 2737 1645 2788 et
1672 2732 1775 2787 illa
1806 2749 1928 2787 ma-

279 2824 585 2896 logranata
623 2825 986 2880 diversitates
1035 2825 1314 2878 virtutum
1347 2829 1486 2879 sunt
1535 2839 1660 2893 quae
1713 2822 1931 2876 habent

285 2913 525 2984 singulae
552 2930 719 2968 voces
751 2930 910 2982 suas,
941 2917 998 2968 et
1027 2929 1298 2984 egressus
1338 2913 1462 2984 ipse
1520 2911 1715 2967 Saneti
1760 2927 1928 2966 sanc-

288 3008 481 3057 torum
533 3002 750 3058 vocalis
790 3007 898 3057 est.
952 3003 1080 3056 Sive
1125 3004 1270 3056 enim
1330 3001 1740 3068 manducemus,
1817 3000 1932 3052 sive

283 3090 555 3158 bibamus,
589 3092 776 3146 omnia
809 3093 864 3145 in
906 3092 1128 3144 nomine
1174 3091 1394 3145 Domini
1435 3091 1671 3159 facimus
1715 3088 1761 3158 (I
1809 3089 1928 3142 Cor.

279 3197 338 3248 x,
370 3180 484 3251 31).
518 3181 744 3235 Minora
775 3179 1175 3250 promisimus,
1204 3184 1259 3233 et
1290 3179 1512 3248 majora
1535 3177 1807 3232 diximus.

352 3289 379 3321 α
415 3269 578 3324 Sicut
607 3286 702 3324 ros
747 3268 998 3323 llermon
1050 3267 1148 3339 qui
1202 3267 1503 3323 descendit
1559 3267 1614 3320 in
1664 3269 1923 3320 montem

275 3357 434 3429 Sion,
488 3358 602 3413 Ros
650 3358 981 3413 Hermon.»
1029 3357 1302 3428 Legimus
1358 3356 1416 3410 in
1477 3359 1728 3427 quodam
1779 3354 1925 3410 libro

271 3446 602 3519 apocrypbo
646 3448 686 3512 ³,
737 3463 801 3502 eo
850 3451 1110 3518 tempore
1160 3463 1274 3516 quo
1334 3445 1767 3501 descendebant
1821 3443 1924 3497 ﬁlii

268 3534 369 3590 Dei
392 3537 465 3591 ad
499 3535 649 3590 ﬁlias
678 3535 1007 3601 hominum,
1041 3532 1562 3590 descendisseillos
1580 3533 1638 3588 in
1665 3537 1923 3588 montem

269 3623 543 3693 Hermon,
575 3629 634 3679 et
665 3625 744 3679 ibi
775 3623 954 3679 inisse
999 3627 1257 3696 pactum,
1310 3624 1604 3695 quomodo
1662 3622 1927 3678 venirent

271 3714 343 3768 ad
377 3713 527 3768 ﬁlias
558 3713 889 3780 hominum,
923 3717 979 3768 et
1007 3713 1118 3768 sibi
1170 3730 1267 3768 eas
1319 3713 1626 3768 sociarent.
1684 3711 1924 3766 Manife-

269 3802 538 3857 tissimus
570 3801 720 3856 liber
759 3807 867 3867 est,
903 3806 959 3856 et
1011 3801 1161 3855 inter
1209 3801 1571 3872 apocryphos
1623 3804 1925 3870 computa-

272 3894 388 3958 tur,
421 3894 477 3943 et
506 3893 730 3944 veteres
781 3889 1126 3959 interpretes
1177 3890 1248 3944 de
1327 3888 1454 3960 ipso
1509 3888 1685 3944 locuti
1745 3892 1922 3943 sunt:

274 3975 559 4033 nonnulla
585 3983 782 4032 autem
813 3994 920 4032 nos
939 3977 1197 4034 diximus
1222 3995 1233 4031 :
1259 3994 1374 4032 non
1405 3977 1461 4031 in
1496 3977 1924 4043 auctoritatem,

275 4067 376 4122 sed
426 4066 485 4121 in
543 4065 1181 4122 commemorationem.
1235 4066 1459 4122 «Sicut
1503 4083 1596 4122 ros
1648 4070 1924 4121 Hermon.

274 4155 374 4228 qui
408 4154 706 4211 descendit
735 4156 794 4210 in
836 4159 1094 4211 montem
1154 4156 1372 4211 Sion.»
1426 4156 1559 4228 Legi
1612 4155 1671 4209 in
1731 4155 1928 4225 cujus-

274 4245 409 4300 dam
445 4244 592 4300 libro
619 4246 666 4314 ³,
701 4245 771 4299 de
803 4244 914 4300 isto
947 4243 1095 4299 libro
1144 4243 1474 4316 apocrypho
1533 4261 1700 4300 suam
1744 4244 1929 4299 haere-

273 4333 390 4390 sim
423 4331 848 4387 conﬁrmantis.
883 4332 1030 4396 Quid
1091 4332 1248 4387 enim
1281 4332 1472 4387 dicit?
1518 4333 1666 4400 Filii,
1719 4332 1926 4403 inquit.

275 4421 379 4478 Dei
410 4421 509 4492 qui
541 4420 612 4474 de
635 4418 793 4474 caelis
854 4420 1301 4490 descendebant,
1353 4426 1633 4477 venerunt
1691 4421 1748 4474 in
1799 4425 1932 4475 Her-

277 4527 434 4576 mon,
491 4513 547 4564 et
596 4507 1015 4579 concupierunt
1078 4507 1229 4564 ﬁlias
1305 4509 1633 4564 hominum.
1701 4509 1930 4581 Angeli,
1965 4535 2009 4600 Β

277 4600 491 4671 inquit,
526 4602 666 4653 sunt
695 4597 764 4652 de
795 4595 1131 4652 cmlestibus
1164 4597 1606 4662 descendentes,
1632 4603 1688 4652 et
1720 4597 1926 4652 anima:

279 4705 407 4760 quae
452 4686 930 4742 desideraverunt
985 4701 1248 4756 corpora.
1311 4685 1613 4755 Siquidem
1691 4701 1935 4756 corpora

279 4776 412 4832 ﬁlia:
442 4775 752 4831 hominum
791 4778 948 4830 sunt.
980 4773 1226 4830 Vidistis
1285 4775 1577 4846 quomodo
1629 4773 1935 4829 Manichaai

281 4866 495 4938 dogma
539 4864 883 4936 consurgit?
943 4863 1104 4918 Sicut
1161 4863 1317 4918 enim
1377 4863 1680 4918 Manichazi
1732 4864 1936 4918 dicunt

281 4955 510 5010 animas
539 4953 900 5008 desiderasse
948 4969 1191 5024 corpora
1242 4952 1520 5021 humana,
1572 4957 1630 5008 et
1681 4952 1932 5008 societas

281 5059 410 5100 esse
443 5043 726 5114 voluptati
758 5057 1103 5120 corporum:
1140 5042 1222 5096 sic
1253 5046 1311 5096 et
1342 5041 1439 5096 isti
1475 5040 1573 5111 qui
1607 5039 1812 5096 dicunt
1841 5059 1938 5096 an-

281 5133 440 5206 gelos
471 5131 835 5188 desiderasse
866 5147 1127 5202 corpora,
1163 5131 1268 5184 hoc
1301 5135 1391 5185 est
1422 5130 1575 5184 ﬁlias
1607 5129 1936 5196 hominum,

284 5237 475 5278 nonne
507 5220 670 5276 vobis
702 5220 972 5274 videntur
1004 5219 1259 5289 idipsum
1293 5219 1482 5275 dicere
1515 5221 1669 5291 quod
1715 5225 1771 5274 et
1828 5224 1941 5274 Ma-

287 5309 493 5366 nichzei
520 5309 547 5363 ?
580 5309 841 5379 Longum
877 5313 964 5362 est
994 5324 1149 5362 nunc
1177 5312 1378 5363 contra
1409 5307 1538 5363 illos
1569 5309 1759 5364 dicere
1793 5327 1804 5363 :
1842 5309 1940 5364 sed

288 5396 698 5456 tantummodo
757 5395 1009 5450 indicare
1065 5395 1242 5463 volui,
1303 5398 1372 5453 de
1452 5415 1566 5469 quo
1643 5397 1940 5454 volumine

374 5616 392 5655 ί
427 5610 622 5672 Facite
648 5608 742 5668 hic
774 5612 862 5667 est
891 5612 1240 5684 Egregorwn
1270 5609 1437 5671 liber.

2024 512 2280 568 ﬁrmant.
2320 515 2565 569 llermon
2613 515 2671 568 in
2720 513 2923 588 lingua
2974 520 3174 573 nostra
3230 505 3668 591 interpretatur,

2029 601 2295 673 ἀνὸθημπι,
2349 603 2452 658 hoc
2510 609 2600 659 est
2646 605 3042 660 condemnatio.
3098 606 3212 661 Ros
3261 623 3397 680 ergo
3445 608 3673 665 Domini

2029 695 2162 746 ante
2191 692 2300 746 fuit
2328 691 2385 746 in
2421 692 2634 764 populo
2663 693 3025 760 Judaeorum,
3069 695 3168 765 qui
3201 699 3402 766 postea
3430 697 3672 754 anathe-

2031 780 2342 835 matizatus
2375 785 2484 852 est,
2509 785 2566 836 et
2587 781 2910 845 benedictio
2943 781 3044 838 illa
3081 799 3207 853 quae
3261 788 3394 841 ante
3441 784 3676 842 descen-

2032 869 2206 923 debat
2236 868 2293 923 in
2328 869 2540 941 populo
2573 869 3079 943 anathematizato,
3129 877 3334 944 postea
3377 875 3677 932 descendit

2032 958 2092 1013 in
2124 963 2381 1014 montem
2413 959 2569 1026 Sion,
2608 960 2711 1015 hoc
2764 965 2853 1017 est
2881 962 2938 1016 in
2972 960 3308 1017 Ecclesiam.
3342 963 3479 1029 Nos,
3511 965 3561 1019 si
3589 969 3677 1022 ta-

2035 1064 2168 1102 men
2201 1049 2270 1103 de
2302 1048 2559 1104 Ecclesia
2589 1066 2796 1104 sumus
2827 1049 3162 1122 (Ecclesiam
3193 1055 3389 1108 autem
3420 1052 3547 1110 dico
3577 1054 3678 1124 do-

2034 1141 2299 1209 gmatum
2329 1137 2650 1206 veritatem,
2685 1138 2895 1194 Christi
2935 1140 3405 1212 confessionem),
3466 1159 3574 1198 nos
3621 1142 3681 1202 in

2035 1225 2346 1280 aediﬁcium
2379 1243 2606 1282 sumus.
2639 1228 2707 1282 Et
2738 1228 2942 1300 quanti
2974 1229 3157 1284 sancti
3182 1229 3241 1285 in
3268 1231 3496 1288 deserto
3520 1237 3680 1303 sunt,

2038 1314 2240 1386 quanti
2275 1315 2344 1370 de
2378 1315 2546 1371 nobis
2579 1333 2692 1372 non
2726 1321 2865 1372 sunt
2893 1317 2953 1372 in
2986 1316 3262 1388 Ecclesia,
3321 1323 3378 1375 et
3434 1318 3518 1374 illi
3578 1321 3678 1392 qui

2038 1419 2152 1458 non
2186 1408 2325 1458 sunt
2357 1405 2425 1460 de
2455 1404 2732 1473 Ecclesia,
2756 1412 3068 1464 versantur
3086 1407 3146 1462 in
3167 1406 3426 1463 Ecclesia
3445 1407 3684 1464 Christi.

2037 1491 2092 1545 Si
2124 1509 2254 1547 vero
2289 1509 2496 1547 sumus
2529 1494 2587 1547 in
2620 1493 2897 1566 Ecclesia,
2931 1495 2980 1550 si
3012 1496 3300 1552 habemus
3356 1497 3532 1556 ﬁdem
3591 1497 3690 1553 Ec-

2041 1581 2250 1648 clesiae,
2285 1581 2461 1636 ﬁdem
2493 1582 2913 1654 apostolorum,
2949 1584 3123 1639 ﬁdem
3165 1585 3397 1652 Christi,
3447 1585 3689 1659 dogma-

2042 1673 2167 1724 tum
2198 1669 2491 1739 veritates,
2526 1676 2754 1727 montes
2787 1689 2996 1728 sumus
3036 1672 3196 1728 Sion.
3229 1673 3514 1730 Nolumus
3563 1689 3691 1731 esse

2041 1759 2112 1812 de
2143 1759 2278 1814 Sion
2309 1758 2509 1828 valles,
2541 1761 2639 1815 sed
2673 1766 2901 1816 montes
2934 1760 3090 1817 Sion.
3126 1761 3306 1818 Habet
3347 1763 3503 1818 enim
3553 1763 3691 1820 Sion

2038 1845 2219 1901 valles
2247 1864 2408 1913 suas,
2442 1847 2616 1902 habet
2645 1853 2701 1904 et
2731 1866 3023 1921 campum.
3056 1851 3398 1923 Quicunque
3428 1855 3696 1924 peccator

2040 1940 2147 2002 est,
2180 1935 2349 1991 vallis
2379 1940 2467 1991 est
2497 1936 2655 1999 Sion,
2690 1953 2805 1992 non
2831 1942 2920 1994 est
2951 1955 3119 1995 mons
3169 1938 3324 1995 Sion.
3378 1939 3540 1996 Dicat
3589 1939 3693 1995 ali-

2040 2024 2203 2094 quis:
2262 2024 2342 2080 De
2390 2029 2490 2079 tuo
2545 2041 2718 2082 sensu
2779 2025 3054 2098 loqueris.
3115 2031 3405 2084 Vocemus
3480 2032 3689 2084 testem

2039 2112 2272 2182 Isaiam,
2331 2129 2395 2168 eo
2459 2118 2718 2186 tempore
2785 2131 2899 2186 quo
2958 2120 3295 2186 peccaverat
3343 2117 3502 2185 Sion,
3562 2121 3696 2189 post

2039 2201 2256 2256 multas
2313 2201 2588 2267 visiones,
2639 2202 2736 2258 ubi
2788 2202 3036 2260 dicitur:
3120 2204 3259 2261 Visio
3325 2214 3515 2262 contra
3566 2206 3692 2263 Idu-

2037 2306 2264 2352 mzeam;
2315 2292 2452 2345 visio
2508 2296 2698 2346 contra
2757 2292 2952 2354 Moab;
3004 2295 3139 2349 visio
3197 2300 3392 2352 contra
3439 2295 3606 2351 Edom
3649 2312 3702 2366 et

2038 2379 2182 2448 ﬁlios
2215 2381 2384 2434 Aman
2413 2381 2538 2448 (lsa.
2590 2382 2808 2448 xm,l;
2867 2399 2958 2446 xv,
3019 2383 3090 2453 l),
3142 2381 3202 2437 in
3256 2382 3461 2442 ultimo
3521 2385 3696 2457 poni-

2036 2472 2168 2534 tur;
2229 2468 2372 2523 visio
2429 2468 2598 2524 vallis
2653 2469 2789 2524 Sion
2848 2470 2979 2539 (lsa.
3041 2489 3180 2536 xxu,
3240 2473 3336 2542 1);
3406 2474 3697 2539 Quoniam

2037 2557 2191 2611 enim
2226 2558 2297 2611 de
2327 2557 2460 2612 ﬁdei
2513 2557 2878 2615 sublimitate
2931 2560 3329 2629 descenderat,
3393 2568 3700 2634 propterea

2039 2646 2109 2700 de
2140 2651 2336 2700 monte
2364 2646 2420 2700 in
2449 2646 2657 2702 vallem
2685 2648 2923 2703 corruit.
2951 2649 3067 2704 Nos
3110 2665 3245 2720 ergo
3302 2650 3558 2721 primum
3608 2652 3699 2707 fu-

2037 2735 2270 2806 giamus
2301 2733 2508 2790 vallem
2565 2735 2739 2790 Sion:
2801 2736 3103 2792 veniamus
3154 2738 3226 2791 ad
3274 2752 3572 2809 campum,
3625 2741 3696 2798 de

2039 2839 2244 2894 campo
2274 2823 2578 2878 veniamus
2610 2824 2682 2878 ad
2714 2824 2922 2880 colles:
2959 2825 3029 2880 de
3088 2825 3335 2881 collibus
3391 2827 3699 2884 veniamus

2039 2912 2112 2967 ad
2146 2915 2392 2966 montes.
2421 2911 2713 2967 Christum
2759 2929 3079 2983 sequamur
3129 2913 3186 2968 in
3242 2915 3565 2972 montibus.
3609 2916 3698 2972 Si-

2041 3001 2277 3071 quidem
2302 2999 2598 3055 fratruelis
2629 3005 2828 3056 noster
2857 3002 3025 3072 quasi
3076 3018 3284 3075 caprea
3327 3007 3383 3058 et
3413 3003 3698 3060 hinnulus

2041 3105 2341 3144 cervorum
2376 3089 2632 3144 transilit
2659 3089 2855 3158 colles,
2890 3094 2946 3145 et
2976 3089 3111 3146 salit
3142 3107 3243 3164 per
3275 3095 3504 3148 montes
3534 3094 3698 3164 (Con.

1958 3167 2000 3233 C
2042 3194 2101 3241 ιι,
2134 3178 2285 3248 8,9).
2319 3179 2484 3233 Unde
2542 3184 2597 3233 et
2654 3179 2978 3234 secundum
3037 3196 3317 3236 ascensus
3365 3182 3693 3251 veritatem,

2035 3283 2148 3321 non
2207 3267 2470 3322 escendit
2522 3266 2580 3321 in
2625 3266 2832 3322 coelum
2893 3272 3026 3340 post
3084 3269 3569 3326 resurrectionem
3622 3271 3694 3326 de

2032 3355 2200 3422 valle,
2238 3356 2338 3410 sed
2373 3357 2442 3410 de
2476 3361 2691 3411 monte.
2723 3357 2837 3412 Nos
2865 3357 2976 3412 nisi
3007 3357 3066 3412 in
3095 3357 3409 3414 virtutibus
3464 3363 3693 3416 montes

2036 3444 2347 3510 fuerimus,
2379 3446 2446 3500 ad
2481 3444 2692 3500 coelum
2728 3463 2842 3500 non
2875 3463 3191 3518 possumus
3221 3449 3549 3503 ascendere.
3574 3447 3695 3504 Illic

2035 3534 2212 3598 enim,
2247 3533 2354 3588 hoc
2385 3539 2474 3588 est
2500 3534 2559 3589 in
2596 3534 2893 3590 montibus
2934 3535 3093 3605 Sion,
3155 3535 3211 3591 in
3260 3537 3599 3604 virtutibus,
3633 3537 3692 3590 in

2037 3623 2170 3692 ﬁde,
2209 3623 2267 3676 in
2303 3623 2688 3690 confessione,
2741 3625 2797 3678 in
2854 3623 3195 3696 dogmatum
3252 3625 3515 3693 veritate,
3575 3625 3698 3681 illic

2035 3715 2126 3766 est
2148 3710 2491 3766 benedictio.

2109 3822 2136 3847 ‹‹
2173 3801 2241 3853 Et
2301 3799 2479 3854 vitam
2533 3817 2720 3873 usque
2779 3801 2836 3855 in
2898 3807 3266 3858 aeternum.»
3323 3803 3456 3860 Vita
3499 3807 3703 3861 nostra

2037 3887 2305 3944 Christus
2338 3893 2445 3944 est.
2479 3890 2587 3955 Qui
2619 3891 2929 3946 conﬁtetur
2966 3891 3284 3960 Christum,
3326 3893 3504 3947 vitam
3560 3892 3707 3946 acci-

2038 3976 2157 4049 piet
2188 3977 2246 4032 in
2281 3977 2494 4033 saecula
2524 3978 2892 4034 saeculorum.
2925 3983 3129 4035 Amen.

2542 4067 2859 4122 PSALMUS
2900 4067 3197 4123 CXXXI“.

2113 4155 2320 4210 «Ecce
2384 4173 2538 4210 nunc
2600 4155 2924 4210 benedicite
2973 4156 3243 4224 Domino,
3293 4173 3496 4212 omnes
3554 4157 3703 4212 servi

2040 4243 2291 4298 Domini.
2323 4266 2348 4291 ››
2378 4247 2681 4298 Extremus
2713 4243 2978 4314 psalmus
3011 4244 3219 4299 cantici
3252 4246 3563 4318 graduum.
3589 4246 3707 4301 Pri-

2044 4349 2176 4386 mus
2205 4332 2496 4402 graduum
2528 4331 2794 4402 psalmus
2830 4331 3054 4387 fuerat:
3108 4333 3188 4388 Ad
3237 4334 3531 4390 Dominum
3581 4352 3707 4390 cum

2041 4421 2342 4474 tribularer
2370 4417 2638 4484 clamavi,
2697 4424 2746 4474 et
2803 4421 3094 4476 exaudivit
3153 4439 3271 4477 me:
3330 4422 3389 4478 in
3444 4424 3705 4479 secundo

2041 4509 2501 4564 conscenderat:
2558 4510 2753 4563 Levavi
2809 4510 2989 4564 oculos
3045 4526 3192 4565 meos
3249 4512 3305 4565 in
3366 4521 3591 4567 montes.
3644 4513 3709 4566 In

2046 4597 2248 4653 tertio:
2283 4600 2528 4653 Laelalus
2557 4615 2676 4652 sum
2701 4600 2756 4652 in
2791 4598 2874 4653 his
2904 4614 3033 4670 qua
3057 4599 3203 4655 dicta
3232 4610 3364 4655 sunt
3421 4602 3597 4656 mihi:
3650 4601 3710 4655 in

2049 4690 2289 4758 quarto:
2321 4687 2410 4741 Ad
2438 4690 2489 4742 te
2532 4687 2711 4741 levavi
2767 4688 2952 4743 oculos
3013 4704 3179 4759 meos,
3237 4690 3333 4760 qui
3391 4689 3606 4744 habitas
3649 4690 3710 4743 in

2052 4777 2202 4829 owlo.
2234 4775 2437 4830 Videte
2469 4777 2762 4847 quomodo
2787 4776 3070 4848 paulatim
3086 4778 3348 4832 ascendit
3367 4795 3467 4848 per
3491 4779 3711 4851 gradus

2055 4869 2112 4918 et
2142 4865 2213 4919 ad
2248 4864 2595 4919 sublimiora
2625 4866 2904 4936 pervenit.
2950 4867 3212 4938 Longum
3245 4872 3352 4934 est,
3386 4868 3433 4922 si
3464 4867 3711 4924 velimus

2053 4952 2422 5025 singulorum
2455 4953 2820 5026 psalmorum
2853 4954 3064 5010 horum
3096 4955 3384 5026 graduum
3416 4956 3704 5030 principia

2051 5042 2264 5097 dicere.
2318 5041 2487 5096 Venit
2541 5045 2611 5096 ad
2659 5043 2898 5097 tertium
2933 5042 3225 5098 decimum
3256 5043 3716 5115 psalmum,imo

2050 5131 2206 5183 venit
2236 5130 2306 5184 ad
2341 5129 2774 5199 duodecimum,
2835 5136 2893 5186 et
2949 5137 3078 5203 post
3135 5149 3370 5188 omnem
3428 5134 3708 5190 virtutem

2049 5218 2129 5273 hu
2142 5218 2450 5273 militatem
2477 5219 2690 5290 posuit.
2709 5219 2950 5275 Frustra
2965 5220 3121 5276 enim
3143 5221 3431 5278 habemus
3448 5224 3710 5296 virtutes,

2052 5306 2100 5363 si
2124 5325 2237 5363 non
2270 5308 2406 5379 ipsae
2439 5308 2685 5364 virtutes
2718 5308 3047 5364 humilitate
3070 5309 3301 5366 Domini
3324 5319 3703 5370 coronentur.

2053 5396 2095 5460 Q
2111 5394 2207 5451 uid
2244 5396 2399 5452 enim
2426 5397 2606 5452 dixit?
2633 5399 2994 5468 Do-mine,non
3009 5403 3088 5455 est
3108 5401 3411 5458 exaltatum
3427 5418 3712 5458 cormeum

2129 5614 2317 5669 iPuta
2348 5610 2679 5689 Origenem,
2717 5612 3084 5689 Commentar,
3115 5616 3172 5674 in
3200 5615 3317 5677 Job.
