3992 6194
330 278 486 335 1295

1822 277 2240 338 APPENDIX.

3587 279 3733 341 1296

323 425 498 481 neque
525 409 658 465 elati
699 413 824 464 sunt
879 410 1028 464 oculi
1079 424 1186 463 me:
1246 409 1416 479 (Psal.
1472 425 1630 475 cxxx,
1693 411 1765 478 1.).
1824 410 1974 473 Quo-
2005 423 2060 490 Α
2089 411 2247 481 dere,
2278 415 2678 479 contemnunt,
2707 417 2764 467 et
2792 411 3156 468 familiaritas
3201 411 3548 484 superbiam
3582 412 3725 468 facit.

324 498 484 556 niam
506 514 642 570 ergo
673 497 958 554 humilem
1007 515 1069 553 se
1117 501 1564 564 monstraverat,
1612 498 1823 553 Christi
1873 500 1972 554 ad-

322 591 564 643 ventum
594 586 871 659 postulat.
905 588 974 642 Et
1017 585 1156 658 quid
1199 587 1386 641 dicit?
1410 588 1691 651 Memento,
1724 589 1971 655 Domine,

321 676 501 731 David
527 684 579 731 et
605 678 782 732 omnis
813 675 1253 731 mansuetudinis
1281 677 1401 746 ejus
1433 677 1603 745 (Psal.
1652 691 1839 747 cxxxr,
1900 677 1971 746 1).

320 774 390 829 Et
411 790 647 830 rursum
679 775 738 829 in
768 773 880 829 alio
910 773 1071 830 loco:
1105 777 1336 846 Propter
1364 775 1533 828 David
1560 791 1779 830 servum
1820 779 1976 829 tuum

327 879 439 918 non
468 871 686 918 avertas
713 866 914 934 faciem
945 863 1152 919 Christi
1188 865 1272 918 tui
1319 862 1476 932 (Ibid.
1524 865 1630 934 10).
1689 863 1972 926 Quoniam

327 953 552 1024 accepit
600 952 917 1022 Christum,
969 956 1102 1025 post
1157 953 1333 1008 ﬁdem
1390 952 1601 1008 Christi
1655 953 1974 1008 Ecclesiam

327 1045 659 1114 congregat.
698 1043 768 1096 Et
796 1042 938 1113 quid
989 1041 1177 1097 dieit?
1234 1045 1366 1096 Ecce
1421 1057 1588 1112 quam
1645 1041 1863 1110 bonum,
1924 1049 1975 1096 et

321 1146 488 1200 quam
537 1130 859 1198 iucundum,
905 1131 1157 1187 habitare
1211 1132 1412 1201 fratres
1463 1132 1521 1185 in
1574 1147 1746 1184 unum
1799 1130 1972 1200 (Psal.

320 1235 523 1274 cxxxn.
559 1219 911 1290 1).Ecclesia
942 1220 1168 1275 Domini
1221 1223 1572 1292 congregata
1617 1222 1723 1274 est.
1780 1219 1976 1273 Novis-

320 1307 508 1364 simus
539 1307 804 1380 psalmus
853 1308 991 1380 quid
1019 1309 1197 1364 dicit?
1228 1332 1256 1359 «
1289 1310 1431 1364 Ecce
1463 1325 1617 1363 nunc
1650 1307 1974 1363 benedicite

320 1397 657 1468 Dominum,
686 1415 890 1454 omnes
921 1399 1070 1454 servi
1102 1398 1350 1453 Domini.
1383 1420 1410 1446 ››
1444 1397 1731 1463 Quoniam
1752 1398 1974 1452 bonum

319 1491 427 1558 est,
463 1489 522 1544 et
570 1489 904 1558 jucundum
962 1488 1223 1542 habitare
1275 1487 1482 1542 fratres
1531 1486 1588 1540 in
1650 1503 1856 1553 unum,
1919 1489 1976 1539 et

320 1576 464 1632 estis
510 1577 728 1648 pariter
784 1576 1148 1648 congregati:
1187 1576 1390 1630 «Ecce
1439 1591 1594 1629 nunc
1648 1573 1973 1630 benedicite

320 1665 658 1720 Dominum.
685 1687 712 1714 »
745 1687 774 1713 ‹‹
804 1666 970 1720 Nunc
1017 1664 1338 1719 benedicite
1397 1663 1788 1727 Dominum,»
1841 1666 1973 1734 post

320 1753 637 1807 adventum
690 1752 941 1808 Christi:
989 1751 1127 1824 quia
1182 1751 1514 1824 congregati
1565 1751 1706 1806 estis
1761 1751 1820 1806 in
1881 1767 1970 1805 eo.

322 1841 491 1897 Nunc
519 1841 843 1897 benedicite
872 1841 932 1896 in
965 1840 1172 1896 ultimo
1203 1841 1493 1913 graduum
1526 1839 1784 1910 psalmo:
1837 1839 1974 1911 quia

315 1930 377 1985 in
417 1930 761 1986 summitate
788 1931 1072 1986 virtutum
1104 1929 1437 2002 congregati
1467 1928 1628 1984 estis.
1647 1931 1972 2000 Antequam

319 2035 456 2092 ergo
485 2020 864 2093 perveneritis
895 2021 966 2076 ad
997 2019 1268 2091 quintum
1303 2019 1597 2074 decimum
1654 2019 1967 2090 graduum,

315 2117 428 2174 hoc
475 2123 585 2187 est,
646 2121 719 2175 ad
768 2117 1084 2185 excelsum,
1135 2135 1248 2174 non
1301 2117 1578 2190 poteratis
1631 2116 1968 2172 benedicere

317 2208 587 2266 Domino.
620 2210 769 2281 Ergo
819 2225 975 2264 nunc
1001 2209 1128 2263 dico
1166 2207 1366 2262 vobis:
1429 2207 1624 2261 «Ecce
1678 2222 1835 2260 nunc
1867 2205 1963 2260 be-

315 2297 566 2354 nedicite
597 2298 863 2353 Domino.
886 2318 912 2350 u
943 2298 1182 2363 Quando
1205 2296 1439 2364 dicitur,
1471 2311 1621 2351 ecce:
1684 2294 1966 2366 quodam-

317 2387 491 2443 modo
533 2403 626 2442 res
654 2387 834 2457 digito
890 2388 1347 2442 demonstratur.
1405 2407 1432 2434 «
1469 2385 1610 2440 Ecce
1661 2400 1817 2438 nunc
1865 2383 1965 2437 be-

312 2474 566 2530 nedicite
599 2474 894 2530 Domino.»
915 2475 1023 2538 Qui
1046 2474 1369 2529 benedicite
1383 2473 1631 2528 Domino
1653 2473 1679 2526 ?
1705 2495 1731 2521 ‹‹
1749 2473 1966 2526 Omnes

307 2562 460 2618 servi
516 2562 786 2631 Domini;
821 2585 848 2612 »
882 2563 983 2634 qui
1022 2580 1138 2618 non
1177 2561 1317 2618 estis
1364 2561 1512 2616 servi
1562 2560 1800 2632 peccati,
1861 2561 1962 2614 sed

305 2652 457 2708 servi
485 2652 737 2708 Domini.
772 2653 1054 2708 Putamus
1083 2668 1290 2724 parum
1322 2667 1450 2706 esse
1498 2649 1653 2721 quod
1710 2648 1960 2704 dicitur:

303 2743 456 2814 Ergo
485 2758 689 2798 servus
721 2741 950 2797 Domini
981 2741 1158 2796 sum?
1184 2740 1429 2796 Summa
1482 2740 1668 2792 virtus
1718 2741 1806 2792 est
1855 2737 1962 2792 hoc

302 2831 536 2888 mereri.
569 2832 869 2895 Quomodo
890 2830 917 2886 ?
947 2829 1123 2894 Quasi
1151 2829 1494 2901 dignitatem
1533 2826 1807 2896 vindicat,
1860 2826 1961 2897 qui

307 2921 449 2977 dicit
479 2939 497 2976 :
530 2921 679 2993 Ergo
701 2937 906 2976 servus
935 2919 1305 2990 imperatoris
1338 2933 1493 2986 sum,
1517 2921 1575 2971 et
1598 2933 1767 2971 nemo
1787 2915 1962 2970 audet

305 3011 578 3067 accedere
609 3011 681 3065 ad
710 3025 940 3065 servum
972 3007 1378 3080 imperatoris:
1443 3005 1526 3060 sic
1584 3004 1813 3059 inﬁnita
1869 3003 1957 3057 di-

305 3099 502 3171 gnitas
560 3115 622 3155 se
673 3096 863 3154 dicere
922 3114 1050 3153 esse
1098 3112 1332 3152 servum
1387 3093 1632 3150 Domini.
1687 3092 1847 3148 Unde
1902 3096 1958 3147 et

2004 1802 2050 1866 B

2089 501 2158 554 Et
2192 516 2296 555 nos
2329 500 2509 572 igitur
2539 519 2652 555 non
2685 501 2968 556 debemus
3012 501 3083 555 de
3130 501 3560 556 consuetudine
3610 519 3732 557 con-

2084 591 2342 644 temnere
2376 590 2694 644 bonitatem
2731 590 2832 644 Dei
2852 590 3057 645 nostri.
3083 590 3420 646 Benedicite
3450 607 3590 662 ergo
3632 592 3739 647 Do~

2085 677 2335 744 minum,
2366 695 2568 733 omnes
2599 678 2770 744 servi,
2795 679 3061 734 Domini:
3087 679 3226 750 quia
3248 696 3366 734 non
3397 680 3550 735 estis
3593 683 3739 735 servi

2084 768 2324 838 peccati,
2357 769 2456 822 sed
2481 769 2627 823 servi
2665 767 2908 823 Domini.
2945 790 2972 817 ‹‹
2998 769 3211 824 Omnes
3242 770 3391 824 servi
3419 769 3684 840 Domini,
3717 795 3739 819 ι

2085 855 2185 926 qui
2202 855 2391 910 solum
2407 856 2719 911 Dominum
2733 856 2960 911 habetis
2973 857 3214 912 Deum.«
3233 858 3459 912 Omnes
3473 858 3632 912 servi
3645 859 3739 913 Do-

2085 943 2250 1012 mini,
2273 968 2299 994 »
2317 945 2532 1016 quibus
2553 945 2640 1000 ira
2660 945 3066 1017 nonimperat:
3096 946 3153 1001 in
3177 946 3607 1017 quibuslibido
3640 965 3743 1003 non

2086 1038 2285 1104 regnat
2315 1059 2327 1101 ;
2356 1034 2412 1088 in
2447 1035 2664 1106 quibus
2687 1033 2799 1088 alia
2821 1040 3057 1106 peccata
3078 1052 3192 1089 non
3216 1040 3507 1106 regnant:
3530 1036 3743 1107 quibus

2085 1139 2199 1177 non
2235 1123 2614 1177 dominantur
2641 1122 2798 1190 vitia,
2831 1121 2915 1176 illi
2949 1122 3328 1178 dominantur
3381 1141 3420 1178 a
3473 1125 3743 1180 Domino.

2092 1230 2112 1254 ι
2147 1210 2362 1266 Omnes
2393 1210 2540 1266 servi
2564 1210 2815 1267 Domiui.
2845 1233 2872 1260 »
2893 1210 3138 1265 Videtur
3157 1211 3744 1284 hucusquestetisse.

2082 1301 2190 1354 Sed
2225 1300 2414 1356 videte
2447 1305 2851 1372 augmentum.
2886 1300 3009 1354 Non
3042 1301 3260 1356 sufficit
3289 1301 3495 1356 solum
3549 1319 3745 1358 servos

2083 1405 2212 1444 esse
2234 1389 2488 1456 Domini,
2513 1389 2626 1444 nisi
2646 1394 2701 1444 et
2726 1389 2839 1461 ipsi
2863 1388 3011 1444 servi
3060 1393 3232 1445 stent.
3265 1390 3372 1446 Alii
3407 1391 3582 1446 enim
3616 1401 3749 1447 sunt

2083 1480 2185 1549 qui
2219 1483 2396 1545 stant,
2450 1478 2547 1533 alii
2606 1480 2706 1549 qui
2757 1479 2996 1544 cadunt,
3057 1477 3154 1533 alii
3214 1479 3313 1551 qui
3373 1480 3599 1535 sedent
3655 1483 3745 1537 alii

2084 1570 2181 1638 qui
2207 1570 2426 1639 jaceat.
2462 1569 2608 1639 Ergo
2639 1569 2739 1639 qui
2761 1568 2994 1638 cadunt,
3021 1571 3120 1640 qui
3143 1569 3371 1634 sedent,
3397 1570 3745 1641 quijacent,

2084 1656 2167 1710 illi
2202 1674 2315 1712 non
2364 1659 2613 1728 possunt
2661 1657 2899 1711 laudare
2949 1657 3284 1712 Dominum.
3336 1657 3462 1713 Vos
3511 1658 3744 1716 laudate

2083 1746 2180 1816 qui
2213 1746 2403 1801 statis.
2442 1747 2550 1800 Sed
2589 1745 2743 1800 dicat
2783 1745 3016 1816 aliquis,
3061 1746 3234 1801 Stant
3284 1751 3342 1801 et
3383 1746 3516 1803 alii.
3555 1749 3739 1804 Multa

2081 1839 2220 1889 sunt
2269 1834 2573 1900 Ecclesiae;
2629 1833 2823 1889 multa:
2880 1839 3019 1889 sunt
3075 1836 3594 1907 congregationes.
3642 1839 3737 1901 Qui

2081 1939 2216 1994 ergo
2246 1925 2449 1979 stant?
2485 1923 2682 1978 Ariani
2735 1925 2938 1978 stant?
2987 1924 3303 1979 Nominant
3342 1925 3657 1982 Christum
3687 1933 3736 1982 et

2080 2012 2446 2080 Eunomiani,
2472 2017 2528 2068 et
2546 2017 2759 2068 caeteras
2782 2013 3030 2068 haereses
3057 2031 3069 2080 ;
3103 2030 3238 2086 ergo
3288 2019 3461 2070 stant
3481 2015 3511 2068 ?
3544 2016 3620 2070 Ne
3649 2016 3735 2070 vi-

2080 2101 2314 2156 deretur
2330 2117 2464 2173 ergo
2485 2101 2598 2156 illis
2621 2101 2758 2157 dare
2775 2101 3068 2157 licentiam
3091 2101 3375 2158 laudandi
3389 2103 3729 2174 Dominum,

2075 2190 2264 2246 videte
2296 2191 2436 2261 quid
2467 2190 2662 2246 dicat:

2149 2321 2174 2347 ‹‹
2209 2297 2315 2362 Qui
2338 2297 2507 2354 statis
2529 2298 2586 2351 in
2611 2298 2785 2353 domo
2807 2297 3062 2364 Domini,
3085 2298 3144 2352 in
3177 2299 3347 2355 atriis
3379 2301 3612 2359 domus
3639 2304 3729 2360 Dei

2076 2386 2280 2442 nostri.
2318 2409 2345 2436 »
2379 2387 2451 2441 Ut
2471 2387 2796 2442 secundum
2821 2388 2974 2457 quod
3005 2387 3085 2441 ait
3132 2388 3462 2460 Apostolus
3490 2409 3504 2446 :
3542 2393 3733 2458 Donec,

2075 2475 2284 2546 inquit,
2335 2477 2514 2541 venio,
2572 2480 2634 2529 ut
2688 2476 2828 2530 scias
2883 2475 3145 2547 quomodo
3203 2476 3478 2548 disponas
3520 2481 3734 2536 domum

2074 2564 2189 2632 Dei,
2210 2582 2337 2632 quae
2360 2570 2448 2620 est
2465 2563 2717 2620 Ecclesia
2733 2565 2777 2635 (ι
2810 2565 2943 2633 Tim,
2977 2566 3165 2636 111,15)
3189 2567 3450 2623 Ecclesia
3484 2586 3606 2625 non
3638 2589 3733 2642 pa-

2073 2653 2317 2708 rietibus
2339 2653 2628 2723 consistit,
2663 2653 2763 2708 sed
2803 2652 2860 2708 in
2907 2653 3247 2725 dogmatum
3297 2657 3576 2715 veritate.
3630 2660 3733 2716 Ec-

2072 2739 2248 2796 clesia
2278 2741 2355 2796 ibi
2389 2746 2477 2796 est
2499 2743 2599 2797 ubi
2626 2742 2770 2797 fides
2800 2758 2936 2797 vera
2965 2747 3072 2797 est.
3106 2743 3391 2800 Caeterum
3440 2753 3586 2804 ante
3625 2766 3735 2804 an-

2071 2847 2177 2885 nos
2199 2830 2532 2901 quindecim
2566 2835 2669 2886 aut
2701 2831 2922 2902 viginti,
2948 2832 3198 2902 parietes
3238 2850 3438 2890 omnes
3487 2836 3585 2890 hic
3615 2839 3728 2892 Ec-

2070 2919 2382 2975 clesiarum
2405 2920 2660 2975 haeretici
2707 2920 3102 2992 possidebant.
3134 2923 3280 2978 Ante
3324 2925 3525 2995 viginti
3555 2927 3730 2983 enim

2068 3025 2274 3078 annos,
2307 3026 2511 3064 omnes
2535 3008 2818 3064 Ecclesias
2867 3009 2975 3064 has
3005 3009 3270 3066 haereteci
3313 3013 3727 3083 possidebant.

2066 3098 2322 3154 Ecclesia
2353 3102 2545 3154 autem
2579 3115 2714 3154 vera
2743 3098 2863 3154 illic
2884 3104 3028 3167 erat,
3081 3100 3182 3154 ubi
3211 3117 3347 3156 vera
3395 3103 3552 3159 ﬁdes
3584 3111 3726 3162 erat.

298 3161 615 3260 Apostolus
647 3187 717 3242 de
748 3185 1022 3242 servitute
1069 3184 1299 3241 Domini
1331 3183 1632 3255 gloriatur,
1667 3187 1724 3237 et
1753 3180 1957 3237 scribit
1986 3161 2028 3228 (ἶ
2068 3187 2213 3259 Ergo
2238 3204 2335 3243 vos
2358 3187 2682 3242 benedicite
2701 3187 2970 3253 Domino,
2996 3161 3097 3258 qui
3119 3187 3256 3243 estis
3274 3191 3432 3245 servi
3471 3194 3726 3248 Domini.

301 3276 363 3332 in
386 3276 674 3348 principio
716 3274 1108 3348 Epistolarum
1168 3290 1450 3330 suarum:
1510 3273 1720 3327 Paulus
1773 3286 1956 3324 servus

302 3365 516 3422 Christi
571 3367 747 3437 (Rom.
804 3384 822 3419 1
871 3365 1042 3437 seqq).
1101 3364 1168 3418 Et
1222 3363 1292 3417 de
1348 3365 1539 3433 Moyse
1593 3358 1835 3414 dicitur:
1893 3359 1957 3412 Et

302 3472 415 3512 non
452 3458 592 3511 sicut
638 3460 853 3527 Moyses
906 3454 1150 3525 famulus
1206 3468 1378 3519 meus,
1421 3451 1512 3505 cui
1565 3451 1776 3503 locutus
1831 3463 1955 3501 sum

296 3547 445 3616 facie
471 3545 541 3599 ad
559 3547 762 3615 [aciem
784 3545 959 3614 (Deut.
991 3560 1179 3613 xxxrv,
1214 3543 1321 3610 10).
1354 3539 1555 3594 Videte
1587 3539 1726 3609 quid
1760 3537 1949 3591 dicat:

297 3633 531 3688 Castoris
552 3631 784 3688 locutus
814 3649 946 3687 sum
988 3633 1046 3686 in
1103 3630 1323 3686 visione
1378 3633 1436 3684 et
1494 3629 1554 3682 in
1603 3627 1948 3698 aenigmate:

297 3730 411 3786 sed'
427 3745 543 3785 non
567 3729 720 3785 sicut
749 3729 931 3801 Moysi
965 3728 1181 3784 famulo
1213 3744 1363 3794 meo,
1397 3726 1490 3781 cui
1538 3725 1768 3779 locutus
1817 3739 1949 3778 sum

296 3819 444 3874 facie
492 3819 564 3874 ad
612 3817 840 3874 faciem.
906 3818 1193 3872 Ponamus
1244 3815 1596 3886 exemplum.
1673 3813 1950 3868 Dicamus

296 3925 426 3965 esse
453 3907 710 3980 aliquem
738 3906 1043 3962 dominum
1066 3903 1446 3959 ditissimum.
1482 3904 1594 3957 Iste
1649 3902 1825 3956 habet
1855 3900 1949 3955 fa-

296 3998 522 4054 miliam
549 4014 562 4054 :
591 3996 768 4052 habet
795 4000 852 4051 et
881 4011 1077 4051 servos
1108 3993 1208 4064 qui
1239 3990 1350 4047 sibi
1384 3991 1739 4045 ministrent.
1772 3990 1949 4043 Num-

293 4087 434 4160 quid
464 4091 689 4144 tantam
719 4085 938 4141 habent
993 4082 1269 4138 fiduciam
1326 4078 1475 4136 servi
1532 4078 1631 4150 qui
1689 4078 1748 4130 in
1796 4076 1948 4132 villis

295 4180 456 4244 sunt,
491 4180 779 4247 quantum
804 4173 887 4228 illi
920 4173 1022 4245 qui
1079 4170 1340 4244 quotidie
1394 4163 1782 4223 ministrant?
1825 4164 1946 4220 Illis

294 4280 513 4334 magna
541 4264 798 4335 dignitas
828 4268 936 4330 est,
970 4261 1071 4333 qui
1104 4260 1307 4316 faciem
1354 4258 1550 4313 vident
1595 4254 1838 4323 domini,
1890 4259 1946 4308 et

299 4351 640 4408 ministrant
671 4352 747 4408 ei.
794 4350 1062 4422 Denique
1119 4348 1308 4406 caeteri
1363 4348 1534 4415 servi,
1592 4345 1692 4417 qui
1737 4343 1939 4399 faciem

288 4457 406 4498 non
419 4441 616 4496 vident
635 4440 854 4496 domini
869 4439 1039 4509 sui,si
1058 4437 1348 4494 voluerint
1369 4435 1591 4507 aliquid
1608 4434 1940 4505 impetrare,

2066 3276 2190 3330 Non
2221 3280 2311 3332 est
2340 3276 2585 3347 pulchra
2615 3275 2874 3332 laudatio
2904 3277 2964 3330 in
2997 3293 3096 3332 ore
3127 3280 3462 3348 peccatoris
3527 3285 3724 3352 (Ecdi.

2065 3382 2158 3428 xv,
2190 3366 2268 3436 9).
2303 3367 2450 3437 Ergo
2481 3383 2582 3421 vos
2612 3364 2864 3430 laudate,
2901 3366 3001 3437 qui
3032 3367 3172 3422 estis
3204 3369 3355 3422 servi
3379 3369 3651 3440 Domini,
3676 3379 3726 3427 et

2064 3454 2162 3524 qui
2186 3454 2326 3509 estis
2353 3454 2522 3522 servi,
2549 3459 2604 3510 et
2632 3453 2820 3510 statis.
2855 3456 2961 3520 Qui
2995 3455 3204 3511 statis?
3231 3460 3468 3527 Statuit,
3511 3461 3722 3532 inquit,

2061 3559 2234 3612 supra
2276 3548 2492 3613 petram
2530 3543 2689 3613 pedes
2748 3559 2893 3598 meos
2953 3544 3124 3613 (Psal.
3173 3562 3366 3616 xxxrx,
3413 3549 3498 3617 ὓ).
3555 3551 3622 3604 Et
3649 3552 3719 3606 ad

2062 3631 2338 3702 Moysen:
2376 3633 2448 3687 Tu
2475 3648 2601 3687 vero
2632 3631 2721 3686 hic
2770 3637 2855 3687 sta
2895 3649 3105 3687 meeum
3155 3635 3347 3705 (Exod.
3407 3655 3607 3706 xxxrv,
3640 3641 3715 3707 2).

2063 3721 2214 3775 Deus
2247 3720 2408 3776 stetit
2433 3721 2491 3774 in
2507 3737 2802 3792 synagoga
2833 3722 3095 3777 deorum.
3129 3746 3156 3770 «
3190 3723 3260 3777 Et
3299 3726 3405 3795 qui
3463 3730 3652 3798 statis,
3687 3752 3713 3775 ε

2060 3826 2175 3864 non
2208 3810 2564 3881 ubicunque,
2598 3811 2720 3876 sed,
2755 3833 2780 3858 «
2815 3810 2874 3865 in
2925 3812 3096 3866 domo
3127 3811 3250 3878 Dei,
3303 3813 3362 3866 in
3398 3817 3576 3872 atriis
3617 3819 3716 3872 do-

2060 3915 2193 3954 Inus
2225 3899 2322 3954 Dei
2373 3899 2579 3953 nostri.
2613 3920 2640 3946 »
2693 3901 2752 3953 In
2804 3899 3103 3955 Hebraicis
3148 3899 3561 3959 voluminibus
3601 3925 3714 3963 non

2057 3988 2321 4054 habetur,
2357 3989 2457 4043 sed
2491 3987 2546 4042 in
2571 3988 2837 4059 sequenti
2888 3989 3113 4059 psalmo
3145 3995 3233 4045 est
3262 3991 3434 4061 (Psal,
3481 4011 3714 4066 cxxxrv,

2053 4079 2130 4148 2).
2166 4079 2464 4142 Quomodo
2494 4078 2649 4132 enim
2680 4079 2946 4148 sequitur
2970 4079 3027 4132 in
3050 4079 3176 4150 ipso
3201 4081 3421 4151 psalmo
3444 4082 3474 4135 ?
3502 4108 3532 4132 ‹‹
3556 4085 3716 4140 Lau-

2056 4168 2187 4221 date
2215 4183 2426 4222 nomen
2459 4166 2712 4237 Domini,
2747 4165 2981 4223 laudate
3026 4169 3173 4223 servi
3223 4171 3546 4225 Dominum.
3587 4175 3710 4238 Qui

2054 4255 2303 4312 statisin
2332 4256 2504 4310 domo
2526 4255 2711 4322 Domi,
2745 4256 2804 4309 in
2837 4257 2999 4312 atriis
3046 4257 3260 4314 domus
3298 4257 3394 4313 Dei
3441 4262 3647 4316 nostri
3683 4288 3707 4312 1

2053 4347 2222 4417 (Psat.
2258 4345 2510 4414 cxxxm).
2546 4344 2832 4408 Quoniam
2865 4361 3000 4417 ergo
3030 4345 3140 4401 iste
3170 4346 3435 4419 psalmus
3483 4349 3711 4412 habet:

2057 4454 2083 4481 ‹‹
2112 4433 2215 4497 Qui
2251 4433 2419 4488 statis
2453 4433 2510 4487 in
2544 4433 2716 4489 domo
2750 4433 3003 4501 Domini,
3037 4435 3094 4488 in
3137 4436 3302 4492 atriis
3361 4438 3581 4495 domus
3617 4443 3713 4497 Dei

289 4556 601 4597 conservos
633 4542 856 4611 petunt.
891 4538 1007 4592 Hoc
1039 4541 1226 4592 totum
1259 4551 1438 4606 quare
1463 4533 1625 4588 dixi?
1663 4532 1942 4586 Dominus
1972 4528 2019 4592 D
2052 4522 2257 4611 DOSiri,
2309 4545 2335 4572 υ
2386 4527 2702 4611 propterea,
2741 4521 2978 4592 quidam
3038 4525 3261 4595 putavit
3320 4531 3382 4581 et
3438 4529 3499 4582 in
3575 4530 3708 4601 ipso

284 4629 676 4686 nosterJesus
700 4628 879 4683 habet
909 4627 1032 4698 ipse
1078 4623 1327 4680 multam
1385 4621 1707 4687 familiam;
1764 4619 1938 4674 habet

284 4719 452 4792 quasi
486 4720 558 4774 ad
591 4718 796 4772 faciem
817 4732 1008 4783 suam,
1043 4714 1142 4786 qui
1182 4713 1292 4770 sibi
1325 4710 1700 4776 ministrant;
1762 4708 1937 4762 habet

282 4809 428 4865 alios
459 4809 518 4864 in
550 4807 726 4880 agris.
760 4805 1074 4861 Menachos
1103 4809 1159 4859 et
1184 4803 1439 4880 virgines
1473 4816 1576 4871 ego
1610 4804 1751 4870 puto
1802 4796 1934 4851 illos

280 4914 430 4968 esse,
464 4898 566 4970 qui
589 4876 667 4952 ad
728 4895 934 4952 faciem
987 4876 1606 4949 ministrant'domino
1661 4904 1787 4953 suo,
1834 4902 1930 4940 sa:-

278 4986 506 5042 culares
537 4990 731 5043 autem
764 4985 864 5056 qui
898 4988 1034 5039 sunt
1082 4981 1251 5055 quasi
1294 4982 1351 5034 in
1397 4995 1556 5051 agro,
1609 4977 1679 5032 de
1711 4974 1932 5030 familia

275 5091 405 5130 sua.
437 5076 699 5146 Denique
725 5074 810 5129 illi
843 5074 942 5146 qui
973 5077 1112 5128 sunt
1139 5071 1199 5126 in
1229 5071 1408 5143 agris,
1443 5069 1586 5122 istos
1631 5063 1930 5137 postulant

277 5169 344 5219 ut
374 5170 578 5236 rogent
610 5164 939 5233 dominum,
973 5163 1022 5218 si
1056 5161 1196 5234 quid
1238 5157 1634 5215 necessarium
1687 5154 1924 5208 habent.

2051 4609 2278 4682 psalmo
2308 4612 2408 4682 qui
2442 4610 2770 4683 prwcessit:
2811 4632 2838 4664 α
2867 4611 2972 4675 Qui
3006 4613 3173 4667 statis
3205 4613 3263 4667 in
3297 4616 3482 4672 domo
3513 4620 3706 4674 Domi-

2049 4700 2128 4764 ni,
2165 4722 2192 4748 »
2223 4700 2431 4755 debere
2469 4700 2713 4755 addere:
2766 4724 2792 4749 ‹‹
2843 4705 2906 4754 In
2957 4701 3120 4756 atriis
3167 4702 3384 4759 domus
3435 4705 3543 4761 Dei
3605 4725 3706 4764 no-

2047 4789 2173 4844 stri.
2216 4810 2236 4838 α
2272 4789 2418 4852 Quid
2477 4792 2672 4844 autem
2723 4789 3029 4861 signiﬁcet,
3077 4814 3103 4840 ‹‹
3160 4791 3215 4846 in
3265 4794 3435 4849 atriis
3489 4798 3704 4853 domus

2043 4878 2143 4934 Dei
2177 4879 2382 4934 nostri.
2417 4901 2444 4926 »
2478 4882 2535 4933 et
2567 4895 2694 4950 quae
2725 4879 2801 4934 sit
2830 4879 3156 4935 differentia
3184 4882 3400 4938 domus
3429 4891 3492 4939 et
3523 4889 3700 4942 atrio-

2043 4984 2197 5034 rum,
2221 4967 2279 5021 in
2312 4966 2576 5038 sequenti
2611 4966 2839 5038 psalmo
2871 4983 3003 5024 cum
3051 4968 3238 5026 lectus
3287 4971 3484 5042 fuerit,
3522 4975 3703 5032 disse-

2040 5061 2216 5110 retur.

2114 5185 2141 5212 «
2173 5163 2235 5218 In
2267 5162 2537 5218 noctibus
2568 5163 2823 5220 extollite
2844 5182 3054 5220 manus
3077 5170 3299 5222 vestras
3323 5167 3382 5222 in
3407 5177 3633 5226 sancta.
3668 5197 3692 5218 »κ

275 5253 563 5317 Quantam
593 5253 977 5324 habent'ergo
1009 5251 1380 5322 dignitatem,
1412 5246 1513 5318 qui
1545 5242 1806 5316 quotidie
1836 5242 1922 5295 vi-

274 5343 414 5399 dent
443 5340 650 5396 faciem
680 5341 922 5409 domini,
970 5345 1194 5396 tantam
1247 5338 1468 5394 habent
1522 5349 1776 5406 pmnam,
1822 5332 1924 5402 qui

271 5431 582 5505 negliguut
611 5430 1002 5485 ministerium
1037 5429 1280 5485 domini.
1335 5427 1535 5482 Solent
1583 5426 1739 5482 enim
1784 5427 1920 5483 mali

270 5523 442 5592 servi,
469 5520 705 5594 quando
725 5523 864 5574 sunt
885 5519 943 5573 in
969 5520 1146 5591 agris,
1175 5517 1363 5590 magis
1387 5517 1591 5573 timere
1614 5518 1918 5575 dominum

270 5614 413 5700 quia
441 5629 558 5675 non
589 5610 809 5669 vident.
860 5608 920 5666 Si
971 5613 1167 5666 autem
1215 5607 1474 5682 quotidie
1523 5609 1804 5684 coeperint
1839 5608 1920 5665 vi-

2036 5251 2269 5306 lllundus
2300 5254 2403 5306 iste
2432 5255 2491 5306 in
2521 5253 2775 5323 maligno
2820 5256 3030 5325 positus
3084 5264 3165 5310 est
3219 5258 3268 5324 (Ι
3293 5258 3457 5313 Joan.
3491 5277 3543 5328 v,
3581 5262 3691 5330 19),

2035 5346 2087 5395 et
2119 5357 2227 5395 non
2255 5349 2332 5396 est
2363 5341 2518 5396 nobis
2561 5359 2745 5414 pugna
2791 5343 3048 5398 adversus
3095 5361 3317 5400 carnem
3374 5356 3429 5402 et
3464 5353 3694 5419 sangui-

2035 5447 2180 5497 nem,
2249 5431 2342 5486 sed
2405 5432 2666 5485 adversus
2728 5436 2963 5487 rectores
3029 5434 3384 5490 tenebran
3453 5440 3689 5494 istarum

2033 5520 2260 5592 (Ephes.
2295 5537 2372 5591 v1,
2408 5521 2514 5590 1'3).
2551 5519 2711 5575 Unde
2741 5521 2883 5576 dicit
2913 5525 2968 5576 et
2997 5523 3349 5594 Apostolus:
3382 5526 3511 5582 No.1:
3549 5546 3688 5600 prav-

2030 5616 2232 5669 cesszt:
2264 5609 2380 5668 dies
2409 5617 2590 5668 autem
2627 5612 3101 5687 appropinquavit
3157 5612 3332 5690 (Rom.
3394 5632 3529 5692 xm,
3582 5617 3681 5693 12).
