3992 6194
287 429 445 494 1297

1501 430 2003 494 BREVIARIUM
2046 431 2126 492 IN
2173 431 2315 492 PSA
2330 431 2558 494 LMOS.

3539 423 3696 491 1298

281 569 434 642 Ergo
464 568 573 625 hoc
620 567 900 626 saeculum
952 586 1063 625 nox
1111 572 1218 626 est.
1271 568 1559 625 Saeculum
1592 588 1722 626 vero
1774 569 1930 623 futu-
1963 567 2018 632 Α
2048 571 2194 638 Otu,
2229 570 2576 638 Christiane,
2611 572 2776 641 rogat
2804 569 2860 623 te
2916 584 3138 641 pauper
3195 570 3261 623 ut
3317 566 3420 624 des
3478 562 3528 622 ei
3589 579 3703 637 pet

284 676 420 715 rum
469 658 594 714 dies
643 664 748 715 est.
782 659 944 715 Unde
995 659 1134 715 dicit
1183 664 1239 714 et
1280 660 1642 732 Apostolus:
1678 662 1830 716 Sic-ut
1879 663 1940 715 in.

285 749 396 816 die,
429 748 640 820 inquit,
675 750 892 804 honeste
920 751 1258 805 ambulemus
1307 750 1464 821 (Ibid.
1501 752 1608 820 13).
1642 752 1942 815 Quomodo

282 838 496 894 victuri
551 855 760 894 sumus
807 840 865 894 in
915 841 1032 907 die,
1065 840 1173 895 hoc
1205 844 1312 909 est,
1347 841 1404 895 in
1458 841 1653 896 futuro
1703 841 1937 907 szeculo,

291 939 340 994 si
396 954 552 993 nunc
598 939 882 994 vivamus.
937 960 963 986 κ
995 939 1058 993 In
1102 940 1373 994 noctibus
1424 939 1679 994 extollite
1729 956 1941 995 manus

285 1032 512 1084 vestras
543 1029 603 1083 in
635 1034 856 1084 sancta.
885 1051 911 1077 »
943 1028 1230 1093 Velimus,
1262 1029 1541 1097 nolimus,
1575 1029 1634 1083 in
1670 1030 1940 1086 noctibus

286 1134 516 1173 sumus.
551 1117 818 1181 Quandiu
848 1118 906 1172 in
937 1117 1049 1173 isto
1079 1119 1289 1174 sr'eculo
1315 1136 1543 1189 sumus,
1579 1120 1635 1174 in
1671 1119 1937 1174 noctibus

285 1223 514 1262 sumus.
547 1207 669 1262 Nox
697 1208 968 1263 tenebras
997 1208 1192 1263 habet.
1218 1209 1427 1264 Noctes
1459 1213 1654 1264 autem
1687 1209 1934 1264 istarum

283 1297 680 1363 tenebrarum,
715 1302 952 1368 peccata
998 1301 1136 1353 sunt
1183 1298 1514 1353 hominum.
1548 1298 1750 1352 Videte
1797 1313 1933 1369 ergo

286 1384 426 1456 quid
459 1385 613 1440 dicat
646 1403 658 1440 :
694 1409 722 1435 ‹‹
757 1387 821 1440 In
853 1386 1124 1442 noctibus
1174 1386 1431 1442 extollite
1464 1404 1677 1442 manus
1709 1391 1934 1442 vestras

283 1473 344 1528 in
383 1477 616 1529 sancta.
649 1496 676 1524 »
732 1475 904 1541 Dum,
936 1475 1147 1547 inquit,
1182 1477 1323 1531 estis
1371 1476 1429 1530 in
1477 1477 1586 1531 isto
1637 1475 1848 1532 saeculo
1879 1479 1934 1530 et

282 1562 343 1618 in
370 1563 498 1619 istis
539 1565 830 1634 noctibus,
855 1563 1038 1620 levate
1069 1582 1280 1620 manus
1325 1569 1570 1621 vestras.
1611 1565 1801 1620 Nolite
1831 1565 1932 1619 de-

281 1654 530 1719 mittere,
555 1655 656 1710 sed
699 1654 901 1710 levate.
931 1656 1135 1710 Levate
1175 1671 1308 1709 cum
1351 1657 1545 1727 Moyse
1571 1655 1762 1725 (Exod.
1789 1672 1929 1720 xvn,

281 1745 305 1798 1
349 1746 390 1811 ).
421 1743 480 1798 Si
511 1743 835 1800 levaveritis
862 1762 1076 1801 manus
1105 1749 1348 1815 vestras,
1384 1744 1640 1799 vincitur
1669 1742 1927 1799 Amalec.

277 1832 335 1887 Si
380 1837 576 1889 autem
620 1834 1000 1900 demiseritis,
1045 1839 1356 1906 superatur
1398 1835 1592 1890 Jesus.
1627 1833 1929 1904 Simulque

278 1923 645 1979 considerate
702 1925 1069 1996 mysterium.
1119 1925 1177 1978 Si
1227 1941 1332 1979 nos
1379 1923 1640 1979 levamus
1688 1939 1920 1988 manus,
1952 1943 1999 2007 Β

270 2020 450 2075 vincit
478 2021 672 2077 Jesus.
707 2021 765 2076 Si
797 2021 1182 2077 levaverimus
1214 2037 1425 2075 manus
1466 2025 1697 2074 nostras
1729 2021 1788 2074 in
1819 2020 1920 2074 bo-

269 2109 366 2164 nis
395 2110 690 2180 operibus,
725 2126 826 2180 per
874 2110 1026 2164 bona
1056 2125 1232 2180 opera
1282 2112 1482 2162 nostra
1527 2107 1793 2162 Christus
1823 2125 1923 2162 su-

271 2201 438 2269 perat
487 2197 809 2252 diabolum.
855 2198 1063 2252 Manus
1110 2201 1306 2252 autem
1358 2197 1815 2268 interpretantur
1862 2197 1921 2251 in

268 2285 565 2356 operibus.
600 2286 760 2340 Unde
810 2285 1088 2341 scribitur
1121 2303 1132 2340 :
1159 2288 1350 2340 Factus
1378 2289 1455 2341 est
1487 2302 1671 2340 sermo
1704 2287 1925 2340 Domini

267 2375 328 2427 in
359 2389 532 2428 manu
561 2375 754 2443 Aggwi
783 2375 933 2444 (Agg.
964 2392 1001 2445 ι,
1025 2376 1097 2445 1).
1145 2379 1334 2431 Sermo
1363 2377 1537 2444 factus
1556 2379 1636 2429 est
1663 2377 1721 2429 in
1754 2391 1923 2429 manu

267 2463 516 2517 Ieremia:
563 2468 841 2534 prophetae
885 2464 1102 2535 (Jerem.
1139 2482 1189 2531 L,
1223 2465 1294 2534 1).
1329 2463 1538 2534 Utique
1587 2480 1780 2519 sermo
1818 2463 1918 2518 Dei

272 2567 389 2605 non
412 2551 477 2605 ﬁt
496 2551 555 2606 in
588 2568 789 2619 manu,
813 2553 913 2607 sed
940 2553 996 2606 in
1020 2569 1117 2608 ore
1147 2555 1230 2608 fit.
1255 2554 1362 2608 Sed
1394 2553 1583 2608 videte
1605 2553 1920 2624 Scriptura:

271 2640 570 2711 mysteria.
606 2641 760 2696 Deus
811 2659 925 2696 non
957 2642 1114 2697 venit
1160 2643 1231 2696 ad
1264 2659 1591 2696 sermonem
1625 2641 1752 2697 sine
1782 2659 1919 2714 ope-

270 2745 334 2783 re
363 2729 535 2784 bono.
568 2730 851 2785 Caeterum
897 2735 955 2786 et
1001 2731 1296 2786 homicida
1326 2730 1624 2786 Christum
1673 2732 1916 2787 confite-

268 2820 386 2881 tur,
420 2822 478 2871 et
510 2834 623 2872 non
657 2819 815 2873 venit
845 2820 916 2873 ad
965 2819 1132 2874 illum
1167 2819 1451 2875 Dominus
1487 2835 1499 2872 :
1534 2819 1672 2889 quia
1705 2837 1917 2875 manus

268 2903 456 2975 ipsius
481 2905 711 2960 Domini
744 2908 1060 2962 adventum
1090 2925 1203 2963 non
1239 2913 1554 2963 merentur.
1589 2907 1750 2963 Unde
1782 2908 1918 2962 scri-

265 2996 434 3062 ptum
467 2997 557 3049 est
584 2995 642 3049 in
675 2995 786 3050 alio
818 2995 975 3051 loco:
1009 3002 1074 3051 In
1104 3013 1274 3051 manu
1301 2998 1528 3067 linguae,
1551 3013 1696 3052 mors
1726 3005 1777 3052 et
1805 2999 1919 3052 vita

267 3082 459 3152 (Prov.
494 3100 654 3150 xvm,
685 3085 762 3154 2).
798 3088 945 3156 Ergo
978 3084 1180 3156 lingua
1212 3102 1424 3140 manus
1453 3085 1678 3140 habet?
1714 3085 1912 3153 Dicite,

265 3187 447 3241 quare
479 3171 694 3227 dicitur
727 3190 739 3227 :
774 3175 834 3228 In
870 3190 1044 3228 manu
1079 3173 1312 3246 linguae,
1345 3191 1504 3229 mors
1538 3178 1594 3229 et
1623 3174 1786 3230 vita?
1815 3175 1915 3229 Vi-

262 3259 391 3316 dete
414 3260 556 3331 quid
579 3260 734 3316 dicat
759 3279 770 3316 :
798 3262 951 3318 Deus
965 3278 1077 3318 non
1103 3264 1266 3317 audit
1285 3262 1694 3334 linguam,non
1717 3265 1911 3333 verba,

263 3357 364 3412 sed
412 3373 608 3429 opera,
644 3363 707 3413 ut
754 3360 1089 3432 quicunque
1135 3360 1360 3431 aliquid
1409 3359 1688 3431 loquitur,
1723 3365 1779 3416 et
1830 3362 1912 3416 fa-

263 3445 396 3501 ciat.
449 3447 790 3520 Pracipitur
835 3464 971 3520 ergo
1023 3449 1190 3504 nobis
1223 3450 1284 3503 in
1316 3449 1634 3504 novissimo
1686 3449 1912 3521 psalmo

264 3535 578 3604 graduum,
614 3559 642 3586 «
675 3537 737 3591 In
769 3537 1039 3594 noctibus
1072 3537 1324 3593 extollite
1355 3555 1568 3593 manus
1599 3544 1822 3594 vestras
1850 3540 1909 3593 in

265 3629 487 3679 sancta.
542 3648 570 3673 ››
629 3626 855 3693 Levate,
908 3627 1121 3698 inquit,
1173 3643 1384 3682 manus
1443 3631 1666 3682 vestras
1708 3644 1725 3695 ;
1775 3627 1914 3698 quia

260 3711 437 3768 Jesus
484 3729 582 3768 eas
613 3713 823 3769 levavit
869 3715 927 3770 in
959 3733 1147 3771 cruce.
1189 3740 1208 3765 α
1246 3716 1306 3771 In
1341 3716 1609 3771 noctibus
1655 3715 1911 3772 extollite

263 3815 477 3854 manus
507 3804 728 3855 vestras
762 3802 818 3855 in
865 3807 1086 3858 sancta.
1123 3826 1151 3851 »
1182 3805 1369 3869 Quare
1398 3803 1582 3858 voluit
1612 3804 1824 3859 addere
1856 3808 1912 3859 et

263 3887 474 3952 dicere,
537 3887 596 3940 in
652 3893 906 3943 sancta?
961 3891 1030 3944 Et
1085 3891 1339 3946 haeretici
1393 3892 1666 3946 videntur
1721 3891 1911 3948 levare

267 3990 498 4038 manus,
531 3979 588 4030 et
637 3976 887 4047 gentiles
917 3978 1187 4033 videntur
1234 3979 1421 4034 levare
1453 3997 1684 4048 manus,
1719 3985 1776 4035 et
1803 3981 1906 4036 Ju-

265 4061 369 4117 daei
402 4063 674 4119 videntur
719 4063 909 4120 levare
942 4083 1193 4134 manus;
1228 4068 1449 4123 faciunt
1499 4069 1654 4124 enim
1707 4073 1765 4124 et
1795 4070 1908 4142 ipsi

263 4149 658 4224 eleemosynas
685 4177 700 4219 ;
734 4153 782 4208 si
815 4154 1062 4209 viderint
1094 4171 1432 4226 pauperem,
1457 4173 1697 4212 manum
1730 4159 1908 4230 porri-

258 4244 422 4312 gunt.
447 4241 689 4304 Quando
713 4242 952 4298 Judaeus
983 4244 1210 4299 dederit
1238 4244 1687 4317 eleemosynam,
1713 4263 1906 4302 nonne

259 4327 362 4382 tibi
395 4327 624 4381 videtur
653 4328 842 4384 levare
861 4347 1101 4386 manum
1126 4333 1154 4385 ‘?
1183 4337 1354 4388 Levat
1374 4334 1614 4404 quidem
1638 4351 1901 4400 manum,

259 4414 360 4470 sed
412 4431 526 4469 non
559 4413 709 4469 levat
754 4414 812 4469 in
844 4423 1048 4473 sancta
1075 4437 1088 4485 ;
1122 4421 1260 4489 quia
1290 4421 1589 4476 Christum
1625 4440 1738 4478 non
1771 4440 1903 4478 con-

259 4503 472 4558 ﬁtetur.
505 4502 620 4558 Vos
661 4507 854 4558 autem
887 4505 986 4575 qui
1035 4505 1175 4560 estis
1206 4507 1264 4560 in
1295 4509 1466 4562 domo
1514 4509 1768 4574 Domini,
1802 4511 1901 4581 qui

259 4590 424 4646 statis
444 4590 504 4645 in
536 4591 710 4646 domo
737 4591 990 4658 Domini,
1023 4593 1082 4646 in
1115 4593 1280 4648 atriis
1304 4595 1514 4650 domus
1544 4596 1645 4650 Dei
1677 4598 1898 4665 nostri;

2054 664 2285 718 cuniam
2325 679 2545 734 :quare
2602 678 2717 717 non
2767 661 2872 715 das
2919 659 2979 713 in
3037 659 3283 726 occulto,
3339 658 3439 714 sed
3497 657 3602 712 das
3637 657 3699 712 in

2053 752 2284 824 publico
2317 752 2344 806 ‘?
2372 752 2429 805 Si
2457 755 2662 806 testem
2696 750 2878 804 Deum
2910 746 3146 818 quieris,
3175 746 3470 802 humanos
3501 744 3701 802 oculos

2051 842 2190 913 quid
2252 838 2964 912 requiris?Eleemosyna
3022 840 3123 891 tua
3178 837 3332 907 apud
3387 835 3699 907 imperitos

2048 931 2277 985 videtur
2323 947 2450 985 esse
2501 928 2868 1000 eleemosyna
2917 929 3235 982 :cazterum
3295 925 3449 995 apud
3507 924 3697 980 Deum

2050 1020 2266 1090 injuria
2297 1024 2404 1074 est.
2441 1018 2722 1088 Injuriam
2777 1015 2934 1071 enim
2994 1013 3138 1069 facis
3193 1013 3358 1068 fratri
3413 1015 3534 1067 tuo.
3592 1013 3695 1070 Vis

2046 1109 2202 1164 enim
2235 1109 2571 1164 videntibus
2594 1106 2725 1161 aliis
2759 1104 3093 1160 mendicum
3118 1102 3693 1165 ostendere.Quando

2047 1215 2182 1269 ergo
2242 1199 2475 1266 damus,
2523 1213 2638 1251 non
2671 1196 2880 1250 demus
2950 1193 3118 1264 quasi
3193 1192 3264 1247 de
3317 1195 3537 1259 nostro,
3589 1191 3694 1248 sed

2046 1288 2116 1342 de
2147 1288 2297 1342 dono
2329 1285 2562 1341 Christi.
2613 1285 2739 1340 Non
2788 1284 3071 1339 debemus
3129 1281 3267 1336 dare
3319 1279 3487 1352 quasi
3517 1297 3695 1336 men-

2044 1377 2192 1442 dico,
2228 1379 2329 1431 sed
2360 1376 2532 1446 quasi
2560 1374 2746 1430 fratri.
2809 1373 2926 1430 Nos
2985 1373 3198 1427 damus
3256 1370 3512 1427 carnalia
3542 1388 3556 1438 ;
3595 1370 3693 1427 ille

2043 1467 2143 1520 dat
2175 1464 2542 1537 spiritualia:
2579 1464 2714 1535 plus
2745 1464 2845 1518 dat
2876 1477 3303 1534 pauper,quam
3337 1459 3693 1531 accipit.Nos

2041 1555 2254 1609 damus
2286 1543 2518 1625 panem,
2568 1553 2667 1624 qui
2700 1553 2758 1606 in
2811 1551 2941 1624 ipsa
2999 1551 3092 1606 die
3147 1549 3558 1616 consumitur;
3593 1548 3694 1605 ille

2041 1660 2144 1714 pro
2179 1660 2325 1715 pane
2383 1643 2586 1697 reddet
2616 1641 2787 1696 nobis
2813 1657 2994 1712 regna
3038 1638 3339 1695 caelorum.
3399 1639 3546 1711 Ergo
3577 1638 3688 1695 hoc

2039 1732 2168 1787 dico
2198 1737 2263 1787 ut
2311 1731 2466 1804 quod
2517 1730 2786 1796 facimus,
2852 1729 3139 1784 faciamus
3194 1727 3254 1782 in
3315 1732 3515 1784 sancto
3549 1729 3692 1794 ;aut

2038 1821 2191 1892 quod
2228 1821 2496 1890 facimus,
2559 1818 2774 1874 Christi
2837 1835 3014 1873 causa
3063 1816 3369 1872 faciamus.
3401 1816 3686 1872 Caeterum

2040 1909 2208 1964 multi
2240 1909 2489 1981 gentiles
2505 1909 2606 1980 qui
2640 1907 2862 1963 faciunt
2883 1905 3689 1978 eleemosymam,sividerint

2039 1996 2294 2068 aliquem
2322 1997 2623 2069 praecisum
2655 2013 2896 2051 manum
2927 1995 3141 2052 habere
3167 2013 3189 2058 ;
3221 1995 3268 2050 si
3298 1995 3571 2050 viderunt
3595 2011 3692 2066 pe-

2034 2087 2166 2142 dem
2199 2087 2414 2141 habere
2437 2103 2781 2141 cancrosum
2812 2090 2868 2140 et
2897 2083 3424 2157 putridum,statim
3449 2083 3686 2140 animus

2033 2175 2149 2230 illis
2182 2175 2356 2231 dolet.
2392 2175 2662 2230 Vincitur
2691 2175 2952 2229 humana
2983 2173 3180 2228 anima
3217 2171 3471 2228 naturali
3505 2171 3685 2229 mise-

2032 2264 2302 2319 ricordia.
2337 2265 2404 2319 Et
2430 2264 2568 2336 quid
2601 2263 2794 2319 dicit?
2826 2264 2970 2318 Ecce
3026 2279 3131 2335 ego
3192 2261 3241 2318 si
3299 2261 3437 2318 talis
3467 2277 3683 2332 essem,

2032 2363 2168 2434 quid
2203 2361 2382 2416 miser
2411 2361 2662 2417 facerem
2694 2361 2721 2415 ?
2754 2361 2823 2415 Et
2853 2360 2974 2415 ﬁeri
3034 2363 3227 2432 potest
3259 2363 3324 2414 ut
3349 2357 3483 2414 talis
3543 2359 3682 2431 sim,

2031 2451 2164 2522 quis
2195 2449 2340 2504 mihi
2372 2449 2584 2505 dabit?
2628 2451 2695 2504 Et
2727 2466 2833 2521 ego
2859 2449 3038 2504 debeo
3069 2464 3204 2521 ergo
3235 2448 3374 2503 huic
3403 2448 3543 2503 dare
3579 2464 3590 2502 :
3621 2450 3689 2503 ut

2029 2544 2086 2595 et
2117 2539 2260 2594 mihi
2294 2540 2392 2593 det
2422 2538 2659 2610 aliquis,
2695 2538 2744 2594 si
2777 2537 2911 2593 talis
2945 2537 3123 2593 fuero.
3171 2537 3285 2592 Iste
3314 2536 3551 2609 quidem
3585 2536 3687 2592 dat

2027 2628 2270 2701 pauperi
2296 2644 2506 2699 panem
2543 2646 2556 2696 ;
2585 2628 2683 2682 sed
2719 2627 2777 2681 in
2811 2642 3064 2699 paupere
3095 2625 3186 2681 sui
3217 2625 3683 2692 miseretur,non

2027 2718 2209 2773 illius.
2245 2719 2362 2773 Ista
2391 2717 2795 2772 misericordia
2827 2733 2942 2771 non
2987 2715 3200 2771 Christi
3258 2715 3680 2782 misericordia,

2029 2817 2128 2871 sed
2161 2815 2251 2870 sui
2287 2813 2687 2869 misericordia
2717 2817 2823 2868 est.
2857 2813 3042 2867 Omne
3071 2828 3208 2883 ergo
3239 2813 3395 2883 quod
3427 2812 3679 2870 facimus

2029 2903 2241 2960 Christi
2271 2920 2452 2958 causa
2483 2903 2768 2958 faciamus
2808 2902 3093 2956 faciamus
3151 2901 3210 2956 in
3270 2905 3492 2956 sancto.
3551 2900 3675 2958 Sive

2025 2993 2451 3058 manducamus,
2480 2994 2592 3048 sive
2623 2992 2882 3059 bibimus,
2909 2992 3096 3047 omnia
3124 2992 3182 3044 in
3205 2992 3429 3047 nomine
3459 2991 3668 3046 Christi

2023 3086 2294 3155 faciamus
2324 3082 2369 3152 (I
2402 3083 2528 3137 Cor.
2565 3099 2621 3146 Χ,
2654 3082 2765 3151 31).
2816 3081 3147 3152 Scripturas
3204 3080 3476 3151 legimus.
3510 3079 3674 3136 Psal-

2027 3189 2154 3227 mos
2186 3169 2842 3242 ediscimus,Evangelia
2873 3167 3486 3241 tenemus,propbetas
3515 3167 3673 3224 edis-

2027 3261 2277 3316 serimus
2313 3276 2326 3314 :
2364 3276 2478 3314 non
2511 3260 2793 3315 debemus
2822 3259 2930 3315 hoc
2963 3259 3043 3314 ita
3067 3259 3252 3314 facere
3269 3262 3336 3313 ut
3355 3257 3678 3330 gloriemur

2028 3351 2182 3422 apud
2215 3350 2446 3418 fratres,
2480 3349 2581 3404 sed
2613 3352 2677 3402 ut
2705 3347 2933 3403 Christo
2964 3347 3299 3419 placeamus
3333 3364 3345 3402 :
3380 3350 3447 3402 ut
3475 3362 3671 3404 sermo

2024 3438 2215 3509 ipsius
2237 3437 2297 3492 in
2330 3454 2427 3493 ore
2458 3441 2654 3492 nostro
2687 3440 2936 3491 resonet.
2991 3435 3190 3491 Solent
3239 3439 3295 3490 et
3322 3435 3451 3504 viri,
3485 3435 3678 3491 solent

2023 3532 2080 3582 et
2112 3527 2406 3596 monachi,
2440 3526 2629 3581 solent
2660 3529 2717 3580 et
2745 3523 3101 3580 mulierculae
3151 3524 3262 3579 hoc
3291 3523 3444 3579 inter
3473 3541 3536 3580 se
3562 3524 3674 3582 ha-

2020 3617 2157 3672 bere
2181 3620 2498 3680 certamen,
2532 3621 2598 3669 ut
2628 3613 2826 3685 plures
2883 3612 3147 3669 ediscant
3201 3613 3533 3685 Scripturas
3565 3631 3578 3668 :
3615 3617 3672 3669 et

2021 3705 2080 3760 in
2112 3721 2178 3760 eo
2220 3721 2280 3760 se
2325 3708 2533 3775 putant
2597 3719 2726 3759 esse
2794 3702 3086 3769 meliores,
3157 3702 3208 3758 si
3274 3701 3473 3774 plures
3538 3703 3670 3758 edi-

2021 3793 2285 3848 dicerint.
2325 3791 2422 3847 Ille
2453 3794 2585 3864 plus
2611 3791 2867 3859 edidicit,
2927 3791 3028 3862 qui
3086 3790 3218 3863 plus
3278 3791 3434 3847 facit.
3495 3791 3669 3848 Caete-

2021 3897 2151 3935 rum
2185 3881 2434 3952 siquod
2495 3885 2557 3934 tu
2590 3880 2823 3948 ediscis,
2883 3896 2988 3954 ego
3043 3880 3211 3948 facio,
3277 3879 3466 3952 magis
3535 3895 3666 3935 mea

2021 3994 2195 4049 opera
2262 3977 2597 4049 Scripturas
2683 3981 2926 4042 tenent,
2994 3993 3171 4048 quam
3255 3980 3394 4031 tuus
3478 3990 3671 4031 sermo

2019 4066 2117 4138 qui
2162 4082 2306 4121 vane
2339 4071 2590 4122 resonat.
2629 4089 2656 4116 «
2714 4068 2772 4120 ln
2820 4063 3089 4120 noctibus
3145 4063 3399 4120 extollite
3458 4079 3672 4120 manus

2014 4159 2238 4210 vestras
2272 4155 2331 4210 in
2392 4159 2613 4211 sancta.
2672 4175 2699 4203 »
2763 4155 2968 4208 Levate
3025 4168 3237 4207 manus
3293 4151 3353 4206 in
3413 4167 3670 4221 crucem,

2015 4244 2198 4299 levate
2221 4243 2518 4299 vexillum.
2554 4265 2580 4290 ‹‹
2644 4243 2705 4296 In
2763 4239 3034 4295 noctibus
3090 4237 3275 4295 levate
3333 4256 3548 4297 manus
3607 4241 3668 4298 in

2014 4336 2236 4388 sancta.
2290 4353 2317 4378 ››
2376 4333 2444 4385 Et
2500 4346 2631 4385 cum
2689 4328 3014 4384 levaveritis
3073 4328 3132 4384 in
3192 4332 3418 4396 sancta,
3459 4333 3517 4385 et
3590 4331 3672 4387 fe-

2013 4419 2210 4474 ceritis
2266 4436 2390 4490 quae
2455 4421 2662 4472 sancta
2713 4421 2874 4482 sunt,
2932 4417 3101 4488 quasi
3163 4417 3658 4474 medicamentum

2013 4510 2299 4564 bonorum
2359 4523 2601 4579 operum
2652 4510 2981 4562 vestrorum
3037 4507 3306 4564 Christus
3364 4509 3458 4564 sit.
3513 4531 3542 4559 «
3594 4509 3667 4565 Et

2015 4597 2337 4652 benedieite
2369 4595 2634 4651 Domino.
2683 4618 2709 4644 »
2773 4595 2936 4650 Unde
2993 4601 3051 4650 et
3107 4595 3423 4667 Apostolus
3477 4595 3664 4652 dicit:

258 4688 355 4758 qui
389 4688 534 4743 estis
567 4689 714 4744 servi
747 4689 1002 4757 Domini,
1035 4691 1255 4761 quibus
1278 4692 1500 4747 dixerat
1531 4708 1543 4747 :
1578 4695 1710 4748 Ecce
1733 4712 1902 4764 quam
1932 4677 1978 4741 D
2013 4687 2076 4742 In
2105 4688 2257 4742 omni
2279 4687 2395 4742 loco
2437 4685 2681 4740 levantes
2737 4701 2940 4739 manus
2989 4685 3368 4740 immaculata:
3423 4684 3470 4753 (ι
3527 4687 3660 4742 Tim.

263 4776 458 4832 bdnum
490 4786 541 4832 et
568 4794 735 4848 quam
773 4780 1085 4849 jucundum
1131 4780 1379 4836 habitare
1405 4784 1605 4851 fratres
1638 4784 1696 4836 in
1730 4800 1904 4838 unum

260 4865 436 4934 (Psal.
469 4883 678 4937 cxxxu,
710 4869 764 4930 6,
801 4869 850 4935 1)
885 4887 896 4922 :
932 4868 1015 4924 sic
1043 4867 1227 4924 levate
1251 4886 1482 4935 manus,
1517 4875 1580 4924 ut
1611 4870 1667 4924 in
1700 4876 1902 4927 sancto

258 4952 481 5023 levetis,
515 4955 622 5010 hoc
654 4961 761 5021 est,
794 4960 856 5011 ut
883 4957 1278 5012 confiteamini
1308 4958 1625 5029 Christum,
1645 4965 1701 5015 et
1731 4959 1900 5032 quid-

260 5042 400 5113 quid
432 5043 641 5110 facitis,
666 5061 768 5115 pro
803 5044 1028 5099 Christo
1054 5045 1302 5101 faciatis.
1328 5047 1607 5114 Virtutes,
1629 5065 1730 5121 pro
1764 5066 1902 5120 qua-

257 5129 416 5186 litate
465 5131 750 5202 facientis,
786 5132 1023 5188 diversae
1073 5138 1231 5189 sunt.
1280 5137 1358 5189 Ac
1409 5137 1458 5190 si
1508 5137 1709 5192 dicat:
1743 5138 1901 5192 Facit

257 5218 683 5291 eleemosynam
731 5220 1137 5288 Christianus;
1183 5223 1320 5278 facit
1370 5230 1426 5279 et
1474 5226 1729 5296 gentilis,
1766 5227 1899 5281 facit

257 5312 309 5362 et
336 5309 591 5376 Iudaeus,
626 5309 760 5363 facit
791 5315 846 5364 et
894 5310 1045 5365 alius
1093 5311 1462 5368 Christianus
1492 5314 1580 5368 vir
1621 5319 1887 5371 sanctus.

259 5396 515 5453 Invenies
541 5397 770 5469 aliquos
815 5399 885 5453 de
915 5399 1260 5456 Christianis
1311 5401 1442 5457 ideo
1474 5403 1611 5459 dare
1658 5403 1898 5460 elcemo-

256 5501 481 5556 synam,
514 5491 578 5540 ut
607 5485 924 5542 laudentur
953 5505 985 5542 a
1015 5489 1270 5562 p0pulis.
1306 5491 1364 5545 Si
1411 5493 1644 5562 quando
1679 5510 1898 5564 pauper

258 5577 418 5643 rogat
475 5574 820 5645 buccellam,
881 5576 994 5630 huc
1062 5577 1316 5650 illucque
1389 5579 1892 5652 circumspiciunt,

255 5666 310 5718 et
361 5662 474 5718 nisi
523 5667 729 5719 testem
777 5664 1049 5732 viderint,
1101 5669 1404 5738 pecuniam
1467 5687 1580 5724 non
1632 5671 1790 5724 dant.
1835 5670 1894 5726 Si

244 5751 411 5808 solus
461 5752 654 5821 fuerit,
686 5771 899 5812 manus
947 5757 1240 5812 contrahit
1273 5774 1285 5814 :
1321 5775 1434 5813 non
1485 5759 1585 5815 dat
1624 5757 1889 5816 libenter.

2014 4794 2074 4846 Il,
2107 4777 2183 4846 8).
2220 4798 2247 4824 ‹‹
2281 4774 2350 4828 Et
2379 4773 2705 4830 benedieite
2736 4772 3000 4828 Domino.
3038 4795 3067 4822 »
3124 4773 3524 4845 Quodcunque
3571 4774 3662 4830 fa-

2012 4864 2164 4933 citis,
2201 4862 2406 4918 referte
2467 4862 2539 4916 ad
2601 4863 2932 4917 Dominum.
2991 4861 3200 4917 Manus
3253 4861 3562 4917 leventur:
3595 4879 3661 4919 os

2009 4951 2304 5005 Christum
2341 4955 2589 5005 resonet.
2654 4951 2722 5004 Et
2780 4951 2836 5005 in
2891 4950 3161 5006 noctibus
3207 4949 3390 5007 levate
3447 4967 3658 5009 manus

2009 5045 2249 5096 vestras.
2285 5039 2366 5094 Da
2400 5039 2755 5112 pauperibus
2787 5039 3242 5112 eleemosynam,
3301 5044 3358 5096 et
3414 5040 3659 5098 benedic

2009 5128 2252 5183 Domino
2288 5145 2300 5184 :
2334 5129 2553 5200 gratias
2609 5145 2715 5200 age
2763 5128 3032 5200 Domino,
3088 5128 3230 5201 quia
3273 5128 3380 5185 tibi
3411 5129 3654 5204 dederit,

2008 5227 2163 5281 unde
2195 5227 2298 5282 des
2341 5226 2524 5280 fratri.
2582 5226 2766 5298 Magis
2822 5231 2887 5281 tu
2943 5226 3098 5299 agito
3153 5227 3372 5299 gratias
3429 5227 3656 5287 Christo

2008 5317 2245 5386 quando
2277 5315 2529 5383 dederis,
2566 5331 2742 5385 quam
2777 5315 2954 5370 frater
3013 5315 3112 5388 qui
3155 5333 3188 5371 a
3242 5320 3299 5372 te
3345 5318 3653 5390 acceperit,

2005 5403 2108 5458 tibi
2142 5409 2277 5476 agat
2307 5403 2790 5476 gratiasGrande
2821 5403 2988 5460 nobis
3002 5404 3353 5462 beneﬁcium
3374 5411 3654 5479 prestant

2005 5510 2310 5564 pauperes.
2348 5497 2604 5562 Peccata,
2636 5511 2763 5564 qua:
2787 5495 2913 5564 jam
2945 5493 3112 5549 aliter
3149 5494 3340 5552 lavare
3371 5512 3485 5551 non
3517 5511 3652 5567 pos-

2006 5599 2232 5650 sumus,
2265 5582 2584 5651 exstinguit
2609 5581 3153 5653 eleemosynaﬂuid
3185 5584 3470 5656 scriptum
3500 5585 3588 5638 est
3625 5581 3653 5635 ?

2003 5671 2155 5725 Sicut
2185 5687 2329 5740 aqua
2358 5671 2707 5741 exstingnuit
2743 5673 2945 5741 ignem,
2977 5673 3058 5728 sic
3085 5674 3435 5744 eleemosyna
3459 5673 3654 5726 exliu-

2007 5761 2590 5831 guitpeccata(Eccli.
2660 5778 2722 5829 ιι,
2773 5761 2885 5832 33).
2947 5761 3063 5819 Hoc
3119 5764 3355 5834 praestat
3410 5759 3659 5820 eleemo-
