3992 6194
294 399 455 473 1299

1784 412 2205 481 APPENDIX.
2230 414 2233 417 ’

3547 416 3700 484 1300

292 541 645 619 syna,'quod
675 546 732 601 et
759 542 1070 618 baptisma.
1103 545 1403 613 Quomodo
1442 549 1736 622 baptisma
1764 550 1935 607 nobis
1965 554 2019 619 Α
2046 551 2322 609 litteram.
2357 551 2662 624 Caeterum,
2695 551 3023 611 secundum
3044 548 3503 627 intelligentiam
3532 555 3708 627 spiri-

293 637 532 707 peccata
559 633 824 702 dimittit,
855 634 939 691 ita
968 640 1025 690 et
1076 635 1447 711 eleemozyna
1504 639 1674 695 nobis
1705 642 1942 712 peccata

295 721 558 779 dimittit.
592 722 755 780 Sicut
785 739 937 796 aqua
974 725 1296 798 exstinguit
1325 727 1543 800 ignem,
1576 729 1660 784 sic
1691 728 1942 784 eleemo-

296 818 443 885 syna
471 811 822 885 exstringuit
850 818 1108 885 peccata.
1173 816 1426 873 Peccatis
1457 817 1613 874 enim
1662 817 1941 890 gehennae

297 902 464 975 ignes
494 902 803 974 praeparati
835 907 993 960 sunt.
1030 905 1143 961 llos
1185 909 1385 962 autem
1441 906 1763 980 exstinguit
1794 907 1941 965 elee-

299 1007 564 1065 mosyna.

372 1138 401 1166 ‹‹
434 1115 747 1173 Benedicat
774 1120 829 1174 te
862 1118 1145 1176 Dominus
1179 1136 1248 1176 ex
1295 1121 1432 1177 Sion
1466 1139 1479 1190 ;
1514 1123 1615 1193 qui
1650 1122 1783 1178 fecit
1830 1139 1939 1177 cm-

297 1204 423 1261 lum
453 1210 511 1261 et
539 1210 775 1262 terram.
806 1227 833 1258 n
870 1212 953 1263 Tu
992 1209 1290 1265 benedicis
1351 1211 1683 1278 Dominum,
1745 1216 1803 1266 et
1835 1216 1942 1267 Do-

300 1294 499 1373 minus
526 1296 583 1351 te
614 1295 919 1353 benedicit.
955 1319 980 1346 ιι
1018 1298 1095 1353 Ex
1150 1299 1303 1355 Sion.
1337 1322 1365 1350 ››
1428 1301 1499 1355 de
1556 1301 1812 1373 specula,
1875 1301 1945 1356 de

300 1382 577 1457 Ecclesia,
614 1385 685 1441 de
709 1386 862 1442 veris
893 1387 1289 1460 dogmatibus,
1323 1390 1393 1444 de
1426 1390 1538 1445 ﬁde
1597 1390 1713 1461 pia.
1748 1412 1776 1439 ‹‹
1840 1390 1947 1445 Be-

301 1474 531 1535 nedicat
559 1480 616 1535 te
644 1476 932 1533 Dominus
962 1493 1030 1533 ex
1062 1479 1222 1547 Sion,
1284 1499 1312 1529 »
1345 1478 1529 1534 Istum
1587 1478 1945 1535 versiculum

302 1561 556 1636 Spiritus
587 1569 827 1621 sanctus
858 1565 1138 1638 loquitur,
1189 1567 1310 1623 sive
1360 1572 1511 1623 certe
1570 1568 1858 1641 Propheta
1885 1568 1945 1622 in

301 1652 522 1725 Spiritu
551 1653 832 1725 loquitur.
858 1656 929 1710 Et
959 1655 1100 1726 quid
1134 1656 1303 1711 dicit?
1334 1656 1377 1712 Ο
1419 1660 1483 1712 tu
1516 1657 1618 1728 qui
1652 1673 1753 1729 per
1770 1656 1949 1729 quin-

303 1742 494 1798 decim
524 1743 741 1814 gradus
777 1745 846 1799 ad
879 1743 1156 1799 ultimum
1179 1745 1592 1813 conscendisti,
1628 1746 1728 1818 qui
1760 1746 1947 1801 fecisti

302 1832 425 1886 haec
455 1834 512 1893 et
532 1831 652 1887 haec
686 1849 699 1899 ;
734 1832 834 1904 qui
866 1832 1218 1890 benedicicis
1245 1834 1595 1892 Dominum:
1629 1834 1728 1906 qui
1763 1835 1821 1889 in
1854 1852 1950 1890 no-

305 1919 499 1976 ctibus
528 1919 757 1977 extollis
789 1927 1170 1980 manustuas.
1205 1927 1350 1990 etc.,
1383 1928 1439 1979 et
1495 1924 1793 1980 benedicis
1849 1923 1954 1979 Do-
1983 1924 2032 1990 B

303 2004 489 2078 inino,
536 2009 728 2083 recipe
789 2016 847 2068 et
910 2017 973 2068 tu
1031 2013 1383 2069 mercedem.
1436 2032 1458 2061 α
1528 2012 1839 2069 Benedicat
1898 2018 1954 2068 te

305 2096 593 2159 Dominus
623 2115 692 2155 ex
722 2100 881 2158 Sion.
921 2102 943 2151 ὁ
980 2101 1142 2168 Quod
1201 2101 1434 2173 dedisti,
1491 2101 1700 2175 recipe.
1735 2103 1822 2158 Tu
1854 2102 1952 2158 de-

319 2187 456 2244 disti
515 2187 966 2264 eleemosynam,
1018 2195 1082 2247 tu
1134 2190 1322 2247 fecisti
1369 2191 1614 2247 virtutes
1675 2210 1688 2248 :
1750 2209 1783 2247 a
1838 2191 1955 2247 Deo

308 2278 617 2350 praemium
650 2283 708 2334 et
741 2280 1203 2336 benedictionem
1253 2282 1652 2353 consequeris.
1718 2304 1740 2330 ι
1776 2280 1956 2336 Bene-

310 2366 470 2423 dicat
497 2372 554 2424 te
586 2369 867 2424 Dominus
898 2385 968 2424 ex
995 2368 1155 2425 Sion.
1191 2392 1219 2418 ››
1251 2370 1390 2425 Sion
1422 2370 1493 2425 de
1544 2368 1763 2426 coelesti
1792 2370 1957 2425 Jeru-

310 2455 494 2525 salem
536 2456 597 2511 in
655 2460 840 2512 matre
887 2456 1340 2529 primitivorum,
1401 2458 1501 2513 ubi
1559 2463 1705 2514 sunt
1762 2459 1958 2514 futura

307 2543 543 2615 gaudia,
572 2544 671 2599 ubi
707 2548 847 2600 sunt
875 2545 1233 2617 archangeli,
1269 2545 1368 2601 ubi
1426 2547 1673 2602 virtutes
1718 2548 1953 2616 caeterae,

308 2630 410 2687 ubi
441 2632 713 2705 apostoli,
763 2632 865 2689 ubi
924 2634 1235 2706 prophetae,
1269 2634 1370 2690 ubi
1429 2636 1615 2691 sancti
1649 2639 1956 2708 martyres,

311 2719 413 2775 ubi
441 2726 771 2797 sequuntur
800 2722 1143 2796 angelorum
1174 2723 1585 2781 multitudines
1637 2727 1694 2780 et
1723 2729 1956 2781 sancto-

311 2810 443 2867 rum
475 2827 828 2885 quocunque
856 2814 1058 2886 Agnus
1083 2813 1245 2869 vadit
1301 2814 1481 2886 (Apoc.
1535 2831 1649 2881 xw,
1711 2814 1787 2885 li).
1852 2815 1958 2869 De-

314 2900 494 2972 nique
519 2899 663 2977 vidit
690 2906 748 2957 et
772 2902 1027 2959 Joannes
1058 2902 1347 2959 civitatem
1381 2907 1645 2959 sanctam
1703 2904 1774 2960 de
1815 2902 1957 2959 coelo

321 2990 670 3063 depositam,
702 2991 953 3064 gemmis
991 2995 1349 3048 exstructam
1407 2992 1712 3047 duodecim
1746 2991 1960 3047 habere

315 3080 519 3157 portas
550 3080 730 3151 (Apoc.
762 3097 878 3148 XXI,
915 3081 983 3136 10
1008 3084 1195 3152 seqq.).
1246 3081 1392 3136 Tota
1420 3097 1597 3136 aurea
1653 3085 1794 3148 erat,
1829 3096 1956 3135 mu-

314 3183 413 3223 ros
440 3167 696 3225 habebat
726 3180 931 3224 aureos
965 3185 978 3224 :
1012 3169 1265 3225 habebat
1290 3172 1348 3225 et
1385 3168 1608 3240 plateas
1629 3170 1699 3225 de
1715 3168 1960 3225 diversis

316 3255 586 3329 gemmis.
623 3260 682 3312 In
713 3255 823 3313 hac
879 3257 1109 3313 civitate
1154 3257 1420 3314 Christus
1477 3262 1683 3330 regnat
1717 3275 1730 3313 :
1761 3257 1820 3312 in
1850 3257 1961 3313 hac

315 3344 550 3401 civitate
577 3346 913 3402 habitantes
944 3345 1057 3418 ipsi
1088 3350 1246 3414 sunt,
1279 3350 1336 3402 et
1364 3346 1726 3402 habitatores
1756 3350 1812 3402 et
1832 3362 1962 3418 por-

318 3439 390 3490 tae
423 3452 437 3504 ;
471 3434 583 3509 ipsi
644 3440 703 3491 et
749 3436 963 3492 domus
1031 3439 1192 3502 sunt,
1249 3439 1307 3491 et
1361 3434 1745 3501 habitatores,
1776 3434 1969 3493 Vultis

318 3523 466 3579 scire
495 3523 775 3596 quoniam
816 3525 1027 3580 domus
1076 3524 1273 3580 sunt?
1303 3523 1573 3579 Christus
1625 3523 1850 3580 habitat
1907 3523 1967 3578 in

317 3611 405 3668 eis
438 3628 451 3667 :
484 3610 751 3667 Christus
780 3612 1121 3669 deambulat
1150 3614 1207 3669 in
1240 3614 1345 3670 eis.
1379 3614 1719 3682 Inhabitabo,
1755 3612 1966 3685 inquit,

322 3699 384 3753 in
414 3700 493 3753 eis
535 3702 586 3754 et
636 3698 993 3757 deambulabo
1050 3703 1244 3774 (Leuit.
1305 3720 1459 3773 xxvx,
1522 3704 1624 3770 12;
1660 3703 1705 3757 II
1738 3702 1856 3758 Cor.
1888 3718 1966 3767 v1,

328 3787 438 3859 16),
468 3780 616 3842 Vide
641 3786 838 3844 anima
886 3794 1088 3845 sancta
1145 3808 1323 3862 quam
1381 3791 1624 3864 grandis
1645 3790 1722 3847 sit
1758 3807 1770 3846 :
1804 3790 1968 3848 Chri-

323 3877 485 3932 stum
517 3876 693 3949 capit,
722 3891 897 3949 quem
925 3877 1137 3933 ccelum
1168 3880 1346 3951 capit.
1385 3880 1533 3935 Vide
1590 3880 1730 3951 quid
1763 3879 1920 3936 dicat
1950 3896 1964 3934 :

326 3965 887 4038 Inhabitaboinquit,
918 3968 1025 4022 Sed
1060 3968 1186 4023 ﬁeri
1228 3971 1438 4039 potest.
1472 3973 1538 4023 ut
1592 3968 1808 4039 aliquis
1864 3985 1970 4023 an-

320 4059 519 4127 guste.
554 4052 861 4111 inhabitet.
921 4055 1252 4112 Inhabitabo
1307 4061 1358 4111 et
1415 4056 1706 4111 ambulabo
1762 4058 1823 4111 in
1871 4057 1967 4111 eis.

230 4204 237 4211 ,
325 4144 667 4215 Ubicunque
698 4144 1055 4216 deambulat,
1100 4145 1300 4218 utique
1329 4144 1450 4201 lata
1479 4146 1691 4201 domus
1721 4149 1823 4200 est.
1862 4144 1970 4200 Ubi

322 4231 718 4289 deambulat?
772 4236 883 4302 Vos,
943 4236 1090 4296 estis.
1154 4234 1366 4308 inquit,
1427 4234 1689 4306 templum
1748 4235 1865 4299 Dei,
1923 4238 1973 4290 et

327 4320 574 4391 Spiritus
603 4325 826 4377 sanctus
875 4323 1089 4377 habitat
1136 4323 1195 4378 in
1245 4324 1398 4379 vobis
1425 4323 1474 4394 (I
1524 4323 1649 4379 Cor.

2049 641 2303 709 tualem,,
2324 644 2617 714 quomodo
2649 642 2863 699 dicitur
2882 643 3167 716 peccaturi
3202 659 3216 697 :
3251 644 3427 700 Terra
3457 658 3538 713 es,
3563 652 3617 699 et
3645 646 3711 698 in

2051 738 2259 787 terram
2288 732 2393 787 ibis
2442 734 2595 805 (Gen.
2649 750 2733 800 III,
2800 734 2885 803 19)
2922 749 2934 787 :
2965 733 3052 789 sic
3097 737 3154 789 et
3202 736 3411 789 sancto
3469 732 3706 788 dicitur.

2050 820 2273 876 Caelum
2305 837 2387 890 es,
2447 828 2503 878 et
2551 823 2607 878 in
2666 822 2876 879 coelum
2936 822 3072 878 ibis.
3135 823 3250 878 Hoc
3297 826 3496 878 totum
3528 838 3711 894 quare

2052 909 2168 965 dixi
2199 913 2227 968 ‘I
2255 911 2329 967 Ut
2361 918 2597 969 sanctos
2625 909 2834 968 coelum
2880 912 3208 985 probarem.
3262 912 3412 968 ειειί
3443 920 3716 968 enarravit

2052 1008 2298 1076 gloriam
2331 1006 2503 1076 Dei,et
2525 1018 2696 1075 opera
2722 1002 3148 1073 manuum’ejus
3178 1001 3491 1057 annuntiat
3519 1001 3715 1071 ﬁrma-

2052 1104 2296 1153 mentum
2325 1095 2497 1164 (Psal.
2531 1110 2692 1159 XVIII,
2725 1093 2803 1162 2).
2835 1093 2906 1148 Et
2934 1107 3102 1163 aqua:
3130 1108 3257 1163 quae
3317 1106 3506 1163 super
3537 1090 3719 1147 oculos

2054 1189 2213 1257 sunt,
2236 1184 2478 1240 laudent
2509 1198 2721 1238 nomen
2752 1180 2985 1236 Domini
3035 1181 3207 1250 (Psal.
3267 1197 3515 1245 cxnvm,
3548 1181 3609 1249 4,
3637 1182 3719 1250 5).

2053 1274 2189 1329 lei
2221 1272 2496 1329 cmlorum
2529 1268 2774 1325 Domino
2808 1288 2824 1323 :
2858 1268 2960 1340 qui
2992 1269 3127 1324 fecit
3154 1268 3362 1325 coelum
3394 1273 3461 1323 et
3490 1272 3717 1324 terram

2056 1361 2521 1436 (Psal.cx1u,6).
2560 1358 2719 1415 Licet
2767 1358 2981 1414 terreni
3032 1358 3240 1425 simus,
3298 1357 3447 1414 licet.
3505 1357 3723 1413 ambu-

2056 1453 2247 1509 lemus
2312 1451 2373 1506 in
2448 1454 2623 1516 terra,
2692 1452 2890 1504 tamen
2948 1447 3307 1504 conversatio
3373 1450 3597 1503 nostra
3663 1446 3723 1501 in

2059 1541 2220 1598 caelis
2260 1546 2370 1597 est.
2432 1539 2517 1595 lbi
2577 1537 2868 1594 habemus
2917 1536 3415 1609 municipationes
3446 1540 3715 1597 nostras.

2064 1650 2085 1679 ι
2120 1629 2224 1696 Qui
2257 1628 2395 1684 fecit
2423 1622 2634 1683 cmlu‘m
2666 1630 2723 1682 et
2752 1629 2989 1682 terram.
3024 1648 3053 1675 »
3102 1626 3262 1682 Licet
3317 1631 3613 1698 peccator
3638 1641 3721 1687 es.

2058 1718 2175 1776 noli
2203 1719 2512 1789 desperare
2545 1734 2557 1772 :
2587 1715 2872 1773 Dominus
2921 1716 3120 1771 omnia
3169 1719 3382 1788 potest.
3418 1713 3603 1770 Multi
3655 1715 3723 1770 de

2058 1812 2231 1875 terra,
2264 1804 2389 1861 cmli
2424 1806 2575 1860 ﬁunt
2609 1823 2622 1872 ;
2655 1812 2713 1860 et
2741 1803 2916 1859 multi
2945 1804 3016 1859 de
3070 1802 3232 1869 coelo,
3263 1808 3449 1859 terra.
3513 1802 3722 1858 lnlelix

2060 1895 2247 1952 Judas
2276 1893 2487 1950 coelum
2522 1893 2654 1960 fuit,
2681 1896 2737 1948 et
2769 1891 2958 1948 factus
2985 1896 3077 1948 est
3121 1896 3294 1948 terra.
3328 1892 3564 1948 Paulus
3595 1908 3718 1964 apo-

2063 1983 2248 2042 stolus
2278 1999 2345 2039 eo
2383 1986 2646 2055 tempore
2705 1998 2820 2055 quo
2880 1981 3343 2054 persequebatur
3386 1981 3717 2037 Ecclesiam

2064 2074 2196 2146 (Aet.
2230 2090 2307 2141 υς,
2329 2074 2356 2127 1
2386 2087 2531 2143 seqq.
2540 2089 2578 2143 ).
2612 2076 2768 2127 terra
2797 2075 2939 2127 erat.
2973 2070 3288 2128 Confessus
3345 2075 3467 2142 est,
3527 2075 3583 2127 et
3608 2086 3721 2125 coa-

2063 2161 2186 2218 lum
2220 2162 2411 2218 factus
2440 2167 2549 2218 est.
2598 2160 2711 2217 Nec
2768 2160 2870 2233 qui
2913 2159 3125 2216 coelum
3182 2163 3290 2231 est,
3361 2160 3546 2216 debet
3602 2175 3723 2216 esse

2065 2267 2309 2308 securus
2344 2267 2356 2306 :
2390 2266 2497 2306 nec
2535 2249 2636 2322 qui
2668 2254 2827 2306 terra
2884 2252 2994 2318 est,
3052 2249 3223 2305 debet
3276 2249 3605 2321 desperare
3655 2249 3723 2304 de

2064 2341 2204 2396 vita.
2240 2339 2419 2396 Jacob
2450 2355 2515 2395 eo
2546 2342 2809 2411 tempore
2846 2338 3080 2410 quando
3111 2338 3374 2411 fugiebat
3415 2337 3485 2393 in
3543 2338 3724 2394 Meso-

2066 2429 2389 2502 potamiam
2421 2428 2659 2484 fratrem
2690 2444 2887 2496 suum,
2918 2428 3076 2484 venit
3121 2427 3195 2483 ad
3226 2427 3451 2482 Luzam
3485 2444 3503 2481 ς
3538 2431 3598 2483 et
3628 2427 3725 2495 ibi,

2066 2519 2278 2591 inquit,
2312 2515 2509 2590 posuit
2537 2516 2790 2588 lapidem
2825 2516 2897 2572 ad
2916 2519 3093 2587 caput
3123 2514 3493 2583 (Gen.xxvm.
3522 2517 3727 2585 11,19).

2067 2608 2187 2664 Sub
2210 2607 2399 2679 capite
2428 2605 2616 2678 ipsius
2656 2604 2809 2678 lapis
2867 2610 2992 2661 erat
3048 2604 3343 2660 Christus.
3397 2608 3729 2676 Nunquam

2067 2695 2179 2752 sibi
2232 2693 2430 2766 posuit
2474 2692 2729 2765 lapidem
2779 2693 2851 2748 ad
2905 2696 3098 2765 caput,
3152 2691 3267 2749 nisi
3322 2708 3392 2748 eo
3434 2697 3730 2766 tempore,

2067 2783 2300 2856 quando
2330 2786 2763 2854 persecutorem
2797 2781 2968 2854 fugit.
3000 2781 3275 2847 Quandiu
3303 2781 3511 2837 eratin
3545 2783 3726 2836 domo

2067 2872 2252 2945 patris
2298 2869 2391 2927 sui
2432 2874 2489 2925 et
2535 2869 2789 2926 habebat
2839 2869 3142 2943 refrigeria
3195 2872 3404 2939 carnis,
3452 2869 3724 2941 lapidem

2067 2978 2184 3017 non
2217 2960 2469 3015 habebat
2498 2959 2569 3015 ad
2603 2963 2801 3032 caput.
2845 2959 3108 3016 Recessit
3156 2959 3227 3014 de
3273 2959 3447 3014 domo
3490 2958 3729 3023 nudus,

2068 3049 2309 3106 recessit
2337 3048 2397 3103 in
2429 3048 2609 3121 virga,
2640 3053 2699 3103 et
2745 3048 2945 3103 statim
2997 3047 3057 3103 in
3106 3047 3235 3121 ipsa
3278 3052 3450 3103 nocte
3498 3047 3728 3103 invenit

2067 3138 2345 3211 lapidem,
2396 3142 2452 3193 et
2498 3137 2695 3210 posuit
2724 3137 2797 3192 ad
2826 3140 3003 3209 caput
3031 3153 3226 3193 suum.
3254 3136 3363 3201 Qui
3393 3136 3585 3193 talem
3625 3136 3726 3192 ha-

2069 3227 2246 3281 bebat
2276 3224 2580 3298 pulvillum
2609 3228 2666 3280 in
2696 3242 2811 3297 quo
2845 3225 3247 3299 refrigerabat,
3312 3225 3519 3281 videte
3559 3225 3730 3282 visio-

1994 3292 2039 3359 (ἶ
2078 3331 2211 3372 nem
2243 3292 2391 3387 ejus.
2432 3315 2591 3382 Vidit,
2628 3292 2842 3386 inquit,
2874 3292 3080 3371 scalam
3098 3315 3165 3369 de
3194 3292 3345 3371 terra
3400 3318 3735 3387 pertingen-

2076 3410 2186 3461 tem
2213 3404 2283 3459 ad
2312 3404 2526 3467 cwlum,
2561 3410 2613 3459 et
2644 3404 2800 3469 vidit,
2828 3403 3041 3475 inquit,
3074 3406 3296 3473 angelos
3346 3402 3737 3461 descendente:

2078 3499 2134 3550 et
2163 3493 2509 3549 ascendentes
2537 3492 2698 3562 (Ibid.
2735 3493 2844 3564 12).
2878 3493 3033 3548 Vidit
3064 3492 3302 3565 angelos
3362 3493 3436 3548 de
3478 3493 3623 3549 coelo
3650 3509 3738 3547 ve-

2080 3582 2204 3637 nire
2233 3581 2305 3636 ad
2337 3586 2577 3647 terram,
2610 3584 2667 3635 et
2692 3580 2836 3637 alios
2877 3581 2947 3636 de
2977 3591 3131 3637 terra
3180 3582 3254 3637 ad
3310 3579 3500 3637 oculos
3549 3597 3739 3637 ascen-

2078 3672 2232 3726 dere.
2261 3669 2451 3725 Vultis
2482 3668 2631 3724 scire
2662 3670 2802 3742 quia
2831 3669 2983 3741 lapis
3013 3668 3109 3725 ille
3134 3669 3230 3741 qui
3266 3675 3398 3725 erat
3446 3669 3526 3726 ad
3559 3674 3729 3742 caput

2077 3757 2280 3825 Jacoh,
2314 3756 2585 3813 Christus
2611 3761 2736 3812 erat
2768 3756 2919 3830 lapis
2967 3757 3268 3831 angularia
3294 3757 3324 3812 ?
3382 3759 3557 3830 Lapis
3584 3773 3737 3828 quem

2080 3846 2507 3918 reprobaverunt
2545 3845 2913 3915 aediﬁcantes,
2968 3846 3057 3901 hic
3108 3846 3290 3920 factus
3349 3849 3431 3900 est
3490 3848 3554 3900 in
3582 3848 3738 3917 caput

2081 3936 2277 4006 anguli
2307 3935 2487 4005 (PsaI.
2522 3950 2696 4000 cxvn,
2728 3935 2841 4005 22).
2876 3933 3048 4006 Lapis
3080 3932 3177 3990 ille
3204 3934 3307 4007 qui
3359 3935 3626 4007 scriptus
3654 3939 3737 3991 est

2081 4025 2141 4079 in
2196 4028 2525 4096 Regnorum
2584 4021 2757 4090 libro,
2814 4022 3108 4079 Abenezer
3166 4024 3239 4095 (II
3288 4029 3421 4093 Reg.
3483 4041 3607 4090 vni,
3659 4024 3735 4095 3).

2083 4112 2256 4185 Lapis
2287 4112 2396 4168 iste
2427 4111 2695 4167 Christus
2726 4115 2841 4167 est.
2876 4112 3170 4168 Abenezer
3217 4118 3412 4168 autem
3442 4112 3734 4182 interpre-

2081 4205 2241 4256 tatur
2271 4202 2417 4271 lapis
2469 4199 2759 4271 adjutorii.
2819 4200 3214 4269 Consurrexit,
3281 4199 3475 4272 inquit,
3535 4199 3728 4255 Jacob

2085 4307 2275 4345 mane.
2308 4290 2376 4345 Et
2408 4288 2547 4362 quid
2579 4290 2727 4344 dixit
2754 4290 2781 4343 ‘?
2810 4293 2960 4361 Haec,
2993 4289 3207 4361 inquit,
3244 4291 3451 4347 domus
3479 4287 3595 4346 Dei
3619 4293 3736 4344 est.

327 4369 1977 4483 ρῗεερειτοωυεἷὲωρῖιέὶὲὲἠςξὲίι-ἶλῖἕιῖιέἑοἶῖέῑὲιιὶἔξνθιζῖἑὲ
2084 4380 2153 4483 ξπ
2186 4379 2352 4483 ,ίᾷυίά
2392 4379 2546 4483 Ec,“
2594 4378 2622 4433 7
2671 4377 2833 4483 Tulit
2900 4378 3122 4483 ,i‘lqﬁib
3189 4378 3390 4478 916m
3412 4383 3536 4483 f“.
3575 4379 3744 4483 Em“

328 4499 390 4553 et
419 4466 641 4553 habitet
670 4498 729 4553 in
763 4466 934 4555 nobis
968 4516 980 4555 :
1009 4466 1073 4555 ut
1105 4500 1302 4555 anima
1346 4466 1567 4557 nostra
1597 4466 1864 4565 Sionsit,
1899 4466 1976 4556 sit
2086 4467 2359 4539 lapidem'
2387 4467 2515 4565 ,NiSi
2567 4466 2844 4565 [Elysiam
2884 4466 3353 4565 ,ίθίέῃθχθτίῷξλδ
3397 4467 3739 4565 ,Sf’ﬁP‘Em'

318 4586 568 4659 specula
592 4586 659 4642 ut
684 4587 762 4643 sit
791 4588 849 4644 in
882 4588 1327 4645 summitatibus
1386 4592 1703 4645 constituta
1736 4607 1749 4645 :
1780 4595 1846 4645 ut
1900 4590 1976 4644 sit

2086 4572 2215 4611 rum
2252 4580 2266 4622 ;
2307 4557 2477 4625 cujus
2506 4555 2749 4611 rationis
2780 4559 2995 4623 erat,ut
3015 4560 3258 4629 ungeret
3290 4554 3555 4627 lapidem
3584 4554 3737 4621 oleo;

320 4644 589 4749 sursum,
617 4692 741 4733 non
772 4678 1069 4734 deorsum.
1113 4678 1390 4750 Legimus
1436 4644 1515 4733 in
1539 4644 1815 4734 Zacharia
1846 4695 1977 4749 pro-
2009 4662 2055 4726 Ι)
2090 4668 2131 4750 (ί,
2154 4644 2467 4750 Ῐῗθηθάίθθι
2574 4644 2856 4744 Ορωὶῐῳῗ
2885 4661 2953 4699 ex
2982 4644 3120 4750 Si?”
3154 4661 3173 4698 ’θ
3204 4644 3311 4750 qui
3355 4644 3502 4701 feeit
3533 4644 3741 4750 Mihin

330 4764 507 4838 pheta
539 4782 553 4834 ;
585 4767 652 4822 Et
678 4767 928 4838 angelus,
994 4766 1207 4838 inquit,
1261 4768 1356 4837 qui
1413 4767 1738 4838 loquebatur
1779 4767 1973 4833 inme,

322 4856 475 4911 dixit
499 4855 571 4911 ad
599 4871 684 4912 me
712 4857 895 4925 (Zach.
929 4873 968 4923 1,
1004 4856 1113 4927 14).
1148 4855 1205 4911 Si
1267 4855 1513 4928 angelus
1545 4854 1886 4928 loquebatur
1916 4855 1974 4910 in

329 4943 630 5016 propheta,
664 4948 885 5017 quanto
917 4944 1103 5017 magis
1134 4943 1357 4999 habitat
1385 4944 1445 4998 in
1479 4944 1647 4999 nobis
1681 4944 1693 4998 !
1721 4944 1848 5016 Ipse
1869 4959 1977 4999 nos

332 5033 505 5089 nabat
532 5038 591 5090 et
620 5035 846 5103 domos,
888 5041 946 5091 et
1000 5032 1487 5089 confabulatores.
1520 5056 1548 5082 ‹‹
1582 5034 1891 5089 Benedicat
1920 5038 1977 5089 te

330 5118 616 5178 Dominus
647 5139 714 5178 ex
746 5123 907 5191 Sion,
940 5124 1040 5194 qui
1076 5122 1209 5178 fecit
1239 5121 1448 5178 cmlum
1482 5127 1538 5178 et
1585 5127 1822 5179 terram.
1857 5146 1878 5175 ι
1916 5122 1974 5176 Si

332 5214 571 5266 sanctus
600 5228 685 5278 es,
710 5211 846 5268 audi
877 5213 1031 5285 quod
1065 5212 1227 5279 dicit,
1266 5235 1287 5262 «ι
1324 5212 1422 5283 qui
1486 5211 1619 5268 fecit
1676 5211 1907 5267 cmlum.
1947 5231 1974 5260 »

327 5296 387 5353 Si
422 5302 800 5369 peccatores,
853 5324 880 5352 «
912 5301 1013 5373 qui
1074 5300 1207 5356 fecit
1260 5303 1498 5355 terram.
1563 5322 1590 5349 ››
1642 5302 1709 5356 Et
1765 5300 1975 5356 oculum

330 5385 473 5443 fecit
498 5390 555 5442 et
584 5390 820 5445 terram.
872 5390 1110 5445 Interim
1157 5389 1425 5445 dicamus
1467 5389 1791 5444 secundum
1825 5389 1978 5444 litte-

323 5493 485 5532 ram.
522 5477 637 5533 Hoc
670 5477 811 5533 dicit
869 5481 940 5534 ad
1000 5478 1435 5535 distinctionem
1494 5478 1805 5534 idolorum.
1864 5479 1975 5546 Dii,

338 5566 549 5639 inquit,
582 5566 682 5640 qui
705 5583 819 5622 non
854 5568 1116 5624 fecerunt
1144 5567 1351 5624 coelum
1372 5572 1675 5639 etterram,
1709 5572 1981 5640 pereeant

336 5656 409 5712 de
438 5660 617 5713 terra.
657 5656 939 5713 Dominus
969 5661 1161 5712 autem
1193 5656 1369 5713 cmlos
1428 5657 1582 5712 fecit.
1642 5658 1727 5712 Ad
1772 5657 1978 5713 distin-

314 5743 595 5802 ctionem
626 5746 736 5804 hoc
759 5745 900 5803 dicit
920 5744 1356 5803 idolorum.Hoc
1385 5745 1619 5801 interim
1652 5747 1976 5803 secundum

2084 4737 2140 4790 et
2170 4738 2449 4788 terram.»
2486 4732 2658 4788 Denis
2691 4732 2892 4804 quinis
2922 4731 3153 4788 cantica
3171 4732 3469 4805 graduum
3496 4733 3740 4805 psalmis

2085 4823 2143 4877 in
2176 4818 2579 4878 benedictione
2611 4820 2970 4878 concludens
3000 4837 3067 4878 ex
3098 4837 3236 4877 voce
3268 4821 3621 4894 prophetica
3639 4838 3740 4879 nos

2084 4912 2155 4967 ad
2165 4916 2359 4966 monet
2398 4910 2598 4965 dicens
2628 4928 2647 4965 :

2573 5051 2896 5108 PSALMUS
2954 5050 3241 5107 CXXXIV.

2088 5164 2115 5191 ‹‹
2168 5141 2421 5197 Laudate
2471 5156 2681 5197 nomen
2742 5139 2997 5196 Domini.
3062 5163 3090 5189 ››
3149 5141 3311 5204 Quod
3402 5158 3512 5213 per
3571 5142 3736 5213 ﬁdem

2159 5212 2512 5284 cognovistis
2542 5230 2669 5268 esse
2695 5230 2870 5284 super
2898 5229 3077 5268 omne
3124 5228 3356 5284 nomen.
3387 5212 3428 5284 β(
3460 5212 3739 5284 Laudate,

2162 5282 2701 5352 servi,-Dominum.
2738 5282 2903 5347 »Ὸυί
2940 5283 3158 5354 peccati
3218 5283 3427 5340 famuli
3482 5300 3615 5340 esse
3643 5282 3739 5338 de-

2161 5356 2366 5411 siistis.

2169 5502 2194 5533 «
2222 5480 2329 5543 Qui
2362 5479 2529 5536 statis
2560 5479 2619 5534 in
2652 5480 2824 5537 domo
2874 5479 3105 5535 Domini
3138 5496 3151 5534 :
3184 5479 3243 5535 in
3303 5480 3471 5536 atriis
3534 5482 3737 5538 domus

2093 5568 2189 5623 Dei
2224 5567 2428 5623 nostri.
2466 5590 2493 5616 »
2526 5568 2631 5633 Qui
2665 5567 3044 5624 immobiliter
3073 5567 3130 5623 in
3166 5584 3233 5624 eo
3262 5567 3519 5641 plantati
3585 5567 3734 5627 estis.

2155 5680 2181 5706 «
2209 5657 2466 5713 Laudate
2496 5656 2834 5727 Dominum,
2868 5655 3007 5728 quia
3065 5655 3355 5730 benignus
3415 5663 3512 5716 est
3540 5656 3729 5716 Domi-

2090 5763 2226 5804 nus.
2259 5770 2285 5795 ‹‹
2318 5745 2439 5805 Cito
2470 5746 2626 5804 enim
2686 5745 3102 5819 pauitantibus
3160 5745 3391 5804 veniam
3451 5750 3736 5821 praestat:
