3992 6194
259 360 411 429 1301
1438 372 1933 439 BREVIARIUM
1978 375 2056 438 IN
2103 377 2484 442 PSALMOS.
3506 387 3662 450 I302

257 497 647 597 spemnetiam
698 505 956 597 nostram
1013 520 1122 561 sua
1167 503 1494 578 adimplens
1527 507 1900 580 benignitate.
1933 520 1988 576 Α
2018 511 2172 569 daeos
2201 531 2316 569 non
2350 517 2648 574 credentes
2683 536 2695 574 :
2729 521 2830 593 qui
2862 538 3017 579 nunc
3049 512 3180 595 jam
3215 523 3465 597 judicati
3496 529 3664 585 sunt:

259 612 288 640 (ι
326 588 561 645 Ρεειηίῐθ
594 592 816 647 Domini
848 596 996 664 ejus,
1031 594 1168 666 quia
1199 612 1374 652 suave
1406 601 1513 653 est.
1546 621 1572 647 υ
1606 598 1730 653 Non
1757 598 1915 653 enim
2027 622 2159 661 cum
2192 623 2307 661 non
2338 606 2708 663 crediderint.
2735 588 2763 658 (ἶ
2793 611 2861 665 Et
2892 612 2950 666 in
2983 588 3164 668 servis
3193 588 3311 669 tuis
3343 614 3669 671 consolabi-

261 679 552 750 processit
605 682 676 734 ab
721 697 786 736 eo
836 699 1042 753 aspera
1089 683 1493 740 haereticorum
1526 687 1913 757 perversitas;
2027 699 2141 750 tur.
2179 716 2205 743 ››
2241 697 2304 750 In
2329 696 2701 752 credentibus
2733 699 2956 770 utique,

263 767 367 822 sed
408 783 519 865 per
569 768 756 839 ipsam
811 772 1157 828 suavitatem
1189 791 1223 828 a
1253 774 1524 846 squalore
1574 774 1917 847 gentilitatis
2104 806 2125 833 ι
2159 783 2485 840 Simulacra
2514 787 2776 857 gentium
2807 767 3114 861 argentum
3144 793 3200 846 et
3228 805 3457 864 aurum,
3491 810 3670 865 opera

263 855 682 952 erutiAsum-us.
748 947 767 952 _
1006 949 1017 952 _
2030 888 2314 928 manuum
2344 873 2672 942 hominum,
2707 892 2770 932 os
2801 877 3018 934 habent
3048 883 3104 934 et
3134 896 3250 935 non
3279 855 3612 952 loquentur,
3640 905 3670 932 ››

344 945 692 1040 a-Quoniam
737 947 915 1004 Jacob
971 949 1144 1023 elegit
1201 952 1310 1007 sibi
1361 953 1661 1009 Dominus.
1709 976 1737 1003 ››
1771 955 1919 1008 Eum
2030 966 2138 1017 etc.
2173 962 2491 1017 Gentilium
2523 967 2876 1021 exsecranda
2907 973 3326 1025 commemorat
3355 945 3620 1027 irridens
3654 977 3696 1040 ὲ,

265 1032 508 1131 scilicet,
565 1035 664 1131 qui
697 1037 1074 1131 supplantato
1105 1040 1353 1131 populo,
1373 1042 1622 1114 arripuit
1650 1042 1921 1098 benedic-
2031 1051 2170 1122 quia
2218 1067 2350 1106 cum
2399 1052 2619 1108 nullius
2669 1055 2917 1110 membri
2947 1057 3366 1128 vegetationem
3397 1059 3672 1131 habeant,

265 1123 701 1214 stionem-ejus.
738 1149 764 1175 ‹‹
801 1127 974 1182 Israel
1009 1128 1067 1183 in
1099 1130 1533 1201 possessionem
1587 1131 1720 1186 sibi.
1755 1154 1780 1180 η
1814 1131 1922 1198 011i
2031 1141 2158 1196 auri
2189 1142 2531 1214 argentique
2563 1142 2797 1201 metallo
2845 1144 2976 1201 illos
3020 1123 3334 1204 nobilitare
3363 1123 3670 1206 voluerint:

262 1215 400 1283 post
429 1211 647 1267 multas
679 1213 867 1271 luctas
901 1218 1081 1273 Deum
1114 1224 1306 1276 mente
1339 1221 1553 1277 meruit
1580 1221 1792 1276 videre.
2032 1211 2284 1301 Ideoque
2313 1211 2524 1301 adjecit
2554 1249 2566 1286 :

338 1340 365 1367 α
403 1318 549 1385 Quia
579 1335 684 1391 ego
717 1323 963 1394 cognovi
996 1327 1150 1396 quod
1182 1343 1432 1399 magnus
1464 1331 1552 1383 est
1580 1327 1922 1383 Dominu3_»
2110 1342 2131 1368 «ι
2168 1319 2400 1375 Similes
2432 1320 2550 1375 illis
2581 1321 2723 1376 ﬁant
2751 1322 2854 1393 qui
2882 1322 3105 1380 faciunt
3133 1341 3222 1391 ea,
3252 1329 3310 1381 et
3337 1343 3542 1385 omnes
3571 1327 3676 1401 qui

266 1407 588 1462 Revelante
660 1409 798 1466 Filio
873 1415 1284 1485 cognoscimus
1345 1417 1592 1485 Patrem,
1653 1417 1780 1488 ipso
1839 1415 1925 1470 di-
2035 1409 2336 1464 confidunt
2363 1410 2421 1463 in
2454 1411 2558 1466 eis.
2586 1431 2612 1458 υ
2644 1409 2731 1465 Illi
2763 1412 3197 1470 confundantur
3223 1414 3284 1470 in
3313 1415 3408 1472 his
3439 1417 3680 1488 quicrsv

265 1499 430 1551 cente
464 1513 479 1552 :
511 1496 678 1553 Nemo
708 1503 863 1555 novit
893 1502 1136 1571 Patrem,
1187 1506 1302 1559 nisi
1346 1507 1440 1560 cui
1484 1506 1717 1561 voluerit
1747 1505 1926 1560 Filius
2036 1500 2216 1565 dunt;
2249 1515 2356 1554 D03
2382 1516 2516 1554 VBPO
2547 1499 2938 1570 001180181111",
2971 1502 3073 1574 qui
3102 1504 3174 1559 ad
3206 1503 3524 1578 imaginem
3573 1505 3676 1563 Ι)Θὶ

270 1585 514 1641 revela-re
542 1583 708 1658 (Luc.
741 1606 796 1656 x,
829 1591 941 1660 22),
979 1613 1006 1641 ‹‹
1040 1593 1107 1648 Et
1135 1593 1288 1649 Deus
1335 1599 1532 1650 noster
1581 1612 1694 1666 pm
1739 1593 1927 1650 omni-
2037 1588 2169 1644 facti
2203 1587 2398 1660 ipsum
2432 1589 2768 1644 adoramus.

276 1674 389 1729 bus
430 1675 563 1730 diis,
603 1698 629 1724 ,,
665 1677 851 1748 super
899 1697 1100 1737 omnes
1146 1687 1379 1738 sanctos
1427 1683 1802 1761 angglosque,
1827 1682 1928 1754 qui
2117 1698 2142 1730 α
2171 1677 2392 1732 Domus
2423 1677 2622 1745 Israel,
2655 1678 2979 1737 benedicite
3007 1682 3341 1739 Dominum.
3373 1706 3396 1736 ι
3432 1685 3684 1759 Congre-

278 1761 358 1816 dii
387 1762 549 1834 digni
583 1771 724 1821 sunt
752 1769 966 1824 vocari.
2039 1766 2302 1838 gationes
2359 1769 2717 1836 sanctorum,
2771 1769 2954 1825 Deum
3004 1771 3190 1828 oculis
3235 1773 3452 1829 mentis
3500 1773 3688 1846 inspi-

364 1875 385 1901 ι
421 1851 630 1909 Omnia
685 1872 1045 1931 quaecunque
1085 1860 1270 1916 voluit
1316 1862 1621 1930 Dominus,
1682 1861 1816 1917 fecit
1870 1861 1930 1915 in
1964 1883 2012 1949 Β
2042 1856 2282 1910 cientes.
2317 1878 2343 1903 «
2379 1855 2599 1911 Domus
2647 1858 2858 1926 Aaron,
2895 1860 3216 1918 benedicite
3263 1861 3599 1918 Dominum.
3652 1883 3681 1913 η

290 1940 430 1996 ccelo
461 1947 516 1997 et
545 1942 600 1998 in
637 1948 790 2001 terra
817 1946 877 2001 in
909 1949 1078 2016 mari,
1112 1955 1168 2004 et
1198 1951 1257 2005 in
1289 1951 1562 2006 omnibus
1615 1950 1862 2023 abyssis.
1903 1971 1931 2000 »

295 2033 406 2084 Pro
452 2030 747 2089 volunt-ate
806 2035 1085 2093 bonitatis
1132 2037 1351 2108 placuit
1401 2039 1515 2093 Deo
1574 2039 1631 2093 in
1694 2038 1937 2094 excelsis

297 2118 626 2192 animabus,
661 2123 719 2177 in
751 2123 932 2180 aridis
964 2126 1283 2195 mentibus,
1317 2126 1376 2180 in
1408 2127 1604 2181 saeculi
1637 2127 1934 2196 fluctibus,

295 2206 352 2262 in
387 2208 783 2279 profunditate
814 2213 1048 2269 malitia
1082 2214 1266 2270 facere
1297 2215 1608 2286 mirabilia,
1641 2215 1794 2271 sicut
1845 2232 1937 2272 se-

297 2297 516 2366 quitur.

373 2407 395 2434 a
431 2387 695 2444 Educens
725 2390 910 2446 nubes
940 2392 1013 2446 ab
1043 2396 1299 2448 extremo
1343 2397 1526 2448 terrae.
1562 2416 1589 2443 »
1623 2395 1706 2450 Ab
1747 2395 1943 2450 humi-

293 2472 455 2552 litate
482 2480 714 2533 terrena
742 2478 974 2535 elevans
1005 2480 1297 2552 apostolos
1328 2498 1393 2536 ac
1423 2483 1788 2554 propbetas.<<
1817 2482 1944 2538 Ful-

297 2579 445 2636 gura
476 2565 532 2619 in
564 2567 822 2638 pluviam
855 2569 1010 2624 fecit.
1043 2592 1070 2618 «
1109 2570 1175 2624 Ut
1203 2569 1459 2642 primum
1507 2571 1706 2627 lumen
1747 2571 1944 2644 cogni-

303 2653 478 2712 tionis
526 2655 648 2727 Dei,
683 2657 891 2713 deinde
935 2658 1183 2714 imbrem
1233 2660 1628 2716 doctrinarum
1674 2662 1944 2718 infunde-

301 2747 449 2798 rent.

375 2857 401 2884 ‹‹
435 2835 542 2899 Qui
574 2835 843 2906 producit
890 2840 1090 2892 ventos
1138 2837 1208 2892 de
1259 2837 1549 2894 thesauris
1592 2839 1736 2895 suis.
1774 2862 1800 2888 »
1832 2843 1947 2895 An-

300 2922 460 2994 gelos
492 2928 727 2980 sanctos
758 2925 829 2980 de
873 2925 1100 2980 arcanis
1142 2926 1476 2982 cmlestibus
1507 2928 1768 3000 dirigens
1802 2947 1814 2984 :
1849 2929 1948 3001 qui

301 3012 395 3067 his
446 3013 502 3067 in
558 3013 816 3068 nubibus
869 3014 1274 3086 imbribusque
1325 3017 1503 3071 robur
1551 3021 1724 3088 atque
1763 3018 1949 3074 incre-

302 3107 567 3157 mentum
598 3101 870 3158 ferrent.«
903 3103 1009 3167 Qui
1045 3104 1334 3175 percussit
1365 3105 1751 3177 primogenita
1781 3107 1947 3179 zEgy-

301 3191 414 3262 pti;
449 3192 521 3246 ab
552 3191 790 3247 homine
821 3209 1002 3261 usque
1033 3193 1103 3248 ad
1137 3209 1334 3264 pecus.
1372 3216 1398 3242 ››
1429 3194 1783 3267 Principalia
1811 3196 1952 3251 vitia

301 3283 476 3352 atque
505 3280 756 3336 crimina
787 3280 1014 3336 mundi.

381 3390 406 3422 α
437 3370 504 3424 Et
536 3369 698 3424 misit
729 3370 896 3441 signa
926 3374 984 3425 et
1013 3371 1277 3444 prodigia
1305 3371 1363 3425 in
1398 3371 1588 3427 medio
1637 3373 1743 3438 tui,
1786 3374 1953 3446 ngy-

303 3463 421 3532 pte.
455 3481 484 3508 »
516 3459 765 3514 Terrens
799 3459 1089 3513 mundum
1123 3458 1182 3515 in
1220 3460 1508 3531 passione,
1551 3460 1638 3516 vel
1688 3461 1746 3516 in
1797 3466 1954 3518 tene-

305 3547 448 3614 bris,
480 3548 565 3604 vel
595 3548 654 3604 in
687 3547 1078 3603 commotione
1108 3552 1292 3604 terrae.
1328 3571 1355 3598 «
1390 3549 1452 3603 In
1485 3549 1847 3604 Pharaonem
1899 3554 1957 3606 et

304 3637 363 3692 in
413 3654 616 3694 omnes
669 3653 867 3692 servos
916 3638 1064 3709 ejus.
1123 3659 1150 3685 »
1202 3638 1458 3710 Afﬁgens
1518 3638 1817 3695 diabolum
1866 3640 1954 3696 vel

304 3726 670 3798 principatus
699 3727 827 3796 ejus
858 3727 1013 3781 cruci
1050 3743 1190 3781 sum.

382 3835 403 3864 ι
439 3813 546 3877 Qui
582 3814 871 3886 percussit
922 3830 1087 3886 reges
1130 3831 1396 3887 magnos,
1445 3820 1502 3870 et
1544 3817 1758 3872 occidit
1793 3833 1955 3889 reges

305 3903 504 3958 fortes.
544 3925 564 3951 υ
606 3905 918 3957 Innumera
942 3902 1101 3970 vitia,
1136 3920 1260 3974 qua)
1310 3904 1600 3960 mundum
1650 3922 1952 3978 oppresse-

305 3997 460 4048 rant.
1413 3982 1425 3994 ’

379 4103 407 4130 ‹‹
441 4082 588 4138 Seon
619 4097 816 4154 regem
846 4080 1335 4137 Amorrhaaorum.
1381 4105 1408 4130 ››
1457 4083 1734 4139 Arborem
1770 4083 1954 4140 infru-

305 4173 568 4225 ctuosam
594 4168 811 4224 habent
835 4184 1034 4224 secum
1056 4175 1446 4225 exsecratores
1475 4169 1611 4236 Dei;
1647 4170 1746 4242 qui
1780 4171 1955 4228 simul

305 4257 588 4331 percussi,
623 4258 682 4312 in
715 4258 912 4330 ignem
945 4257 1336 4328 projiciuntur
1373 4265 1675 4314 aeternum.
1712 4284 1738 4309 «
1774 4261 1843 4315 Et
1872 4261 1957 4334 0g

305 4363 500 4418 regem
532 4350 742 4400 Basan.
775 4369 801 4394 ››
830 4346 1140 4402 Maceriam
1182 4347 1564 4419 confusionis,
1611 4367 1738 4421 quae
1786 4351 1955 4405 nobis

285 4449 377 4510 _ne
425 4433 609 4488 Deum
643 4448 1114 4504 agnosceremus,
1148 4435 1436 4490 obstabat.
1475 4457 1502 4485 «
1535 4437 1606 4490 Et
1636 4437 1832 4493 omnia
1863 4454 1956 4492 re-

303 4539 420 4596 gna
457 4523 750 4578 Chanaan.
786 4544 815 4571 ››
847 4521 1070 4577 Occidit
1117 4539 1296 4593 regna
1344 4524 1771 4594 commotionis,
1826 4542 1953 4597 quae

2047 1943 2447 1999 Ministrorum
2477 1946 2618 2000 ordo
2648 1947 2956 2017 perfectus.

2122 2054 2149 2084 ‹‹
2170 2032 2277 2098 Qui
2307 2032 2528 2088 timetis
2558 2033 2895 2104 Dominum,
2929 2037 3253 2096 benedicite
3282 2040 3632 2110 Dominum;
3656 2060 3688 2092 π

2049 2127 2112 2178 ut
2163 2122 2316 2177 sicut
2363 2123 2728 2192 majestatem
2782 2125 3062 2192 metuitis,
3095 2127 3176 2184 ita
3219 2145 3354 2184 cum
3407 2129 3692 2186 charitate

2048 2210 2321 2266 laudetis.

2121 2323 2149 2350 «
2184 2300 2529 2356 Benedictus
2551 2302 2833 2359 Dominus
2863 2305 3017 2362 Deus
3043 2322 3112 2362 ex
3138 2307 3274 2364 Sion
3304 2325 3316 2363 :
3345 2309 3447 2381 qui
3468 2308 3696 2367 habitat

2052 2391 2112 2445 in
2141 2389 2488 2446 Jerusalem.
2525 2413 2552 2438 »
2590 2393 2735 2463 Ipse,
2768 2395 3048 2452 Dominus
3077 2400 3276 2453 noster
3303 2399 3473 2456 Jesus
3502 2398 3700 2455 Christ-

2052 2486 2192 2537 tus:
2229 2481 2322 2537 cui
2351 2486 2439 2537 est
2467 2498 2601 2538 cum
2646 2488 2860 2540 aterno
2912 2485 3080 2552 Patre
3122 2492 3181 2542 et
3225 2487 3444 2561 Spiritu
3497 2492 3698 2547 sancto
3799 2501 3808 2503 ’

2054 2571 2240 2626 honor
2267 2575 2325 2625 et
2349 2570 2532 2642 gloria
2562 2572 2620 2626 in
2653 2573 2866 2630 saecula
2897 2575 3266 2633 saculorum.
3296 2580 3502 2634 Amen.

2572 2700 2895 2756 PSALMUS
2934 2701 3185 2765 CXXXV.

2057 2789 2314 2844 Alleluia.
2349 2791 2460 2844 Iste
2489 2787 2753 2859 psalmus
2784 2789 3014 2845 Domini
3057 2790 3486 2848 misericordias
3518 2792 3579 2848 in
3611 2793 3701 2848 di-

2128 2861 2310 2935 versis
2359 2860 2807 2935 necessitatibus
2853 2861 3112 2918 humano
3163 2863 3361 2934 generi
3414 2862 3706 2935 praestitas

2130 2931 2352 3000 pandit,
2385 2931 2587 2986 dicens
2620 2949 2632 2988 :

2132 3045 2158 3070 ‹‹
2194 3020 2563 3076 Conﬁtemini
2597 3021 2862 3090 Domino,
2884 3021 3161 3094 quoniam
3192 3023 3701 3097 bonus,quoniam

2062 3110 2119 3165 in
2153 3110 2434 3166 saeculum
2468 3111 2869 3168 misericordia
2909 3112 3059 3183 ejus.
3099 3135 3119 3162 ι
3155 3112 3526 3168 Confitemini
3574 3129 3705 3186 pec-

2061 3205 2190 3256 cata
2220 3205 2430 3267 vestra,
2463 3205 2517 3256 et
2546 3200 2780 3257 laudate
2811 3218 2945 3257 eum
2981 3202 3082 3273 qui
3114 3219 3218 3274 per
3247 3201 3710 3260 misericordiam

2065 3291 2124 3345 in
2155 3306 2218 3345 se
2249 3289 2510 3345 manenti
2543 3290 2826 3362 indulget.

2139 3406 2165 3433 ‹‹
2195 3383 2562 3440 Conﬁtemini
2589 3383 2705 3438 Deo
2735 3383 2999 3438 deorum.
3035 3402 3058 3433 ι
3094 3381 3182 3436 Illi
3212 3381 3313 3454 qui
3342 3381 3714 3439 credentibus

2067 3474 2126 3536 in
2158 3491 2219 3529 se
2250 3473 2406 3528 dedit
2435 3476 2781 3545 potestatem
2814 3471 2964 3526 ﬁlios
2993 3471 3092 3527 Dei
3123 3471 3269 3527 ﬁeri.

2142 3585 2166 3614 ‹‹
2187 3561 2556 3618 Conﬁtemini
2586 3561 2830 3616 Domino
2861 3559 3433 3616 dominorum.»Hoc
3460 3559 3716 3617 refertur

2065 3653 2136 3709 ad
2167 3651 2400 3719 Filium,
2433 3656 2489 3707 et
2519 3652 2634 3706 Deo
2665 3651 2930 3715 deorum,
2985 3649 3056 3705 ad
3107 3653 3360 3705 Patrem.
3393 3648 3548 3705 Patri
3576 3665 3714 3722 ergo

2065 3746 2122 3798 et
2151 3740 2296 3796 Filio
2327 3739 2693 3796 conﬁtemur.
2729 3739 2896 3795 Pater
2926 3738 3083 3794 enim
3132 3738 3192 3794 in
3243 3737 3407 3808 Filio,
3439 3742 3497 3794 et
3534 3737 3716 3795 Filius

2067 3831 2125 3886 in
2158 3835 2346 3886 Patre.

2139 3943 2166 3969 ι(
2200 3920 2307 3985 Qui
2339 3919 2476 3976 facit
2503 3919 2796 3975 mirabilia
2827 3935 3041 3992 magna
3070 3917 3252 3974 solus.
3284 3939 3313 3967 »
3343 3916 3516 3972 Prius
3547 3916 3712 3987 dixit,

2073 4031 2093 4059 ι
2128 4009 2495 4065 Conﬁtemini
2540 4009 2655 4065 Deo
2686 4009 2950 4076 deorum,
2986 4029 3014 4056 »
3047 4011 3104 4063 et
3133 4006 3368 4076 iterum,
3406 4024 3428 4054 ι
3468 4004 3714 4062 Domino

2064 4099 2437 4154 dominorum
2472 4115 2484 4153 :
2523 4121 2549 4147 »
2582 4102 2638 4154 et
2681 4097 2959 4168 quoniam
3011 4095 3156 4150 dixit
3208 4094 3356 4150 duas
3409 4109 3712 4165 personas,

2067 4206 2221 4244 nunc
2255 4189 2416 4253 dicit,
2453 4212 2479 4237 ‹‹
2510 4186 2609 4258 qui
2641 4186 2778 4241 facit
2807 4183 3104 4240 mirabilia
3134 4199 3349 4255 magna
3377 4181 3560 4250 solus,
3589 4203 3610 4231 ι
3646 4186 3714 4238 ut

2065 4295 2180 4333 non
2211 4277 2367 4332 dicat
2397 4277 2540 4330 duos
2568 4275 2726 4329 deos.
2762 4274 3058 4345 Scriptum
3109 4275 3198 4328 est
3225 4271 3381 4328 enim
3411 4288 3423 4327 :
3461 4272 3606 4329 Unus
3633 4275 3712 4329 est

2067 4371 2236 4435 Deus,
2288 4382 2357 4421 ea:
2403 4380 2506 4435 quo
2548 4365 2757 4432 omnia,
2807 4367 2857 4418 et
2901 4377 3043 4417 unus
3091 4363 3358 4418 Dominus
3403 4363 3559 4418 Jews
3611 4377 3713 4433 per

2065 4471 2224 4526 quem
2254 4457 2460 4524 omnia,
2493 4458 2543 4509 et
2571 4469 2666 4508 nos
2694 4470 2794 4522 per
2826 4455 3007 4524 ipsum
3037 4454 3085 4524 (Ι
3114 4452 3234 4508 Cor.
3263 4469 3384 4519 vm,
3418 4452 3495 4522 6).

2137 4567 2164 4593 ‹‹
2199 4544 2304 4610 Qui
2339 4543 2474 4598 fecit
2503 4542 2677 4598 caelos
2721 4542 2780 4597 in
2832 4541 3148 4597 intellectu.
3179 4559 3207 4592 υ
3243 4541 3344 4596 Isti
3392 4543 3533 4596 sunt
3581 4539 3710 4595 cceli

306 4629 410 4668 nos
443 4612 889 4668 commovebant
918 4627 952 4666 a
984 4615 1114 4677 Deo,
1147 4615 1205 4665 et
1236 4610 1690 4667 dominabantur
1720 4614 1909 4670 nobis-
1979 4621 2026 4684 D
2061 4634 2162 4704 qui
2195 4635 2471 4688 enarrant
2491 4631 2736 4705 gloriam
2768 4631 2901 4686 Dei:
2928 4631 3024 4701 qui
3058 4628 3251 4686 vestiti
3283 4632 3423 4684 sunt
3451 4627 3708 4700 imagine

381 4740 409 4768 «
441 4720 509 4774 Et
540 4719 698 4774 dedit
728 4722 940 4774 terram
986 4734 1187 4774 eorum
1245 4717 1673 4786 haereditatem;
1708 4721 1950 4776 haeredi-

306 4813 484 4864 tatem
518 4807 694 4865 Israel
729 4806 942 4879 populo
973 4824 1102 4863 suo.
1124 4807 1297 4862 »Hazc
1327 4807 1526 4862 omnia
1557 4807 1769 4863 delevit
1797 4809 1951 4866 Deus

306 4902 481 4969 atque
511 4897 815 4964 subvertit,
844 4912 1066 4968 nosque
1109 4912 1210 4968 per
1238 4896 1630 4969 cognitionem
1673 4914 1840 4953 suam
1890 4898 1949 4953 in

305 4987 704 5043 hereditatem
755 4985 980 5056 ascivit,
1035 4989 1098 5040 ut
1143 4985 1286 5057 ipsis
1339 4985 1438 5056 qui
1485 5003 1599 5041 non
1649 4987 1953 5044 afﬁxerant

306 5076 768 5143 dominarentur,
796 5073 1060 5128 indulsit.

377 5189 406 5215 «
439 5166 702 5232 Domine,
755 5179 967 5219 nomen
1013 5167 1178 5217 tuum
1227 5163 1286 5217 in
1335 5168 1635 5221 mternum.
1686 5187 1712 5214 ››
1745 5167 1850 5221 Illo
1890 5167 1948 5221 in

305 5259 652 5326 perpetuum
695 5255 1092 5324 permanente,
1153 5251 1262 5307 hoc
1308 5253 1474 5308 nobis
1524 5254 1599 5308 sit
1646 5255 1949 5311 hae-reditas

305 5343 676 5414 sempiterna.
713 5364 740 5390 «
774 5340 1038 5406 Domine,
1072 5340 1409 5396 memorialo
1440 5346 1607 5398 tuum
1660 5343 1717 5398 in
1766 5361 1947 5400 sacu—

305 5431 428 5486 lum
462 5430 678 5486 saeculi.
714 5452 734 5480 ιο
774 5429 844 5485 Ut
873 5430 1025 5500 quod
1058 5429 1225 5500 Legis
1272 5431 1479 5487 veteris
1529 5433 1737 5487 umbra
1769 5435 1949 5504 praeﬁ-

306 5520 555 5592 guravit,
605 5521 662 5573 in
721 5518 899 5573 altero
960 5518 1191 5588 szeculo,
1239 5519 1294 5573 id
1352 5525 1457 5588 est,
1511 5521 1567 5576 in
1628 5521 1949 5593 Evangeliis

307 5613 676 5683 agnoscatur.

377 5721 404 5750 α
440 5697 893 5769 Quiajudicavit
928 5697 1216 5755 Dominus
1241 5699 1522 5772 populum
1554 5717 1750 5757 suum.
1787 5723 1815 5751 »
1844 5702 1948 5778 Ju-

2063 4721 2285 4778 coelcsti
2314 4726 2372 4777 et
2400 4725 2539 4777 sunt
2569 4721 2717 4787 coeli,
2753 4721 2853 4792 qui
2885 4736 3000 4776 non
3033 4723 3170 4775 sunt
3209 4716 3399 4774 vestiti
3448 4715 3708 4789 imagine

2061 4811 2275 4867 terreni
2320 4811 2377 4864 in
2427 4809 2746 4874 intellectu,
2798 4809 2855 4863 in
2899 4807 3203 4881 sapientia.
3253 4805 3519 4862 Christus
3548 4805 3706 4861 enim

2061 4899 2160 4955 Dei
2195 4900 2377 4954 virtus
2430 4903 2486 4954 et
2531 4898 2631 4955 Dei
2672 4897 2980 4970 sapientia.
3013 4896 3177 4953 Sicut
3206 4899 3262 4952 et
3291 4896 3350 4951 in
3383 4893 3707 4951 Proverbiis

2060 4989 2202 5044 dicit
2251 4990 2376 5061 ipsa
2427 4987 2770 5060 Sapientia:
2806 4986 3030 5055 Quando
3077 4986 3318 5056 faciebat
3365 4985 3553 5051 caelos,
3583 4999 3707 5039 cum

2059 5081 2174 5150 ipso
2203 5096 2354 5134 eram
2387 5080 2569 5149 (Prov.
2605 5095 2724 5142 VIII,
2757 5078 2869 5148 2‘7),
2892 5081 2950 5131 et
2978 5087 3204 5132 caetera.

2131 5192 2156 5218 ‹ι
2193 5169 2298 5234 Qui
2334 5167 2584 5223 ﬁrmavit
2612 5170 2826 5222 terram
2853 5181 3032 5237 super
3060 5181 3264 5234 aquas.
3302 5185 3330 5213 »
3363 5162 3521 5220 Licet
3543 5163 3702 5220 dica-

2059 5262 2155 5312 tur
2184 5261 2340 5312 terra
2371 5274 2546 5328 super
2575 5272 2759 5327 aquas
2784 5255 3056 5326 pendere,
3083 5252 3192 5309 hoc
3235 5255 3323 5309 est
3367 5253 3527 5308 inani
3559 5269 3704 5326 pon-

2060 5349 2215 5412 dere,
2259 5352 2453 5401 tamen
2501 5350 2716 5401 terram
2771 5347 3029 5399 nostram
3075 5341 3339 5398 fundavit
3367 5350 3424 5398 et
3453 5341 3707 5397 ﬁrmavit

2060 5437 2117 5491 in
2151 5435 2524 5507 baptismate.
2557 5435 2682 5490 Non
2713 5433 2856 5488 dixit
2886 5431 3276 5499 sustollit,aut
3305 5431 3705 5500 exaltavit,aut

2061 5526 2116 5579 in
2173 5525 2347 5580 ccelos
2381 5525 2514 5579 fecit
2541 5523 2870 5579 ascendere.
2919 5521 3219 5593 Baptisma
3263 5520 3418 5576 enim
3466 5522 3706 5590 peccata

2059 5615 2321 5682 dimittit,
2355 5619 2409 5669 et
2439 5613 2606 5684 quasi
2638 5612 2708 5668 de
2739 5627 2966 5668 carcere
3015 5609 3248 5667 liberat:
3287 5624 3466 5681 regna
3503 5611 3701 5663 autem

2062 5703 2338 5760 caelorum
2375 5719 2485 5759 non
2517 5704 2710 5774 potest
2737 5701 2974 5757 donare.
3006 5698 3066 5757 Si
3100 5716 3215 5756 non
3255 5696 3413 5754 enim
3458 5693 3698 5767 aliquis,
