3992 6194
319 380 476 450 1303

1820 376 2240 442 APPENDIX.

3566 375 3718 440 ιθοι

318 533 421 596 per
447 533 626 595 opera
653 522 710 578 et
738 518 911 578 ﬁdem
947 515 1267 588 intraverit,
1315 535 1429 574 non
1478 519 1670 589 potest
1719 531 1959 571 securus
1990 514 2042 580 Α
2074 517 2272 570 noster
2295 513 2469 570 Jesus
2501 510 2792 581 Christus,
2813 510 2907 569 cui
2939 513 3030 570 est
3057 527 3190 569 cum
3222 514 3442 569 eterno
3477 510 3642 569 Patre
3668 519 3722 570 et

315 627 464 668 8886.

389 726 418 754 «
451 702 558 770 Qui
590 703 724 759 fecit
751 701 1067 758 luminaria
1096 717 1329 773 magna.
1357 719 1383 751 η
1424 699 1760 755 Secundum
1811 696 1963 751 litte-

316 809 442 850 ram
468 793 540 848 de
565 791 736 849 stella
763 790 906 846 dicit
941 809 954 848 :
989 790 1122 846 licet
1147 807 1356 862 parvas
1377 805 1474 845 eas
1506 786 1960 859 conspiciamus,

315 883 417 940 sed
449 886 644 938 tamen
679 896 904 952 magnae
937 884 1093 936 sunt.
1128 880 1292 934 Sicut
1321 879 1473 934 enim
1507 895 1612 933 nos
1661 877 1709 932 si
1759 891 1961 931 ascen-

315 974 528 1031 damus
560 972 618 1025 in
649 976 905 1026 montem
937 969 1249 1037 excelsum,
1280 973 1336 1024 et
1364 969 1667 1024 videamus
1719 967 1777 1022 in
1829 970 1964 1024 sub-

307 1063 466 1134 jecta
491 1060 639 1117 valle
671 1060 992 1124 hominem,
1025 1059 1256 1114 videtur
1304 1058 1474 1113 nobis
1522 1057 1690 1129 quasi
1718 1074 1960 1129 parvum

315 1150 596 1222 quiddam
632 1167 644 1204 :
678 1149 757 1204 ita
786 1153 843 1204 et
871 1147 1052 1204 stellae
1104 1163 1329 1220 magna:
1363 1151 1520 1216 sunt,
1555 1163 1620 1201 ex
1653 1145 1961 1201 altitudine

317 1243 511 1294 autem
545 1254 732 1311 parva
763 1237 932 1292 nobis
962 1236 1252 1292 videntur.
1287 1235 1468 1292 Stella
1513 1235 1667 1290 enim
1720 1252 1846 1306 qua:
1876 1235 1958 1289 vi-

313 1329 488 1384 detur
514 1327 574 1382 in
607 1327 926 1390 Britannia,
959 1325 1179 1396 ubique
1209 1329 1266 1380 et
1295 1325 1424 1396 ipsa
1453 1325 1845 1397 apparet.Hoc
1863 1341 1960 1380 au-

311 1421 428 1472 tem
454 1417 596 1473 dicit
621 1417 694 1472 ad
725 1433 824 1472 eos
855 1415 1071 1487 quibus
1101 1415 1246 1469 dixit
1280 1430 1292 1468 :
1334 1417 1426 1471 Vos
1453 1416 1584 1469 estis
1631 1416 1730 1468 lux
1767 1414 1963 1468 mundi

315 1506 539 1577 (Matth.
573 1523 630 1573 ν,
661 1506 768 1578 14).

383 1617 412 1645 ‹‹
443 1599 664 1650 Lunam
694 1598 751 1648 et
777 1593 978 1649 stellas
1007 1593 1063 1647 in
1098 1595 1440 1664 potestatem
1473 1592 1679 1646 noctis.
1715 1613 1742 1640 »
1775 1590 1962 1646 Eccle-

311 1685 462 1740 siam
493 1683 580 1739 vel
611 1683 876 1739 doctores
905 1683 1052 1751 ejus,
1087 1682 1196 1736 sub
1228 1685 1395 1735 nocte
1424 1680 1644 1736 Veteris
1677 1679 1844 1752 Legis
1867 1696 1961 1751 po-

313 1772 434 1828 suit
465 1790 479 1827 :
510 1770 734 1826 scilicet
763 1775 827 1825 ut
855 1770 1010 1840 quod
1043 1769 1142 1824 illa
1172 1769 1462 1823 nuntiavit
1492 1769 1550 1823 in
1581 1768 1792 1834 littera,
1839 1769 1958 1840 api-

311 1859 602 1915 ritualiter
630 1857 990 1930 adimpleant
1012 1863 1068 1913 et
1097 1859 1423 1914 observent.

383 1972 410 1999 ‹‹
446 1947 553 2015 Qui
585 1948 875 2020 percussit
900 1950 1212 2019 (Egyptum
1243 1963 1376 2002 cum
1428 1945 1835 2018 primogenitis
1867 1964 1960 2002 eo-

312 2056 468 2105 rum,
501 2041 558 2093 et
585 2036 784 2093 eduxit
821 2036 996 2092 Israel
1027 2037 1098 2091 de
1144 2036 1335 2091 medio
1367 2037 1496 2106 ejus
1526 2036 1584 2090 in
1618 2053 1792 2091 manu
1828 2036 1960 2091 forti

312 2132 370 2184 et
395 2127 636 2184 brachio
665 2130 914 2182 extento.
948 2148 975 2176 ››
1010 2130 1073 2180 In
1105 2127 1317 2181 virtute
1363 2125 1630 2197 potentiae
1677 2142 1794 2180 sua:
1845 2141 1965 2180 ver-

310 2217 509 2273 berato
541 2216 784 2280 mundo,
817 2215 1018 2270 eduxit
1047 2231 1155 2271 nos
1184 2216 1257 2270 ab
1287 2215 1565 2286 operibus
1596 2216 1746 2286 ejus.

389 2347 410 2374 α
437 2323 544 2390 Qui
575 2323 772 2379 divisit
792 2339 951 2378 mare
984 2322 1247 2378 Rubrum
1270 2321 1330 2376 in
1357 2321 1759 2389 divisiones,et
1780 2326 1965 2377 trans-

309 2405 452 2484 jecit
482 2412 658 2469 Israel
690 2429 792 2484 per
821 2411 1080 2466 medium
1114 2411 1308 2480 ejus.»
1335 2411 1394 2464 In
1429 2409 1629 2465 multis
1659 2411 1814 2465 enim
1842 2427 1967 2482 gra-

316 2501 492 2556 dibus
521 2499 826 2556 scanditur
854 2515 957 2570 per
977 2498 1156 2568 hujus
1186 2498 1382 2552 δεουιί
1404 2498 1706 2565 ﬂuctus,ut
1736 2499 1806 2553 ad
1831 2515 1964 2554 eum

314 2588 503 2659 possit
532 2603 709 2658 quem
741 2590 935 2642 mente
965 2590 1182 2651 tuetur,
1216 2586 1508 2641 accedere.

385 2700 414 2726 ‹‹
449 2677 515 2732 Et
543 2673 800 2732 excussit
845 2674 1208 2730 Pharaonem
1257 2678 1314 2729 et
1361 2675 1676 2729 exercitum
1725 2675 1854 2745 ejus
1905 2677 1964 2730 in

313 2764 460 2821 mari
506 2764 721 2820 Rubro.
753 2784 782 2814 »
816 2762 875 2819 Si
905 2761 1081 2818 Israel
1130 2761 1338 2826 simus,
1397 2763 1544 2817 Deus
1591 2766 1814 2834 pugnat
1862 2780 1966 2834 pro

312 2853 504 2924 nobis,
554 2857 612 2909 et
668 2869 775 2908 nos
825 2850 1172 2917 tacebimus,
1206 2855 1263 2906 et
1303 2850 1617 2922 prosternit
1667 2851 1965 2907 diabolum

329 2957 461 2996 cum
496 2938 846 2996 satellitibus
877 2938 1000 2993 suis
1034 2956 1046 2994 :
1081 2955 1152 2992 ne
1184 2937 1352 2993 nobis
1376 2954 1583 2993 nocere
1614 2937 1860 2995 valeant.

386 3070 413 3097 ‹‹
447 3047 554 3114 Qui
585 3045 916 3102 transduxit
949 3043 1229 3117 populum
1265 3061 1440 3100 suum
1471 3061 1571 3116 per
1601 3046 1958 3102 desertum.»

315 3139 559 3208 Semper
610 3133 864 3206 populus
910 3133 1032 3201 Dei,
1087 3150 1188 3206 per
1234 3134 1464 3189 deserta
1525 3133 1701 3204 hujus
1757 3136 1963 3190 mundi

317 3223 740 3292 transducitur,
773 3221 1158 3294 quoadusque
1206 3221 1266 3275 in
1315 3226 1529 3276 terram
1563 3223 1962 3294 repromissio-

320 3313 413 3369 nis
443 3313 864 3369 introducatur.
898 3335 926 3361 «
955 3311 1063 3376 Qui
1093 3311 1294 3366 eduxit
1319 3328 1533 3384 aquam
1567 3314 1637 3368 de
1668 3317 1829 3384 petra
1869 3331 1964 3368 ru-

321 3403 434 3476 pis.
461 3425 488 3452 »
519 3405 565 3458 A
588 3401 817 3457 Christo
855 3400 1120 3471 Domino,
1154 3401 1253 3472 qui
1289 3405 1378 3455 est
1402 3400 1632 3456 stabilis
1665 3406 1844 3472 petra,
1876 3402 1964 3457 vel

317 3491 680 3564 baptismum
733 3489 1036 3562 processit,
1094 3488 1180 3545 vel
1231 3489 1506 3561 poculum
1556 3493 1783 3546 internae
1839 3492 1965 3546 vita:

321 3581 600 3636 manavit.
1528 3635 1534 3640 ,

396 3690 424 3718 ‹‹
453 3668 563 3732 Qui
597 3668 885 3739 percussit
920 3672 1123 3737 gentes
1155 3667 1390 3734 multas,
1442 3673 1499 3724 et
1544 3669 1757 3724 occidit
1804 3685 1967 3741 reges

321 3756 522 3822 fortes,
555 3756 703 3810 Seon
755 3772 948 3826 regem
996 3757 1489 3826 Amorrbaeorum,
1536 3763 1593 3813 et
1641 3758 1725 3830 0g
1773 3774 1967 3830 regem

321 3848 533 3910 Basan,
562 3846 618 3898 et
647 3843 844 3898 omnia
890 3860 1070 3915 regna
1109 3844 1382 3900 Chanaan
1429 3846 1658 3901 occidit.
1701 3868 1728 3895 ››
1761 3847 1970 3902 Omnia

319 3949 503 4005 regna
532 3932 750 4004 peccati
781 3949 816 3987 a
835 3929 1065 3986 Christo
1097 3947 1374 4002 percussa
1402 3933 1543 3988 dicit
1570 3954 1582 3982 :
1609 3936 1707 4005 qui
1741 3952 1972 4006 percus-

323 4022 401 4078 sit
428 4038 594 4094 reges
624 4037 890 4094 magnos.
933 4019 1197 4075 Primum
1247 4022 1538 4092 percussit
1585 4023 1970 4092 Pharaonem,

322 4110 424 4184 qui
456 4109 802 4183 intelligitur
830 4109 1120 4177 diabolus,
1151 4115 1208 4164 et
1238 4111 1322 4165 sic
1352 4112 1667 4166 exercitum
1707 4112 1856 4181 ejus,
1887 4113 1969 4167 si-

321 4204 422 4255 cut
447 4200 508 4255 in
539 4199 827 4272 superiori
858 4198 1084 4270 psalmo
1114 4199 1512 4270 exposuimus.

397 4311 424 4337 «
455 4289 526 4344 Et
556 4288 716 4344 dedit
747 4291 960 4343 terram
994 4304 1196 4343 eorum
1246 4287 1646 4344 haereditatem
1681 4306 1693 4344 :
1731 4288 1970 4346 haeredi-

324 4380 503 4432 tatem
536 4376 711 4430 Israel
743 4375 958 4447 populo
989 4393 1116 4432 suo.
1155 4399 1182 4424 ››
1213 4377 1541 4433 Christiano
1569 4377 1791 4450 utique.

400 4488 421 4514 ι
457 4464 603 4530 Quia
649 4464 708 4520 in
739 4464 1072 4520 humilitate
1112 4470 1313 4521 nostra
1361 4484 1586 4522 memor
1633 4468 1742 4521 fuit
1789 4469 1971 4522 nostri

322 4554 932 4625 Dominuszquoniam
964 4553 1024 4608 in
1047 4554 1322 4610 saeculum
1357 4555 1756 4611 misericordia
1785 4557 1970 4626 ejus.»

322 4643 396 4700 Ut
425 4661 532 4700 nos
562 4643 826 4700 visitaret
856 4643 1107 4700 adventu
1137 4660 1264 4698 suo.

395 4757 423 4784 ‹‹
456 4737 524 4788 Et
552 4733 798 4788 redemit
845 4749 951 4787 nos
1000 4733 1071 4787 de
1121 4749 1298 4787 manu
1331 4732 1703 4789 inimicorum
1739 4739 1965 4790 nostro-

323 4840 523 4880 rum.»
548 4823 821 4878 Fundens
852 4821 909 4875 in
943 4821 1127 4892 pretio
1159 4825 1358 4876 nostro
1390 4823 1739 4894 sanguinem
1770 4841 1966 4879 suum.

393 4935 422 4963 ‹‹
455 4911 561 4976 Qui
593 4913 696 4967 dat
723 4927 918 4967 escam
971 4909 1128 4965 omni
1178 4910 1356 4965 carni.
1397 4934 1421 4959 ››
1454 4911 1720 4968 Prasbens
1764 4930 1824 4968 se
1869 4930 1966 4984 pa-

325 5018 457 5056 nem
483 5001 678 5056 vivum
711 5004 769 5055 et
795 4999 973 5054 vitam
1005 4999 1242 5055 dantem
1273 4999 1410 5054 huic
1442 5001 1681 5055 mundo.

395 5111 424 5139 «
455 5089 821 5146 Conﬂtemini
871 5089 987 5144 Deo
1033 5087 1181 5143 cmli.
1235 5112 1256 5140 ι
1313 5089 1570 5143 Laudem
1617 5089 1666 5143 ei
1713 5090 1967 5145 debitam

324 5177 547 5233 reddite
580 5197 592 5234 :
628 5178 728 5250 qui
759 5195 858 5235 vos
888 5195 922 5232 a
953 5177 1197 5233 terrenis
1219 5177 1277 5232 in
1309 5182 1526 5233 aeterna
1554 5183 1894 5234 commutat.

399 5287 426 5311 α
457 5266 825 5323 Conlitcmini
858 5268 1104 5322 Domino
1136 5267 1528 5322 dominorum.
1558 5291 1583 5314 ››
1612 5268 1717 5330 Qui
1752 5286 1851 5323 vos
1883 5269 1968 5323 vel

316 5355 661 5425 judices,vel
685 5357 956 5411 dominos
980 5356 1182 5410 mundi
1201 5355 1662 5428 constituit.lpse
1686 5357 1969 5412 Dominus

393 5573 408 5606 ¹
445 5572 506 5628 Id
538 5587 652 5628 non
683 5571 756 5626 de
786 5569 980 5652 salice,
1029 5571 1128 5652 sed
1174 5571 1244 5626 de
1292 5571 1966 5652 alia_p_lanta,_quam‘A-

320 5661 490 5711 gnum
518 5651 723 5700 castum
754 5649 982 5708 vocant,
1015 5648 1234 5697 veteres
1282 5645 1608 5713 prodidere.
1665 5645 1723 5696 In
1770 5659 1836 5698 ca
1882 5647 1969 5696 ta-

324 5730 455 5770 men
497 5714 789 5771 sententia
836 5731 1005 5769 verus
1057 5713 1442 5784 Hieronymus
1474 5714 1580 5768 fuit
1610 5713 1710 5768 lib.
1747 5731 1808 5780 n,
1837 5730 1963 5786 cap.

2073 603 2291 674 Spiritu
2323 608 2522 659 sancto
2554 604 2739 659 honor
2781 608 2837 658 et
2887 603 3069 676 gloria
3116 603 3176 658 in
3221 602 3441 660 saecula.
3481 603 3728 660 saculo-

2075 709 2227 747 rum.
2261 694 2463 748 Amen.

2579 802 2901 858 PSALMUS
2939 803 3217 858 CXXXVI.

2073 891 2324 946 Psalmus
2360 891 2536 964 Dauid
2565 894 3124 964 propter_Jeremiam.
3177 893 3291 947 Iste
3342 893 3622 964 psalmus
3667 913 3728 954 ex

2143 980 2280 1018 voce
2309 962 2645 1046 prophetica
2675 962 3380 1046 prolatus.docet.r_nente'_s
3416 965 3724 1046 hominum

2143 1052 2176 1089 a
2210 1035 2464 1106 peccatis
2494 1035 2641 1105 capi,
2673 1035 2732 1088 in
2763 1035 3093 1106 exemplum
3139 1035 3298 1090 illius
3350 1043 3609 1092 terrena:
3639 1038 3728 1093 Je-

2143 1105 2397 1178 rusalem
2431 1123 2557 1176 qua:
2589 1123 2623 1160 a
2650 1105 2947 1177 gentibus
2969 1107 3179 1161 educta
3211 1107 3269 1162 in
3325 1109 3730 1178 captivitatem

2141 1177 2409 1232 deﬂebat.
2468 1178 2666 1232 Dicant
2694 1194 2829 1249 ergo
2861 1177 3091 1250 animae,
3143 1196 3269 1249 quae
3320 1177 3460 1250 post
3510 1180 3730 1236 multos

2142 1265 2363 1304 errores
2393 1253 2810 1304 convertuntur
2838 1249 2909 1304 ad
2945 1250 3254 1304 Dominum
3290 1267 3302 1303 :

2142 1379 2169 1404 ‹‹
2204 1357 2392 1428 Super
2420 1356 2667 1410 ﬂumina
2696 1355 3004 1428 Babylonis
3037 1356 3153 1411 illic
3185 1357 3550 1422 sedimus,et
3584 1360 3734 1414 ﬂevi-

2071 1461 2204 1499 mus
2240 1461 2252 1498 :
2287 1445 2426 1499 dum
2462 1445 2902 1500 recordaremur
2948 1445 3102 1500 Sion.
3151 1469 3178 1494 ››
3232 1446 3290 1500 Si
3340 1463 3464 1501 non
3521 1446 3735 1519 aliquis

2069 1537 2325 1606 aegrotat,
2368 1532 2552 1590 nescit
2596 1538 2884 1604 quantum
2928 1533 3080 1590 valet
3131 1535 3377 1591 sanitas.
3414 1536 3492 1591 Et
3523 1537 3734 1592 iterum

2070 1621 2318 1678 claudus
2335 1623 2518 1678 nescit
2535 1627 2820 1695 quantum
2843 1623 2992 1678 valet
3015 1623 3115 1694 qui
3136 1642 3318 1680 sanus
3338 1630 3437 1680 est
3459 1626 3730 1697 pedibus.

2070 1711 2352 1766 Similiter
2381 1716 2436 1767 et
2466 1729 2651 1767 caecus
2681 1713 2992 1767 videntem.
3046 1714 3158 1767 [loc
3196 1717 3386 1768 totum
3423 1731 3616 1784 quare
3650 1716 3730 1769 di-

2069 1806 2227 1856 ctum
2260 1802 2387 1856 est?
2418 1801 2702 1865 Quoniam
2724 1801 2985 1873 psalmus
3007 1801 3184 1856 dicit:
3210 1825 3237 1850 «
3263 1803 3464 1874 Super
3487 1805 3730 1861 ﬂumina

1991 1887 2037 1951 B
2069 1889 2404 1962 Babylonis,
2428 1889 2547 1944 illic
2579 1890 2841 1946 sedimus
2871 1895 2929 1944 et
2957 1890 3244 1960 ﬂevimus,
3269 1891 3420 1946 dum
3459 1896 3726 1949 recorda-

2073 1995 2270 2035 remur
2298 1979 2456 2034 Sion.
2491 2001 2518 2029 »
2555 1979 2808 2052 Babylon
2839 1983 3085 2050 conlusio
3117 1981 3569 2052 interpretatur.
3592 1984 3728 2055 Ergo

2074 2067 2328 2140 Babylon
2360 2067 2454 2122 hic
2485 2069 2764 2122 mundus.
2796 2072 3063 2123 Peccator
3092 2085 3228 2140 ergo
3260 2070 3365 2140 qui
3399 2071 3615 2124 cecidit
3660 2072 3728 2126 de

2073 2156 2365 2228 paradiso,
2392 2156 2550 2210 venit
2577 2156 2638 2210 in
2669 2155 2877 2211 vallem
2912 2155 3324 2228 lacrymarum,
3379 2157 3498 2213 hoc
3547 2165 3636 2214 est
3674 2160 3729 2214 in

2072 2243 2446 2318 Babylonem,
2480 2245 2538 2298 in
2571 2244 2750 2299 istum
2779 2245 3087 2300 mundum.
3121 2245 3305 2318 Magis
3337 2251 3550 2302 autem
3601 2248 3730 2302 Pro-

2075 2334 2246 2406 pheta
2278 2349 2346 2388 ex
2375 2349 2624 2404 persona
2669 2333 2796 2402 ejus
2845 2333 2944 2404 qui
2995 2333 3199 2389 cecidit
3249 2335 3440 2390 dicit:
3483 2360 3514 2385 ‹ί
3555 2337 3734 2408 Super

2076 2422 2322 2476 ﬂumina
2368 2420 2698 2493 Babylonis.
2752 2443 2779 2471 ››
2832 2421 3073 2476 Flumen
3133 2427 3327 2477 autem
3395 2423 3732 2496 Babylonis,

2075 2511 2310 2582 quando
2367 2510 2582 2565 videris
2625 2509 2880 2581 aliquem
2915 2509 3225 2581 pulchrum
3275 2512 3350 2566 ad
3404 2511 3645 2583 horam,
3685 2521 3737 2568 et

2076 2604 2362 2671 aegrotans
2394 2599 2679 2671 pediderit
2726 2599 3248 2670 pulchritudinem,
3300 2606 3360 2655 et
3408 2609 3735 2657 marcescat

2077 2694 2179 2744 ﬂos
2211 2689 2397 2760 ipsius
2429 2708 2440 2744 :
2475 2688 2569 2743 hic
2600 2687 2752 2744 sicut
2782 2690 2999 2744 ﬂumen
3031 2689 3264 2755 transit,
3296 2696 3358 2744 et.
3389 2707 3564 2762 aqua
3607 2709 3734 2747 suc-

2075 2778 2347 2832 cedentes
2401 2777 2513 2831 sibi
2563 2776 2860 2832 venientes
2906 2783 2960 2831 et
3007 2777 3344 2833 recedentes
3376 2785 3650 2850 pereunt,
3679 2786 3735 2834 et

2075 2867 2287 2921 iterum
2343 2865 2466 2919 alia:
2516 2865 2807 2930 oriuntur,
2859 2870 2915 2919 et
2956 2865 3094 2936 ipsa?
3145 2873 3432 2936 pereunt:
3468 2868 3548 2922 ita
3580 2874 3640 2922 et
3670 2869 3734 2922 in

2075 2955 2183 3010 hoc
2214 2954 2434 3009 mundo
2465 2970 2580 3025 quo
2619 2955 2691 3008 ad
2725 2959 3091 3008 momentum
3140 2961 3242 3008 aut
3292 2953 3528 3027 aliquod
3578 2962 3736 3012 tem-

2075 3061 2205 3116 pus,
2238 3049 2340 3098 aut
2370 3043 2757 3106 ditamur,aut
2788 3043 2965 3098 fortes
2987 3060 3214 3110 sumus,
3249 3050 3352 3099 aut
3383 3043 3622 3116 pulchri
3645 3063 3741 3101 su-

2076 3151 2230 3200 mus,
2261 3137 2318 3188 et
2357 3138 2487 3204 post
2519 3131 2812 3187 modicum
2863 3133 3075 3187 transit
3105 3132 3256 3188 sicut
3289 3151 3451 3205 aqua
3477 3142 3539 3190 et
3573 3139 3736 3207 perit.

2079 3221 2163 3279 lbi
2195 3239 2330 3294 ergo
2363 3221 2644 3287 sedimus,
2678 3225 2735 3275 et
2764 3221 3052 3292 ﬂevimus,
3093 3223 3234 3276 dum
3286 3225 3739 3280 recordaremur

2079 3312 2240 3367 Sion.
2277 3311 2434 3365 Licet
2465 3310 2716 3382 quidem.
2734 3310 2872 3364 vitio
2906 3315 3102 3366 nostro
3133 3311 3464 3368 cecidimus
3483 3314 3559 3368 de
3584 3331 3739 3385 para-

2075 3399 2202 3455 diso
2232 3417 2243 3454 :
2269 3405 2464 3454 tamen
2498 3398 2932 3453 reminiscimur
2963 3399 3172 3470 prioris
3204 3399 3606 3468 felicitatis,et
3627 3420 3733 3458 non

2075 3487 2496 3545 obliviscimur.
2520 3488 2584 3542 Et
2614 3487 2708 3543 ille
2739 3487 2838 3558 qui
2873 3489 2942 3542 de
2975 3488 3396 3560 Hierosolymis
3429 3491 3733 3546 descendit

2075 3577 2132 3632 in
2177 3576 2432 3642 Jcricho,
2483 3593 2610 3648 qua:
2662 3577 3079 3648 interpretatur
3124 3579 3278 3645 luna,
3312 3577 3429 3634 hoc
3463 3585 3580 3644 est,
3611 3597 3729 3651 quae

2078 3682 2310 3731 semper
2339 3670 2602 3719 mutatur
2631 3664 2773 3735 (haec
2827 3670 3018 3719 autem
3071 3664 3426 3736 intelligitur
3478 3685 3731 3739 praesens

2079 3755 2380 3821 mundus),
2416 3753 2474 3807 in
2506 3752 2762 3808 latrones
2792 3752 3017 3819 incidit,
3051 3757 3107 3808 et
3148 3754 3569 3812 Samaritanus
3604 3757 3732 3811 tulit

2077 3860 2234 3908 eum,
2267 3847 2322 3896 et
2352 3842 2475 3897 oleo
2507 3845 2562 3896 et
2592 3841 2723 3896 vino
2755 3845 2917 3896 curat
2950 3843 3100 3912 (Luc.
3133 3860 3188 3908 x,
3220 3844 3440 3912 30-37),
3481 3847 3733 3902 miscens

2079 3932 2478 3988 austeritatem
2509 3947 2642 3986 cum
2676 3931 3091 3987 misericordia.

2151 4022 2211 4076 In
2245 4019 2522 4076 salicibus
2554 4020 2610 4074 in
2643 4021 2835 4075 medio
2881 4021 3010 4090 ejus
3059 4022 3482 4092 suspendimus
3514 4040 3733 4096 organa

2081 4117 2296 4166 nostra.
2336 4132 2363 4158 »
2397 4109 2554 4165 Salix
2581 4109 2757 4164 talem
2800 4115 3068 4165 naturam
3118 4109 3290 4166 habet
3322 4129 3334 4166 :
3367 4119 3454 4166 est
3484 4113 3723 4181 quidem

2079 4199 2304 4272 lignum
2336 4199 2789 4264 infructuosum,
2823 4202 2880 4254 et
2910 4198 3124 4253 dicitur
3169 4201 3321 4271 quod
3369 4201 3417 4254 si
3461 4201 3600 4270 quis
3649 4217 3720 4255 ex

2080 4287 2181 4343 illa
2209 4287 2458 4358 accipiat
2489 4287 2781 4358 potionem
2815 4293 2915 4341 aut
2943 4288 3279 4355 manducet,
3312 4288 3458 4343 filios
3506 4306 3628 4344 non
3651 4291 3728 4344 Ia-

2081 4378 2153 4430 cil
2179 4377 2309 4432 ‘.[bi
2342 4393 2478 4448 ergo
2502 4375 2922 4446 suspendimus
2942 4393 3160 4448 organa
3183 4383 3403 4432 nostra.
3429 4378 3728 4450 Organum

2081 4470 2275 4519 autem
2307 4464 2562 4519 hominis
2593 4481 2805 4535 corpus
2835 4469 2941 4520 est.
2966 4465 3132 4520 Sicut
3160 4465 3316 4520 enim
3349 4483 3645 4539 organum
3667 4484 3728 4521 ex

2081 4553 2284 4608 multis
2317 4553 2532 4608 fistulis
2553 4556 2943 4625 compositum
2974 4559 3209 4621 est,una
3236 4560 3439 4610 autem
3472 4555 3727 4611 modula-

2082 4642 2237 4698 tione
2255 4643 2437 4697 melos
2460 4642 2749 4708 mittit,ita
2768 4648 2823 4698 et
2839 4659 3124 4715 organum
3148 4648 3418 4698 nostrum
3444 4643 3728 4700 habemus

2079 4735 2303 4786 tactum
2355 4748 2367 4785 :
2420 4747 2522 4802 per
2570 4731 2786 4801 ipsum,
2839 4730 2946 4786 hoc
2999 4736 3089 4786 est
3139 4748 3238 4802 per
3288 4748 3488 4803 opera,
3530 4735 3730 4798 melos,

2079 4819 2372 4875 canticum
2403 4825 2458 4874 et
2489 4822 2772 4890 hymnum
2805 4819 3110 4875 referimus
3157 4821 3294 4876 Deo.
3348 4821 3644 4878 Similiter
3682 4829 3733 4877 et

2080 4925 2183 4980 per
2211 4909 2498 4978 auditum,
2531 4915 2588 4964 et
2617 4925 2718 4980 per
2747 4909 3075 4977 odoratum,
3125 4915 3183 4964 et
3225 4927 3330 4981 per
3376 4916 3647 4982 gustum,
3679 4918 3732 4966 et

2080 5015 2181 5070 per
2209 4998 2484 5064 visum,et
2514 5014 2614 5069 per
2644 4998 2749 5052 has
2779 5013 2981 5054 omnes
3012 4999 3254 5053 virtutes
3296 5000 3467 5070 quasi
3509 5001 3585 5055 de
3617 5017 3733 5056 uno

2080 5104 2295 5157 organo
2344 5086 2628 5157 hymnum
2667 5091 2725 5142 et
2756 5087 3049 5142 canticum
3102 5086 3411 5143 referimus
3463 5090 3729 5145 Domino.

2083 5175 2300 5230 Dicitur
2345 5176 2556 5230 iterum
2608 5175 2753 5230 salix
2801 5175 3052 5230 radicem
3100 5193 3212 5231 non
3265 5176 3501 5234 habere.
3537 5179 3646 5234 Sed
3679 5179 3725 5232 si

2080 5284 2279 5321 ramus
2303 5265 2753 5331 abscinditur,et
2779 5265 3077 5336 plantatur
3096 5267 3118 5298 ²
3139 5282 3311 5321 secus
3347 5284 3584 5338 aquam,
3606 5275 3724 5322 sta-

2079 5358 2183 5410 tim
2217 5355 2466 5409 virescit.
2516 5354 2600 5409 lta
2644 5360 2837 5408 autem
2882 5360 2938 5408 et
2969 5359 3256 5425 peccator,
3289 5354 3425 5412 licet
3456 5372 3724 5428 peccave-

2079 5588 2192 5638 xrv,
2225 5573 2604 5624 commentar.
2637 5568 2695 5622 in
2730 5567 3088 5622 Zachariam.

2148 5643 2168 5675 ²
2197 5641 2440 5696 Videtur
2470 5657 2537 5713 ex
2565 5645 2620 5693 S.
2655 5639 2868 5713 Hilario
2900 5639 3208 5704 delibasse,
3238 5641 3338 5694 ubi
3372 5640 3492 5706 ille,
3533 5666 3552 5688 ι
3597 5642 3717 5713 Lig-

2080 5729 2308 5783 norum,
2343 5712 2553 5782 inquit,
2588 5711 2835 5767 salicum
2867 5716 3076 5768 natura
3117 5729 3184 5767 ea
3223 5715 3332 5781 est,
3366 5719 3433 5770 ut
3466 5711 3708 5770 arefacta
