3992 6194
287 385 442 455 1305

1463 391 1958 458 BREVIABIUM
2003 393 2083 456 IN
2127 393 2485 462 P-SALMOS
2502 441 2516 459 .

3535 391 3691 457 1306

283 525 380 593 rit,
415 524 550 582 licet
597 521 912 582 ceciderit:
945 529 1139 583 tamen
1202 527 1278 582 sit
1333 543 1502 582 secus
1562 544 1766 598 aquas,
1826 527 1935 582 hoc
1965 530 2012 594 Α
2049 529 2428 601 cupiscentia,
2478 549 2593 588 non
2649 534 2839 604 potest
2890 533 3093 604 postea
3143 529 3404 588 abscindi
3457 530 3693 602 quando

284 617 392 682 est,
427 615 476 669 si
507 614 647 687 legit
676 620 909 672 sanctas
957 617 1306 688 Scripturas,
1367 620 1423 672 et
1473 616 1636 672 audit
1689 617 1934 672 verbum

283 703 548 759 divinum
580 721 614 760 a
643 709 845 760 sancto
877 705 1019 776 viro,
1052 706 1198 762 viret
1226 706 1354 776 ejus
1385 705 1600 773 anima,
1635 709 1691 760 et
1722 705 1780 759 in
1817 721 1934 776 poe-

284 792 592 848 nitentiam
624 794 1007 850 convertitur.

355 905 383 931 «
417 882 563 946 Quia
620 881 736 937 illic
776 883 1282 956 interrogaverunt
1338 900 1467 950 nos,
1522 883 1623 955 qui
1675 884 1936 955 captivos

284 971 574 1026 duxerunt
604 987 730 1042 nos,
789 973 965 1028 verba
1007 974 1391 1040 canticorum,
1426 978 1536 1028 etc.
1570 995 1598 1022 ››
1633 973 1936 1028 Dzemones

283 1061 382 1132 qui
415 1060 769 1130 deceperunt
810 1077 916 1117 nos
976 1067 1032 1117 et
1086 1063 1370 1134 captivos,
1431 1063 1721 1117 duxerunt
1781 1079 1936 1118 nunc

282 1149 448 1221 quasi
483 1148 818 1206 deridentes
858 1168 965 1206 nos
1013 1155 1068 1206 et
1098 1151 1423 1222 gloriantes
1453 1151 1656 1206 dicunt
1714 1151 1884 1206 nobis
1919 1167 1931 1205 :

283 1236 531 1293 Reddite
559 1238 730 1293 nobis
761 1240 1001 1295 verbum
1034 1241 1105 1294 de
1137 1240 1249 1295 ﬁde
1278 1245 1471 1295 vestra
1505 1257 1518 1293 :
1553 1240 1933 1310 quemadmo-

281 1326 422 1382 dum
447 1327 682 1397 quando
705 1327 880 1383 eratis
909 1329 966 1384 in
986 1328 1315 1384 Jerusalem
1338 1328 1624 1401 hymnum
1650 1328 1932 1384 dicebatis

280 1414 416 1469 Deo.
452 1415 828 1486 Respondent
860 1417 956 1488 qui
1006 1423 1390 1489 peccaverunt
1418 1422 1474 1473 et
1517 1417 1740 1489 decepti
1772 1421 1931 1488 sunt,

281 1506 339 1558 et
368 1502 572 1558 dicunt
605 1522 617 1559 :

355 1615 383 1642 ς(
417 1594 716 1658 Quomodo
739 1595 1106 1652 cantabimus
1129 1595 1420 1651 canticum
1444 1595 1676 1650 Domini
1699 1595 1756 1649 in
1783 1599 1934 1649 terra

284 1679 522 1736 aliena?
552 1704 580 1732 »
614 1683 678 1738 In
729 1685 985 1755 peccatis
1017 1685 1343 1748 constituti,
1377 1685 1478 1756 qui
1512 1684 1831 1739 cecidimus
1863 1683 1934 1737 de

281 1767 606 1836 Jerusalem
640 1773 697 1826 in
730 1773 1081 1845 Babylonem
1109 1775 1136 1828 ‘2
1168 1775 1315 1847 Ergo
1339 1791 1452 1829 non
1486 1776 1674 1845 potest
1696 1771 1934 1843 aliquis,

285 1856 334 1912 si
356 1875 471 1914 non
494 1860 571 1914 sit
591 1862 1098 1928 sanctus,laudare
1128 1863 1746 1918 Dominum.Peccator
1775 1859 1930 1916 enim
1964 1892 2011 1958 B

283 1963 398 2001 non
431 1948 605 2004 debet
633 1955 868 2007 cantare
901 1953 1272 2022 Domino,sed
1309 1951 1506 2023 lugere
1538 1953 1775 2022 peccata
1803 1965 1930 2004 sua.

354 2059 383 2085 «
415 2037 470 2090 Si
503 2037 721 2095 oblitus
753 2040 914 2095 fuero
971 2041 1081 2105 tui,
1138 2040 1486 2105 Jerusalem,
1521 2037 1798 2094 oblivioni
1832 2037 1934 2092 de-

282 2128 378 2179 tur
435 2126 671 2182 dextera
731 2145 877 2184 mea.
913 2151 942 2178 ››
975 2133 1121 2200 Ergo
1154 2129 1294 2200 quia
1333 2129 1590 2199 peccavit
1621 2131 1677 2182 et
1706 2125 1932 2195 cecidit,

282 2213 681 2270 reminiscitur
736 2216 949 2287 prioris
1005 2216 1464 2272 conversationis
1503 2220 1558 2270 et
1586 2213 1932 2283 Jerusalem,

282 2303 674 2374 proponitque
696 2305 806 2359 sibi
835 2321 847 2359 :
877 2306 1039 2371 Quod
1063 2305 1176 2360 nisi
1209 2321 1440 2377 semper
1456 2304 1541 2358 tui
1571 2320 1795 2359 memor
1813 2319 1932 2369 ero,

283 2393 342 2444 et
372 2405 605 2462 semper
633 2391 691 2447 in
724 2398 914 2448 mente
945 2393 1212 2463 habeam,
1241 2392 1564 2448 «oblivioni
1597 2393 1770 2446 detur
1799 2393 1935 2446 dex-

283 2480 409 2534 tera
438 2495 587 2548 mea,
623 2503 651 2530 »
686 2483 792 2537 hoc
822 2487 910 2538 est
951 2499 1126 2554 opera
1157 2498 1304 2538 mea.
1339 2483 1464 2537 Non
1497 2481 1642 2536 dixit
1671 2479 1934 2549 sinistra,

285 2567 387 2622 sed
416 2567 665 2625 dextera.
701 2571 952 2627 Sinistra
973 2571 1128 2626 enim
1161 2587 1393 2642 semper
1421 2572 1482 2624 in
1514 2569 1801 2625 oblivione
1826 2572 1931 2624 est.

282 2654 384 2712 Vis
415 2672 550 2728 ergo
581 2673 814 2731 semper
842 2660 902 2715 in
937 2659 1220 2716 memoria
1280 2659 1505 2716 Domini
1531 2674 1660 2714 esse
1682 2658 1710 2712 ‘I
1740 2659 1934 2714 dexte-

284 2759 360 2797 rae
394 2760 572 2817 Opera
602 2747 709 2802 fac.
1856 2807 1859 2811 .

358 2854 386 2881 «
419 2833 724 2890 Adhaereat
779 2835 982 2909 lingua
1042 2854 1170 2892 mea
1211 2837 1478 2893 faucibus
1537 2836 1704 2906 meis,
1738 2834 1786 2891 si
1821 2851 1934 2890 non

282 2920 604 2978 meminero
635 2923 740 2979 tui.
769 2949 790 2978 ι
821 2929 941 2981 Hoc
973 2930 1081 2996 est,
1115 2942 1229 2981 non
1261 2925 1509 2981 habeam
1542 2939 1729 2996 neque
1761 2939 1938 2994 Opera

283 3025 472 3080 neque
502 3027 854 3083 sermonem,
888 3014 937 3068 si
970 3031 1084 3069 non
1109 3015 1331 3086 jugiter
1362 3012 1645 3068 memoria
1687 3011 1773 3066 tui
1804 3027 1932 3066 ver-

282 3102 444 3153 setur
473 3098 533 3154 in
565 3102 736 3158 corde
769 3118 914 3157 meo.

354 3210 382 3236 «
433 3191 653 3243 Memor
700 3195 848 3257 esto,
899 3190 1166 3257 Domine,
1226 3189 1482 3245 ﬁliorum
1514 3189 1716 3254 Edom,
1749 3188 1808 3242 in
1840 3187 1932 3243 die

2045 619 2301 674 creverit.
2365 621 2575 676 Beatus
2630 637 2767 692 ergo
2817 626 2905 676 est
2949 622 3048 692 qui
3101 622 3301 676 statim
3335 619 3604 688 abscidit,
3636 622 3695 675 et

2045 705 2234 762 allidit
2259 708 2329 762 ad
2362 715 2606 781 petram.
2639 712 2806 766 Petra
2836 714 3032 765 autem
3072 715 3160 766 est
3189 709 3473 766 Christus.

2538 853 2763 908 PSALM
2771 853 2854 910 US
2892 852 3197 909 CXXXVII.

2122 998 2148 1025 «
2181 976 2510 1032 Conﬁtebor
2537 977 2663 1046 tibi,
2713 978 2979 1043 Domine,
3036 977 3094 1031 in
3126 981 3244 1032 toto
3274 977 3446 1033 corde
3477 992 3623 1032 meo.
3652 998 3688 1034 .»

2047 1063 2248 1128 Qualia
2283 1070 2420 1121 sunt
2446 1065 2706 1133 vulnera,
2737 1065 2852 1120 tale
2881 1070 2938 1121 et
2968 1066 3372 1137 emplastrum.
3406 1065 3690 1131 Quemad-

2047 1153 2287 1208 modum
2319 1154 2474 1208 enim
2507 1171 2718 1226 corpus
2749 1153 2923 1210 habet
2954 1153 3183 1209 diversa
3213 1153 3454 1209 vulnera
3487 1171 3500 1208 :
3527 1153 3607 1208 ita
3636 1155 3695 1208 et

2047 1240 2242 1297 anima
2274 1242 2448 1297 habet
2478 1260 2616 1298 suas
2648 1243 2951 1315 passiones
2981 1245 3037 1298 et
3066 1259 3173 1298 sua
3203 1242 3464 1309 vulnera,
3495 1245 3555 1298 et
3604 1241 3693 1296 di-

2043 1345 2208 1385 versa
2255 1330 2515 1401 vulnera,
2549 1337 2604 1387 et
2629 1333 2909 1387 adversus
2940 1336 3240 1403 peceatum
3274 1331 3450 1387 talem
3482 1335 3541 1386 et
3571 1347 3691 1402 poe-

2044 1417 2349 1475 nitentiam
2411 1422 2693 1476 debemus
2752 1437 2941 1494 agere.
2977 1421 3036 1476 Si
3090 1420 3224 1491 quis
3283 1437 3384 1492 pro
3417 1420 3692 1476 omnibus

2043 1509 2297 1578 peccatis
2325 1509 2450 1564 suis
2467 1511 2802 1564 conﬁtetur:
2828 1510 2938 1564 isto
2961 1510 3018 1564 in
3042 1514 3163 1565 toto
3189 1509 3360 1564 corde
3383 1509 3690 1564 conﬁtetur

2048 1596 2393 1652 Domino.Ac
2424 1598 2472 1652 si
2495 1598 2738 1653 dixisset
2761 1616 2773 1652 :
2800 1598 3138 1653 Fornicatus
3167 1602 3254 1652 est
3285 1596 3523 1668 aliquis,
3556 1612 3691 1650 con-

2045 1685 2241 1740 litetur
2261 1703 2363 1757 pro
2388 1686 2899 1742 fornicatione.Sed
2925 1687 3200 1758 quoniam
3226 1690 3314 1742 est
3333 1691 3433 1741 aut
3454 1701 3686 1752 avarus,

2043 1763 2144 1828 aut
2165 1773 2613 1842 iracundus,aut
2637 1776 2946 1839 detractor,
2971 1781 3070 1830 aut
3086 1774 3550 1845 blasphemus,et
3572 1773 3695 1845 plu-

2044 1861 2193 1916 rima
2222 1863 2364 1918 vitia
2385 1863 2696 1929 habet,istc
2723 1880 2838 1918 non
2862 1865 3170 1918 conﬁtetur
3190 1863 3244 1917 in
3269 1865 3388 1918 toto
3411 1861 3600 1916 corde.
3635 1861 3692 1915 Si

2043 1951 2174 2021 quis
2193 1954 2385 2006 autem
2415 1968 2514 2022 pro
2539 1952 2813 2007 omnibus
2831 1951 2988 2006 vitiis
3010 1957 3063 2006 et
3088 1950 3462 2022 passionibus
3484 1949 3692 2004 animas.

2044 2055 2160 2093 suae
2197 2038 2315 2110 agit
2352 2039 2890 2111 pcenitentiam,iste
2914 2043 3104 2111 potest
3127 2039 3316 2094 dicere
3344 2055 3356 2092 :
3384 2060 3410 2087 «
3443 2037 3694 2094 Conﬁte-

2043 2128 2149 2182 bor
2171 2127 2630 2196 tibi,Domine,in
2656 2133 2774 2184 toto
2796 2128 2966 2184 corde
2990 2144 3137 2183 meo.
3163 2127 3450 2191 Quoniam
3478 2126 3695 2182 audisti

2044 2216 2242 2272 omnia
2267 2217 2442 2272 verba
2471 2217 2589 2272 oris
2620 2217 2753 2272 mei.
2782 2239 2807 2265 ››
2840 2221 2955 2272 Iste
2985 2214 3308 2272 versiculus
3330 2215 3387 2271 in
3411 2215 3695 2271 Hebraico

2045 2321 2161 2360 non
2193 2304 2460 2360 habetur.
2495 2305 2777 2361 Caeterum
2837 2306 2992 2376 quod
3047 2303 3206 2372 dicit,
3241 2303 3349 2359 hoc
3395 2310 3484 2359 est
3516 2321 3529 2359 :
3561 2305 3698 2359 Pro-

2044 2397 2241 2466 pterea
2261 2395 2579 2450 confitebor
2599 2394 2703 2449 tibi
2737 2395 2795 2448 in
2820 2399 2939 2449 toto
2962 2395 3134 2449 corde
3156 2393 3420 2457 meo,hoc
3452 2392 3700 2448 est:Pro-

2045 2481 2321 2538 omnibus
2377 2483 2534 2539 vitiis
2595 2483 2740 2538 meis
2795 2487 2852 2538 et
2910 2483 3180 2554 peccatis,
3243 2480 3524 2553 quoniam
3578 2497 3694 2536 non

2045 2587 2148 2642 pro
2184 2588 2296 2626 uno
2328 2572 2467 2626 vitio
2499 2572 2801 2627 confessus
2832 2587 2965 2626 sum
2995 2571 3122 2638 tibi,
3168 2574 3224 2627 et
3251 2569 3535 2626 exaudisti
3579 2583 3697 2623 me.

2129 2664 2249 2714 «In
2311 2665 2622 2734 conspectu
2657 2659 2997 2732 angelorum
3049 2659 3300 2732 psallam
3338 2659 3465 2713 tibi.
3498 2679 3526 2708 »
3563 2657 3702 2714 Vide

2043 2750 2470 2820 provectionem
2501 2749 2858 2821 pcnnitentis,
2894 2749 3032 2819 quia
3086 2753 3218 2819 post
3263 2746 3699 2803 confessionem

2043 2843 2100 2893 et
2128 2839 2526 2910 paenitentiam
2560 2856 2693 2893 cum
2726 2836 2950 2909 angelis
2990 2841 3246 2892 meretur
3275 2835 3547 2908 psallere.
3589 2835 3697 2900 Qui

2045 2932 2237 2983 autem
2274 2927 2494 2999 psallit,
2519 2929 2644 2998 jam
2676 2943 2793 2981 non
2825 2927 2946 2997 agit
2975 2925 3398 2998 paenitentiam,
3429 2925 3530 2979 sed
3561 2941 3693 2997 gra-

2043 3016 2157 3072 tias
2187 3015 2306 3087 agit
2335 3019 2392 3071 et
2420 3015 2732 3072 benedicit.
2765 3037 2793 3066 «
2822 3015 3090 3070 Adorabo
3122 3013 3193 3069 ad
3242 3011 3527 3084 templum
3559 3029 3695 3068 san-

2043 3109 2202 3160 ctum
2259 3109 2448 3160 tuum.
2494 3128 2521 3154 ιι
2570 3105 2627 3160 Si
2661 3105 2770 3160 hoc
2802 3108 2890 3160 est
2920 3101 3202 3174 templum
3236 3101 3389 3173 quod
3423 3117 3578 3155 nunc
3609 3099 3691 3154 vi-

2044 3195 2214 3248 detur
2243 3195 2560 3261 desertum,
2594 3193 2653 3248 in
2680 3210 2795 3266 quo
2826 3196 3053 3264 oportet
3101 3192 3342 3246 adorare
3368 3207 3381 3245 :
3415 3206 3550 3263 ergo
3579 3205 3695 3244 non

283 3275 630 3333 Jerusalem.
669 3303 690 3330 ι
728 3256 908 3334 Edom
967 3256 1388 3351 interpretatur
1436 3283 1654 3334 terre-na
1709 3281 1765 3332 et
1790 3293 1928 3333 san-
1962 3256 2004 3322 C
2049 3282 2262 3338 debent
2289 3282 2474 3338 Judaei
2506 3256 2768 3347 adorare,
2804 3256 3080 3354 quoniam
3129 3296 3398 3336 eversum
3430 3256 3519 3334 est
3546 3282 3695 3334 tein-

283 3367 504 3434 guinea.
567 3368 708 3430 Quis
737 3383 873 3439 ergo
904 3373 994 3424 est
1049 3368 1160 3424 nisi
1219 3368 1545 3424 diabolus?
1601 3366 1746 3422 Vide
1800 3382 1936 3438 ergo

285 3456 422 3525 quid
459 3455 632 3512 dicat.
658 3457 774 3513 Hoc
799 3474 866 3513 ex
888 3474 1138 3530 persona
1165 3457 1350 3512 Adam
1381 3457 1595 3512 dicitur
1623 3474 1634 3512 :
1671 3455 1936 3524 Domine,

285 3549 580 3600 memento
611 3547 1107 3615 quemadmodum
1141 3563 1234 3602 me
1265 3545 1510 3618 decepit,
1545 3549 1601 3600 et
1640 3545 1816 3600 traxit
1844 3561 1937 3600 me

285 3648 527 3704 serpens
555 3633 846 3705 diabolus,
873 3636 968 3706 qui
1003 3635 1350 3707 intelligitur
1377 3632 1962 3700 Nabuchodonosor,"

285 3725 342 3776 et
366 3722 536 3790 ejecit
567 3739 661 3778 me
694 3724 764 3778 de
795 3723 1086 3794 paradiso.
1128 3728 1414 3780 Memento
1466 3728 1523 3778 et
1580 3722 1832 3777 retribue
1863 3722 1934 3791 ei,

285 3815 342 3864 et
380 3809 636 3880 patiatur
665 3829 894 3882 poenam
928 3830 1105 3883 quam
1140 3814 1264 3884 ipse
1295 3830 1402 3868 sua
1425 3810 1651 3867 malitia
1682 3810 1824 3865 mihi
1855 3810 1937 3864 in-

285 3897 500 3953 duxit:
535 3898 773 3954 trahens
833 3916 926 3955 me
969 3901 1213 3957 adduxit
1270 3902 1328 3954 in
1386 3899 1738 3970 Babylonem
1791 3902 1847 3954 et
1875 3898 1934 3953 in

282 3985 569 4058 Assyrios.

357 4097 384 4122 ‹‹
419 4074 562 4130 Filia
592 4075 907 4146 Babylonis
938 4078 1168 4133 misera.
1209 4100 1237 4127 »
1269 4077 1412 4132 Filia
1442 4075 1754 4148 Babylonis
1803 4075 1933 4131 ani-

285 4180 382 4220 ma
407 4169 518 4231 est,
569 4182 695 4236 quae
751 4183 982 4238 semper
1012 4166 1071 4221 in
1106 4167 1362 4222 motione
1417 4171 1524 4234 est,
1553 4169 1610 4220 et
1640 4167 1698 4220 in
1731 4166 1932 4221 confu-

285 4252 468 4319 sione,
531 4259 588 4309 et
645 4271 758 4310 non
791 4255 1013 4312 habens
1071 4261 1310 4326 statum,
1345 4255 1445 4311 sed
1483 4259 1573 4310 est
1603 4254 1661 4309 in
1693 4253 1849 4309 vitiis
1880 4259 1937 4310 et

286 4341 696 4412 peccatis,quae
718 4360 853 4398 vera
874 4345 1088 4400 misera
1109 4351 1215 4401 est.
1243 4368 1270 4395 «
1289 4347 1501 4400 Beatus
1522 4344 1622 4415 qui
1655 4343 1937 4398 retribuet

282 4428 389 4484 tibi
419 4429 860 4484 retributionem
893 4449 1068 4502 quam
1097 4433 1415 4488 retribuisti
1444 4433 1632 4488 nobis.
1659 4455 1685 4481 »
1720 4436 1934 4487 Beatus

283 4523 372 4573 est
400 4517 502 4588 qui
534 4518 814 4573 retribuet
844 4524 901 4573 et
957 4521 1108 4589 quod
1144 4520 1273 4590 ipsa
1302 4521 1454 4575 fecit.
1499 4520 1668 4574 Verbi
1701 4520 1928 4592 gratia:

2048 3370 2232 3442 plum.
2265 3369 2570 3442 Templum
2605 3375 2801 3426 autem
2849 3368 2991 3425 dicit
3022 3373 3285 3424 sanctam
3317 3372 3374 3423 et
3402 3365 3694 3422 ccelestem

2045 3457 2394 3515 Jerusalem.
2701 3456 2708 3462 ’

2119 3570 2146 3596 ‹‹
2181 3549 2369 3618 Super
2399 3546 2800 3602 misericordia
2859 3551 2958 3601 tua
2987 3549 3045 3601 et
3074 3544 3314 3600 veritate
3345 3547 3466 3599 tua.
3502 3565 3530 3593 »
3561 3546 3696 3597 Pec-

2047 3641 2208 3692 cator
2237 3636 2436 3691 audiat
2457 3635 3146 3706 misericordiamJustus
3176 3637 3369 3688 autem
3402 3636 3458 3687 et
3488 3647 3699 3703 super-

2047 3725 2158 3780 bus
2189 3725 2388 3780 audiat
2415 3725 2738 3780 veritatem.

2125 3834 2145 3863 α
2181 3813 2598 3886 Multiplicabis
2629 3813 2687 3868 in
2722 3813 2919 3869 anima
2950 3829 3080 3867 mea
3108 3811 3384 3867 virtutem
3423 3833 3468 3865 υ.
3503 3808 3699 3864 Multi-

2047 3901 2313 3974 plicabis,
2344 3903 2452 3957 hoc
2483 3907 2590 3970 est,
2626 3901 2828 3957 multis
2857 3899 3354 3957 sollicitudinibus
3384 3899 3692 3967 subjacen-

2048 3996 2163 4046 tem
2195 3991 2475 4046 animam.

2120 4104 2146 4130 ‹‹
2181 4081 2580 4136 Confiteantur
2608 4080 3004 4147 tibi,Domine,
3040 4092 3242 4133 omnes
3277 4091 3439 4147 reges
3469 4077 3695 4130 terrae.»

2046 4173 2232 4242 Reges
2290 4176 2458 4226 terra:
2513 4174 2652 4224 sunt
2708 4169 2802 4224 isti
2835 4168 2934 4238 qui
2988 4169 3232 4238 regnant
3261 4168 3516 4236 peccato.
3549 4164 3699 4234 Ergo

2052 4259 2163 4330 ipsi
2195 4260 2585 4313 confiteantur
2616 4257 2715 4328 qui
2749 4260 2994 4328 regnant
3023 4253 3398 4325 peccato.Nec
3426 4252 3582 4307 enim
3629 4252 3700 4307 de

2045 4347 2280 4420 regibus
2311 4347 2489 4417 hujus
2521 4345 2724 4400 mundi
2787 4343 3072 4415 scriptum
3104 4347 3193 4398 est
3243 4360 3254 4397 :
3308 4342 3409 4397 Cor
3455 4343 3598 4412 regis
3638 4343 3700 4395 in

2044 4452 2212 4490 manu
2243 4437 2338 4490 Dei
2393 4437 2577 4504 (Prov.
2612 4449 2726 4503 xx1,
2763 4434 2834 4502 1).
2883 4433 3060 4488 Putas
3092 4449 3189 4487 cor
3215 4431 3433 4487 Juliani
3465 4430 3700 4502 impiis-

2045 4523 2178 4579 simi
2215 4524 2272 4577 in
2309 4541 2485 4578 manu
2549 4521 2647 4577 Dei
2679 4521 2842 4576 fuit?
2874 4520 3078 4586 Absit;
3113 4525 3214 4575 aut
3268 4519 3535 4583 Neronis,
3596 4523 3699 4573 aut

279 4606 448 4676 ejecit
476 4623 571 4662 me
600 4607 670 4661 de
701 4607 971 4678 paradiso
1007 4651 1020 4674 ,
1053 4623 1157 4680 ego
1190 4607 1350 4663 illam
1384 4626 1487 4680 per
1517 4607 1934 4664 abstinentiam
1965 4625 2012 4689 D
2045 4611 2376 4666 Maximiani
2410 4615 2467 4665 et
2499 4609 2651 4665 Decii
2683 4614 3123 4681 persecutorum
3156 4608 3184 4660 ‘?
3210 4607 3395 4661 Absit.
3437 4605 3546 4660 Sed
3577 4603 3696 4660 illis

282 4695 495 4750 reduco
555 4695 792 4750 ibidem.
852 4695 1088 4768 Decepit
1147 4713 1240 4752 me
1299 4713 1400 4768 per
1442 4697 1929 4752 fornicationem:

281 4798 388 4855 ego
421 4799 522 4855 per
550 4784 880 4839 castitatem
931 4785 1144 4840 reduco
1177 4783 1337 4839 illam
1370 4785 1429 4839 in
1472 4783 1819 4849 Jerusalem,
1875 4788 1934 4838 et

281 4887 350 4926 ex
378 4872 534 4928 vitiis
565 4873 624 4927 in
673 4873 965 4929 virtutem.
1031 4875 1178 4946 Ergo
1210 4889 1326 4929 non
1359 4877 1424 4928 ut
1453 4872 1728 4928 inimicus
1759 4871 1930 4938 facio,

285 4961 385 5016 sed
416 4966 482 5016 ut
511 4961 760 5016 amicus.

357 5072 384 5099 «
420 5051 630 5106 Beatus
661 5051 761 5122 qui
794 5051 1033 5120 tenebit,
1067 5059 1124 5109 et
1164 5052 1365 5109 allidet
1395 5051 1663 5125 parvulos
1697 5055 1828 5107 tuos
1858 5051 1929 5106 ad

284 5139 799 5209 petram.»Parvuli
832 5141 1109 5197 dicuntur
1139 5143 1624 5214 cogitationes.Ac
1652 5141 1700 5194 si
1733 5139 1887 5195 dicat
1913 5157 1925 5195 :

284 5227 415 5284 Vidi
451 5227 781 5296 mulierem,
813 5232 1114 5303 concupivi
1147 5248 1274 5287 eam
1311 5251 1322 5286 :
1357 5232 1556 5287 statim
1589 5231 1637 5285 si
1681 5247 1795 5285 non
1828 5231 1928 5284 ab-

283 5317 509 5373 scidero
557 5318 1092 5389 concupiscentiam
1125 5319 1308 5385 illam,
1343 5325 1398 5376 et
1429 5321 1579 5376 sicut
1610 5320 1814 5391 pedem
1847 5322 1928 5374 te-

201 5451 208 5456 .
283 5422 486 5471 nuero,
518 5408 576 5460 et
604 5403 838 5461 allisero
887 5407 957 5462 ad
989 5412 1214 5481 petram
1258 5410 1441 5465 donec
1470 5425 1647 5480 parva
1677 5411 1766 5464 est
1795 5422 1930 5463 con-

281 5583 440 5657 lice‘t,
471 5582 521 5638 si
551 5582 723 5657 modo
783 5584 965 5657 aquis
995 5585 1316 5657 ialluantur,
1349 5588 1641 5643 virescant
1674 5603 1686 5641 :
1720 5585 1932 5642 deinde

281 5653 475 5712 excisa
505 5655 770 5729 atque_in
804 5653 1063 5729 humido
1112 5659 1243 5728 ﬁxa,
1300 5653 1598 5715 radicibus
1646 5672 1776 5713 sese
1805 5658 1932 5729 ipsa

280 5729 643 5798 demergant.
677 5727 746 5782 Et
798 5727 908 5783 sub
965 5727 1143 5800 huius
1195 5727 1424 5787 arboris
1456 5734 1665 5787 natura
1697 5727 1932 5786 sanctos

2045 4700 2186 4755 dicit
2236 4700 2333 4770 qui
2397 4703 2644 4771 regnant
2695 4703 2947 4770 peccato,
2982 4696 3121 4768 quia
3169 4695 3264 4750 isti
3325 4695 3424 4766 qui
3453 4695 3700 4749 vincunt

2042 4788 2180 4843 vitia
2209 4793 2264 4842 et
2295 4788 2599 4859 passiones
2630 4787 2862 4852 animae,
2921 4790 2978 4840 et
3029 4789 3274 4858 regnant
3303 4788 3558 4855 peccato,
3591 4799 3691 4838 cor

2043 4893 2242 4932 eorum
2276 4879 2334 4931 in
2367 4893 2544 4930 manu
2577 4875 2676 4930 Dei
2710 4879 2818 4930 est.
2876 4894 2898 4921 α
2950 4873 3096 4938 Quia
3153 4873 3466 4928 audierunt
3494 4870 3694 4927 omnia

2043 4966 2219 5020 verba
2250 4966 2367 5021 oris
2399 4965 2506 5020 tui.
2543 4988 2570 5013 »
2599 4965 2745 5029 Quia
2796 4963 3206 5018 custodierunt
3241 4961 3518 5016 mandata
3569 4964 3696 5014 tua.

2117 5079 2142 5103 ‹‹
2179 5058 2244 5108 Et
2274 5058 2508 5110 cantent
2538 5053 2596 5107 in
2628 5052 2736 5107 viis
2796 5050 3046 5107 Domini.
3084 5075 3104 5098 η
3142 5048 3480 5120 Philosophi
3519 5049 3697 5120 hujus

2043 5142 2236 5200 saeculi
2291 5160 2405 5198 non
2438 5145 2817 5198 cantaverunt
2846 5141 2902 5195 in
2961 5140 3070 5195 viis
3128 5138 3402 5206 Domini,‘
3441 5139 3541 5194 sed
3583 5155 3690 5194 nos

2041 5235 2349 5288 cantamus
2383 5233 2440 5285 in
2473 5231 2581 5285 viis
2639 5229 2885 5297 Domini,
2919 5229 3027 5283 hoc
3075 5232 3185 5293 est,
3217 5228 3273 5282 in
3308 5228 3502 5300 Moyse
3531 5232 3589 5282 et
3627 5226 3686 5281 in

2042 5321 2208 5390 Isaia,
2240 5327 2296 5377 et
2326 5322 2382 5375 in
2413 5319 2686 5382 Jeremia,
2723 5322 2778 5372 et
2811 5319 2880 5373 de
2932 5317 3040 5374 viis
3099 5317 3228 5373 ist-is
3287 5315 3555 5372 venimus
3612 5316 3683 5372 ad

2032 5409 2200 5466 illam
2230 5409 2382 5465 viam
2415 5425 2543 5479 qua)
2573 5407 2714 5463 dicit
2746 5425 2758 5461 :
2797 5407 2900 5477 Ego
2929 5420 3050 5461 sum
3081 5408 3189 5462 via.

2041 5592 2128 5714 ett
2153 5587 2352 5643 ﬁdeles
2410 5588 2564 5643 viros
2620 5586 2936 5658 signiﬁcari
2997 5583 3334 5657 prophetica
3409 5577 3692 5635 autoritas

2041 5676 2100 5714 es
2135 5703 2148 5714 .

2039 5676 2148 5715 εει.
