  <div class='ocr_page' id='page_1' title='image "/cluster/home/n/w/nwhite01/storage/ocr_20150623/26/hvd.32044052772472/685.png"; bbox 0 0 3992 6194; ppageno 0'>
   <div class='ocr_carea' id='block_1_1' title="bbox 308 373 464 440">
    <p class='ocr_par' dir='ltr' id='par_1_1' title="bbox 308 373 464 440">
     <span class='ocr_line' id='line_1_1' title="bbox 308 373 464 440; baseline -0.013 0"><span class='ocrx_word' id='word_1_1' title='bbox 308 373 464 440; x_wconf 70' lang='grc'>1807</span> 
     </span>
    </p>
   </div>
   <div class='ocr_carea' id='block_1_2' title="bbox 777 519 1486 581">
    <p class='ocr_par' dir='ltr' id='par_1_2' title="bbox 777 519 1486 581">
     <span class='ocr_line' id='line_1_2' title="bbox 777 519 1486 581; baseline 0.001 -5"><span class='ocrx_word' id='word_1_2' title='bbox 777 519 1100 579; x_wconf 89' lang='lat' dir='ltr'>PSALMUS</span> <span class='ocrx_word' id='word_1_3' title='bbox 1157 523 1486 581; x_wconf 86' lang='lat' dir='ltr'>CXXXVIII.</span> 
     </span>
    </p>
   </div>
   <div class='ocr_carea' id='block_1_3' title="bbox 384 624 1957 699">
    <p class='ocr_par' dir='ltr' id='par_1_3' title="bbox 384 624 1957 699">
     <span class='ocr_line' id='line_1_3' title="bbox 384 624 1957 699; baseline 0.004 -21"><span class='ocrx_word' id='word_1_4' title='bbox 384 645 412 673; x_wconf 87' lang='grc'>‹‹</span> <span class='ocrx_word' id='word_1_5' title='bbox 446 624 708 692; x_wconf 87' lang='lat' dir='ltr'>Domine,</span> <span class='ocrx_word' id='word_1_6' title='bbox 744 629 997 699; x_wconf 81' lang='lat' dir='ltr'>probasti</span> <span class='ocrx_word' id='word_1_7' title='bbox 1031 647 1144 698; x_wconf 91' lang='lat' dir='ltr'>me,</span> <span class='ocrx_word' id='word_1_8' title='bbox 1205 653 1231 679; x_wconf 85' lang='lat'>»</span> <span class='ocrx_word' id='word_1_9' title='bbox 1265 636 1372 686; x_wconf 92' lang='lat' dir='ltr'>etc.</span> <span class='ocrx_word' id='word_1_10' title='bbox 1409 654 1436 680; x_wconf 87' lang='lat'><strong><em>«</em></strong></span> <span class='ocrx_word' id='word_1_11' title='bbox 1469 630 1750 686; x_wconf 90' lang='lat' dir='ltr'>Mirabilis</span> <span class='ocrx_word' id='word_1_12' title='bbox 1803 631 1957 686; x_wconf 89' lang='lat' dir='ltr'>facta</span> 
     </span>
    </p>
   </div>
   <div class='ocr_carea' id='block_1_4' title="bbox 313 714 1954 793">
    <p class='ocr_par' dir='ltr' id='par_1_4' title="bbox 313 714 1954 793">
     <span class='ocr_line' id='line_1_4' title="bbox 313 714 1954 793; baseline 0.005 -26"><span class='ocrx_word' id='word_1_13' title='bbox 313 717 402 768; x_wconf 91' lang='lat' dir='ltr'>est</span> <span class='ocrx_word' id='word_1_14' title='bbox 433 714 675 771; x_wconf 87' lang='lat' dir='ltr'>scientia</span> <span class='ocrx_word' id='word_1_15' title='bbox 702 719 804 771; x_wconf 89' lang='lat' dir='ltr'>tua</span> <span class='ocrx_word' id='word_1_16' title='bbox 833 733 900 772; x_wconf 87' lang='lat' dir='ltr'>ex</span> <span class='ocrx_word' id='word_1_17' title='bbox 932 734 1043 772; x_wconf 84' lang='lat' dir='ltr'>me.</span> <span class='ocrx_word' id='word_1_18' title='bbox 1078 741 1105 768; x_wconf 85' lang='grc'><strong>››</strong></span> <span class='ocrx_word' id='word_1_19' title='bbox 1155 718 1518 776; x_wconf 87' lang='lat' dir='ltr'>Manifestius</span> <span class='ocrx_word' id='word_1_20' title='bbox 1550 720 1658 776; x_wconf 93' lang='lat' dir='ltr'>hoc</span> <span class='ocrx_word' id='word_1_21' title='bbox 1689 721 1954 793; x_wconf 87' lang='lat' dir='ltr'>Symma-</span> 
     </span>
    </p>
   </div>
   <div class='ocr_carea' id='block_1_5' title="bbox 315 803 1957 882">
    <p class='ocr_par' dir='ltr' id='par_1_5' title="bbox 315 803 1957 882">
     <span class='ocr_line' id='line_1_5' title="bbox 315 803 1957 882; baseline 0.004 -25"><span class='ocrx_word' id='word_1_22' title='bbox 315 803 462 859; x_wconf 86' lang='lat' dir='ltr'>chus</span> <span class='ocrx_word' id='word_1_23' title='bbox 497 804 910 882; x_wconf 71' lang='lat' dir='ltr'>interpretatus</span> <span class='ocrx_word' id='word_1_24' title='bbox 932 812 1057 864; x_wconf 90' lang='lat' dir='ltr'>est:</span> <span class='ocrx_word' id='word_1_25' title='bbox 1096 830 1116 859; x_wconf 76' lang='grc' dir='ltr'>ι</span> <span class='ocrx_word' id='word_1_26' title='bbox 1147 811 1622 882; x_wconf 74' lang='lat' dir='ltr'>Praetergreditur</span> <span class='ocrx_word' id='word_1_27' title='bbox 1650 827 1743 865; x_wconf 88' lang='lat' dir='ltr'>me</span> <span class='ocrx_word' id='word_1_28' title='bbox 1774 810 1957 866; x_wconf 89' lang='lat' dir='ltr'>scien-</span> 
     </span>
    </p>
   </div>
   <div class='ocr_carea' id='block_1_6' title="bbox 317 892 1957 968">
    <p class='ocr_par' dir='ltr' id='par_1_6' title="bbox 317 892 1957 968">
     <span class='ocr_line' id='line_1_6' title="bbox 317 892 1957 968; baseline 0.005 -22"><span class='ocrx_word' id='word_1_29' title='bbox 317 892 400 946; x_wconf 91' lang='lat' dir='ltr'>tia</span> <span class='ocrx_word' id='word_1_30' title='bbox 430 898 552 962; x_wconf 87' lang='lat' dir='ltr'>tua,</span> <span class='ocrx_word' id='word_1_31' title='bbox 591 916 610 941; x_wconf 66' lang='grc' dir='ltr'>ιθ</span> <span class='ocrx_word' id='word_1_32' title='bbox 648 895 706 947; x_wconf 92' lang='lat' dir='ltr'>id</span> <span class='ocrx_word' id='word_1_33' title='bbox 737 899 843 960; x_wconf 88' lang='lat' dir='ltr'>est,</span> <span class='ocrx_word' id='word_1_34' title='bbox 879 913 990 951; x_wconf 91' lang='lat' dir='ltr'>non</span> <span class='ocrx_word' id='word_1_35' title='bbox 1025 915 1265 968; x_wconf 90' lang='lat' dir='ltr'>possum</span> <span class='ocrx_word' id='word_1_36' title='bbox 1297 904 1398 954; x_wconf 91' lang='lat' dir='ltr'>tua</span> <span class='ocrx_word' id='word_1_37' title='bbox 1429 899 1577 954; x_wconf 91' lang='lat' dir='ltr'>scire</span> <span class='ocrx_word' id='word_1_38' title='bbox 1625 904 1864 968; x_wconf 88' lang='lat' dir='ltr'>secreta,</span> <span class='ocrx_word' id='word_1_39' title='bbox 1900 902 1957 954; x_wconf 89' lang='lat' dir='ltr'>et</span> 
     </span>
    </p>
   </div>
   <div class='ocr_carea' id='block_1_7' title="bbox 316 980 1959 1061">
    <p class='ocr_par' dir='ltr' id='par_1_7' title="bbox 316 980 1959 1061">
     <span class='ocr_line' id='line_1_7' title="bbox 316 980 1959 1061; baseline 0.005 -27"><span class='ocrx_word' id='word_1_40' title='bbox 316 980 373 1035; x_wconf 91' lang='lat' dir='ltr'>in</span> <span class='ocrx_word' id='word_1_41' title='bbox 405 983 762 1052; x_wconf 90' lang='lat' dir='ltr'>profundum</span> <span class='ocrx_word' id='word_1_42' title='bbox 796 985 1091 1055; x_wconf 61' lang='lat' dir='ltr'>sapientia</span> <span class='ocrx_word' id='word_1_43' title='bbox 1124 993 1234 1041; x_wconf 63' lang='lat' dir='ltr'>tua</span> <span class='ocrx_word' id='word_1_44' title='bbox 1267 1004 1432 1044; x_wconf 90' lang='lat' dir='ltr'>mens</span> <span class='ocrx_word' id='word_1_45' title='bbox 1465 1005 1593 1044; x_wconf 88' lang='lat' dir='ltr'>mea</span> <span class='ocrx_word' id='word_1_46' title='bbox 1624 1006 1738 1043; x_wconf 90' lang='lat' dir='ltr'>non</span> <span class='ocrx_word' id='word_1_47' title='bbox 1771 991 1959 1061; x_wconf 85' lang='lat' dir='ltr'>potest</span> 
     </span>
    </p>
   </div>
   <div class='ocr_carea' id='block_1_8' title="bbox 313 1069 573 1126">
    <p class='ocr_par' dir='ltr' id='par_1_8' title="bbox 313 1069 573 1126">
     <span class='ocr_line' id='line_1_8' title="bbox 313 1069 573 1126; baseline 0.012 -3"><span class='ocrx_word' id='word_1_48' title='bbox 313 1069 573 1126; x_wconf 84' lang='lat' dir='ltr'>introire.</span> 
     </span>
    </p>
   </div>
   <div class='ocr_carea' id='block_1_9' title="bbox 392 1160 1959 1241">
    <p class='ocr_par' dir='ltr' id='par_1_9' title="bbox 392 1160 1959 1241">
     <span class='ocr_line' id='line_1_9' title="bbox 392 1160 1959 1241; baseline 0.005 -26"><span class='ocrx_word' id='word_1_49' title='bbox 392 1180 414 1208; x_wconf 71' lang='grc' dir='ltr'><strong>α</strong></span> <span class='ocrx_word' id='word_1_50' title='bbox 453 1160 573 1224; x_wconf 85' lang='lat' dir='ltr'>Quo</span> <span class='ocrx_word' id='word_1_51' title='bbox 607 1160 702 1218; x_wconf 91' lang='lat' dir='ltr'>ibo</span> <span class='ocrx_word' id='word_1_52' title='bbox 735 1180 768 1218; x_wconf 92' lang='lat' dir='ltr'>a</span> <span class='ocrx_word' id='word_1_53' title='bbox 798 1163 1004 1234; x_wconf 82' lang='lat' dir='ltr'>spiritu</span> <span class='ocrx_word' id='word_1_54' title='bbox 1037 1169 1136 1222; x_wconf 93' lang='lat' dir='ltr'>tuo</span> <span class='ocrx_word' id='word_1_55' title='bbox 1164 1167 1192 1221; x_wconf 73' lang='lat' dir='ltr'>‘P</span> <span class='ocrx_word' id='word_1_56' title='bbox 1221 1172 1322 1223; x_wconf 92' lang='lat' dir='ltr'>aut</span> <span class='ocrx_word' id='word_1_57' title='bbox 1353 1185 1386 1224; x_wconf 90' lang='lat' dir='ltr'>a</span> <span class='ocrx_word' id='word_1_58' title='bbox 1417 1169 1560 1225; x_wconf 91' lang='lat' dir='ltr'>facie</span> <span class='ocrx_word' id='word_1_59' title='bbox 1585 1173 1685 1225; x_wconf 90' lang='lat' dir='ltr'>tua</span> <span class='ocrx_word' id='word_1_60' title='bbox 1716 1179 1831 1241; x_wconf 88' lang='lat' dir='ltr'>quo</span> <span class='ocrx_word' id='word_1_61' title='bbox 1865 1168 1959 1223; x_wconf 89' lang='lat' dir='ltr'>fu-</span> 
     </span>
    </p>
   </div>
   <div class='ocr_carea' id='block_1_10' title="bbox 318 1248 1962 1330">
    <p class='ocr_par' dir='ltr' id='par_1_10' title="bbox 318 1248 1962 1330">
     <span class='ocr_line' id='line_1_10' title="bbox 318 1248 1962 1330; baseline 0.007 -29"><span class='ocrx_word' id='word_1_62' title='bbox 318 1248 473 1319; x_wconf 87' lang='lat' dir='ltr'>giam</span> <span class='ocrx_word' id='word_1_63' title='bbox 496 1249 524 1302; x_wconf 84' lang='lat'><strong>?</strong></span> <span class='ocrx_word' id='word_1_64' title='bbox 557 1272 584 1298; x_wconf 85' lang='lat'>»</span> <span class='ocrx_word' id='word_1_65' title='bbox 616 1253 916 1316; x_wconf 85' lang='lat' dir='ltr'>Quomodo</span> <span class='ocrx_word' id='word_1_66' title='bbox 964 1259 1156 1311; x_wconf 89' lang='lat' dir='ltr'>autem</span> <span class='ocrx_word' id='word_1_67' title='bbox 1216 1260 1374 1312; x_wconf 89' lang='lat' dir='ltr'>tuam</span> <span class='ocrx_word' id='word_1_68' title='bbox 1434 1275 1674 1329; x_wconf 90' lang='lat' dir='ltr'>possum</span> <span class='ocrx_word' id='word_1_69' title='bbox 1706 1275 1962 1330; x_wconf 90' lang='lat' dir='ltr'>compre-</span> 
     </span>
    </p>
   </div>
   <div class='ocr_carea' id='block_1_11' title="bbox 319 1336 1962 1418">
    <p class='ocr_par' dir='ltr' id='par_1_11' title="bbox 319 1336 1962 1418">
     <span class='ocr_line' id='line_1_11' title="bbox 319 1336 1962 1418; baseline 0.007 -27"><span class='ocrx_word' id='word_1_70' title='bbox 319 1336 572 1394; x_wconf 90' lang='lat' dir='ltr'>hendere</span> <span class='ocrx_word' id='word_1_71' title='bbox 603 1341 892 1409; x_wconf 90' lang='lat' dir='ltr'>notitiam,</span> <span class='ocrx_word' id='word_1_72' title='bbox 928 1361 1061 1399; x_wconf 91' lang='lat' dir='ltr'>cum</span> <span class='ocrx_word' id='word_1_73' title='bbox 1095 1345 1154 1399; x_wconf 89' lang='lat' dir='ltr'>in</span> <span class='ocrx_word' id='word_1_74' title='bbox 1189 1351 1243 1402; x_wconf 90' lang='lat' dir='ltr'>te</span> <span class='ocrx_word' id='word_1_75' title='bbox 1273 1347 1393 1402; x_wconf 89' lang='lat' dir='ltr'>sint</span> <span class='ocrx_word' id='word_1_76' title='bbox 1450 1347 1665 1413; x_wconf 89' lang='lat' dir='ltr'>omnia,</span> <span class='ocrx_word' id='word_1_77' title='bbox 1703 1347 1962 1418; x_wconf 84' lang='lat' dir='ltr'>nihilque</span> 
     </span>
    </p>
   </div>
   <div class='ocr_carea' id='block_1_12' title="bbox 321 1425 1965 1508">
    <p class='ocr_par' dir='ltr' id='par_1_12' title="bbox 321 1425 1965 1508">
     <span class='ocr_line' id='line_1_12' title="bbox 321 1425 1965 1508; baseline 0.005 -27"><span class='ocrx_word' id='word_1_78' title='bbox 321 1425 398 1481; x_wconf 86' lang='lat' dir='ltr'>sit</span> <span class='ocrx_word' id='word_1_79' title='bbox 433 1429 587 1499; x_wconf 92' lang='lat' dir='ltr'>quod</span> <span class='ocrx_word' id='word_1_80' title='bbox 645 1433 700 1485; x_wconf 87' lang='lat' dir='ltr'>te</span> <span class='ocrx_word' id='word_1_81' title='bbox 759 1432 964 1504; x_wconf 81' lang='lat' dir='ltr'>fugiat,</span> <span class='ocrx_word' id='word_1_82' title='bbox 1025 1439 1082 1489; x_wconf 89' lang='lat' dir='ltr'>et</span> <span class='ocrx_word' id='word_1_83' title='bbox 1125 1434 1340 1507; x_wconf 91' lang='lat' dir='ltr'>ubique</span> <span class='ocrx_word' id='word_1_84' title='bbox 1399 1437 1474 1491; x_wconf 89' lang='lat' dir='ltr'>sit</span> <span class='ocrx_word' id='word_1_85' title='bbox 1531 1437 1830 1508; x_wconf 80' lang='lat' dir='ltr'>spiritus?</span> <span class='ocrx_word' id='word_1_86' title='bbox 1885 1437 1965 1490; x_wconf 84' lang='lat' dir='ltr'>Ex</span> 
     </span>
    </p>
   </div>
   <div class='ocr_carea' id='block_1_13' title="bbox 322 1515 1961 1596">
    <p class='ocr_par' dir='ltr' id='par_1_13' title="bbox 322 1515 1961 1596">
     <span class='ocr_line' id='line_1_13' title="bbox 322 1515 1961 1596; baseline 0.005 -27"><span class='ocrx_word' id='word_1_87' title='bbox 322 1531 436 1586; x_wconf 89' lang='lat' dir='ltr'>quo</span> <span class='ocrx_word' id='word_1_88' title='bbox 469 1515 851 1591; x_wconf 85' lang='lat' dir='ltr'>intelligimus</span> <span class='ocrx_word' id='word_1_89' title='bbox 885 1526 1064 1577; x_wconf 90' lang='lat' dir='ltr'>Deum</span> <span class='ocrx_word' id='word_1_90' title='bbox 1125 1541 1253 1580; x_wconf 89' lang='lat' dir='ltr'>esse</span> <span class='ocrx_word' id='word_1_91' title='bbox 1284 1526 1381 1596; x_wconf 88' lang='lat' dir='ltr'>qui</span> <span class='ocrx_word' id='word_1_92' title='bbox 1432 1529 1590 1580; x_wconf 89' lang='lat' dir='ltr'>totus</span> <span class='ocrx_word' id='word_1_93' title='bbox 1621 1524 1835 1596; x_wconf 86' lang='lat' dir='ltr'>ubique</span> <span class='ocrx_word' id='word_1_94' title='bbox 1866 1525 1961 1579; x_wconf 90' lang='lat' dir='ltr'>sit.</span> 
     </span>
    </p>
   </div>
   <div class='ocr_carea' id='block_1_14' title="bbox 389 1605 1966 1680">
    <p class='ocr_par' dir='ltr' id='par_1_14' title="bbox 389 1605 1966 1680">
     <span class='ocr_line' id='line_1_14' title="bbox 389 1605 1966 1680; baseline 0.004 -19"><span class='ocrx_word' id='word_1_95' title='bbox 389 1629 417 1654; x_wconf 83' lang='lat'><strong><em>«</em></strong></span> <span class='ocrx_word' id='word_1_96' title='bbox 451 1605 510 1661; x_wconf 90' lang='lat' dir='ltr'>Si</span> <span class='ocrx_word' id='word_1_97' title='bbox 543 1610 858 1665; x_wconf 89' lang='lat' dir='ltr'>ascendere</span> <span class='ocrx_word' id='word_1_98' title='bbox 890 1610 950 1664; x_wconf 90' lang='lat' dir='ltr'>in</span> <span class='ocrx_word' id='word_1_99' title='bbox 982 1611 1214 1678; x_wconf 78' lang='lat' dir='ltr'>cmlum,</span> <span class='ocrx_word' id='word_1_100' title='bbox 1246 1619 1306 1668; x_wconf 89' lang='lat' dir='ltr'>tu</span> <span class='ocrx_word' id='word_1_101' title='bbox 1359 1614 1436 1668; x_wconf 91' lang='lat' dir='ltr'>ibi</span> <span class='ocrx_word' id='word_1_102' title='bbox 1470 1631 1531 1669; x_wconf 91' lang='lat' dir='ltr'>es</span> <span class='ocrx_word' id='word_1_103' title='bbox 1585 1632 1597 1680; x_wconf 93' lang='lat'><strong>;</strong></span> <span class='ocrx_word' id='word_1_104' title='bbox 1657 1615 1704 1669; x_wconf 92' lang='lat' dir='ltr'>si</span> <span class='ocrx_word' id='word_1_105' title='bbox 1767 1615 1966 1668; x_wconf 89' lang='lat' dir='ltr'>desce-</span> 
     </span>
    </p>
   </div>
   <div class='ocr_carea' id='block_1_15' title="bbox 321 1693 1965 1767">
    <p class='ocr_par' dir='ltr' id='par_1_15' title="bbox 321 1693 1965 1767">
     <span class='ocr_line' id='line_1_15' title="bbox 321 1693 1965 1767; baseline 0.005 -19"><span class='ocrx_word' id='word_1_106' title='bbox 321 1693 456 1749; x_wconf 90' lang='lat' dir='ltr'>dero</span> <span class='ocrx_word' id='word_1_107' title='bbox 489 1696 557 1749; x_wconf 90' lang='lat' dir='ltr'>ad</span> <span class='ocrx_word' id='word_1_108' title='bbox 593 1695 907 1765; x_wconf 91' lang='lat' dir='ltr'>infernum,</span> <span class='ocrx_word' id='word_1_109' title='bbox 933 1701 1094 1767; x_wconf 89' lang='lat' dir='ltr'>ades,</span> <span class='ocrx_word' id='word_1_110' title='bbox 1128 1722 1155 1750; x_wconf 86' lang='lat'>»</span> <span class='ocrx_word' id='word_1_111' title='bbox 1189 1706 1296 1757; x_wconf 85' lang='lat' dir='ltr'>etc.</span> <span class='ocrx_word' id='word_1_112' title='bbox 1327 1701 1497 1757; x_wconf 91' lang='lat' dir='ltr'>Nulla</span> <span class='ocrx_word' id='word_1_113' title='bbox 1528 1701 1775 1757; x_wconf 89' lang='lat' dir='ltr'>altitudo</span> <span class='ocrx_word' id='word_1_114' title='bbox 1808 1707 1862 1757; x_wconf 90' lang='lat' dir='ltr'>te</span> <span class='ocrx_word' id='word_1_115' title='bbox 1885 1701 1965 1756; x_wconf 88' lang='lat' dir='ltr'>al-</span> 
     </span>
    </p>
   </div>
   <div class='ocr_carea' id='block_1_16' title="bbox 321 1783 1969 1862">
    <p class='ocr_par' dir='ltr' id='par_1_16' title="bbox 321 1783 1969 1862">
     <span class='ocr_line' id='line_1_16' title="bbox 321 1783 1969 1862; baseline 0.005 -25"><span class='ocrx_word' id='word_1_116' title='bbox 321 1783 436 1839; x_wconf 89' lang='lat' dir='ltr'>tior</span> <span class='ocrx_word' id='word_1_117' title='bbox 468 1800 479 1838; x_wconf 91' lang='lat'>:</span> <span class='ocrx_word' id='word_1_118' title='bbox 517 1783 743 1840; x_wconf 89' lang='lat' dir='ltr'>nullum</span> <span class='ocrx_word' id='word_1_119' title='bbox 776 1788 1132 1858; x_wconf 86' lang='lat' dir='ltr'>profundum</span> <span class='ocrx_word' id='word_1_120' title='bbox 1164 1794 1219 1845; x_wconf 87' lang='lat' dir='ltr'>te</span> <span class='ocrx_word' id='word_1_121' title='bbox 1264 1791 1612 1862; x_wconf 84' lang='lat' dir='ltr'>profundius</span> <span class='ocrx_word' id='word_1_122' title='bbox 1642 1809 1653 1846; x_wconf 91' lang='lat'>:</span> <span class='ocrx_word' id='word_1_123' title='bbox 1688 1791 1882 1847; x_wconf 87' lang='lat' dir='ltr'>oriens</span> <span class='ocrx_word' id='word_1_124' title='bbox 1913 1796 1969 1846; x_wconf 92' lang='lat' dir='ltr'>et</span> 
     </span>
    </p>
   </div>
   <div class='ocr_carea' id='block_1_17' title="bbox 323 1872 1438 1935">
    <p class='ocr_par' dir='ltr' id='par_1_17' title="bbox 323 1872 1438 1935">
     <span class='ocr_line' id='line_1_17' title="bbox 323 1872 1438 1935; baseline 0.01 -11"><span class='ocrx_word' id='word_1_125' title='bbox 323 1872 592 1926; x_wconf 90' lang='lat' dir='ltr'>occidens</span> <span class='ocrx_word' id='word_1_126' title='bbox 620 1873 679 1927; x_wconf 91' lang='lat' dir='ltr'>in</span> <span class='ocrx_word' id='word_1_127' title='bbox 713 1877 812 1930; x_wconf 90' lang='lat' dir='ltr'>tua</span> <span class='ocrx_word' id='word_1_128' title='bbox 841 1877 1213 1934; x_wconf 86' lang='lat' dir='ltr'>continentur</span> <span class='ocrx_word' id='word_1_129' title='bbox 1241 1896 1438 1935; x_wconf 89' lang='lat' dir='ltr'>manu.</span> 
     </span>
    </p>
   </div>
   <div class='ocr_carea' id='block_1_18' title="bbox 396 1961 1965 2037">
    <p class='ocr_par' dir='ltr' id='par_1_18' title="bbox 396 1961 1965 2037">
     <span class='ocr_line' id='line_1_18' title="bbox 396 1961 1965 2037; baseline 0.008 -25"><span class='ocrx_word' id='word_1_130' title='bbox 396 1982 425 2010; x_wconf 90' lang='lat'><strong>«</strong></span> <span class='ocrx_word' id='word_1_131' title='bbox 454 1961 523 2015; x_wconf 87' lang='lat' dir='ltr'>Et</span> <span class='ocrx_word' id='word_1_132' title='bbox 552 1961 668 2017; x_wconf 89' lang='lat' dir='ltr'>dixi</span> <span class='ocrx_word' id='word_1_133' title='bbox 693 1979 706 2018; x_wconf 91' lang='lat'><strong>:</strong></span> <span class='ocrx_word' id='word_1_134' title='bbox 731 1963 878 2037; x_wconf 87' lang='lat' dir='ltr'>Ergo</span> <span class='ocrx_word' id='word_1_135' title='bbox 910 1967 1159 2022; x_wconf 73' lang='lat' dir='ltr'>tenebrae</span> <span class='ocrx_word' id='word_1_136' title='bbox 1191 1969 1618 2024; x_wconf 90' lang='lat' dir='ltr'>conculcabunt</span> <span class='ocrx_word' id='word_1_137' title='bbox 1648 1974 1825 2034; x_wconf 90' lang='lat' dir='ltr'>me,et</span> <span class='ocrx_word' id='word_1_138' title='bbox 1854 1987 1965 2025; x_wconf 87' lang='lat' dir='ltr'>nox</span> 
     </span>
    </p>
   </div>
   <div class='ocr_carea' id='block_1_19' title="bbox 324 2049 1964 2115">
    <p class='ocr_par' dir='ltr' id='par_1_19' title="bbox 324 2049 1964 2115">
     <span class='ocr_line' id='line_1_19' title="bbox 324 2049 1964 2115; baseline 0.005 -10"><span class='ocrx_word' id='word_1_139' title='bbox 324 2049 421 2106; x_wconf 89' lang='lat' dir='ltr'>lux</span> <span class='ocrx_word' id='word_1_140' title='bbox 451 2067 582 2108; x_wconf 88' lang='lat' dir='ltr'>mea</span> <span class='ocrx_word' id='word_1_141' title='bbox 612 2053 671 2108; x_wconf 92' lang='lat' dir='ltr'>in</span> <span class='ocrx_word' id='word_1_142' title='bbox 729 2053 951 2112; x_wconf 86' lang='lat' dir='ltr'>deliciis</span> <span class='ocrx_word' id='word_1_143' title='bbox 986 2059 1154 2114; x_wconf 89' lang='lat' dir='ltr'>meis.</span> <span class='ocrx_word' id='word_1_144' title='bbox 1189 2081 1217 2107; x_wconf 84' lang='lat'>»</span> <span class='ocrx_word' id='word_1_145' title='bbox 1252 2060 1314 2113; x_wconf 92' lang='lat' dir='ltr'><strong>In</strong></span> <span class='ocrx_word' id='word_1_146' title='bbox 1348 2059 1584 2115; x_wconf 81' lang='lat' dir='ltr'>Hebraeo</span> <span class='ocrx_word' id='word_1_147' title='bbox 1615 2077 1824 2115; x_wconf 86' lang='lat' dir='ltr'>sensus</span> <span class='ocrx_word' id='word_1_148' title='bbox 1858 2060 1964 2114; x_wconf 90' lang='lat' dir='ltr'>iste</span> 
     </span>
    </p>
   </div>
   <div class='ocr_carea' id='block_1_20' title="bbox 323 2142 1967 2211">
    <p class='ocr_par' dir='ltr' id='par_1_20' title="bbox 323 2142 1967 2211">
     <span class='ocr_line' id='line_1_20' title="bbox 323 2142 1967 2211; baseline 0.004 -16"><span class='ocrx_word' id='word_1_149' title='bbox 323 2143 409 2195; x_wconf 89' lang='lat' dir='ltr'>est</span> <span class='ocrx_word' id='word_1_150' title='bbox 469 2157 482 2197; x_wconf 90' lang='lat'>:</span> <span class='ocrx_word' id='word_1_151' title='bbox 535 2164 561 2191; x_wconf 90' lang='grc'>‹‹</span> <span class='ocrx_word' id='word_1_152' title='bbox 617 2142 684 2197; x_wconf 92' lang='lat' dir='ltr'>Et</span> <span class='ocrx_word' id='word_1_153' title='bbox 743 2144 880 2211; x_wconf 84' lang='lat' dir='ltr'>dixi,</span> <span class='ocrx_word' id='word_1_154' title='bbox 945 2147 1207 2204; x_wconf 80' lang='lat' dir='ltr'>Forsitan</span> <span class='ocrx_word' id='word_1_155' title='bbox 1258 2149 1508 2204; x_wconf 68' lang='lat' dir='ltr'>tenebrae</span> <span class='ocrx_word' id='word_1_156' title='bbox 1540 2147 1967 2205; x_wconf 89' lang='lat' dir='ltr'>conculcabunt</span> 
     </span>
    </p>
   </div>
   <div class='ocr_carea' id='block_1_21' title="bbox 321 2234 1964 2310">
    <p class='ocr_par' dir='ltr' id='par_1_21' title="bbox 321 2234 1964 2310">
     <span class='ocr_line' id='line_1_21' title="bbox 321 2234 1964 2310; baseline 0.004 -26"><span class='ocrx_word' id='word_1_157' title='bbox 321 2245 413 2284; x_wconf 88' lang='lat' dir='ltr'>me</span> <span class='ocrx_word' id='word_1_158' title='bbox 441 2248 452 2297; x_wconf 95' lang='lat'><strong>;</strong></span> <span class='ocrx_word' id='word_1_159' title='bbox 488 2253 516 2279; x_wconf 86' lang='lat'>»</span> <span class='ocrx_word' id='word_1_160' title='bbox 549 2247 578 2286; x_wconf 92' lang='lat' dir='ltr'>e</span> <span class='ocrx_word' id='word_1_161' title='bbox 611 2234 900 2290; x_wconf 89' lang='lat' dir='ltr'>contrario</span> <span class='ocrx_word' id='word_1_162' title='bbox 931 2240 1126 2292; x_wconf 89' lang='lat' dir='ltr'>autem</span> <span class='ocrx_word' id='word_1_163' title='bbox 1159 2254 1271 2292; x_wconf 86' lang='lat' dir='ltr'>nox</span> <span class='ocrx_word' id='word_1_164' title='bbox 1311 2237 1439 2309; x_wconf 89' lang='lat' dir='ltr'>ipsa</span> <span class='ocrx_word' id='word_1_165' title='bbox 1482 2239 1635 2310; x_wconf 88' lang='lat' dir='ltr'>apud</span> <span class='ocrx_word' id='word_1_166' title='bbox 1667 2242 1723 2294; x_wconf 93' lang='lat' dir='ltr'>te</span> <span class='ocrx_word' id='word_1_167' title='bbox 1766 2236 1964 2292; x_wconf 90' lang='lat' dir='ltr'>lumen</span> 
     </span>
    </p>
   </div>
   <div class='ocr_carea' id='block_1_22' title="bbox 321 2315 1966 2398">
    <p class='ocr_par' dir='ltr' id='par_1_22' title="bbox 321 2315 1966 2398">
     <span class='ocr_line' id='line_1_22' title="bbox 321 2315 1966 2398; baseline 0.005 -27"><span class='ocrx_word' id='word_1_168' title='bbox 321 2315 448 2385; x_wconf 83' lang='lat' dir='ltr'>fuit,</span> <span class='ocrx_word' id='word_1_169' title='bbox 485 2319 623 2392; x_wconf 89' lang='lat' dir='ltr'>quia</span> <span class='ocrx_word' id='word_1_170' title='bbox 651 2321 799 2376; x_wconf 90' lang='lat' dir='ltr'>nihil</span> <span class='ocrx_word' id='word_1_171' title='bbox 831 2322 1015 2379; x_wconf 88' lang='lat' dir='ltr'>celare</span> <span class='ocrx_word' id='word_1_172' title='bbox 1046 2328 1102 2379; x_wconf 90' lang='lat' dir='ltr'>te</span> <span class='ocrx_word' id='word_1_173' title='bbox 1131 2330 1340 2397; x_wconf 89' lang='lat' dir='ltr'>potest.</span> <span class='ocrx_word' id='word_1_174' title='bbox 1384 2327 1544 2389; x_wconf 88' lang='lat' dir='ltr'>Quod</span> <span class='ocrx_word' id='word_1_175' title='bbox 1579 2325 1966 2398; x_wconf 82' lang='lat' dir='ltr'>Symmachus</span> 
     </span>
    </p>
   </div>
   <div class='ocr_carea' id='block_1_23' title="bbox 323 2406 1968 2480">
    <p class='ocr_par' dir='ltr' id='par_1_23' title="bbox 323 2406 1968 2480">
     <span class='ocr_line' id='line_1_23' title="bbox 323 2406 1968 2480; baseline 0.005 -20"><span class='ocrx_word' id='word_1_176' title='bbox 323 2406 535 2462; x_wconf 92' lang='lat' dir='ltr'>melius</span> <span class='ocrx_word' id='word_1_177' title='bbox 592 2409 1007 2480; x_wconf 83' lang='lat' dir='ltr'>interpretatus</span> <span class='ocrx_word' id='word_1_178' title='bbox 1065 2417 1153 2468; x_wconf 91' lang='lat' dir='ltr'>est</span> <span class='ocrx_word' id='word_1_179' title='bbox 1208 2414 1406 2470; x_wconf 88' lang='lat' dir='ltr'>dicens</span> <span class='ocrx_word' id='word_1_180' title='bbox 1442 2431 1453 2468; x_wconf 88' lang='lat'><strong>:</strong></span> <span class='ocrx_word' id='word_1_181' title='bbox 1492 2415 1556 2470; x_wconf 90' lang='lat' dir='ltr'>Et</span> <span class='ocrx_word' id='word_1_182' title='bbox 1596 2432 1708 2469; x_wconf 90' lang='lat' dir='ltr'>nox</span> <span class='ocrx_word' id='word_1_183' title='bbox 1739 2415 1838 2470; x_wconf 87' lang='lat' dir='ltr'>lux</span> <span class='ocrx_word' id='word_1_184' title='bbox 1867 2414 1968 2469; x_wconf 92' lang='lat' dir='ltr'>cir-</span> 
     </span>
    </p>
   </div>
   <div class='ocr_carea' id='block_1_24' title="bbox 320 2498 1967 2572">
    <p class='ocr_par' dir='ltr' id='par_1_24' title="bbox 320 2498 1967 2572">
     <span class='ocr_line' id='line_1_24' title="bbox 320 2498 1967 2572; baseline 0.006 -24"><span class='ocrx_word' id='word_1_185' title='bbox 320 2509 455 2548; x_wconf 91' lang='lat' dir='ltr'>cum</span> <span class='ocrx_word' id='word_1_186' title='bbox 489 2513 582 2550; x_wconf 92' lang='lat' dir='ltr'>me</span> <span class='ocrx_word' id='word_1_187' title='bbox 613 2498 793 2552; x_wconf 88' lang='lat' dir='ltr'>sedet.</span> <span class='ocrx_word' id='word_1_188' title='bbox 831 2520 857 2546; x_wconf 87' lang='lat'>»</span> <span class='ocrx_word' id='word_1_189' title='bbox 891 2500 996 2554; x_wconf 88' lang='lat' dir='ltr'>Sed</span> <span class='ocrx_word' id='word_1_190' title='bbox 1057 2505 1114 2555; x_wconf 90' lang='lat' dir='ltr'>et</span> <span class='ocrx_word' id='word_1_191' title='bbox 1169 2507 1479 2572; x_wconf 86' lang='lat' dir='ltr'>sequentes</span> <span class='ocrx_word' id='word_1_192' title='bbox 1537 2503 1808 2558; x_wconf 82' lang='lat' dir='ltr'>versiculi</span> <span class='ocrx_word' id='word_1_193' title='bbox 1859 2503 1967 2558; x_wconf 92' lang='lat' dir='ltr'>hoc</span> 
     </span>
    </p>
   </div>
   <div class='ocr_carea' id='block_1_25' title="bbox 323 2581 862 2655">
    <p class='ocr_par' dir='ltr' id='par_1_25' title="bbox 323 2581 862 2655">
     <span class='ocr_line' id='line_1_25' title="bbox 323 2581 862 2655; baseline 0.011 -20"><span class='ocrx_word' id='word_1_194' title='bbox 323 2581 474 2637; x_wconf 90' lang='lat' dir='ltr'>idem</span> <span class='ocrx_word' id='word_1_195' title='bbox 511 2582 862 2655; x_wconf 81' lang='lat' dir='ltr'>significant.</span> 
     </span>
    </p>
   </div>
   <div class='ocr_carea' id='block_1_26' title="bbox 402 2671 1970 2748">
    <p class='ocr_par' dir='ltr' id='par_1_26' title="bbox 402 2671 1970 2748">
     <span class='ocr_line' id='line_1_26' title="bbox 402 2671 1970 2748; baseline 0.006 -22"><span class='ocrx_word' id='word_1_196' title='bbox 402 2692 422 2718; x_wconf 75' lang='grc' dir='ltr'>α</span> <span class='ocrx_word' id='word_1_197' title='bbox 460 2671 603 2736; x_wconf 87' lang='lat' dir='ltr'>Quia</span> <span class='ocrx_word' id='word_1_198' title='bbox 631 2673 881 2729; x_wconf 70' lang='lat' dir='ltr'>tenebraz</span> <span class='ocrx_word' id='word_1_199' title='bbox 915 2693 1030 2732; x_wconf 89' lang='lat' dir='ltr'>non</span> <span class='ocrx_word' id='word_1_200' title='bbox 1097 2677 1568 2735; x_wconf 86' lang='lat' dir='ltr'>obscurabuntur</span> <span class='ocrx_word' id='word_1_201' title='bbox 1599 2698 1632 2735; x_wconf 91' lang='lat' dir='ltr'>a</span> <span class='ocrx_word' id='word_1_202' title='bbox 1663 2684 1736 2748; x_wconf 89' lang='lat' dir='ltr'>te,</span> <span class='ocrx_word' id='word_1_203' title='bbox 1771 2685 1827 2735; x_wconf 91' lang='lat' dir='ltr'>et</span> <span class='ocrx_word' id='word_1_204' title='bbox 1856 2697 1970 2735; x_wconf 85' lang='lat' dir='ltr'>nox</span> 
     </span>
    </p>
   </div>
   <div class='ocr_carea' id='block_1_27' title="bbox 327 2757 1971 2840">
    <p class='ocr_par' dir='ltr' id='par_1_27' title="bbox 327 2757 1971 2840">
     <span class='ocr_line' id='line_1_27' title="bbox 327 2757 1971 2840; baseline 0.007 -27"><span class='ocrx_word' id='word_1_205' title='bbox 327 2757 496 2829; x_wconf 91' lang='lat' dir='ltr'>quasi</span> <span class='ocrx_word' id='word_1_206' title='bbox 523 2760 646 2817; x_wconf 86' lang='lat' dir='ltr'>dies</span> <span class='ocrx_word' id='word_1_207' title='bbox 678 2761 1111 2822; x_wconf 88' lang='lat' dir='ltr'>illuminabitur</span> <span class='ocrx_word' id='word_1_208' title='bbox 1142 2783 1154 2821; x_wconf 90' lang='lat'><strong>:</strong></span> <span class='ocrx_word' id='word_1_209' title='bbox 1198 2768 1350 2823; x_wconf 91' lang='lat' dir='ltr'>sicut</span> <span class='ocrx_word' id='word_1_210' title='bbox 1407 2770 1659 2824; x_wconf 80' lang='lat' dir='ltr'>tenebrae</span> <span class='ocrx_word' id='word_1_211' title='bbox 1708 2769 1854 2840; x_wconf 85' lang='lat' dir='ltr'>ejus,</span> <span class='ocrx_word' id='word_1_212' title='bbox 1888 2769 1971 2824; x_wconf 89' lang='lat' dir='ltr'>ita</span> 
     </span>
    </p>
   </div>
   <div class='ocr_carea' id='block_1_28' title="bbox 323 2845 1969 2930">
    <p class='ocr_par' dir='ltr' id='par_1_28' title="bbox 323 2845 1969 2930">
     <span class='ocr_line' id='line_1_28' title="bbox 323 2845 1969 2930; baseline 0.007 -29"><span class='ocrx_word' id='word_1_213' title='bbox 323 2850 380 2902; x_wconf 92' lang='lat' dir='ltr'>et</span> <span class='ocrx_word' id='word_1_214' title='bbox 407 2845 606 2905; x_wconf 90' lang='lat' dir='ltr'>lumen</span> <span class='ocrx_word' id='word_1_215' title='bbox 636 2851 783 2922; x_wconf 85' lang='lat' dir='ltr'>ejus.</span> <span class='ocrx_word' id='word_1_216' title='bbox 820 2875 848 2902; x_wconf 87' lang='lat'><strong>»</strong></span> <span class='ocrx_word' id='word_1_217' title='bbox 881 2854 943 2908; x_wconf 88' lang='lat' dir='ltr'>1d</span> <span class='ocrx_word' id='word_1_218' title='bbox 977 2860 1083 2910; x_wconf 89' lang='lat' dir='ltr'>est.</span> <span class='ocrx_word' id='word_1_219' title='bbox 1111 2860 1232 2911; x_wconf 88' lang='lat' dir='ltr'>tam</span> <span class='ocrx_word' id='word_1_220' title='bbox 1264 2857 1420 2913; x_wconf 87' lang='lat' dir='ltr'>clara</span> <span class='ocrx_word' id='word_1_221' title='bbox 1451 2863 1587 2914; x_wconf 90' lang='lat' dir='ltr'>sunt</span> <span class='ocrx_word' id='word_1_222' title='bbox 1619 2859 1969 2930; x_wconf 52' lang='lat' dir='ltr'>omniaquae</span> 
     </span>
    </p>
   </div>
   <div class='ocr_carea' id='block_1_29' title="bbox 327 2937 1895 3010">
    <p class='ocr_par' dir='ltr' id='par_1_29' title="bbox 327 2937 1895 3010">
     <span class='ocr_line' id='line_1_29' title="bbox 327 2937 1895 3010; baseline 0.008 -20"><span class='ocrx_word' id='word_1_223' title='bbox 327 2940 387 2991; x_wconf 88' lang='lat' dir='ltr'>at</span> <span class='ocrx_word' id='word_1_224' title='bbox 416 2941 471 2993; x_wconf 91' lang='lat' dir='ltr'>te</span> <span class='ocrx_word' id='word_1_225' title='bbox 503 2937 786 3010; x_wconf 78' lang='lat' dir='ltr'>putarl&#39;tur</span> <span class='ocrx_word' id='word_1_226' title='bbox 816 2943 1062 3010; x_wconf 91' lang='lat' dir='ltr'>occulta,</span> <span class='ocrx_word' id='word_1_227' title='bbox 1087 2951 1151 3001; x_wconf 93' lang='lat' dir='ltr'>ut</span> <span class='ocrx_word' id='word_1_228' title='bbox 1181 2948 1579 3003; x_wconf 84' lang='lat' dir='ltr'>manifestiora</span> <span class='ocrx_word' id='word_1_229' title='bbox 1601 2948 1717 3003; x_wconf 90' lang='lat' dir='ltr'>sint</span> <span class='ocrx_word' id='word_1_230' title='bbox 1748 2948 1895 3002; x_wconf 91' lang='lat' dir='ltr'>luce.</span> 
     </span>
    </p>
   </div>
   <div class='ocr_carea' id='block_1_30' title="bbox 399 3027 1973 3101">
    <p class='ocr_par' dir='ltr' id='par_1_30' title="bbox 399 3027 1973 3101">
     <span class='ocr_line' id='line_1_30' title="bbox 399 3027 1973 3101; baseline 0.006 -20"><span class='ocrx_word' id='word_1_231' title='bbox 399 3049 426 3074; x_wconf 88' lang='lat'>«</span> <span class='ocrx_word' id='word_1_232' title='bbox 461 3027 783 3101; x_wconf 89' lang='lat' dir='ltr'>Suscepisti</span> <span class='ocrx_word' id='word_1_233' title='bbox 816 3048 909 3086; x_wconf 89' lang='lat' dir='ltr'>me</span> <span class='ocrx_word' id='word_1_234' title='bbox 940 3033 1010 3088; x_wconf 91' lang='lat' dir='ltr'>de</span> <span class='ocrx_word' id='word_1_235' title='bbox 1039 3039 1239 3090; x_wconf 87' lang='lat' dir='ltr'>ventre</span> <span class='ocrx_word' id='word_1_236' title='bbox 1273 3036 1479 3091; x_wconf 88' lang='lat' dir='ltr'>matris</span> <span class='ocrx_word' id='word_1_237' title='bbox 1511 3053 1671 3091; x_wconf 67' lang='lat' dir='ltr'>meae.</span> <span class='ocrx_word' id='word_1_238' title='bbox 1700 3058 1726 3084; x_wconf 85' lang='grc'><strong>››</strong></span> <span class='ocrx_word' id='word_1_239' title='bbox 1760 3036 1973 3100; x_wconf 91' lang='lat' dir='ltr'>Quinta</span> 
     </span>
    </p>
   </div>
   <div class='ocr_carea' id='block_1_31' title="bbox 319 3113 1971 3180">
    <p class='ocr_par' dir='ltr' id='par_1_31' title="bbox 319 3113 1971 3180">
     <span class='ocr_line' id='line_1_31' title="bbox 319 3113 1971 3180; baseline 0.007 -12"><span class='ocrx_word' id='word_1_240' title='bbox 319 3113 502 3171; x_wconf 83' lang='lat' dir='ltr'>editio</span> <span class='ocrx_word' id='word_1_241' title='bbox 533 3116 614 3172; x_wconf 90' lang='lat' dir='ltr'>ita</span> <span class='ocrx_word' id='word_1_242' title='bbox 643 3120 945 3174; x_wconf 88' lang='lat' dir='ltr'>transtulit</span> <span class='ocrx_word' id='word_1_243' title='bbox 979 3135 992 3174; x_wconf 90' lang='lat'><strong>:</strong></span> <span class='ocrx_word' id='word_1_244' title='bbox 1033 3145 1052 3170; x_wconf 76' lang='grc' dir='ltr'>ιι</span> <span class='ocrx_word' id='word_1_245' title='bbox 1089 3123 1361 3179; x_wconf 86' lang='lat' dir='ltr'>Conﬂasti</span> <span class='ocrx_word' id='word_1_246' title='bbox 1395 3142 1487 3180; x_wconf 90' lang='lat' dir='ltr'>me</span> <span class='ocrx_word' id='word_1_247' title='bbox 1516 3125 1585 3180; x_wconf 91' lang='lat' dir='ltr'>de</span> <span class='ocrx_word' id='word_1_248' title='bbox 1615 3129 1813 3180; x_wconf 89' lang='lat' dir='ltr'>ventre</span> <span class='ocrx_word' id='word_1_249' title='bbox 1844 3142 1971 3180; x_wconf 90' lang='lat' dir='ltr'>ma-</span> 
     </span>
    </p>
   </div>
   <div class='ocr_carea' id='block_1_32' title="bbox 327 3201 682 3260">
    <p class='ocr_par' dir='ltr' id='par_1_32' title="bbox 327 3201 682 3260">
     <span class='ocr_line' id='line_1_32' title="bbox 327 3201 682 3260; baseline 0 -4"><span class='ocrx_word' id='word_1_250' title='bbox 327 3201 432 3257; x_wconf 88' lang='lat' dir='ltr'>tris</span> <span class='ocrx_word' id='word_1_251' title='bbox 461 3220 620 3260; x_wconf 84' lang='lat' dir='ltr'>meae.</span> <span class='ocrx_word' id='word_1_252' title='bbox 655 3228 682 3257; x_wconf 82' lang='lat'><strong>»</strong></span> 
     </span>
    </p>
   </div>
   <div class='ocr_carea' id='block_1_33' title="bbox 402 3264 2045 3366">
    <p class='ocr_par' dir='ltr' id='par_1_33' title="bbox 402 3264 2045 3366">
     <span class='ocr_line' id='line_1_33' title="bbox 402 3264 2045 3366; baseline 0.006 -19"><span class='ocrx_word' id='word_1_253' title='bbox 402 3315 430 3342; x_wconf 87' lang='lat'><strong>«</strong></span> <span class='ocrx_word' id='word_1_254' title='bbox 465 3293 870 3366; x_wconf 77' lang='lat' dir='ltr'>Imperfectum</span> <span class='ocrx_word' id='word_1_255' title='bbox 901 3315 1097 3356; x_wconf 91' lang='lat' dir='ltr'>meum</span> <span class='ocrx_word' id='word_1_256' title='bbox 1152 3300 1423 3357; x_wconf 89' lang='lat' dir='ltr'>viderunt</span> <span class='ocrx_word' id='word_1_257' title='bbox 1449 3303 1628 3364; x_wconf 70' lang='lat' dir='ltr'>,oculi</span> <span class='ocrx_word' id='word_1_258' title='bbox 1658 3303 1765 3358; x_wconf 91' lang='lat' dir='ltr'>tui.</span> <span class='ocrx_word' id='word_1_259' title='bbox 1800 3325 1826 3353; x_wconf 87' lang='grc'><strong>››</strong></span> <span class='ocrx_word' id='word_1_260' title='bbox 1864 3303 1974 3357; x_wconf 90' lang='lat' dir='ltr'>Im-</span> <span class='ocrx_word' id='word_1_261' title='bbox 2003 3264 2045 3330; x_wconf 62' lang='grc' dir='ltr'>Ο</span> 
     </span>
    </p>
   </div>
   <div class='ocr_carea' id='block_1_34' title="bbox 312 3381 1970 3463">
    <p class='ocr_par' dir='ltr' id='par_1_34' title="bbox 312 3381 1970 3463">
     <span class='ocr_line' id='line_1_34' title="bbox 312 3381 1970 3463; baseline 0.007 -28"><span class='ocrx_word' id='word_1_262' title='bbox 312 3381 650 3452; x_wconf 60' lang='lat' dir='ltr'>&quot;perfectum</span> <span class='ocrx_word' id='word_1_263' title='bbox 711 3385 806 3441; x_wconf 90' lang='lat' dir='ltr'>hic</span> <span class='ocrx_word' id='word_1_264' title='bbox 882 3405 984 3459; x_wconf 90' lang='lat' dir='ltr'>pro</span> <span class='ocrx_word' id='word_1_265' title='bbox 1045 3389 1429 3463; x_wconf 89' lang='lat' dir='ltr'>incomposito</span> <span class='ocrx_word' id='word_1_266' title='bbox 1488 3392 1685 3463; x_wconf 89' lang='lat' dir='ltr'>posuit</span> <span class='ocrx_word' id='word_1_267' title='bbox 1743 3408 1756 3447; x_wconf 90' lang='lat'><strong>:</strong></span> <span class='ocrx_word' id='word_1_268' title='bbox 1818 3392 1970 3463; x_wconf 90' lang='lat' dir='ltr'>quod</span> 
     </span>
    </p>
   </div>
   <div class='ocr_carea' id='block_1_35' title="bbox 329 3469 1971 3552">
    <p class='ocr_par' dir='ltr' id='par_1_35' title="bbox 329 3469 1971 3552">
     <span class='ocr_line' id='line_1_35' title="bbox 329 3469 1971 3552; baseline 0.007 -29"><span class='ocrx_word' id='word_1_269' title='bbox 329 3469 502 3526; x_wconf 80' lang='lat' dir='ltr'>etiam</span> <span class='ocrx_word' id='word_1_270' title='bbox 536 3472 824 3532; x_wconf 88' lang='lat' dir='ltr'>elementa</span> <span class='ocrx_word' id='word_1_271' title='bbox 875 3477 1132 3534; x_wconf 90' lang='lat' dir='ltr'>hominis</span> <span class='ocrx_word' id='word_1_272' title='bbox 1184 3485 1498 3552; x_wconf 88' lang='lat' dir='ltr'>antequam</span> <span class='ocrx_word' id='word_1_273' title='bbox 1533 3481 1860 3536; x_wconf 88' lang='lat' dir='ltr'>formentur</span> <span class='ocrx_word' id='word_1_274' title='bbox 1911 3480 1971 3535; x_wconf 91' lang='lat' dir='ltr'>in</span> 
     </span>
    </p>
   </div>
   <div class='ocr_carea' id='block_1_36' title="bbox 331 3563 1974 3636">
    <p class='ocr_par' dir='ltr' id='par_1_36' title="bbox 331 3563 1974 3636">
     <span class='ocr_line' id='line_1_36' title="bbox 331 3563 1974 3636; baseline 0.008 -23"><span class='ocrx_word' id='word_1_275' title='bbox 331 3563 518 3627; x_wconf 89' lang='lat' dir='ltr'>utero,</span> <span class='ocrx_word' id='word_1_276' title='bbox 573 3571 884 3636; x_wconf 80' lang='lat' dir='ltr'>cognoscat</span> <span class='ocrx_word' id='word_1_277' title='bbox 943 3569 1110 3624; x_wconf 91' lang='lat' dir='ltr'>Deus.</span> <span class='ocrx_word' id='word_1_278' title='bbox 1179 3593 1199 3620; x_wconf 83' lang='grc' dir='ltr'>α</span> <span class='ocrx_word' id='word_1_279' title='bbox 1267 3570 1338 3624; x_wconf 92' lang='lat' dir='ltr'>Ut</span> <span class='ocrx_word' id='word_1_280' title='bbox 1370 3571 1424 3624; x_wconf 92' lang='lat' dir='ltr'>in</span> <span class='ocrx_word' id='word_1_281' title='bbox 1460 3570 1606 3627; x_wconf 90' lang='lat' dir='ltr'>libro</span> <span class='ocrx_word' id='word_1_282' title='bbox 1638 3575 1739 3626; x_wconf 88' lang='lat' dir='ltr'>tuo</span> <span class='ocrx_word' id='word_1_283' title='bbox 1771 3587 1974 3626; x_wconf 90' lang='lat' dir='ltr'>omnes</span> 
     </span>
    </p>
   </div>
   <div class='ocr_carea' id='block_1_37' title="bbox 328 3649 1973 3732">
    <p class='ocr_par' dir='ltr' id='par_1_37' title="bbox 328 3649 1973 3732">
     <span class='ocr_line' id='line_1_37' title="bbox 328 3649 1973 3732; baseline 0.007 -30"><span class='ocrx_word' id='word_1_284' title='bbox 328 3649 676 3706; x_wconf 90' lang='lat' dir='ltr'>scribentur.</span> <span class='ocrx_word' id='word_1_285' title='bbox 735 3675 762 3702; x_wconf 92' lang='lat'>»</span> <span class='ocrx_word' id='word_1_286' title='bbox 805 3656 874 3708; x_wconf 88' lang='lat' dir='ltr'>Et</span> <span class='ocrx_word' id='word_1_287' title='bbox 937 3659 1092 3727; x_wconf 87' lang='lat' dir='ltr'>quod</span> <span class='ocrx_word' id='word_1_288' title='bbox 1142 3659 1340 3714; x_wconf 90' lang='lat' dir='ltr'>nullus</span> <span class='ocrx_word' id='word_1_289' title='bbox 1402 3661 1623 3732; x_wconf 88' lang='lat' dir='ltr'>absque</span> <span class='ocrx_word' id='word_1_290' title='bbox 1678 3658 1973 3715; x_wconf 86' lang='lat' dir='ltr'>voluntate</span> 
     </span>
    </p>
   </div>
   <div class='ocr_carea' id='block_1_38' title="bbox 330 3737 1974 3816">
    <p class='ocr_par' dir='ltr' id='par_1_38' title="bbox 330 3737 1974 3816">
     <span class='ocr_line' id='line_1_38' title="bbox 330 3737 1974 3816; baseline 0.01 -30"><span class='ocrx_word' id='word_1_291' title='bbox 330 3738 605 3790; x_wconf 90' lang='lat' dir='ltr'>nascatur</span> <span class='ocrx_word' id='word_1_292' title='bbox 637 3737 731 3792; x_wconf 89' lang='lat' dir='ltr'>Dei</span> <span class='ocrx_word' id='word_1_293' title='bbox 767 3756 779 3793; x_wconf 89' lang='lat'><strong>:</strong></span> <span class='ocrx_word' id='word_1_294' title='bbox 814 3756 884 3794; x_wconf 91' lang='lat' dir='ltr'>ne</span> <span class='ocrx_word' id='word_1_295' title='bbox 915 3743 1229 3815; x_wconf 88' lang='lat' dir='ltr'>quisquam</span> <span class='ocrx_word' id='word_1_296' title='bbox 1262 3747 1390 3816; x_wconf 90' lang='lat' dir='ltr'>ejus</span> <span class='ocrx_word' id='word_1_297' title='bbox 1445 3747 1710 3804; x_wconf 88' lang='lat' dir='ltr'>notitiam</span> <span class='ocrx_word' id='word_1_298' title='bbox 1742 3748 1974 3803; x_wconf 90' lang='lat' dir='ltr'>subter-</span> 
     </span>
    </p>
   </div>
   <div class='ocr_carea' id='block_1_39' title="bbox 327 3820 530 3894">
    <p class='ocr_par' dir='ltr' id='par_1_39' title="bbox 327 3820 530 3894">
     <span class='ocr_line' id='line_1_39' title="bbox 327 3820 530 3894; baseline 0.015 -20"><span class='ocrx_word' id='word_1_299' title='bbox 327 3820 530 3894; x_wconf 85' lang='lat' dir='ltr'>fugiat.</span> 
     </span>
    </p>
   </div>
   <div class='ocr_carea' id='block_1_40' title="bbox 402 3911 1974 3990">
    <p class='ocr_par' dir='ltr' id='par_1_40' title="bbox 402 3911 1974 3990">
     <span class='ocr_line' id='line_1_40' title="bbox 402 3911 1974 3990; baseline 0.009 -24"><span class='ocrx_word' id='word_1_300' title='bbox 402 3931 430 3960; x_wconf 87' lang='grc'><strong>‹‹</strong></span> <span class='ocrx_word' id='word_1_301' title='bbox 464 3911 596 3968; x_wconf 89' lang='lat' dir='ltr'>Dies</span> <span class='ocrx_word' id='word_1_302' title='bbox 629 3913 1058 3990; x_wconf 88' lang='lat' dir='ltr'>formabuntur,</span> <span class='ocrx_word' id='word_1_303' title='bbox 1092 3924 1148 3976; x_wconf 86' lang='lat' dir='ltr'>et</span> <span class='ocrx_word' id='word_1_304' title='bbox 1190 3939 1360 3978; x_wconf 88' lang='lat' dir='ltr'>nemo</span> <span class='ocrx_word' id='word_1_305' title='bbox 1406 3925 1464 3978; x_wconf 91' lang='lat' dir='ltr'>in</span> <span class='ocrx_word' id='word_1_306' title='bbox 1496 3926 1600 3980; x_wconf 87' lang='lat' dir='ltr'>eis.</span> <span class='ocrx_word' id='word_1_307' title='bbox 1636 3947 1663 3974; x_wconf 83' lang='lat'><strong>»</strong></span> <span class='ocrx_word' id='word_1_308' title='bbox 1695 3929 1859 3980; x_wconf 87' lang='lat' dir='ltr'>Hunc</span> <span class='ocrx_word' id='word_1_309' title='bbox 1891 3924 1974 3980; x_wconf 93' lang='lat' dir='ltr'>lo-</span> 
     </span>
    </p>
   </div>
   <div class='ocr_carea' id='block_1_41' title="bbox 334 4001 1978 4083">
    <p class='ocr_par' dir='ltr' id='par_1_41' title="bbox 334 4001 1978 4083">
     <span class='ocr_line' id='line_1_41' title="bbox 334 4001 1978 4083; baseline 0.008 -30"><span class='ocrx_word' id='word_1_310' title='bbox 334 4015 466 4054; x_wconf 89' lang='lat' dir='ltr'>cum</span> <span class='ocrx_word' id='word_1_311' title='bbox 499 4001 886 4073; x_wconf 86' lang='lat' dir='ltr'>Symmachus</span> <span class='ocrx_word' id='word_1_312' title='bbox 917 4006 997 4064; x_wconf 90' lang='lat' dir='ltr'>ita</span> <span class='ocrx_word' id='word_1_313' title='bbox 1027 4010 1329 4066; x_wconf 84' lang='lat' dir='ltr'>transtulit</span> <span class='ocrx_word' id='word_1_314' title='bbox 1362 4027 1374 4066; x_wconf 90' lang='lat'>:</span> <span class='ocrx_word' id='word_1_315' title='bbox 1410 4034 1438 4061; x_wconf 87' lang='lat'><strong>«</strong></span> <span class='ocrx_word' id='word_1_316' title='bbox 1473 4012 1604 4068; x_wconf 91' lang='lat' dir='ltr'>Dies</span> <span class='ocrx_word' id='word_1_317' title='bbox 1635 4013 1851 4083; x_wconf 91' lang='lat' dir='ltr'>quibus</span> <span class='ocrx_word' id='word_1_318' title='bbox 1869 4014 1978 4068; x_wconf 88' lang='lat' dir='ltr'>for-</span> 
     </span>
    </p>
   </div>
   <div class='ocr_carea' id='block_1_42' title="bbox 309 4089 1979 4169">
    <p class='ocr_par' dir='ltr' id='par_1_42' title="bbox 309 4089 1979 4169">
     <span class='ocr_line' id='line_1_42' title="bbox 309 4089 1979 4169; baseline 0.008 -26"><span class='ocrx_word' id='word_1_319' title='bbox 309 4089 474 4144; x_wconf 84' lang='lat' dir='ltr'>‘mati</span> <span class='ocrx_word' id='word_1_320' title='bbox 506 4096 665 4158; x_wconf 90' lang='lat' dir='ltr'>sunt,</span> <span class='ocrx_word' id='word_1_321' title='bbox 698 4110 770 4148; x_wconf 89' lang='lat' dir='ltr'>ne</span> <span class='ocrx_word' id='word_1_322' title='bbox 824 4112 942 4152; x_wconf 90' lang='lat' dir='ltr'>una</span> <span class='ocrx_word' id='word_1_323' title='bbox 971 4097 1206 4169; x_wconf 83' lang='lat' dir='ltr'>quidem</span> <span class='ocrx_word' id='word_1_324' title='bbox 1239 4116 1307 4154; x_wconf 89' lang='lat' dir='ltr'>ex</span> <span class='ocrx_word' id='word_1_325' title='bbox 1356 4100 1438 4155; x_wconf 91' lang='lat' dir='ltr'>eis</span> <span class='ocrx_word' id='word_1_326' title='bbox 1470 4102 1647 4156; x_wconf 89' lang='lat' dir='ltr'>deest.</span> <span class='ocrx_word' id='word_1_327' title='bbox 1711 4122 1738 4150; x_wconf 84' lang='grc'><strong>››</strong></span> <span class='ocrx_word' id='word_1_328' title='bbox 1771 4101 1840 4155; x_wconf 92' lang='lat' dir='ltr'>Et</span> <span class='ocrx_word' id='word_1_329' title='bbox 1891 4105 1979 4156; x_wconf 88' lang='lat' dir='ltr'>est</span> 
     </span>
    </p>
   </div>
   <div class='ocr_carea' id='block_1_43' title="bbox 335 4185 1977 4261">
    <p class='ocr_par' dir='ltr' id='par_1_43' title="bbox 335 4185 1977 4261">
     <span class='ocr_line' id='line_1_43' title="bbox 335 4185 1977 4261; baseline 0.007 -28"><span class='ocrx_word' id='word_1_330' title='bbox 335 4194 546 4236; x_wconf 89' lang='lat' dir='ltr'>sensus</span> <span class='ocrx_word' id='word_1_331' title='bbox 581 4197 592 4235; x_wconf 90' lang='lat'>:</span> <span class='ocrx_word' id='word_1_332' title='bbox 628 4185 809 4239; x_wconf 90' lang='lat' dir='ltr'>Omne</span> <span class='ocrx_word' id='word_1_333' title='bbox 840 4189 1074 4258; x_wconf 89' lang='lat' dir='ltr'>tempus</span> <span class='ocrx_word' id='word_1_334' title='bbox 1129 4188 1314 4244; x_wconf 58' lang='lat' dir='ltr'>aetatis</span> <span class='ocrx_word' id='word_1_335' title='bbox 1349 4189 1441 4245; x_wconf 90' lang='lat' dir='ltr'>cui</span> <span class='ocrx_word' id='word_1_336' title='bbox 1485 4191 1610 4261; x_wconf 89' lang='lat' dir='ltr'>jam</span> <span class='ocrx_word' id='word_1_337' title='bbox 1643 4189 1715 4244; x_wconf 88' lang='lat' dir='ltr'>ab</span> <span class='ocrx_word' id='word_1_338' title='bbox 1746 4190 1977 4245; x_wconf 91' lang='lat' dir='ltr'>exordio</span> 
     </span>
    </p>
   </div>
   <div class='ocr_carea' id='block_1_44' title="bbox 331 4267 1976 4350">
    <p class='ocr_par' dir='ltr' id='par_1_44' title="bbox 331 4267 1976 4350">
     <span class='ocr_line' id='line_1_44' title="bbox 331 4267 1976 4350; baseline 0.009 -31"><span class='ocrx_word' id='word_1_339' title='bbox 331 4267 460 4322; x_wconf 80' lang='lat' dir='ltr'>vitze</span> <span class='ocrx_word' id='word_1_340' title='bbox 491 4269 663 4326; x_wconf 89' lang='lat' dir='ltr'>istius</span> <span class='ocrx_word' id='word_1_341' title='bbox 693 4276 833 4328; x_wconf 90' lang='lat' dir='ltr'>sunt</span> <span class='ocrx_word' id='word_1_342' title='bbox 863 4276 1153 4332; x_wconf 86' lang='lat' dir='ltr'>curricula</span> <span class='ocrx_word' id='word_1_343' title='bbox 1182 4279 1479 4350; x_wconf 85' lang='lat' dir='ltr'>deputata,</span> <span class='ocrx_word' id='word_1_344' title='bbox 1530 4282 1684 4333; x_wconf 90' lang='lat' dir='ltr'>certo</span> <span class='ocrx_word' id='word_1_345' title='bbox 1733 4280 1846 4333; x_wconf 84' lang='lat' dir='ltr'>fine</span> <span class='ocrx_word' id='word_1_346' title='bbox 1878 4279 1976 4333; x_wconf 91' lang='lat' dir='ltr'>de-</span> 
     </span>
    </p>
   </div>
   <div class='ocr_carea' id='block_1_45' title="bbox 335 4356 1978 4438">
    <p class='ocr_par' dir='ltr' id='par_1_45' title="bbox 335 4356 1978 4438">
     <span class='ocr_line' id='line_1_45' title="bbox 335 4356 1978 4438; baseline 0.008 -29"><span class='ocrx_word' id='word_1_347' title='bbox 335 4356 534 4424; x_wconf 90' lang='lat' dir='ltr'>currit,</span> <span class='ocrx_word' id='word_1_348' title='bbox 568 4375 674 4414; x_wconf 87' lang='lat' dir='ltr'>nec</span> <span class='ocrx_word' id='word_1_349' title='bbox 705 4377 823 4416; x_wconf 90' lang='lat' dir='ltr'>una</span> <span class='ocrx_word' id='word_1_350' title='bbox 863 4363 989 4419; x_wconf 91' lang='lat' dir='ltr'>dies</span> <span class='ocrx_word' id='word_1_351' title='bbox 1018 4370 1119 4421; x_wconf 88' lang='lat' dir='ltr'>aut</span> <span class='ocrx_word' id='word_1_352' title='bbox 1147 4367 1280 4438; x_wconf 91' lang='lat' dir='ltr'>plus</span> <span class='ocrx_word' id='word_1_353' title='bbox 1312 4371 1416 4423; x_wconf 89' lang='lat' dir='ltr'>aut</span> <span class='ocrx_word' id='word_1_354' title='bbox 1445 4367 1643 4424; x_wconf 92' lang='lat' dir='ltr'>minus</span> <span class='ocrx_word' id='word_1_355' title='bbox 1673 4372 1761 4423; x_wconf 87' lang='lat' dir='ltr'>est</span> <span class='ocrx_word' id='word_1_356' title='bbox 1799 4383 1978 4438; x_wconf 87' lang='lat' dir='ltr'>quam</span> 
     </span>
    </p>
   </div>
   <div class='ocr_carea' id='block_1_46' title="bbox 333 4445 1982 4530">
    <p class='ocr_par' dir='ltr' id='par_1_46' title="bbox 333 4445 1982 4530">
     <span class='ocr_line' id='line_1_46' title="bbox 333 4445 1982 4530; baseline 0.007 -31"><span class='ocrx_word' id='word_1_357' title='bbox 333 4445 395 4500; x_wconf 86' lang='lat' dir='ltr'>tu</span> <span class='ocrx_word' id='word_1_358' title='bbox 429 4447 695 4503; x_wconf 90' lang='lat' dir='ltr'>conditor</span> <span class='ocrx_word' id='word_1_359' title='bbox 723 4465 851 4506; x_wconf 88' lang='lat' dir='ltr'>esse</span> <span class='ocrx_word' id='word_1_360' title='bbox 888 4451 1144 4509; x_wconf 89' lang='lat' dir='ltr'>voluisti.</span> <span class='ocrx_word' id='word_1_361' title='bbox 1205 4457 1540 4512; x_wconf 90' lang='lat' dir='ltr'>Secundum</span> <span class='ocrx_word' id='word_1_362' title='bbox 1601 4457 1982 4530; x_wconf 84' lang='lat' dir='ltr'>Septuaginta</span> 
     </span>
    </p>
   </div>
   <div class='ocr_carea' id='block_1_47' title="bbox 335 4537 1979 4619">
    <p class='ocr_par' dir='ltr' id='par_1_47' title="bbox 335 4537 1979 4619">
     <span class='ocr_line' id='line_1_47' title="bbox 335 4537 1979 4619; baseline 0.006 -29"><span class='ocrx_word' id='word_1_363' title='bbox 335 4539 530 4591; x_wconf 91' lang='lat' dir='ltr'>autem</span> <span class='ocrx_word' id='word_1_364' title='bbox 563 4537 909 4610; x_wconf 87' lang='lat' dir='ltr'>interpretes</span> <span class='ocrx_word' id='word_1_365' title='bbox 939 4546 995 4597; x_wconf 92' lang='lat' dir='ltr'>et</span> <span class='ocrx_word' id='word_1_366' title='bbox 1053 4543 1314 4600; x_wconf 88' lang='lat' dir='ltr'>altiorem</span> <span class='ocrx_word' id='word_1_367' title='bbox 1346 4545 1815 4619; x_wconf 85' lang='lat' dir='ltr'>intelligentiam,</span> <span class='ocrx_word' id='word_1_368' title='bbox 1847 4561 1979 4600; x_wconf 86' lang='lat' dir='ltr'>sen-</span> 
     </span>
    </p>
   </div>
   <div class='ocr_carea' id='block_1_48' title="bbox 337 4628 2054 4699">
    <p class='ocr_par' dir='ltr' id='par_1_48' title="bbox 337 4628 2054 4699">
     <span class='ocr_line' id='line_1_48' title="bbox 337 4628 2054 4699; baseline 0.005 -19"><span class='ocrx_word' id='word_1_369' title='bbox 337 4642 440 4681; x_wconf 87' lang='lat' dir='ltr'>sus</span> <span class='ocrx_word' id='word_1_370' title='bbox 474 4633 560 4682; x_wconf 87' lang='lat' dir='ltr'>est</span> <span class='ocrx_word' id='word_1_371' title='bbox 595 4645 607 4682; x_wconf 87' lang='lat'><strong>:</strong></span> <span class='ocrx_word' id='word_1_372' title='bbox 639 4628 724 4683; x_wconf 88' lang='lat' dir='ltr'>Tu</span> <span class='ocrx_word' id='word_1_373' title='bbox 756 4645 959 4687; x_wconf 90' lang='lat' dir='ltr'>omnes</span> <span class='ocrx_word' id='word_1_374' title='bbox 989 4631 1049 4686; x_wconf 90' lang='lat' dir='ltr'>in</span> <span class='ocrx_word' id='word_1_375' title='bbox 1081 4633 1173 4688; x_wconf 92' lang='lat' dir='ltr'>die</span> <span class='ocrx_word' id='word_1_376' title='bbox 1231 4634 1473 4699; x_wconf 88' lang='lat' dir='ltr'>formas,</span> <span class='ocrx_word' id='word_1_377' title='bbox 1531 4639 1592 4689; x_wconf 93' lang='lat' dir='ltr'>tu</span> <span class='ocrx_word' id='word_1_378' title='bbox 1627 4640 1865 4691; x_wconf 91' lang='lat' dir='ltr'>cunctos</span> <span class='ocrx_word' id='word_1_379' title='bbox 1894 4635 1978 4689; x_wconf 86' lang='lat' dir='ltr'>vis</span> <span class='ocrx_word' id='word_1_380' title='bbox 2009 4633 2054 4698; x_wconf 92' lang='lat' dir='ltr'>D</span> 
     </span>
    </p>
   </div>
   <div class='ocr_carea' id='block_1_49' title="bbox 335 4716 1979 4796">
    <p class='ocr_par' dir='ltr' id='par_1_49' title="bbox 335 4716 1979 4796">
     <span class='ocr_line' id='line_1_49' title="bbox 335 4716 1979 4796; baseline 0.003 -24"><span class='ocrx_word' id='word_1_381' title='bbox 335 4732 466 4772; x_wconf 91' lang='lat' dir='ltr'>esse</span> <span class='ocrx_word' id='word_1_382' title='bbox 494 4716 644 4773; x_wconf 82' lang='lat' dir='ltr'>ﬁlios</span> <span class='ocrx_word' id='word_1_383' title='bbox 670 4719 908 4785; x_wconf 91' lang='lat' dir='ltr'>Dei,sed</span> <span class='ocrx_word' id='word_1_384' title='bbox 938 4720 1136 4776; x_wconf 90' lang='lat' dir='ltr'>nullus</span> <span class='ocrx_word' id='word_1_385' title='bbox 1163 4727 1252 4778; x_wconf 89' lang='lat' dir='ltr'>est</span> <span class='ocrx_word' id='word_1_386' title='bbox 1279 4723 1338 4777; x_wconf 93' lang='lat' dir='ltr'>in</span> <span class='ocrx_word' id='word_1_387' title='bbox 1371 4723 1706 4780; x_wconf 90' lang='lat' dir='ltr'>hominibus</span> <span class='ocrx_word' id='word_1_388' title='bbox 1738 4724 1839 4796; x_wconf 92' lang='lat' dir='ltr'>qui</span> <span class='ocrx_word' id='word_1_389' title='bbox 1864 4740 1979 4779; x_wconf 90' lang='lat' dir='ltr'>non</span> 
     </span>
    </p>
   </div>
   <div class='ocr_carea' id='block_1_50' title="bbox 335 4808 1982 4882">
    <p class='ocr_par' dir='ltr' id='par_1_50' title="bbox 335 4808 1982 4882">
     <span class='ocr_line' id='line_1_50' title="bbox 335 4808 1982 4882; baseline 0.004 -21"><span class='ocrx_word' id='word_1_390' title='bbox 335 4810 569 4878; x_wconf 88' lang='lat' dir='ltr'>peccato</span> <span class='ocrx_word' id='word_1_391' title='bbox 603 4808 890 4865; x_wconf 85' lang='lat' dir='ltr'>obnoxius</span> <span class='ocrx_word' id='word_1_392' title='bbox 923 4811 1041 4882; x_wconf 77' lang='lat' dir='ltr'>ﬁat,</span> <span class='ocrx_word' id='word_1_393' title='bbox 1092 4817 1148 4866; x_wconf 89' lang='lat' dir='ltr'>et</span> <span class='ocrx_word' id='word_1_394' title='bbox 1177 4827 1281 4882; x_wconf 91' lang='lat' dir='ltr'>per</span> <span class='ocrx_word' id='word_1_395' title='bbox 1307 4812 1416 4868; x_wconf 90' lang='lat' dir='ltr'>hoc</span> <span class='ocrx_word' id='word_1_396' title='bbox 1447 4811 1604 4868; x_wconf 81' lang='lat' dir='ltr'>filius</span> <span class='ocrx_word' id='word_1_397' title='bbox 1635 4813 1823 4869; x_wconf 91' lang='lat' dir='ltr'>noctis</span> <span class='ocrx_word' id='word_1_398' title='bbox 1854 4829 1982 4868; x_wconf 88' lang='lat' dir='ltr'>esse</span> 
     </span>
    </p>
   </div>
   <div class='ocr_carea' id='block_1_51' title="bbox 335 4895 1980 4973">
    <p class='ocr_par' dir='ltr' id='par_1_51' title="bbox 335 4895 1980 4973">
     <span class='ocr_line' id='line_1_51' title="bbox 335 4895 1980 4973; baseline 0.004 -23"><span class='ocrx_word' id='word_1_399' title='bbox 335 4895 594 4968; x_wconf 90' lang='lat' dir='ltr'>incipiat,</span> <span class='ocrx_word' id='word_1_400' title='bbox 630 4914 732 4954; x_wconf 90' lang='lat' dir='ltr'>nec</span> <span class='ocrx_word' id='word_1_401' title='bbox 755 4897 1067 4972; x_wconf 88' lang='lat' dir='ltr'>quisquam</span> <span class='ocrx_word' id='word_1_402' title='bbox 1099 4918 1300 4956; x_wconf 83' lang='lat' dir='ltr'>eorum</span> <span class='ocrx_word' id='word_1_403' title='bbox 1345 4900 1472 4958; x_wconf 91' lang='lat' dir='ltr'>luce</span> <span class='ocrx_word' id='word_1_404' title='bbox 1500 4901 1687 4973; x_wconf 88' lang='lat' dir='ltr'>ipsius</span> <span class='ocrx_word' id='word_1_405' title='bbox 1719 4901 1832 4956; x_wconf 89' lang='lat' dir='ltr'>diei</span> <span class='ocrx_word' id='word_1_406' title='bbox 1863 4905 1980 4956; x_wconf 87' lang='lat' dir='ltr'>toto</span> 
     </span>
    </p>
   </div>
   <div class='ocr_carea' id='block_1_52' title="bbox 331 4986 1980 5062">
    <p class='ocr_par' dir='ltr' id='par_1_52' title="bbox 331 4986 1980 5062">
     <span class='ocr_line' id='line_1_52' title="bbox 331 4986 1980 5062; baseline 0.003 -23"><span class='ocrx_word' id='word_1_407' title='bbox 331 4986 458 5040; x_wconf 62' lang='lat' dir='ltr'>vitae</span> <span class='ocrx_word' id='word_1_408' title='bbox 492 5003 609 5042; x_wconf 62' lang='lat' dir='ltr'>sua;</span> <span class='ocrx_word' id='word_1_409' title='bbox 649 4991 908 5059; x_wconf 89' lang='lat' dir='ltr'>tempore</span> <span class='ocrx_word' id='word_1_410' title='bbox 965 4990 1141 5062; x_wconf 88' lang='lat' dir='ltr'>digna</span> <span class='ocrx_word' id='word_1_411' title='bbox 1200 4991 1477 5062; x_wconf 83' lang='lat' dir='ltr'>perﬁciat.</span> <span class='ocrx_word' id='word_1_412' title='bbox 1541 4990 1701 5045; x_wconf 91' lang='lat' dir='ltr'>Unde</span> <span class='ocrx_word' id='word_1_413' title='bbox 1741 4995 1799 5045; x_wconf 89' lang='lat' dir='ltr'>et</span> <span class='ocrx_word' id='word_1_414' title='bbox 1829 4994 1980 5061; x_wconf 88' lang='lat' dir='ltr'>Apo-</span> 
     </span>
    </p>
   </div>
   <div class='ocr_carea' id='block_1_53' title="bbox 339 5075 1978 5150">
    <p class='ocr_par' dir='ltr' id='par_1_53' title="bbox 339 5075 1978 5150">
     <span class='ocr_line' id='line_1_53' title="bbox 339 5075 1978 5150; baseline 0.002 -21"><span class='ocrx_word' id='word_1_415' title='bbox 339 5075 526 5131; x_wconf 89' lang='lat' dir='ltr'>stolus</span> <span class='ocrx_word' id='word_1_416' title='bbox 558 5077 627 5132; x_wconf 89' lang='lat' dir='ltr'>ad</span> <span class='ocrx_word' id='word_1_417' title='bbox 662 5094 761 5133; x_wconf 88' lang='lat' dir='ltr'>eos</span> <span class='ocrx_word' id='word_1_418' title='bbox 793 5078 893 5150; x_wconf 88' lang='lat' dir='ltr'>qui</span> <span class='ocrx_word' id='word_1_419' title='bbox 924 5078 1025 5133; x_wconf 85' lang='lat' dir='ltr'>ﬁlii</span> <span class='ocrx_word' id='word_1_420' title='bbox 1086 5079 1274 5135; x_wconf 89' lang='lat' dir='ltr'>noctis</span> <span class='ocrx_word' id='word_1_421' title='bbox 1303 5095 1430 5134; x_wconf 91' lang='lat' dir='ltr'>esse</span> <span class='ocrx_word' id='word_1_422' title='bbox 1478 5082 1867 5145; x_wconf 86' lang='lat' dir='ltr'>cessaverant,</span> <span class='ocrx_word' id='word_1_423' title='bbox 1897 5078 1978 5133; x_wconf 92' lang='lat' dir='ltr'>lo-</span> 
     </span>
    </p>
   </div>
   <div class='ocr_carea' id='block_1_54' title="bbox 340 5163 1980 5236">
    <p class='ocr_par' dir='ltr' id='par_1_54' title="bbox 340 5163 1980 5236">
     <span class='ocr_line' id='line_1_54' title="bbox 340 5163 1980 5236; baseline 0.003 -20"><span class='ocrx_word' id='word_1_424' title='bbox 340 5163 541 5232; x_wconf 90' lang='lat' dir='ltr'>quitur</span> <span class='ocrx_word' id='word_1_425' title='bbox 573 5183 584 5220; x_wconf 93' lang='lat'>:</span> <span class='ocrx_word' id='word_1_426' title='bbox 619 5165 733 5222; x_wconf 85' lang='lat' dir='ltr'>Nos</span> <span class='ocrx_word' id='word_1_427' title='bbox 764 5171 974 5232; x_wconf 89' lang='lat' dir='ltr'>autem,</span> <span class='ocrx_word' id='word_1_428' title='bbox 998 5168 1225 5236; x_wconf 86' lang='lat' dir='ltr'>fratres,</span> <span class='ocrx_word' id='word_1_429' title='bbox 1262 5185 1376 5222; x_wconf 91' lang='lat' dir='ltr'>non</span> <span class='ocrx_word' id='word_1_430' title='bbox 1408 5183 1615 5223; x_wconf 89' lang='lat' dir='ltr'>sumus</span> <span class='ocrx_word' id='word_1_431' title='bbox 1645 5166 1748 5221; x_wconf 82' lang='lat' dir='ltr'>ﬁlii</span> <span class='ocrx_word' id='word_1_432' title='bbox 1771 5165 1980 5234; x_wconf 90' lang='lat' dir='ltr'>noctis,</span> 
     </span>
    </p>
   </div>
   <div class='ocr_carea' id='block_1_55' title="bbox 340 5251 1178 5327">
    <p class='ocr_par' dir='ltr' id='par_1_55' title="bbox 340 5251 1178 5327">
     <span class='ocr_line' id='line_1_55' title="bbox 340 5251 1178 5327; baseline 0.008 -23"><span class='ocrx_word' id='word_1_433' title='bbox 340 5251 442 5305; x_wconf 91' lang='lat' dir='ltr'>sed</span> <span class='ocrx_word' id='word_1_434' title='bbox 475 5252 580 5307; x_wconf 84' lang='lat' dir='ltr'>ﬁlii</span> <span class='ocrx_word' id='word_1_435' title='bbox 610 5255 710 5310; x_wconf 90' lang='lat' dir='ltr'>Dei</span> <span class='ocrx_word' id='word_1_436' title='bbox 743 5257 788 5327; x_wconf 91' lang='lat' dir='ltr'><strong>(I</strong></span> <span class='ocrx_word' id='word_1_437' title='bbox 819 5257 990 5312; x_wconf 78' lang='lat' dir='ltr'>Thess.</span> <span class='ocrx_word' id='word_1_438' title='bbox 1021 5274 1073 5323; x_wconf 85' lang='grc' dir='ltr'>ν,</span> <span class='ocrx_word' id='word_1_439' title='bbox 1104 5258 1178 5324; x_wconf 87' lang='lat'>5).</span> 
     </span>
    </p>
   </div>
   <div class='ocr_carea' id='block_1_56' title="bbox 824 5371 1491 5429">
    <p class='ocr_par' dir='ltr' id='par_1_56' title="bbox 824 5371 1491 5429">
     <span class='ocr_line' id='line_1_56' title="bbox 824 5371 1491 5429; baseline 0.001 -3"><span class='ocrx_word' id='word_1_440' title='bbox 824 5371 1152 5429; x_wconf 89' lang='lat' dir='ltr'>PSALMUS</span> <span class='ocrx_word' id='word_1_441' title='bbox 1211 5371 1491 5428; x_wconf 86' lang='lat' dir='ltr'><strong>CXXXIX.</strong></span> 
     </span>
    </p>
   </div>
   <div class='ocr_carea' id='block_1_57' title="bbox 407 5467 1979 5540">
    <p class='ocr_par' dir='ltr' id='par_1_57' title="bbox 407 5467 1979 5540">
     <span class='ocr_line' id='line_1_57' title="bbox 407 5467 1979 5540; baseline 0.001 -17"><span class='ocrx_word' id='word_1_442' title='bbox 407 5467 639 5540; x_wconf 84' lang='lat' dir='ltr'>«Eripe</span> <span class='ocrx_word' id='word_1_443' title='bbox 670 5485 782 5537; x_wconf 89' lang='lat' dir='ltr'>me,</span> <span class='ocrx_word' id='word_1_444' title='bbox 816 5472 1080 5536; x_wconf 89' lang='lat' dir='ltr'>Domine,</span> <span class='ocrx_word' id='word_1_445' title='bbox 1141 5471 1214 5527; x_wconf 88' lang='lat' dir='ltr'>ab</span> <span class='ocrx_word' id='word_1_446' title='bbox 1275 5472 1506 5527; x_wconf 89' lang='lat' dir='ltr'>homine</span> <span class='ocrx_word' id='word_1_447' title='bbox 1561 5469 1736 5526; x_wconf 88' lang='lat' dir='ltr'>malo.</span> <span class='ocrx_word' id='word_1_448' title='bbox 1796 5491 1823 5519; x_wconf 72' lang='grc' dir='ltr'>η</span> <span class='ocrx_word' id='word_1_449' title='bbox 1871 5471 1979 5524; x_wconf 90' lang='lat' dir='ltr'>etc.</span> 
     </span>
    </p>
   </div>
   <div class='ocr_carea' id='block_1_58' title="bbox 340 5559 1984 5632">
    <p class='ocr_par' dir='ltr' id='par_1_58' title="bbox 340 5559 1984 5632">
     <span class='ocr_line' id='line_1_58' title="bbox 340 5559 1984 5632; baseline -0.002 -16"><span class='ocrx_word' id='word_1_450' title='bbox 340 5559 464 5616; x_wconf 88' lang='lat' dir='ltr'>Non</span> <span class='ocrx_word' id='word_1_451' title='bbox 489 5559 546 5613; x_wconf 90' lang='lat' dir='ltr'>in</span> <span class='ocrx_word' id='word_1_452' title='bbox 577 5561 806 5616; x_wconf 87' lang='lat' dir='ltr'>tantum</span> <span class='ocrx_word' id='word_1_453' title='bbox 841 5563 1028 5630; x_wconf 89' lang='lat' dir='ltr'>potest</span> <span class='ocrx_word' id='word_1_454' title='bbox 1049 5577 1155 5616; x_wconf 90' lang='lat' dir='ltr'>nos</span> <span class='ocrx_word' id='word_1_455' title='bbox 1184 5561 1448 5632; x_wconf 90' lang='lat' dir='ltr'>decipere</span> <span class='ocrx_word' id='word_1_456' title='bbox 1477 5559 1766 5626; x_wconf 88' lang='lat' dir='ltr'>diabolus,</span> <span class='ocrx_word' id='word_1_457' title='bbox 1800 5574 1984 5629; x_wconf 88' lang='lat' dir='ltr'>quan-</span> 
     </span>
    </p>
   </div>
   <div class='ocr_carea' id='block_1_59' title="bbox 340 5647 1985 5723">
    <p class='ocr_par' dir='ltr' id='par_1_59' title="bbox 340 5647 1985 5723">
     <span class='ocr_line' id='line_1_59' title="bbox 340 5647 1985 5723; baseline -0.001 -20"><span class='ocrx_word' id='word_1_458' title='bbox 340 5652 464 5703; x_wconf 91' lang='lat' dir='ltr'>tum</span> <span class='ocrx_word' id='word_1_459' title='bbox 500 5664 603 5720; x_wconf 90' lang='lat' dir='ltr'>per</span> <span class='ocrx_word' id='word_1_460' title='bbox 657 5663 944 5720; x_wconf 90' lang='lat' dir='ltr'>organum</span> <span class='ocrx_word' id='word_1_461' title='bbox 1002 5647 1306 5705; x_wconf 89' lang='lat' dir='ltr'>hominis:</span> <span class='ocrx_word' id='word_1_462' title='bbox 1349 5651 1420 5704; x_wconf 89' lang='lat' dir='ltr'>ab</span> <span class='ocrx_word' id='word_1_463' title='bbox 1483 5649 1590 5704; x_wconf 91' lang='lat' dir='ltr'>hoc</span> <span class='ocrx_word' id='word_1_464' title='bbox 1641 5649 1985 5723; x_wconf 87' lang='lat' dir='ltr'>deprecatur</span> 
     </span>
    </p>
   </div>
   <div class='ocr_carea' id='block_1_60' title="bbox 339 5736 903 5810">
    <p class='ocr_par' dir='ltr' id='par_1_60' title="bbox 339 5736 903 5810">
     <span class='ocr_line' id='line_1_60' title="bbox 339 5736 903 5810; baseline -0.004 -18"><span class='ocrx_word' id='word_1_465' title='bbox 339 5738 623 5810; x_wconf 86' lang='lat' dir='ltr'>propheta</span> <span class='ocrx_word' id='word_1_466' title='bbox 650 5736 903 5793; x_wconf 90' lang='lat' dir='ltr'>liberari.</span> 
     </span>
    </p>
   </div>
   <div class='ocr_carea' id='block_1_61' title="bbox 1799 376 2217 444">
    <p class='ocr_par' dir='ltr' id='par_1_61' title="bbox 1799 376 2217 444">
     <span class='ocr_line' id='line_1_61' title="bbox 1799 376 2217 444; baseline -0.014 0"><span class='ocrx_word' id='word_1_467' title='bbox 1799 376 2217 444; x_wconf 83' lang='lat' dir='ltr'>APPENDIX.</span> 
     </span>
    </p>
   </div>
   <div class='ocr_carea' id='block_1_62' title="bbox 1982 519 2036 585">
    <p class='ocr_par' dir='ltr' id='par_1_62' title="bbox 1982 519 2036 585">
     <span class='ocr_line' id='line_1_62' title="bbox 1982 519 2036 585; baseline 0 0"><span class='ocrx_word' id='word_1_468' title='bbox 1982 519 2036 585; x_wconf 77' lang='grc' dir='ltr'><strong>Α</strong></span> 
     </span>
    </p>
   </div>
   <div class='ocr_carea' id='block_1_63' title="bbox 3560 377 3706 446">
    <p class='ocr_par' dir='ltr' id='par_1_63' title="bbox 3560 377 3706 446">
     <span class='ocr_line' id='line_1_63' title="bbox 3560 377 3706 446; baseline 0.027 -4"><span class='ocrx_word' id='word_1_469' title='bbox 3560 377 3706 446; x_wconf 74' lang='grc'>1308</span> 
     </span>
    </p>
   </div>
   <div class='ocr_carea' id='block_1_64' title="bbox 2141 513 3717 590">
    <p class='ocr_par' dir='ltr' id='par_1_64' title="bbox 2141 513 3717 590">
     <span class='ocr_line' id='line_1_64' title="bbox 2141 513 3717 590; baseline -0.007 -9"><span class='ocrx_word' id='word_1_470' title='bbox 2141 539 2168 566; x_wconf 76' lang='grc' dir='ltr'>α</span> <span class='ocrx_word' id='word_1_471' title='bbox 2201 514 2307 580; x_wconf 86' lang='lat' dir='ltr'>Qui</span> <span class='ocrx_word' id='word_1_472' title='bbox 2339 515 2738 590; x_wconf 82' lang='lat' dir='ltr'>cogitaverunt</span> <span class='ocrx_word' id='word_1_473' title='bbox 2765 513 3105 588; x_wconf 77' lang='lat' dir='ltr'>iniquitates</span> <span class='ocrx_word' id='word_1_474' title='bbox 3124 513 3182 573; x_wconf 92' lang='lat' dir='ltr'>in</span> <span class='ocrx_word' id='word_1_475' title='bbox 3215 514 3410 572; x_wconf 86' lang='lat' dir='ltr'>corde.</span> <span class='ocrx_word' id='word_1_476' title='bbox 3440 536 3472 564; x_wconf 83' lang='lat'>»</span> <span class='ocrx_word' id='word_1_477' title='bbox 3501 514 3586 572; x_wconf 91' lang='lat' dir='ltr'>De</span> <span class='ocrx_word' id='word_1_478' title='bbox 3606 515 3717 571; x_wconf 70' lang='lat' dir='ltr'>hae-</span> 
     </span>
    </p>
   </div>
   <div class='ocr_carea' id='block_1_65' title="bbox 2066 606 2447 663">
    <p class='ocr_par' dir='ltr' id='par_1_65' title="bbox 2066 606 2447 663">
     <span class='ocr_line' id='line_1_65' title="bbox 2066 606 2447 663; baseline 0.008 -3"><span class='ocrx_word' id='word_1_479' title='bbox 2066 606 2260 662; x_wconf 87' lang='lat' dir='ltr'>reticis</span> <span class='ocrx_word' id='word_1_480' title='bbox 2290 607 2447 663; x_wconf 89' lang='lat' dir='ltr'>dicit.</span> 
     </span>
    </p>
   </div>
   <div class='ocr_carea' id='block_1_66' title="bbox 2140 695 3722 768">
    <p class='ocr_par' dir='ltr' id='par_1_66' title="bbox 2140 695 3722 768">
     <span class='ocr_line' id='line_1_66' title="bbox 2140 695 3722 768; baseline 0.003 -20"><span class='ocrx_word' id='word_1_481' title='bbox 2140 720 2166 744; x_wconf 68' lang='grc' dir='ltr'>ιι</span> <span class='ocrx_word' id='word_1_482' title='bbox 2196 695 2496 752; x_wconf 89' lang='lat' dir='ltr'>Venenum</span> <span class='ocrx_word' id='word_1_483' title='bbox 2530 698 2800 768; x_wconf 89' lang='lat' dir='ltr'>aspidum</span> <span class='ocrx_word' id='word_1_484' title='bbox 2854 697 2962 753; x_wconf 89' lang='lat' dir='ltr'>sub</span> <span class='ocrx_word' id='word_1_485' title='bbox 3013 695 3182 752; x_wconf 90' lang='lat' dir='ltr'>labiis</span> <span class='ocrx_word' id='word_1_486' title='bbox 3241 712 3474 751; x_wconf 87' lang='lat' dir='ltr'>eorum.</span> <span class='ocrx_word' id='word_1_487' title='bbox 3511 697 3722 760; x_wconf 73' lang='lat' dir='ltr'>nouo-</span> 
     </span>
    </p>
   </div>
   <div class='ocr_carea' id='block_1_67' title="bbox 2067 783 3724 855">
    <p class='ocr_par' dir='ltr' id='par_1_67' title="bbox 2067 783 3724 855">
     <span class='ocr_line' id='line_1_67' title="bbox 2067 783 3724 855; baseline 0.001 -17"><span class='ocrx_word' id='word_1_488' title='bbox 2067 783 2224 839; x_wconf 88' lang='lat' dir='ltr'>niam</span> <span class='ocrx_word' id='word_1_489' title='bbox 2257 784 2524 840; x_wconf 89' lang='lat' dir='ltr'>videntur</span> <span class='ocrx_word' id='word_1_490' title='bbox 2579 785 2848 840; x_wconf 68' lang='lat' dir='ltr'>amicitias</span> <span class='ocrx_word' id='word_1_491' title='bbox 2903 784 3079 840; x_wconf 84' lang='lat' dir='ltr'>verba</span> <span class='ocrx_word' id='word_1_492' title='bbox 3124 783 3356 855; x_wconf 81' lang='lat' dir='ltr'>habere,</span> <span class='ocrx_word' id='word_1_493' title='bbox 3409 784 3515 838; x_wconf 87' lang='lat' dir='ltr'>sed</span> <span class='ocrx_word' id='word_1_494' title='bbox 3549 783 3724 855; x_wconf 75' lang='lat' dir='ltr'>plena</span> 
     </span>
    </p>
   </div>
   <div class='ocr_carea' id='block_1_68' title="bbox 2067 875 2820 930">
    <p class='ocr_par' dir='ltr' id='par_1_68' title="bbox 2067 875 2820 930">
     <span class='ocr_line' id='line_1_68' title="bbox 2067 875 2820 930; baseline 0.003 -2"><span class='ocrx_word' id='word_1_495' title='bbox 2067 877 2206 928; x_wconf 86' lang='lat' dir='ltr'>sunt</span> <span class='ocrx_word' id='word_1_496' title='bbox 2234 889 2476 930; x_wconf 89' lang='lat' dir='ltr'>venemo</span> <span class='ocrx_word' id='word_1_497' title='bbox 2507 875 2820 930; x_wconf 88' lang='lat' dir='ltr'>mortifero.</span> 
     </span>
    </p>
   </div>
   <div class='ocr_carea' id='block_1_69' title="bbox 2144 961 3727 1035">
    <p class='ocr_par' dir='ltr' id='par_1_69' title="bbox 2144 961 3727 1035">
     <span class='ocr_line' id='line_1_69' title="bbox 2144 961 3727 1035; baseline 0 -17"><span class='ocrx_word' id='word_1_498' title='bbox 2144 986 2165 1011; x_wconf 78' lang='grc' dir='ltr'>«ι</span> <span class='ocrx_word' id='word_1_499' title='bbox 2216 964 2389 1018; x_wconf 85' lang='lat' dir='ltr'>Juxta</span> <span class='ocrx_word' id='word_1_500' title='bbox 2421 967 2531 1019; x_wconf 89' lang='lat' dir='ltr'>iter</span> <span class='ocrx_word' id='word_1_501' title='bbox 2559 963 2900 1020; x_wconf 87' lang='lat' dir='ltr'>scandalum</span> <span class='ocrx_word' id='word_1_502' title='bbox 2958 973 3278 1035; x_wconf 89' lang='lat' dir='ltr'>posuerunt</span> <span class='ocrx_word' id='word_1_503' title='bbox 3334 961 3506 1016; x_wconf 88' lang='lat' dir='ltr'>mihi.</span> <span class='ocrx_word' id='word_1_504' title='bbox 3545 984 3576 1008; x_wconf 73' lang='grc' dir='ltr'>ιι</span> <span class='ocrx_word' id='word_1_505' title='bbox 3610 961 3727 1018; x_wconf 82' lang='lat' dir='ltr'>Hoc</span> 
     </span>
    </p>
   </div>
   <div class='ocr_carea' id='block_1_70' title="bbox 2067 1051 3727 1126">
    <p class='ocr_par' dir='ltr' id='par_1_70' title="bbox 2067 1051 3727 1126">
     <span class='ocr_line' id='line_1_70' title="bbox 2067 1051 3727 1126; baseline -0.001 -18"><span class='ocrx_word' id='word_1_506' title='bbox 2067 1057 2175 1121; x_wconf 89' lang='lat' dir='ltr'>est,</span> <span class='ocrx_word' id='word_1_507' title='bbox 2209 1055 2279 1108; x_wconf 90' lang='lat' dir='ltr'>de</span> <span class='ocrx_word' id='word_1_508' title='bbox 2310 1053 2626 1125; x_wconf 88' lang='lat' dir='ltr'>Scripturis</span> <span class='ocrx_word' id='word_1_509' title='bbox 2649 1053 3004 1126; x_wconf 84' lang='lat' dir='ltr'>proferentes</span> <span class='ocrx_word' id='word_1_510' title='bbox 3024 1051 3521 1123; x_wconf 55' lang='lat' dir='ltr'>testimoniaque</span> <span class='ocrx_word' id='word_1_511' title='bbox 3555 1052 3727 1122; x_wconf 82' lang='lat' dir='ltr'>quasi</span> 
     </span>
    </p>
   </div>
   <div class='ocr_carea' id='block_1_71' title="bbox 2070 1140 3734 1213">
    <p class='ocr_par' dir='ltr' id='par_1_71' title="bbox 2070 1140 3734 1213">
     <span class='ocr_line' id='line_1_71' title="bbox 2070 1140 3734 1213; baseline -0.001 -17"><span class='ocrx_word' id='word_1_512' title='bbox 2070 1143 2420 1198; x_wconf 88' lang='lat' dir='ltr'>videbantur</span> <span class='ocrx_word' id='word_1_513' title='bbox 2476 1143 2759 1198; x_wconf 88' lang='lat' dir='ltr'>rationem</span> <span class='ocrx_word' id='word_1_514' title='bbox 2809 1140 3065 1213; x_wconf 88' lang='lat' dir='ltr'>aliquam</span> <span class='ocrx_word' id='word_1_515' title='bbox 3126 1140 3361 1208; x_wconf 86' lang='lat' dir='ltr'>habere,</span> <span class='ocrx_word' id='word_1_516' title='bbox 3403 1141 3734 1196; x_wconf 81' lang='lat' dir='ltr'>tentabunt</span> 
     </span>
    </p>
   </div>
   <div class='ocr_carea' id='block_1_72' title="bbox 2071 1233 2476 1304">
    <p class='ocr_par' dir='ltr' id='par_1_72' title="bbox 2071 1233 2476 1304">
     <span class='ocr_line' id='line_1_72' title="bbox 2071 1233 2476 1304; baseline -0.002 -17"><span class='ocrx_word' id='word_1_517' title='bbox 2071 1249 2164 1287; x_wconf 89' lang='lat' dir='ltr'>me</span> <span class='ocrx_word' id='word_1_518' title='bbox 2194 1233 2476 1304; x_wconf 90' lang='lat' dir='ltr'>decipere.</span> 
     </span>
    </p>
   </div>
   <div class='ocr_carea' id='block_1_73' title="bbox 2144 1319 3738 1388">
    <p class='ocr_par' dir='ltr' id='par_1_73' title="bbox 2144 1319 3738 1388">
     <span class='ocr_line' id='line_1_73' title="bbox 2144 1319 3738 1388; baseline 0.003 -18"><span class='ocrx_word' id='word_1_519' title='bbox 2144 1343 2171 1370; x_wconf 92' lang='grc'><strong><em>‹‹</em></strong></span> <span class='ocrx_word' id='word_1_520' title='bbox 2205 1319 2329 1376; x_wconf 86' lang='lat' dir='ltr'>Dixi</span> <span class='ocrx_word' id='word_1_521' title='bbox 2364 1321 2629 1388; x_wconf 89' lang='lat' dir='ltr'>Domino,</span> <span class='ocrx_word' id='word_1_522' title='bbox 2661 1322 2815 1376; x_wconf 86' lang='lat' dir='ltr'>Deus</span> <span class='ocrx_word' id='word_1_523' title='bbox 2867 1335 3032 1376; x_wconf 88' lang='lat' dir='ltr'>meus</span> <span class='ocrx_word' id='word_1_524' title='bbox 3088 1337 3150 1375; x_wconf 91' lang='lat' dir='ltr'>es</span> <span class='ocrx_word' id='word_1_525' title='bbox 3207 1325 3290 1375; x_wconf 91' lang='lat' dir='ltr'>tu.</span> <span class='ocrx_word' id='word_1_526' title='bbox 3349 1339 3377 1371; x_wconf 75' lang='grc' dir='ltr'><strong><em>ι</em></strong></span> <span class='ocrx_word' id='word_1_527' title='bbox 3420 1319 3485 1374; x_wconf 89' lang='lat' dir='ltr'>Si</span> <span class='ocrx_word' id='word_1_528' title='bbox 3521 1336 3644 1373; x_wconf 91' lang='lat' dir='ltr'>non</span> <span class='ocrx_word' id='word_1_529' title='bbox 3676 1335 3738 1374; x_wconf 84' lang='lat' dir='ltr'>es</span> 
     </span>
    </p>
   </div>
   <div class='ocr_carea' id='block_1_74' title="bbox 2073 1407 3739 1482">
    <p class='ocr_par' dir='ltr' id='par_1_74' title="bbox 2073 1407 3739 1482">
     <span class='ocr_line' id='line_1_74' title="bbox 2073 1407 3739 1482; baseline -0.001 -18"><span class='ocrx_word' id='word_1_530' title='bbox 2073 1414 2332 1476; x_wconf 89' lang='lat' dir='ltr'>sanctus,</span> <span class='ocrx_word' id='word_1_531' title='bbox 2377 1427 2494 1465; x_wconf 90' lang='lat' dir='ltr'>non</span> <span class='ocrx_word' id='word_1_532' title='bbox 2553 1415 2716 1482; x_wconf 90' lang='lat' dir='ltr'>potes</span> <span class='ocrx_word' id='word_1_533' title='bbox 2773 1409 2929 1464; x_wconf 86' lang='lat' dir='ltr'>hunc</span> <span class='ocrx_word' id='word_1_534' title='bbox 2984 1409 3334 1464; x_wconf 88' lang='lat' dir='ltr'>versiculum</span> <span class='ocrx_word' id='word_1_535' title='bbox 3377 1409 3605 1463; x_wconf 85' lang='lat' dir='ltr'>dicere.</span> <span class='ocrx_word' id='word_1_536' title='bbox 3641 1407 3739 1462; x_wconf 84' lang='lat' dir='ltr'>Cui</span> 
     </span>
    </p>
   </div>
   <div class='ocr_carea' id='block_1_75' title="bbox 2073 1498 3740 1570">
    <p class='ocr_par' dir='ltr' id='par_1_75' title="bbox 2073 1498 3740 1570">
     <span class='ocr_line' id='line_1_75' title="bbox 2073 1498 3740 1570; baseline -0.001 -17"><span class='ocrx_word' id='word_1_537' title='bbox 2073 1516 2188 1554; x_wconf 90' lang='lat' dir='ltr'>non</span> <span class='ocrx_word' id='word_1_538' title='bbox 2220 1504 2422 1570; x_wconf 90' lang='lat' dir='ltr'>regnat</span> <span class='ocrx_word' id='word_1_539' title='bbox 2451 1503 2776 1570; x_wconf 88' lang='lat' dir='ltr'>peccatum.</span> <span class='ocrx_word' id='word_1_540' title='bbox 2811 1499 2918 1554; x_wconf 92' lang='lat' dir='ltr'>hoc</span> <span class='ocrx_word' id='word_1_541' title='bbox 2951 1498 3091 1554; x_wconf 90' lang='lat' dir='ltr'>dicit</span> <span class='ocrx_word' id='word_1_542' title='bbox 3148 1516 3161 1553; x_wconf 90' lang='lat'><strong>:</strong></span> <span class='ocrx_word' id='word_1_543' title='bbox 3219 1500 3358 1553; x_wconf 84' lang='lat' dir='ltr'>Pars</span> <span class='ocrx_word' id='word_1_544' title='bbox 3386 1513 3520 1552; x_wconf 78' lang='lat' dir='ltr'>mea</span> <span class='ocrx_word' id='word_1_545' title='bbox 3557 1499 3740 1552; x_wconf 80' lang='lat' dir='ltr'>Domi-</span> 
     </span>
    </p>
   </div>
   <div class='ocr_carea' id='block_1_76' title="bbox 2073 1588 2612 1659">
    <p class='ocr_par' dir='ltr' id='par_1_76' title="bbox 2073 1588 2612 1659">
     <span class='ocr_line' id='line_1_76' title="bbox 2073 1588 2612 1659; baseline 0 -18"><span class='ocrx_word' id='word_1_546' title='bbox 2073 1604 2178 1642; x_wconf 80' lang='lat' dir='ltr'>nus</span> <span class='ocrx_word' id='word_1_547' title='bbox 2209 1588 2379 1655; x_wconf 81' lang='lat' dir='ltr'>(Psal.</span> <span class='ocrx_word' id='word_1_548' title='bbox 2413 1605 2503 1656; x_wconf 90' lang='lat' dir='ltr'>xv,</span> <span class='ocrx_word' id='word_1_549' title='bbox 2535 1589 2612 1659; x_wconf 87' lang='grc'>5).</span> 
     </span>
    </p>
   </div>
   <div class='ocr_carea' id='block_1_77' title="bbox 2148 1675 3738 1747">
    <p class='ocr_par' dir='ltr' id='par_1_77' title="bbox 2148 1675 3738 1747">
     <span class='ocr_line' id='line_1_77' title="bbox 2148 1675 3738 1747; baseline 0.002 -20"><span class='ocrx_word' id='word_1_550' title='bbox 2148 1701 2176 1726; x_wconf 92' lang='grc'>‹‹</span> <span class='ocrx_word' id='word_1_551' title='bbox 2207 1678 2332 1732; x_wconf 84' lang='grc' dir='ltr'>Νοη</span> <span class='ocrx_word' id='word_1_552' title='bbox 2364 1677 2564 1732; x_wconf 89' lang='lat' dir='ltr'>tradas</span> <span class='ocrx_word' id='word_1_553' title='bbox 2595 1694 2707 1747; x_wconf 90' lang='lat' dir='ltr'>me,</span> <span class='ocrx_word' id='word_1_554' title='bbox 2739 1676 3001 1746; x_wconf 86' lang='lat' dir='ltr'>Domine,</span> <span class='ocrx_word' id='word_1_555' title='bbox 3038 1695 3070 1732; x_wconf 89' lang='lat' dir='ltr'>a</span> <span class='ocrx_word' id='word_1_556' title='bbox 3107 1675 3396 1731; x_wconf 87' lang='lat' dir='ltr'>desiderio</span> <span class='ocrx_word' id='word_1_557' title='bbox 3433 1691 3574 1731; x_wconf 87' lang='lat' dir='ltr'>meo</span> <span class='ocrx_word' id='word_1_558' title='bbox 3607 1686 3738 1747; x_wconf 82' lang='lat' dir='ltr'>pec-</span> 
     </span>
    </p>
   </div>
   <div class='ocr_carea' id='block_1_78' title="bbox 2075 1765 3736 1838">
    <p class='ocr_par' dir='ltr' id='par_1_78' title="bbox 2075 1765 3736 1838">
     <span class='ocr_line' id='line_1_78' title="bbox 2075 1765 3736 1838; baseline -0.002 -17"><span class='ocrx_word' id='word_1_559' title='bbox 2075 1766 2275 1821; x_wconf 88' lang='lat' dir='ltr'>catori.</span> <span class='ocrx_word' id='word_1_560' title='bbox 2311 1788 2340 1816; x_wconf 84' lang='lat'>»</span> <span class='ocrx_word' id='word_1_561' title='bbox 2373 1766 2521 1822; x_wconf 92' lang='lat' dir='ltr'>Dicit</span> <span class='ocrx_word' id='word_1_562' title='bbox 2549 1767 2847 1838; x_wconf 84' lang='lat' dir='ltr'>Scriptura</span> <span class='ocrx_word' id='word_1_563' title='bbox 2880 1783 2891 1820; x_wconf 89' lang='lat'><strong>:</strong></span> <span class='ocrx_word' id='word_1_564' title='bbox 2925 1767 3077 1836; x_wconf 83' lang='lat' dir='ltr'>Quod</span> <span class='ocrx_word' id='word_1_565' title='bbox 3106 1768 3156 1820; x_wconf 89' lang='lat' dir='ltr'>si</span> <span class='ocrx_word' id='word_1_566' title='bbox 3192 1767 3318 1836; x_wconf 88' lang='lat' dir='ltr'>quis</span> <span class='ocrx_word' id='word_1_567' title='bbox 3378 1765 3594 1820; x_wconf 75' lang='lat' dir='ltr'>viderit</span> <span class='ocrx_word' id='word_1_568' title='bbox 3619 1781 3736 1818; x_wconf 78' lang='lat' dir='ltr'>ma-</span> 
     </span>
    </p>
   </div>
   <div class='ocr_carea' id='block_1_79' title="bbox 1998 1855 3734 1958">
    <p class='ocr_par' dir='ltr' id='par_1_79' title="bbox 1998 1855 3734 1958">
     <span class='ocr_line' id='line_1_79' title="bbox 1998 1855 3734 1958; baseline -0.001 -50"><span class='ocrx_word' id='word_1_569' title='bbox 1998 1893 2044 1958; x_wconf 78' lang='grc' dir='ltr'>Β</span> <span class='ocrx_word' id='word_1_570' title='bbox 2077 1855 2264 1910; x_wconf 80' lang='lat' dir='ltr'>lierem</span> <span class='ocrx_word' id='word_1_571' title='bbox 2292 1856 2362 1910; x_wconf 80' lang='lat' dir='ltr'>ad</span> <span class='ocrx_word' id='word_1_572' title='bbox 2389 1856 2892 1926; x_wconf 80' lang='lat' dir='ltr'>concupiscendum,</span> <span class='ocrx_word' id='word_1_573' title='bbox 2927 1859 3060 1927; x_wconf 86' lang='lat' dir='ltr'>jam</span> <span class='ocrx_word' id='word_1_574' title='bbox 3117 1856 3418 1909; x_wconf 59' lang='lat' dir='ltr'>moechatus</span> <span class='ocrx_word' id='word_1_575' title='bbox 3482 1859 3567 1909; x_wconf 83' lang='lat' dir='ltr'>est</span> <span class='ocrx_word' id='word_1_576' title='bbox 3619 1869 3734 1908; x_wconf 73' lang='lat' dir='ltr'>eam</span> 
     </span>
    </p>
   </div>
   <div class='ocr_carea' id='block_1_80' title="bbox 2076 1942 3729 2015">
    <p class='ocr_par' dir='ltr' id='par_1_80' title="bbox 2076 1942 3729 2015">
     <span class='ocr_line' id='line_1_80' title="bbox 2076 1942 3729 2015; baseline -0.001 -17"><span class='ocrx_word' id='word_1_577' title='bbox 2076 1946 2133 1998; x_wconf 87' lang='lat' dir='ltr'>in</span> <span class='ocrx_word' id='word_1_578' title='bbox 2160 1945 2327 2000; x_wconf 84' lang='lat' dir='ltr'>corde</span> <span class='ocrx_word' id='word_1_579' title='bbox 2355 1961 2448 2000; x_wconf 83' lang='lat' dir='ltr'>suo</span> <span class='ocrx_word' id='word_1_580' title='bbox 2481 1945 2686 2015; x_wconf 81' lang='lat' dir='ltr'>(Matth.</span> <span class='ocrx_word' id='word_1_581' title='bbox 2721 1961 2755 1997; x_wconf 84' lang='grc' dir='ltr'><strong><em>ν</em></strong></span> <span class='ocrx_word' id='word_1_582' title='bbox 2782 1946 2894 2015; x_wconf 82' lang='lat'>28).</span> <span class='ocrx_word' id='word_1_583' title='bbox 2930 1945 3075 2015; x_wconf 89' lang='lat' dir='ltr'>Ergo</span> <span class='ocrx_word' id='word_1_584' title='bbox 3103 1943 3243 1999; x_wconf 89' lang='lat' dir='ltr'>dicit</span> <span class='ocrx_word' id='word_1_585' title='bbox 3271 1943 3579 2014; x_wconf 83' lang='lat' dir='ltr'>Propheta</span> <span class='ocrx_word' id='word_1_586' title='bbox 3611 1962 3625 1998; x_wconf 88' lang='lat'><em>:</em></span> <span class='ocrx_word' id='word_1_587' title='bbox 3655 1942 3729 1996; x_wconf 74' lang='lat' dir='ltr'>Ne</span> 
     </span>
    </p>
   </div>
   <div class='ocr_carea' id='block_1_81' title="bbox 2074 2031 3727 2104">
    <p class='ocr_par' dir='ltr' id='par_1_81' title="bbox 2074 2031 3727 2104">
     <span class='ocr_line' id='line_1_81' title="bbox 2074 2031 3727 2104; baseline -0.001 -17"><span class='ocrx_word' id='word_1_588' title='bbox 2074 2033 2144 2087; x_wconf 92' lang='lat' dir='ltr'>de</span> <span class='ocrx_word' id='word_1_589' title='bbox 2176 2033 2648 2104; x_wconf 87' lang='lat' dir='ltr'>concupiscentia</span> <span class='ocrx_word' id='word_1_590' title='bbox 2679 2050 2808 2089; x_wconf 90' lang='lat' dir='ltr'>mea</span> <span class='ocrx_word' id='word_1_591' title='bbox 2838 2033 3035 2088; x_wconf 89' lang='lat' dir='ltr'>tradas</span> <span class='ocrx_word' id='word_1_592' title='bbox 3067 2049 3159 2088; x_wconf 89' lang='lat' dir='ltr'>me</span> <span class='ocrx_word' id='word_1_593' title='bbox 3187 2031 3425 2087; x_wconf 88' lang='lat' dir='ltr'>diabolo</span> <span class='ocrx_word' id='word_1_594' title='bbox 3454 2048 3468 2097; x_wconf 90' lang='lat'>;</span> <span class='ocrx_word' id='word_1_595' title='bbox 3509 2032 3610 2086; x_wconf 86' lang='lat' dir='ltr'>sed</span> <span class='ocrx_word' id='word_1_596' title='bbox 3637 2032 3727 2086; x_wconf 87' lang='lat' dir='ltr'>be-</span> 
     </span>
    </p>
   </div>
   <div class='ocr_carea' id='block_1_82' title="bbox 2074 2120 3723 2194">
    <p class='ocr_par' dir='ltr' id='par_1_82' title="bbox 2074 2120 3723 2194">
     <span class='ocr_line' id='line_1_82' title="bbox 2074 2120 3723 2194; baseline -0.001 -18"><span class='ocrx_word' id='word_1_597' title='bbox 2074 2121 2147 2176; x_wconf 90' lang='lat' dir='ltr'>de</span> <span class='ocrx_word' id='word_1_598' title='bbox 2177 2121 2318 2176; x_wconf 91' lang='lat' dir='ltr'>mihi</span> <span class='ocrx_word' id='word_1_599' title='bbox 2351 2121 2528 2176; x_wconf 90' lang='lat' dir='ltr'>habet</span> <span class='ocrx_word' id='word_1_600' title='bbox 2556 2121 2613 2176; x_wconf 92' lang='lat' dir='ltr'>in</span> <span class='ocrx_word' id='word_1_601' title='bbox 2647 2137 2817 2194; x_wconf 91' lang='lat' dir='ltr'>opere</span> <span class='ocrx_word' id='word_1_602' title='bbox 2839 2122 3128 2193; x_wconf 88' lang='lat' dir='ltr'>judicare,</span> <span class='ocrx_word' id='word_1_603' title='bbox 3163 2125 3218 2176; x_wconf 87' lang='lat' dir='ltr'>et</span> <span class='ocrx_word' id='word_1_604' title='bbox 3244 2136 3361 2176; x_wconf 90' lang='lat' dir='ltr'>non</span> <span class='ocrx_word' id='word_1_605' title='bbox 3413 2120 3481 2176; x_wconf 89' lang='lat' dir='ltr'>in</span> <span class='ocrx_word' id='word_1_606' title='bbox 3515 2120 3723 2192; x_wconf 78' lang='lat' dir='ltr'>cogita-</span> 
     </span>
    </p>
   </div>
   <div class='ocr_carea' id='block_1_83' title="bbox 2073 2209 2250 2266">
    <p class='ocr_par' dir='ltr' id='par_1_83' title="bbox 2073 2209 2250 2266">
     <span class='ocr_line' id='line_1_83' title="bbox 2073 2209 2250 2266; baseline -0.006 -2"><span class='ocrx_word' id='word_1_607' title='bbox 2073 2209 2250 2266; x_wconf 89' lang='lat' dir='ltr'>tione.</span> 
     </span>
    </p>
   </div>
   <div class='ocr_carea' id='block_1_84' title="bbox 2149 2298 3729 2370">
    <p class='ocr_par' dir='ltr' id='par_1_84' title="bbox 2149 2298 3729 2370">
     <span class='ocr_line' id='line_1_84' title="bbox 2149 2298 3729 2370; baseline 0 -18"><span class='ocrx_word' id='word_1_608' title='bbox 2149 2321 2176 2347; x_wconf 87' lang='lat'><strong>«</strong></span> <span class='ocrx_word' id='word_1_609' title='bbox 2208 2299 2392 2370; x_wconf 83' lang='lat' dir='ltr'>Caput</span> <span class='ocrx_word' id='word_1_610' title='bbox 2421 2300 2698 2356; x_wconf 89' lang='lat' dir='ltr'>circuitus</span> <span class='ocrx_word' id='word_1_611' title='bbox 2745 2317 2968 2369; x_wconf 90' lang='lat' dir='ltr'>eorum,</span> <span class='ocrx_word' id='word_1_612' title='bbox 3002 2301 3166 2356; x_wconf 86' lang='lat' dir='ltr'>labor</span> <span class='ocrx_word' id='word_1_613' title='bbox 3223 2299 3528 2356; x_wconf 87' lang='lat' dir='ltr'>labiorum</span> <span class='ocrx_word' id='word_1_614' title='bbox 3581 2298 3729 2370; x_wconf 81' lang='lat' dir='ltr'>ipso-</span> 
     </span>
    </p>
   </div>
   <div class='ocr_carea' id='block_1_85' title="bbox 2077 2385 3732 2460">
    <p class='ocr_par' dir='ltr' id='par_1_85' title="bbox 2077 2385 3732 2460">
     <span class='ocr_line' id='line_1_85' title="bbox 2077 2385 3732 2460; baseline -0.001 -19"><span class='ocrx_word' id='word_1_615' title='bbox 2077 2404 2206 2442; x_wconf 91' lang='lat' dir='ltr'>rum</span> <span class='ocrx_word' id='word_1_616' title='bbox 2240 2388 2457 2459; x_wconf 90' lang='lat' dir='ltr'>operiet</span> <span class='ocrx_word' id='word_1_617' title='bbox 2477 2405 2595 2445; x_wconf 90' lang='lat' dir='ltr'>eos.</span> <span class='ocrx_word' id='word_1_618' title='bbox 2620 2411 2648 2438; x_wconf 87' lang='grc'><strong>››</strong></span> <span class='ocrx_word' id='word_1_619' title='bbox 2680 2390 3184 2454; x_wconf 88' lang='lat' dir='ltr'>Quemadmodum</span> <span class='ocrx_word' id='word_1_620' title='bbox 3215 2405 3468 2460; x_wconf 87' lang='lat' dir='ltr'>serpens</span> <span class='ocrx_word' id='word_1_621' title='bbox 3500 2385 3732 2458; x_wconf 86' lang='lat' dir='ltr'>quando</span> 
     </span>
    </p>
   </div>
   <div class='ocr_carea' id='block_1_86' title="bbox 2075 2475 3734 2551">
    <p class='ocr_par' dir='ltr' id='par_1_86' title="bbox 2075 2475 3734 2551">
     <span class='ocr_line' id='line_1_86' title="bbox 2075 2475 3734 2551; baseline -0.001 -20"><span class='ocrx_word' id='word_1_622' title='bbox 2075 2476 2282 2532; x_wconf 89' lang='lat' dir='ltr'>viderit</span> <span class='ocrx_word' id='word_1_623' title='bbox 2311 2476 2566 2549; x_wconf 90' lang='lat' dir='ltr'>aliquem</span> <span class='ocrx_word' id='word_1_624' title='bbox 2597 2479 2924 2534; x_wconf 90' lang='lat' dir='ltr'>venientem</span> <span class='ocrx_word' id='word_1_625' title='bbox 2982 2481 3053 2534; x_wconf 90' lang='lat' dir='ltr'>ad</span> <span class='ocrx_word' id='word_1_626' title='bbox 3112 2477 3594 2551; x_wconf 87' lang='lat' dir='ltr'>percutiendum,</span> <span class='ocrx_word' id='word_1_627' title='bbox 3630 2475 3734 2530; x_wconf 86' lang='lat' dir='ltr'>cir-</span> 
     </span>
    </p>
   </div>
   <div class='ocr_carea' id='block_1_87' title="bbox 2077 2557 3734 2638">
    <p class='ocr_par' dir='ltr' id='par_1_87' title="bbox 2077 2557 3734 2638">
     <span class='ocr_line' id='line_1_87' title="bbox 2077 2557 3734 2638; baseline -0.001 -18"><span class='ocrx_word' id='word_1_628' title='bbox 2077 2557 2276 2621; x_wconf 85' lang='lat' dir='ltr'>culum</span> <span class='ocrx_word' id='word_1_629' title='bbox 2310 2567 2450 2622; x_wconf 88' lang='lat' dir='ltr'>facit</span> <span class='ocrx_word' id='word_1_630' title='bbox 2479 2567 2659 2622; x_wconf 90' lang='lat' dir='ltr'>totius</span> <span class='ocrx_word' id='word_1_631' title='bbox 2711 2567 2970 2638; x_wconf 89' lang='lat' dir='ltr'>corporis</span> <span class='ocrx_word' id='word_1_632' title='bbox 3001 2567 3113 2633; x_wconf 85' lang='lat' dir='ltr'>sui,</span> <span class='ocrx_word' id='word_1_633' title='bbox 3147 2570 3203 2621; x_wconf 92' lang='lat' dir='ltr'>et</span> <span class='ocrx_word' id='word_1_634' title='bbox 3240 2565 3299 2620; x_wconf 88' lang='lat' dir='ltr'>in</span> <span class='ocrx_word' id='word_1_635' title='bbox 3360 2566 3559 2621; x_wconf 87' lang='lat' dir='ltr'>medio</span> <span class='ocrx_word' id='word_1_636' title='bbox 3591 2563 3734 2619; x_wconf 76' lang='lat' dir='ltr'>celat</span> 
     </span>
    </p>
   </div>
   <div class='ocr_carea' id='block_1_88' title="bbox 2079 2653 3735 2728">
    <p class='ocr_par' dir='ltr' id='par_1_88' title="bbox 2079 2653 3735 2728">
     <span class='ocr_line' id='line_1_88' title="bbox 2079 2653 3735 2728; baseline -0.003 -17"><span class='ocrx_word' id='word_1_637' title='bbox 2079 2660 2274 2728; x_wconf 88' lang='lat' dir='ltr'>caput,</span> <span class='ocrx_word' id='word_1_638' title='bbox 2309 2657 2409 2711; x_wconf 91' lang='lat' dir='ltr'>ubi</span> <span class='ocrx_word' id='word_1_639' title='bbox 2441 2655 2550 2712; x_wconf 91' lang='lat' dir='ltr'>scit</span> <span class='ocrx_word' id='word_1_640' title='bbox 2606 2657 2818 2711; x_wconf 88' lang='lat' dir='ltr'>habere</span> <span class='ocrx_word' id='word_1_641' title='bbox 2863 2673 2926 2711; x_wconf 91' lang='lat' dir='ltr'>se</span> <span class='ocrx_word' id='word_1_642' title='bbox 2954 2654 3133 2711; x_wconf 86' lang='lat' dir='ltr'>vitam</span> <span class='ocrx_word' id='word_1_643' title='bbox 3167 2673 3180 2710; x_wconf 90' lang='lat'>:</span> <span class='ocrx_word' id='word_1_644' title='bbox 3215 2654 3297 2710; x_wconf 89' lang='lat' dir='ltr'>ita</span> <span class='ocrx_word' id='word_1_645' title='bbox 3329 2659 3386 2709; x_wconf 91' lang='lat' dir='ltr'>et</span> <span class='ocrx_word' id='word_1_646' title='bbox 3415 2653 3519 2708; x_wconf 85' lang='lat' dir='ltr'>isti</span> <span class='ocrx_word' id='word_1_647' title='bbox 3552 2654 3735 2708; x_wconf 61' lang='lat' dir='ltr'>here-</span> 
     </span>
    </p>
   </div>
   <div class='ocr_carea' id='block_1_89' title="bbox 2078 2741 3732 2816">
    <p class='ocr_par' dir='ltr' id='par_1_89' title="bbox 2078 2741 3732 2816">
     <span class='ocr_line' id='line_1_89' title="bbox 2078 2741 3732 2816; baseline -0.001 -18"><span class='ocrx_word' id='word_1_648' title='bbox 2078 2745 2177 2799; x_wconf 91' lang='lat' dir='ltr'>tici</span> <span class='ocrx_word' id='word_1_649' title='bbox 2210 2761 2312 2816; x_wconf 92' lang='lat' dir='ltr'>per</span> <span class='ocrx_word' id='word_1_650' title='bbox 2366 2761 2698 2800; x_wconf 88' lang='lat' dir='ltr'>sermonem</span> <span class='ocrx_word' id='word_1_651' title='bbox 2732 2744 3242 2816; x_wconf 91' lang='lat' dir='ltr'>philosophorum,</span> <span class='ocrx_word' id='word_1_652' title='bbox 3275 2748 3335 2799; x_wconf 89' lang='lat' dir='ltr'>et</span> <span class='ocrx_word' id='word_1_653' title='bbox 3372 2741 3732 2810; x_wconf 83' lang='lat' dir='ltr'>Aristotelis,</span> 
     </span>
    </p>
   </div>
   <div class='ocr_carea' id='block_1_90' title="bbox 2081 2831 3733 2903">
    <p class='ocr_par' dir='ltr' id='par_1_90' title="bbox 2081 2831 3733 2903">
     <span class='ocr_line' id='line_1_90' title="bbox 2081 2831 3733 2903; baseline -0.002 -14"><span class='ocrx_word' id='word_1_654' title='bbox 2081 2838 2138 2890; x_wconf 89' lang='lat' dir='ltr'>et</span> <span class='ocrx_word' id='word_1_655' title='bbox 2169 2838 2505 2889; x_wconf 60' lang='lat' dir='ltr'>caterorum</span> <span class='ocrx_word' id='word_1_656' title='bbox 2537 2835 2808 2890; x_wconf 90' lang='lat' dir='ltr'>videntur</span> <span class='ocrx_word' id='word_1_657' title='bbox 2831 2850 2892 2890; x_wconf 87' lang='lat' dir='ltr'>se</span> <span class='ocrx_word' id='word_1_658' title='bbox 2923 2835 3282 2890; x_wconf 86' lang='lat' dir='ltr'>abscondere</span> <span class='ocrx_word' id='word_1_659' title='bbox 3313 2837 3368 2888; x_wconf 86' lang='lat' dir='ltr'>et</span> <span class='ocrx_word' id='word_1_660' title='bbox 3394 2831 3565 2903; x_wconf 85' lang='lat' dir='ltr'>quasi</span> <span class='ocrx_word' id='word_1_661' title='bbox 3591 2847 3733 2903; x_wconf 77' lang='lat' dir='ltr'>pro-</span> 
     </span>
    </p>
   </div>
   <div class='ocr_carea' id='block_1_91' title="bbox 2079 2918 3732 2995">
    <p class='ocr_par' dir='ltr' id='par_1_91' title="bbox 2079 2918 3732 2995">
     <span class='ocr_line' id='line_1_91' title="bbox 2079 2918 3732 2995; baseline -0.003 -17"><span class='ocrx_word' id='word_1_662' title='bbox 2079 2927 2270 2995; x_wconf 87' lang='lat' dir='ltr'>tegere</span> <span class='ocrx_word' id='word_1_663' title='bbox 2299 2928 2389 2979; x_wconf 86' lang='lat' dir='ltr'>est</span> <span class='ocrx_word' id='word_1_664' title='bbox 2417 2924 2743 2980; x_wconf 89' lang='lat' dir='ltr'>defendere.</span> <span class='ocrx_word' id='word_1_665' title='bbox 2776 2923 2886 2979; x_wconf 90' lang='lat' dir='ltr'>Sed</span> <span class='ocrx_word' id='word_1_666' title='bbox 2945 2921 3373 2979; x_wconf 85' lang='lat' dir='ltr'>ecclesiasticus</span> <span class='ocrx_word' id='word_1_667' title='bbox 3427 2919 3517 2974; x_wconf 82' lang='lat' dir='ltr'>vir</span> <span class='ocrx_word' id='word_1_668' title='bbox 3545 2918 3732 2991; x_wconf 80' lang='lat' dir='ltr'>quasi</span> 
     </span>
    </p>
   </div>
   <div class='ocr_carea' id='block_1_92' title="bbox 2080 3009 3736 3085">
    <p class='ocr_par' dir='ltr' id='par_1_92' title="bbox 2080 3009 3736 3085">
     <span class='ocr_line' id='line_1_92' title="bbox 2080 3009 3736 3085; baseline -0.002 -19"><span class='ocrx_word' id='word_1_669' title='bbox 2080 3012 2139 3066; x_wconf 90' lang='lat' dir='ltr'>in</span> <span class='ocrx_word' id='word_1_670' title='bbox 2171 3012 2350 3085; x_wconf 84' lang='lat' dir='ltr'>virga,</span> <span class='ocrx_word' id='word_1_671' title='bbox 2385 3013 2494 3068; x_wconf 90' lang='lat' dir='ltr'>hoc</span> <span class='ocrx_word' id='word_1_672' title='bbox 2525 3016 2612 3068; x_wconf 90' lang='lat' dir='ltr'>est</span> <span class='ocrx_word' id='word_1_673' title='bbox 2668 3013 2726 3067; x_wconf 90' lang='lat' dir='ltr'>in</span> <span class='ocrx_word' id='word_1_674' title='bbox 2786 3028 2973 3082; x_wconf 88' lang='lat' dir='ltr'>cruce,</span> <span class='ocrx_word' id='word_1_675' title='bbox 3007 3011 3180 3067; x_wconf 85' lang='lat' dir='ltr'>solvit</span> <span class='ocrx_word' id='word_1_676' title='bbox 3212 3011 3520 3076; x_wconf 88' lang='lat' dir='ltr'>circulum,</span> <span class='ocrx_word' id='word_1_677' title='bbox 3552 3014 3617 3064; x_wconf 80' lang='lat' dir='ltr'>et</span> <span class='ocrx_word' id='word_1_678' title='bbox 3642 3009 3736 3063; x_wconf 77' lang='lat' dir='ltr'>in-</span> 
     </span>
    </p>
   </div>
   <div class='ocr_carea' id='block_1_93' title="bbox 2081 3099 3736 3173">
    <p class='ocr_par' dir='ltr' id='par_1_93' title="bbox 2081 3099 3736 3173">
     <span class='ocr_line' id='line_1_93' title="bbox 2081 3099 3736 3173; baseline -0.001 -19"><span class='ocrx_word' id='word_1_679' title='bbox 2081 3101 2236 3155; x_wconf 88' lang='lat' dir='ltr'>venit</span> <span class='ocrx_word' id='word_1_680' title='bbox 2275 3106 2448 3173; x_wconf 91' lang='lat' dir='ltr'>caput</span> <span class='ocrx_word' id='word_1_681' title='bbox 2478 3101 2686 3168; x_wconf 89' lang='lat' dir='ltr'>latens,</span> <span class='ocrx_word' id='word_1_682' title='bbox 2723 3104 2778 3156; x_wconf 88' lang='lat' dir='ltr'>et</span> <span class='ocrx_word' id='word_1_683' title='bbox 2833 3101 2913 3156; x_wconf 90' lang='lat' dir='ltr'>ibi</span> <span class='ocrx_word' id='word_1_684' title='bbox 2945 3117 3080 3156; x_wconf 88' lang='lat' dir='ltr'>eum</span> <span class='ocrx_word' id='word_1_685' title='bbox 3138 3099 3411 3172; x_wconf 88' lang='lat' dir='ltr'>percutit,</span> <span class='ocrx_word' id='word_1_686' title='bbox 3457 3099 3567 3154; x_wconf 88' lang='lat' dir='ltr'>hoc</span> <span class='ocrx_word' id='word_1_687' title='bbox 3631 3101 3736 3164; x_wconf 79' lang='lat' dir='ltr'>est,</span> 
     </span>
    </p>
   </div>
   <div class='ocr_carea' id='block_1_94' title="bbox 2076 3189 3202 3262">
    <p class='ocr_par' dir='ltr' id='par_1_94' title="bbox 2076 3189 3202 3262">
     <span class='ocr_line' id='line_1_94' title="bbox 2076 3189 3202 3262; baseline 0 -18"><span class='ocrx_word' id='word_1_688' title='bbox 2076 3189 2484 3244; x_wconf 87' lang='lat' dir='ltr'>testimonium</span> <span class='ocrx_word' id='word_1_689' title='bbox 2521 3191 2736 3262; x_wconf 85' lang='lat' dir='ltr'>profert</span> <span class='ocrx_word' id='word_1_690' title='bbox 2767 3191 2836 3245; x_wconf 91' lang='lat' dir='ltr'>de</span> <span class='ocrx_word' id='word_1_691' title='bbox 2865 3189 3202 3262; x_wconf 87' lang='lat' dir='ltr'>Scripturis.</span> 
     </span>
    </p>
   </div>
   <div class='ocr_carea' id='block_1_95' title="bbox 2160 3276 3737 3335">
    <p class='ocr_par' dir='ltr' id='par_1_95' title="bbox 2160 3276 3737 3335">
     <span class='ocr_line' id='line_1_95' title="bbox 2160 3276 3737 3335; baseline 0.001 -6"><span class='ocrx_word' id='word_1_692' title='bbox 2160 3299 2186 3329; x_wconf 88' lang='grc'><em>‹‹</em></span> <span class='ocrx_word' id='word_1_693' title='bbox 2220 3279 2578 3334; x_wconf 89' lang='lat' dir='ltr'>Habitabunt</span> <span class='ocrx_word' id='word_1_694' title='bbox 2606 3279 2745 3334; x_wconf 92' lang='lat' dir='ltr'>recti</span> <span class='ocrx_word' id='word_1_695' title='bbox 2776 3295 2910 3334; x_wconf 91' lang='lat' dir='ltr'>cum</span> <span class='ocrx_word' id='word_1_696' title='bbox 2938 3278 3104 3334; x_wconf 92' lang='lat' dir='ltr'>vultu</span> <span class='ocrx_word' id='word_1_697' title='bbox 3136 3283 3256 3335; x_wconf 88' lang='lat' dir='ltr'>tuo.</span> <span class='ocrx_word' id='word_1_698' title='bbox 3317 3300 3344 3328; x_wconf 85' lang='grc'>››</span> <span class='ocrx_word' id='word_1_699' title='bbox 3388 3276 3614 3332; x_wconf 78' lang='lat' dir='ltr'>Vultus</span> <span class='ocrx_word' id='word_1_700' title='bbox 3647 3276 3737 3331; x_wconf 80' lang='lat' dir='ltr'>Dei</span> 
     </span>
    </p>
   </div>
   <div class='ocr_carea' id='block_1_96' title="bbox 2083 3366 3740 3439">
    <p class='ocr_par' dir='ltr' id='par_1_96' title="bbox 2083 3366 3740 3439">
     <span class='ocr_line' id='line_1_96' title="bbox 2083 3366 3740 3439; baseline -0.002 -17"><span class='ocrx_word' id='word_1_701' title='bbox 2083 3368 2224 3438; x_wconf 91' lang='lat' dir='ltr'>quid</span> <span class='ocrx_word' id='word_1_702' title='bbox 2256 3371 2345 3423; x_wconf 90' lang='lat' dir='ltr'>est</span> <span class='ocrx_word' id='word_1_703' title='bbox 2374 3366 2488 3422; x_wconf 92' lang='lat' dir='ltr'>nisi</span> <span class='ocrx_word' id='word_1_704' title='bbox 2519 3367 2784 3423; x_wconf 87' lang='lat' dir='ltr'>Christus</span> <span class='ocrx_word' id='word_1_705' title='bbox 2806 3368 2834 3423; x_wconf 81' lang='lat'><strong>?</strong></span> <span class='ocrx_word' id='word_1_706' title='bbox 2866 3391 2894 3417; x_wconf 92' lang='grc'>››</span> <span class='ocrx_word' id='word_1_707' title='bbox 2927 3369 3034 3435; x_wconf 84' lang='lat' dir='ltr'>Qui</span> <span class='ocrx_word' id='word_1_708' title='bbox 3059 3385 3171 3424; x_wconf 73' lang='lat' dir='ltr'>non</span> <span class='ocrx_word' id='word_1_709' title='bbox 3200 3370 3470 3439; x_wconf 80' lang='lat' dir='ltr'>rapinam</span> <span class='ocrx_word' id='word_1_710' title='bbox 3501 3366 3740 3420; x_wconf 73' lang='lat' dir='ltr'>arbitru-</span> 
     </span>
    </p>
   </div>
   <div class='ocr_carea' id='block_1_97' title="bbox 2081 3457 3448 3529">
    <p class='ocr_par' dir='ltr' id='par_1_97' title="bbox 2081 3457 3448 3529">
     <span class='ocr_line' id='line_1_97' title="bbox 2081 3457 3448 3529; baseline 0.001 -19"><span class='ocrx_word' id='word_1_711' title='bbox 2081 3462 2168 3511; x_wconf 65' lang='grc' dir='ltr'>επις</span> <span class='ocrx_word' id='word_1_712' title='bbox 2196 3459 2272 3511; x_wconf 76' lang='lat' dir='ltr'>est</span> <span class='ocrx_word' id='word_1_713' title='bbox 2303 3472 2414 3512; x_wconf 80' lang='lat' dir='ltr'>esse</span> <span class='ocrx_word' id='word_1_714' title='bbox 2442 3471 2499 3512; x_wconf 83' lang='lat' dir='ltr'>se</span> <span class='ocrx_word' id='word_1_715' title='bbox 2525 3457 2797 3528; x_wconf 70' lang='lat' dir='ltr'>aequalem</span> <span class='ocrx_word' id='word_1_716' title='bbox 2826 3462 2938 3514; x_wconf 86' lang='lat' dir='ltr'>Deo</span> <span class='ocrx_word' id='word_1_717' title='bbox 2970 3457 3234 3529; x_wconf 80' lang='lat' dir='ltr'>(Philipp.</span> <span class='ocrx_word' id='word_1_718' title='bbox 3267 3475 3328 3524; x_wconf 74' lang='grc' dir='ltr'>ιι,</span> <span class='ocrx_word' id='word_1_719' title='bbox 3368 3457 3448 3526; x_wconf 82' lang='grc'>6).</span> 
     </span>
    </p>
   </div>
   <div class='ocr_carea' id='block_1_98' title="bbox 2655 3591 3158 3647">
    <p class='ocr_par' dir='ltr' id='par_1_98' title="bbox 2655 3591 3158 3647">
     <span class='ocr_line' id='line_1_98' title="bbox 2655 3591 3158 3647; baseline -0.004 -2"><span class='ocrx_word' id='word_1_720' title='bbox 2655 3591 2978 3647; x_wconf 74' lang='lat' dir='ltr'>PSALMUS</span> <span class='ocrx_word' id='word_1_721' title='bbox 3008 3591 3158 3646; x_wconf 87' lang='lat' dir='ltr'>CXL.</span> 
     </span>
    </p>
   </div>
   <div class='ocr_carea' id='block_1_99' title="bbox 2157 3686 3737 3757">
    <p class='ocr_par' dir='ltr' id='par_1_99' title="bbox 2157 3686 3737 3757">
     <span class='ocr_line' id='line_1_99' title="bbox 2157 3686 3737 3757; baseline -0.002 -14"><span class='ocrx_word' id='word_1_722' title='bbox 2157 3710 2180 3737; x_wconf 76' lang='grc' dir='ltr'>ι</span> <span class='ocrx_word' id='word_1_723' title='bbox 2217 3687 2483 3756; x_wconf 88' lang='lat' dir='ltr'>Domine;</span> <span class='ocrx_word' id='word_1_724' title='bbox 2515 3687 2759 3744; x_wconf 89' lang='lat' dir='ltr'>clamavi</span> <span class='ocrx_word' id='word_1_725' title='bbox 2792 3689 2864 3743; x_wconf 87' lang='lat' dir='ltr'>ad</span> <span class='ocrx_word' id='word_1_726' title='bbox 2894 3692 2973 3757; x_wconf 91' lang='lat' dir='ltr'>te,</span> <span class='ocrx_word' id='word_1_727' title='bbox 3005 3686 3209 3742; x_wconf 82' lang='lat' dir='ltr'>exaudi</span> <span class='ocrx_word' id='word_1_728' title='bbox 3270 3703 3389 3742; x_wconf 87' lang='lat' dir='ltr'>me.</span> <span class='ocrx_word' id='word_1_729' title='bbox 3451 3706 3483 3735; x_wconf 81' lang='grc' dir='ltr'>ι›</span> <span class='ocrx_word' id='word_1_730' title='bbox 3516 3686 3737 3757; x_wconf 75' lang='lat' dir='ltr'>Moyses</span> 
     </span>
    </p>
   </div>
   <div class='ocr_carea' id='block_1_100' title="bbox 2083 3776 3737 3849">
    <p class='ocr_par' dir='ltr' id='par_1_100' title="bbox 2083 3776 3737 3849">
     <span class='ocr_line' id='line_1_100' title="bbox 2083 3776 3737 3849; baseline -0.002 -16"><span class='ocrx_word' id='word_1_731' title='bbox 2083 3777 2276 3833; x_wconf 89' lang='lat' dir='ltr'>stabat</span> <span class='ocrx_word' id='word_1_732' title='bbox 2305 3793 2441 3832; x_wconf 90' lang='lat' dir='ltr'>eum</span> <span class='ocrx_word' id='word_1_733' title='bbox 2473 3776 2708 3849; x_wconf 90' lang='lat' dir='ltr'>populo,</span> <span class='ocrx_word' id='word_1_734' title='bbox 2741 3782 2798 3833; x_wconf 89' lang='lat' dir='ltr'>et</span> <span class='ocrx_word' id='word_1_735' title='bbox 2827 3776 3048 3833; x_wconf 88' lang='lat' dir='ltr'>Pharao</span> <span class='ocrx_word' id='word_1_736' title='bbox 3071 3776 3427 3848; x_wconf 87' lang='lat' dir='ltr'>sequebatur</span> <span class='ocrx_word' id='word_1_737' title='bbox 3458 3782 3594 3848; x_wconf 85' lang='lat' dir='ltr'>post</span> <span class='ocrx_word' id='word_1_738' title='bbox 3620 3780 3737 3830; x_wconf 62' lang='grc' dir='ltr'>ωτ-</span> 
     </span>
    </p>
   </div>
   <div class='ocr_carea' id='block_1_101' title="bbox 2084 3862 3737 3939">
    <p class='ocr_par' dir='ltr' id='par_1_101' title="bbox 2084 3862 3737 3939">
     <span class='ocr_line' id='line_1_101' title="bbox 2084 3862 3737 3939; baseline -0.002 -17"><span class='ocrx_word' id='word_1_739' title='bbox 2084 3882 2224 3939; x_wconf 85' lang='lat' dir='ltr'>gum</span> <span class='ocrx_word' id='word_1_740' title='bbox 2257 3867 2405 3937; x_wconf 90' lang='lat' dir='ltr'>ejus,</span> <span class='ocrx_word' id='word_1_741' title='bbox 2437 3870 2493 3921; x_wconf 89' lang='lat' dir='ltr'>et</span> <span class='ocrx_word' id='word_1_742' title='bbox 2529 3866 2792 3938; x_wconf 90' lang='lat' dir='ltr'>undique</span> <span class='ocrx_word' id='word_1_743' title='bbox 2848 3865 3124 3938; x_wconf 86' lang='lat' dir='ltr'>angustia</span> <span class='ocrx_word' id='word_1_744' title='bbox 3177 3863 3262 3919; x_wconf 90' lang='lat' dir='ltr'>illi</span> <span class='ocrx_word' id='word_1_745' title='bbox 3320 3870 3472 3920; x_wconf 84' lang='lat' dir='ltr'>erat.</span> <span class='ocrx_word' id='word_1_746' title='bbox 3515 3865 3600 3920; x_wconf 45' lang='lat' dir='ltr'>.In</span> <span class='ocrx_word' id='word_1_747' title='bbox 3647 3862 3737 3919; x_wconf 85' lang='lat' dir='ltr'>illo</span> 
     </span>
    </p>
   </div>
   <div class='ocr_carea' id='block_1_102' title="bbox 2083 3954 3738 4028">
    <p class='ocr_par' dir='ltr' id='par_1_102' title="bbox 2083 3954 3738 4028">
     <span class='ocr_line' id='line_1_102' title="bbox 2083 3954 3738 4028; baseline -0.001 -19"><span class='ocrx_word' id='word_1_748' title='bbox 2083 3960 2344 4027; x_wconf 89' lang='lat' dir='ltr'>tempore</span> <span class='ocrx_word' id='word_1_749' title='bbox 2372 3955 2729 4028; x_wconf 89' lang='lat' dir='ltr'>lacrymatus</span> <span class='ocrx_word' id='word_1_750' title='bbox 2751 3959 2840 4010; x_wconf 90' lang='lat' dir='ltr'>est</span> <span class='ocrx_word' id='word_1_751' title='bbox 2869 3955 2940 4010; x_wconf 88' lang='lat' dir='ltr'>ad</span> <span class='ocrx_word' id='word_1_752' title='bbox 2965 3955 3248 4010; x_wconf 89' lang='lat' dir='ltr'>Deum.Et</span> <span class='ocrx_word' id='word_1_753' title='bbox 3271 3955 3556 4010; x_wconf 87' lang='lat' dir='ltr'>continuo</span> <span class='ocrx_word' id='word_1_754' title='bbox 3587 3954 3738 4009; x_wconf 84' lang='lat' dir='ltr'>Deus</span> 
     </span>
    </p>
   </div>
   <div class='ocr_carea' id='block_1_103' title="bbox 2087 4041 3739 4110">
    <p class='ocr_par' dir='ltr' id='par_1_103' title="bbox 2087 4041 3739 4110">
     <span class='ocr_line' id='line_1_103' title="bbox 2087 4041 3739 4110; baseline -0.001 -11"><span class='ocrx_word' id='word_1_755' title='bbox 2087 4046 2158 4099; x_wconf 91' lang='lat' dir='ltr'>ad</span> <span class='ocrx_word' id='word_1_756' title='bbox 2193 4062 2328 4100; x_wconf 92' lang='lat' dir='ltr'>eum</span> <span class='ocrx_word' id='word_1_757' title='bbox 2362 4060 2375 4099; x_wconf 90' lang='lat'>:</span> <span class='ocrx_word' id='word_1_758' title='bbox 2409 4045 2556 4110; x_wconf 90' lang='lat' dir='ltr'>Quid</span> <span class='ocrx_word' id='word_1_759' title='bbox 2590 4043 2808 4100; x_wconf 89' lang='lat' dir='ltr'>clamas</span> <span class='ocrx_word' id='word_1_760' title='bbox 2867 4045 2938 4099; x_wconf 88' lang='lat' dir='ltr'>ad</span> <span class='ocrx_word' id='word_1_761' title='bbox 2969 4043 3104 4100; x_wconf 86' lang='lat' dir='ltr'>me?</span> <span class='ocrx_word' id='word_1_762' title='bbox 3141 4045 3284 4099; x_wconf 89' lang='lat' dir='ltr'>Dum</span> <span class='ocrx_word' id='word_1_763' title='bbox 3338 4059 3475 4098; x_wconf 87' lang='lat' dir='ltr'>cum</span> <span class='ocrx_word' id='word_1_764' title='bbox 3507 4041 3739 4098; x_wconf 80' lang='lat' dir='ltr'>silentio</span> 
     </span>
    </p>
   </div>
   <div class='ocr_carea' id='block_1_104' title="bbox 2088 4129 3740 4204">
    <p class='ocr_par' dir='ltr' id='par_1_104' title="bbox 2088 4129 3740 4204">
     <span class='ocr_line' id='line_1_104' title="bbox 2088 4129 3740 4204; baseline -0.004 -15"><span class='ocrx_word' id='word_1_765' title='bbox 2088 4134 2310 4202; x_wconf 90' lang='lat' dir='ltr'>orabat,</span> <span class='ocrx_word' id='word_1_766' title='bbox 2344 4135 2582 4189; x_wconf 90' lang='lat' dir='ltr'>auditus</span> <span class='ocrx_word' id='word_1_767' title='bbox 2615 4138 2722 4188; x_wconf 91' lang='lat' dir='ltr'>est.</span> <span class='ocrx_word' id='word_1_768' title='bbox 2754 4133 3053 4204; x_wconf 75' lang='lat' dir='ltr'>Scriptura</span> <span class='ocrx_word' id='word_1_769' title='bbox 3081 4137 3278 4188; x_wconf 88' lang='lat' dir='ltr'>autem</span> <span class='ocrx_word' id='word_1_770' title='bbox 3319 4149 3428 4188; x_wconf 89' lang='lat' dir='ltr'>non</span> <span class='ocrx_word' id='word_1_771' title='bbox 3460 4129 3740 4186; x_wconf 77' lang='lat' dir='ltr'>meminit</span> 
     </span>
    </p>
   </div>
   <div class='ocr_carea' id='block_1_105' title="bbox 2089 4219 3734 4294">
    <p class='ocr_par' dir='ltr' id='par_1_105' title="bbox 2089 4219 3734 4294">
     <span class='ocr_line' id='line_1_105' title="bbox 2089 4219 3734 4294; baseline -0.001 -19"><span class='ocrx_word' id='word_1_772' title='bbox 2089 4223 2243 4292; x_wconf 94' lang='lat' dir='ltr'>quod</span> <span class='ocrx_word' id='word_1_773' title='bbox 2271 4221 2500 4278; x_wconf 89' lang='lat' dir='ltr'>locutus</span> <span class='ocrx_word' id='word_1_774' title='bbox 2532 4221 2629 4286; x_wconf 88' lang='lat' dir='ltr'>sit,</span> <span class='ocrx_word' id='word_1_775' title='bbox 2664 4222 2764 4277; x_wconf 90' lang='lat' dir='ltr'>sed</span> <span class='ocrx_word' id='word_1_776' title='bbox 2799 4227 3026 4277; x_wconf 85' lang='lat' dir='ltr'>tantum</span> <span class='ocrx_word' id='word_1_777' title='bbox 3056 4223 3214 4294; x_wconf 89' lang='lat' dir='ltr'>quod</span> <span class='ocrx_word' id='word_1_778' title='bbox 3247 4222 3590 4292; x_wconf 74' lang='lat' dir='ltr'>laeryznatus</span> <span class='ocrx_word' id='word_1_779' title='bbox 3624 4219 3734 4274; x_wconf 74' lang='lat' dir='ltr'>sit.</span> 
     </span>
    </p>
   </div>
   <div class='ocr_carea' id='block_1_106' title="bbox 2090 4308 3740 4383">
    <p class='ocr_par' dir='ltr' id='par_1_106' title="bbox 2090 4308 3740 4383">
     <span class='ocr_line' id='line_1_106' title="bbox 2090 4308 3740 4383; baseline -0.001 -19"><span class='ocrx_word' id='word_1_780' title='bbox 2090 4315 2156 4364; x_wconf 82' lang='lat' dir='ltr'>Et</span> <span class='ocrx_word' id='word_1_781' title='bbox 2186 4311 2427 4382; x_wconf 88' lang='lat' dir='ltr'>sanguis</span> <span class='ocrx_word' id='word_1_782' title='bbox 2457 4316 2782 4382; x_wconf 82' lang='lat' dir='ltr'>martyrum</span> <span class='ocrx_word' id='word_1_783' title='bbox 2805 4327 3036 4383; x_wconf 88' lang='lat' dir='ltr'>semper</span> <span class='ocrx_word' id='word_1_784' title='bbox 3057 4309 3276 4367; x_wconf 87' lang='lat' dir='ltr'>clamat</span> <span class='ocrx_word' id='word_1_785' title='bbox 3302 4311 3372 4366; x_wconf 88' lang='lat' dir='ltr'>ad</span> <span class='ocrx_word' id='word_1_786' title='bbox 3389 4308 3740 4377; x_wconf 82' lang='lat' dir='ltr'>Dominum,</span> 
     </span>
    </p>
   </div>
   <div class='ocr_carea' id='block_1_107' title="bbox 2073 4397 3741 4455">
    <p class='ocr_par' dir='ltr' id='par_1_107' title="bbox 2073 4397 3741 4455">
     <span class='ocr_line' id='line_1_107' title="bbox 2073 4397 3741 4455; baseline 0 -1"><span class='ocrx_word' id='word_1_787' title='bbox 2073 4398 2148 4454; x_wconf 57' lang='lat' dir='ltr'>&#39;et</span> <span class='ocrx_word' id='word_1_788' title='bbox 2178 4399 2508 4454; x_wconf 85' lang='lat' dir='ltr'>exauditur.</span> <span class='ocrx_word' id='word_1_789' title='bbox 2543 4400 2614 4455; x_wconf 87' lang='lat' dir='ltr'>Et</span> <span class='ocrx_word' id='word_1_790' title='bbox 2641 4399 2928 4454; x_wconf 89' lang='lat' dir='ltr'>Dominus</span> <span class='ocrx_word' id='word_1_791' title='bbox 2955 4399 3189 4455; x_wconf 87' lang='lat' dir='ltr'>locutus</span> <span class='ocrx_word' id='word_1_792' title='bbox 3238 4402 3329 4454; x_wconf 87' lang='lat' dir='ltr'>est</span> <span class='ocrx_word' id='word_1_793' title='bbox 3359 4398 3503 4454; x_wconf 84' lang='lat' dir='ltr'>Cain</span> <span class='ocrx_word' id='word_1_794' title='bbox 3538 4416 3555 4453; x_wconf 72' lang='grc' dir='ltr'>ι</span> <span class='ocrx_word' id='word_1_795' title='bbox 3585 4397 3741 4454; x_wconf 72' lang='lat' dir='ltr'>San-</span> 
     </span>
    </p>
   </div>
   <div class='ocr_carea' id='block_1_108' title="bbox 2078 4487 3741 4560">
    <p class='ocr_par' dir='ltr' id='par_1_108' title="bbox 2078 4487 3741 4560">
     <span class='ocr_line' id='line_1_108' title="bbox 2078 4487 3741 4560; baseline -0.002 -17"><span class='ocrx_word' id='word_1_796' title='bbox 2078 4490 2210 4558; x_wconf 79' lang='lat' dir='ltr'>guis</span> <span class='ocrx_word' id='word_1_797' title='bbox 2239 4489 2432 4559; x_wconf 79' lang='lat' dir='ltr'>fratris</span> <span class='ocrx_word' id='word_1_798' title='bbox 2461 4493 2545 4543; x_wconf 78' lang='lat' dir='ltr'>tui</span> <span class='ocrx_word' id='word_1_799' title='bbox 2575 4489 2774 4543; x_wconf 77' lang='lat' dir='ltr'>clamat</span> <span class='ocrx_word' id='word_1_800' title='bbox 2813 4488 2891 4543; x_wconf 86' lang='lat' dir='ltr'>ad</span> <span class='ocrx_word' id='word_1_801' title='bbox 2918 4504 3005 4543; x_wconf 83' lang='lat' dir='ltr'>me</span> <span class='ocrx_word' id='word_1_802' title='bbox 3034 4487 3186 4560; x_wconf 85' lang='lat' dir='ltr'>(Gen.</span> <span class='ocrx_word' id='word_1_803' title='bbox 3245 4505 3320 4556; x_wconf 80' lang='lat' dir='ltr'>xv,</span> <span class='ocrx_word' id='word_1_804' title='bbox 3385 4487 3500 4558; x_wconf 87' lang='grc'>10).</span> <span class='ocrx_word' id='word_1_805' title='bbox 3559 4491 3627 4540; x_wconf 76' lang='lat' dir='ltr'>Et</span> <span class='ocrx_word' id='word_1_806' title='bbox 3682 4487 3741 4540; x_wconf 84' lang='lat' dir='ltr'>in</span> 
     </span>
    </p>
   </div>
   <div class='ocr_carea' id='block_1_109' title="bbox 2087 4573 3744 4651">
    <p class='ocr_par' dir='ltr' id='par_1_109' title="bbox 2087 4573 3744 4651">
     <span class='ocr_line' id='line_1_109' title="bbox 2087 4573 3744 4651; baseline -0.002 -18"><span class='ocrx_word' id='word_1_807' title='bbox 2087 4576 2433 4651; x_wconf 87' lang='lat' dir='ltr'>Apocalypsi</span> <span class='ocrx_word' id='word_1_808' title='bbox 2464 4577 2726 4644; x_wconf 88' lang='lat' dir='ltr'>Joannis,</span> <span class='ocrx_word' id='word_1_809' title='bbox 2756 4577 2966 4633; x_wconf 71' lang='lat' dir='ltr'>anima:</span> <span class='ocrx_word' id='word_1_810' title='bbox 2988 4578 3290 4649; x_wconf 86' lang='lat' dir='ltr'>justorum</span> <span class='ocrx_word' id='word_1_811' title='bbox 3319 4576 3434 4631; x_wconf 86' lang='lat' dir='ltr'>sub</span> <span class='ocrx_word' id='word_1_812' title='bbox 3468 4573 3638 4632; x_wconf 81' lang='lat' dir='ltr'>altari</span> <span class='ocrx_word' id='word_1_813' title='bbox 3656 4574 3744 4630; x_wconf 79' lang='lat' dir='ltr'>di-</span> 
     </span>
    </p>
   </div>
   <div class='ocr_carea' id='block_1_110' title="bbox 2088 4665 3744 4737">
    <p class='ocr_par' dir='ltr' id='par_1_110' title="bbox 2088 4665 3744 4737">
     <span class='ocr_line' id='line_1_110' title="bbox 2088 4665 3744 4737; baseline -0.001 -16"><span class='ocrx_word' id='word_1_814' title='bbox 2088 4667 2295 4722; x_wconf 88' lang='lat' dir='ltr'>cebant</span> <span class='ocrx_word' id='word_1_815' title='bbox 2325 4667 2396 4720; x_wconf 89' lang='lat' dir='ltr'>ad</span> <span class='ocrx_word' id='word_1_816' title='bbox 2426 4665 2739 4721; x_wconf 89' lang='lat' dir='ltr'>Dominum</span> <span class='ocrx_word' id='word_1_817' title='bbox 2774 4681 2787 4720; x_wconf 89' lang='lat'>:</span> <span class='ocrx_word' id='word_1_818' title='bbox 2823 4667 3122 4737; x_wconf 82' lang='lat' dir='ltr'>Usquequo,</span> <span class='ocrx_word' id='word_1_819' title='bbox 3181 4665 3432 4736; x_wconf 71' lang='lat' dir='ltr'>Domine,</span> <span class='ocrx_word' id='word_1_820' title='bbox 3490 4680 3606 4720; x_wconf 81' lang='lat' dir='ltr'>non</span> <span class='ocrx_word' id='word_1_821' title='bbox 3648 4679 3744 4719; x_wconf 73' lang='lat' dir='ltr'>nos</span> 
     </span>
    </p>
   </div>
   <div class='ocr_carea' id='block_1_111' title="bbox 2090 4753 3743 4827">
    <p class='ocr_par' dir='ltr' id='par_1_111' title="bbox 2090 4753 3743 4827">
     <span class='ocr_line' id='line_1_111' title="bbox 2090 4753 3743 4827; baseline -0.001 -17"><span class='ocrx_word' id='word_1_822' title='bbox 2090 4755 2333 4827; x_wconf 78' lang='lat' dir='ltr'>defendis</span> <span class='ocrx_word' id='word_1_823' title='bbox 2378 4756 2577 4827; x_wconf 69' lang='lat' dir='ltr'>(Apoc.</span> <span class='ocrx_word' id='word_1_824' title='bbox 2624 4771 2700 4821; x_wconf 72' lang='lat' dir='ltr'>vx,</span> <span class='ocrx_word' id='word_1_825' title='bbox 2751 4755 2885 4824; x_wconf 81' lang='lat'>10)?</span> <span class='ocrx_word' id='word_1_826' title='bbox 2927 4753 3112 4810; x_wconf 88' lang='lat' dir='ltr'>Simul</span> <span class='ocrx_word' id='word_1_827' title='bbox 3159 4757 3358 4809; x_wconf 84' lang='lat' dir='ltr'>autem</span> <span class='ocrx_word' id='word_1_828' title='bbox 3408 4754 3743 4810; x_wconf 82' lang='lat' dir='ltr'>considere-</span> 
     </span>
    </p>
   </div>
   <div class='ocr_carea' id='block_1_112' title="bbox 2093 4842 3740 4916">
    <p class='ocr_par' dir='ltr' id='par_1_112' title="bbox 2093 4842 3740 4916">
     <span class='ocr_line' id='line_1_112' title="bbox 2093 4842 3740 4916; baseline -0.002 -17"><span class='ocrx_word' id='word_1_829' title='bbox 2093 4861 2227 4901; x_wconf 87' lang='lat' dir='ltr'>mus</span> <span class='ocrx_word' id='word_1_830' title='bbox 2257 4845 2395 4916; x_wconf 91' lang='lat' dir='ltr'>quia</span> <span class='ocrx_word' id='word_1_831' title='bbox 2424 4843 2634 4900; x_wconf 68' lang='lat' dir='ltr'>animaa</span> <span class='ocrx_word' id='word_1_832' title='bbox 2686 4843 2984 4914; x_wconf 89' lang='lat' dir='ltr'>justorum</span> <span class='ocrx_word' id='word_1_833' title='bbox 3043 4842 3254 4899; x_wconf 86' lang='lat' dir='ltr'>altaria</span> <span class='ocrx_word' id='word_1_834' title='bbox 3295 4847 3438 4898; x_wconf 85' lang='lat' dir='ltr'>sunt</span> <span class='ocrx_word' id='word_1_835' title='bbox 3483 4842 3740 4899; x_wconf 85' lang='lat' dir='ltr'>Domini.</span> 
     </span>
    </p>
   </div>
   <div class='ocr_carea' id='block_1_113' title="bbox 2098 4931 3742 4999">
    <p class='ocr_par' dir='ltr' id='par_1_113' title="bbox 2098 4931 3742 4999">
     <span class='ocr_line' id='line_1_113' title="bbox 2098 4931 3742 4999; baseline 0.002 -16"><span class='ocrx_word' id='word_1_836' title='bbox 2098 4956 2118 4983; x_wconf 73' lang='grc' dir='ltr'><strong><em>α</em></strong></span> <span class='ocrx_word' id='word_1_837' title='bbox 2156 4933 2395 4989; x_wconf 88' lang='lat' dir='ltr'>Intende</span> <span class='ocrx_word' id='word_1_838' title='bbox 2423 4933 2548 4988; x_wconf 85' lang='lat' dir='ltr'>voci</span> <span class='ocrx_word' id='word_1_839' title='bbox 2579 4949 2742 4999; x_wconf 69' lang='lat' dir='ltr'>mete,</span> <span class='ocrx_word' id='word_1_840' title='bbox 2797 4949 2931 4987; x_wconf 92' lang='lat' dir='ltr'>cum</span> <span class='ocrx_word' id='word_1_841' title='bbox 2990 4931 3312 4988; x_wconf 82' lang='lat' dir='ltr'>elamavero</span> <span class='ocrx_word' id='word_1_842' title='bbox 3343 4933 3420 4987; x_wconf 84' lang='lat' dir='ltr'>ad</span> <span class='ocrx_word' id='word_1_843' title='bbox 3448 4937 3536 4987; x_wconf 85' lang='lat' dir='ltr'>te.</span> <span class='ocrx_word' id='word_1_844' title='bbox 3566 4953 3596 4982; x_wconf 69' lang='grc' dir='ltr'>ιι</span> <span class='ocrx_word' id='word_1_845' title='bbox 3630 4931 3742 4988; x_wconf 85' lang='lat' dir='ltr'>Hoc</span> 
     </span>
    </p>
   </div>
   <div class='ocr_carea' id='block_1_114' title="bbox 2093 5020 3742 5093">
    <p class='ocr_par' dir='ltr' id='par_1_114' title="bbox 2093 5020 3742 5093">
     <span class='ocr_line' id='line_1_114' title="bbox 2093 5020 3742 5093; baseline -0.002 -14"><span class='ocrx_word' id='word_1_846' title='bbox 2093 5027 2206 5093; x_wconf 85' lang='lat' dir='ltr'>est,</span> <span class='ocrx_word' id='word_1_847' title='bbox 2243 5022 2373 5078; x_wconf 92' lang='lat' dir='ltr'>vide</span> <span class='ocrx_word' id='word_1_848' title='bbox 2393 5026 2450 5077; x_wconf 90' lang='lat' dir='ltr'>et</span> <span class='ocrx_word' id='word_1_849' title='bbox 2483 5021 2807 5087; x_wconf 87' lang='lat' dir='ltr'>considera,</span> <span class='ocrx_word' id='word_1_850' title='bbox 2839 5038 2872 5078; x_wconf 95' lang='lat' dir='ltr'>o</span> <span class='ocrx_word' id='word_1_851' title='bbox 2903 5021 3171 5089; x_wconf 89' lang='lat' dir='ltr'>Domine,</span> <span class='ocrx_word' id='word_1_852' title='bbox 3219 5020 3364 5092; x_wconf 92' lang='lat' dir='ltr'>quid</span> <span class='ocrx_word' id='word_1_853' title='bbox 3389 5027 3528 5093; x_wconf 84' lang='lat' dir='ltr'>peto</span> <span class='ocrx_word' id='word_1_854' title='bbox 3557 5039 3573 5076; x_wconf 96' lang='lat'>:</span> <span class='ocrx_word' id='word_1_855' title='bbox 3600 5036 3742 5093; x_wconf 84' lang='lat' dir='ltr'>quo-</span> 
     </span>
    </p>
   </div>
   <div class='ocr_carea' id='block_1_115' title="bbox 2094 5108 3744 5183">
    <p class='ocr_par' dir='ltr' id='par_1_115' title="bbox 2094 5108 3744 5183">
     <span class='ocr_line' id='line_1_115' title="bbox 2094 5108 3744 5183; baseline -0.002 -17"><span class='ocrx_word' id='word_1_856' title='bbox 2094 5112 2252 5166; x_wconf 90' lang='lat' dir='ltr'>niam</span> <span class='ocrx_word' id='word_1_857' title='bbox 2285 5128 2400 5167; x_wconf 89' lang='lat' dir='ltr'>non</span> <span class='ocrx_word' id='word_1_858' title='bbox 2431 5114 2562 5183; x_wconf 89' lang='lat' dir='ltr'>peto</span> <span class='ocrx_word' id='word_1_859' title='bbox 2587 5109 2872 5183; x_wconf 87' lang='lat' dir='ltr'>corporali</span> <span class='ocrx_word' id='word_1_860' title='bbox 2906 5108 3214 5177; x_wconf 88' lang='lat' dir='ltr'>desiderio,</span> <span class='ocrx_word' id='word_1_861' title='bbox 3245 5113 3348 5166; x_wconf 85' lang='lat' dir='ltr'>aut</span> <span class='ocrx_word' id='word_1_862' title='bbox 3375 5125 3619 5178; x_wconf 76' lang='lat' dir='ltr'>aurum,</span> <span class='ocrx_word' id='word_1_863' title='bbox 3649 5110 3744 5165; x_wconf 78' lang='lat' dir='ltr'>aut</span> 
     </span>
    </p>
   </div>
   <div class='ocr_carea' id='block_1_116' title="bbox 2092 5197 3742 5272">
    <p class='ocr_par' dir='ltr' id='par_1_116' title="bbox 2092 5197 3742 5272">
     <span class='ocr_line' id='line_1_116' title="bbox 2092 5197 3742 5272; baseline -0.001 -19"><span class='ocrx_word' id='word_1_864' title='bbox 2092 5201 2208 5256; x_wconf 86' lang='lat' dir='ltr'>tale</span> <span class='ocrx_word' id='word_1_865' title='bbox 2226 5199 2447 5272; x_wconf 90' lang='lat' dir='ltr'>aliquid</span> <span class='ocrx_word' id='word_1_866' title='bbox 2469 5198 2846 5271; x_wconf 85' lang='lat' dir='ltr'>hujusmodi:</span> <span class='ocrx_word' id='word_1_867' title='bbox 2871 5198 2972 5254; x_wconf 90' lang='lat' dir='ltr'>sed</span> <span class='ocrx_word' id='word_1_868' title='bbox 2995 5202 3062 5254; x_wconf 89' lang='lat' dir='ltr'>ut</span> <span class='ocrx_word' id='word_1_869' title='bbox 3089 5197 3560 5254; x_wconf 85' lang='lat' dir='ltr'>misericordiam</span> <span class='ocrx_word' id='word_1_870' title='bbox 3583 5203 3742 5253; x_wconf 76' lang='lat' dir='ltr'>tuam</span> 
     </span>
    </p>
   </div>
   <div class='ocr_carea' id='block_1_117' title="bbox 2094 5285 3743 5359">
    <p class='ocr_par' dir='ltr' id='par_1_117' title="bbox 2094 5285 3743 5359">
     <span class='ocr_line' id='line_1_117' title="bbox 2094 5285 3743 5359; baseline -0.001 -17"><span class='ocrx_word' id='word_1_871' title='bbox 2094 5303 2437 5359; x_wconf 87' lang='lat' dir='ltr'>consequar.</span> <span class='ocrx_word' id='word_1_872' title='bbox 2499 5287 2805 5359; x_wconf 86' lang='lat' dir='ltr'>Propterea</span> <span class='ocrx_word' id='word_1_873' title='bbox 2858 5286 3021 5356; x_wconf 90' lang='lat' dir='ltr'>dicit,</span> <span class='ocrx_word' id='word_1_874' title='bbox 3051 5288 3298 5355; x_wconf 78' lang='lat' dir='ltr'>intende,</span> <span class='ocrx_word' id='word_1_875' title='bbox 3331 5286 3442 5344; x_wconf 85' lang='lat' dir='ltr'>hoc</span> <span class='ocrx_word' id='word_1_876' title='bbox 3471 5293 3583 5354; x_wconf 85' lang='lat' dir='ltr'>est,</span> <span class='ocrx_word' id='word_1_877' title='bbox 3607 5285 3743 5341; x_wconf 84' lang='lat' dir='ltr'>dili-</span> 
     </span>
    </p>
   </div>
   <div class='ocr_carea' id='block_1_118' title="bbox 2094 5375 3303 5449">
    <p class='ocr_par' dir='ltr' id='par_1_118' title="bbox 2094 5375 3303 5449">
     <span class='ocr_line' id='line_1_118' title="bbox 2094 5375 3303 5449; baseline -0.001 -17"><span class='ocrx_word' id='word_1_878' title='bbox 2094 5379 2296 5449; x_wconf 82' lang='lat' dir='ltr'>genter</span> <span class='ocrx_word' id='word_1_879' title='bbox 2325 5376 2481 5444; x_wconf 89' lang='lat' dir='ltr'>audi,</span> <span class='ocrx_word' id='word_1_880' title='bbox 2514 5377 2652 5448; x_wconf 88' lang='lat' dir='ltr'>quia</span> <span class='ocrx_word' id='word_1_881' title='bbox 2683 5375 2830 5432; x_wconf 88' lang='lat' dir='ltr'>nihil</span> <span class='ocrx_word' id='word_1_882' title='bbox 2860 5375 3114 5432; x_wconf 89' lang='lat' dir='ltr'>alienum</span> <span class='ocrx_word' id='word_1_883' title='bbox 3145 5379 3303 5448; x_wconf 86' lang='lat' dir='ltr'>peto.</span> 
     </span>
    </p>
   </div>
   <div class='ocr_carea' id='block_1_119' title="bbox 2167 5464 3740 5536">
    <p class='ocr_par' dir='ltr' id='par_1_119' title="bbox 2167 5464 3740 5536">
     <span class='ocr_line' id='line_1_119' title="bbox 2167 5464 3740 5536; baseline 0.001 -17"><span class='ocrx_word' id='word_1_884' title='bbox 2167 5487 2195 5514; x_wconf 90' lang='grc'>‹‹</span> <span class='ocrx_word' id='word_1_885' title='bbox 2230 5464 2519 5536; x_wconf 86' lang='lat' dir='ltr'>Dirigatur</span> <span class='ocrx_word' id='word_1_886' title='bbox 2547 5465 2730 5520; x_wconf 90' lang='lat' dir='ltr'>oratio</span> <span class='ocrx_word' id='word_1_887' title='bbox 2761 5481 2910 5535; x_wconf 89' lang='lat' dir='ltr'>mea,</span> <span class='ocrx_word' id='word_1_888' title='bbox 2955 5464 3105 5520; x_wconf 86' lang='lat' dir='ltr'>sicut</span> <span class='ocrx_word' id='word_1_889' title='bbox 3155 5465 3465 5520; x_wconf 86' lang='lat' dir='ltr'>incensum</span> <span class='ocrx_word' id='word_1_890' title='bbox 3525 5464 3588 5520; x_wconf 90' lang='lat' dir='ltr'>in</span> <span class='ocrx_word' id='word_1_891' title='bbox 3619 5481 3740 5521; x_wconf 79' lang='lat' dir='ltr'>con-</span> 
     </span>
    </p>
   </div>
   <div class='ocr_carea' id='block_1_120' title="bbox 2095 5553 3737 5626">
    <p class='ocr_par' dir='ltr' id='par_1_120' title="bbox 2095 5553 3737 5626">
     <span class='ocr_line' id='line_1_120' title="bbox 2095 5553 3737 5626; baseline -0.001 -17"><span class='ocrx_word' id='word_1_892' title='bbox 2095 5557 2297 5625; x_wconf 87' lang='lat' dir='ltr'>spectu</span> <span class='ocrx_word' id='word_1_893' title='bbox 2328 5559 2450 5609; x_wconf 92' lang='lat' dir='ltr'>tuo.</span> <span class='ocrx_word' id='word_1_894' title='bbox 2485 5576 2513 5604; x_wconf 84' lang='lat'><strong>»</strong></span> <span class='ocrx_word' id='word_1_895' title='bbox 2544 5558 2662 5609; x_wconf 87' lang='lat' dir='ltr'>Hoc</span> <span class='ocrx_word' id='word_1_896' title='bbox 2691 5558 2797 5625; x_wconf 87' lang='lat' dir='ltr'>est,</span> <span class='ocrx_word' id='word_1_897' title='bbox 2832 5557 2989 5610; x_wconf 87' lang='lat' dir='ltr'>recta</span> <span class='ocrx_word' id='word_1_898' title='bbox 3026 5555 3098 5609; x_wconf 90' lang='lat' dir='ltr'>ad</span> <span class='ocrx_word' id='word_1_899' title='bbox 3129 5557 3185 5609; x_wconf 86' lang='lat' dir='ltr'>te</span> <span class='ocrx_word' id='word_1_900' title='bbox 3210 5553 3524 5626; x_wconf 80' lang='lat' dir='ltr'>perveniat</span> <span class='ocrx_word' id='word_1_901' title='bbox 3565 5554 3737 5611; x_wconf 83' lang='lat' dir='ltr'>oratio</span> 
     </span>
    </p>
   </div>
   <div class='ocr_carea' id='block_1_121' title="bbox 2095 5642 3733 5716">
    <p class='ocr_par' dir='ltr' id='par_1_121' title="bbox 2095 5642 3733 5716">
     <span class='ocr_line' id='line_1_121' title="bbox 2095 5642 3733 5716; baseline -0.001 -18"><span class='ocrx_word' id='word_1_902' title='bbox 2095 5659 2248 5711; x_wconf 89' lang='lat' dir='ltr'>mea,</span> <span class='ocrx_word' id='word_1_903' title='bbox 2306 5660 2423 5699; x_wconf 91' lang='lat' dir='ltr'>non</span> <span class='ocrx_word' id='word_1_904' title='bbox 2455 5643 2675 5700; x_wconf 87' lang='lat' dir='ltr'>habens</span> <span class='ocrx_word' id='word_1_905' title='bbox 2704 5642 2931 5715; x_wconf 85' lang='lat' dir='ltr'>aliquas</span> <span class='ocrx_word' id='word_1_906' title='bbox 2989 5644 3212 5714; x_wconf 79' lang='lat' dir='ltr'>sordes,</span> <span class='ocrx_word' id='word_1_907' title='bbox 3271 5648 3375 5700; x_wconf 88' lang='lat' dir='ltr'>aut.</span> <span class='ocrx_word' id='word_1_908' title='bbox 3430 5643 3597 5716; x_wconf 77' lang='lat' dir='ltr'>vit-ia,</span> <span class='ocrx_word' id='word_1_909' title='bbox 3646 5645 3733 5699; x_wconf 74' lang='lat' dir='ltr'>aut</span> 
     </span>
    </p>
   </div>
   <div class='ocr_carea' id='block_1_122' title="bbox 2094 5731 3734 5804">
    <p class='ocr_par' dir='ltr' id='par_1_122' title="bbox 2094 5731 3734 5804">
     <span class='ocr_line' id='line_1_122' title="bbox 2094 5731 3734 5804; baseline 0.002 -14"><span class='ocrx_word' id='word_1_910' title='bbox 2094 5732 2475 5804; x_wconf 82' lang='lat' dir='ltr'>cogitationes</span> <span class='ocrx_word' id='word_1_911' title='bbox 2507 5731 2843 5793; x_wconf 81' lang='lat' dir='ltr'>diabolicae.</span> <span class='ocrx_word' id='word_1_912' title='bbox 2876 5734 3186 5792; x_wconf 76' lang='lat' dir='ltr'>Incensura</span> <span class='ocrx_word' id='word_1_913' title='bbox 3216 5735 3417 5792; x_wconf 87' lang='lat' dir='ltr'>autem</span> <span class='ocrx_word' id='word_1_914' title='bbox 3447 5731 3734 5793; x_wconf 62' lang='lat' dir='ltr'>orationi!</span> 
     </span>
    </p>
   </div>
  </div>
