3992 6194
272 432 430 503 1309

1449 436 1943 502 BREVIARIUM
1985 437 2064 502 IN
2112 438 2495 504 PSALMOS.

3520 434 3680 502 1310

268 574 614 630 sanctorum
648 575 809 630 sunt.
845 573 965 630 Hoc
992 577 1187 631 autem
1227 572 1639 647 cognoscimus
1679 574 1751 629 de
1770 573 1919 644 Apo-
1949 571 2006 641 Α
2034 572 2246 630 mulier
2272 574 2430 631 venit
2457 575 2531 630 ad
2558 589 2674 646 me,
2698 572 2829 647 ipsa
2848 572 3029 643 misit,
3051 575 3181 649 ipsa
3204 590 3296 633 me
3316 573 3527 648 tetigit,
3548 572 3682 646 ipsa

271 660 515 733 calypsi,
548 662 783 733 quando
814 663 1020 735 viginti
1065 667 1315 735 quatuor
1360 662 1618 719 seniores
1648 662 1925 718 tenebant

271 748 594 819 thuribula,
628 754 684 806 et
713 751 1020 809 dicebant:
1066 754 1190 811 Ηςῑε
1231 761 1359 808 sunt
1403 754 1671 809 orationes
1707 755 1919 807 sancto-

272 856 399 896 rum
425 840 608 911 (Apoc.
639 858 695 911 v,
727 842 803 911 8).
842 862 864 893 ι
908 841 1158 899 Elevatio
1203 858 1488 899 manuum
1536 858 1803 899 mearum
1833 856 1924 897 sa-

273 928 561 986 crificium
620 930 1041 1002 vespertinum.
1091 954 1111 981 η
1161 930 1418 989 Elevatio
1470 946 1754 987 manuum
1812 934 1923 985 Do—

275 1017 505 1075 minum
564 1018 949 1083 demonstrat,
1009 1025 1067 1077 et
1122 1020 1182 1076 in
1258 1020 1578 1077 elevatione
1637 1034 1919 1076 manuum

274 1106 601 1164 Creatorem
633 1107 926 1165 videmus.
958 1109 1103 1166 Vide
1150 1114 1368 1178 autem,
1421 1110 1561 1182 quia
1608 1125 1722 1165 non
1754 1107 1920 1175 dixit,

272 1196 535 1253 extensio
566 1214 852 1254 manuum
883 1215 1167 1255 mearum.
1202 1199 1469 1256 Extensio
1497 1198 1655 1256 enim
1687 1214 1801 1254 non
1836 1200 1926 1255 est

273 1283 535 1341 elevatio.
589 1286 701 1355 Sed
750 1288 1011 1343 extendit
1056 1287 1295 1361 aliquis,
1322 1293 1381 1344 et
1426 1292 1560 1361 post
1582 1292 1835 1359 tergum,
1866 1290 1925 1342 et

273 1372 335 1428 in
387 1372 566 1442 latus,
616 1374 725 1432 hoc
767 1381 877 1445 est,
910 1377 968 1432 in
1021 1377 1200 1434 vitia:
1254 1377 1751 1450 quemadmodum
1784 1375 1925 1431 dicit

271 1462 594 1520 Dominus:
627 1466 691 1520 Et
721 1467 940 1537 quando
969 1468 1330 1524 extenderitis
1373 1467 1445 1523 ad
1491 1482 1580 1523 me
1614 1481 1813 1521 manus
1834 1480 1923 1521 ve-

269 1559 432 1623 stras,
462 1570 574 1610 non
619 1554 919 1611 exaudiam
978 1572 1068 1612 vos
1124 1557 1252 1626 (Isa.
1285 1574 1325 1623 ι,
1360 1556 1468 1627 15).
1502 1578 1529 1607 ‹‹
1560 1554 1923 1612 Sacrificium

270 1644 698 1714 vespertinum,
743 1666 771 1692 »
830 1644 1143 1701 undecima
1172 1645 1334 1712 hora,
1397 1647 1452 1701 id
1512 1650 1601 1702 est
1650 1644 1708 1699 in
1740 1644 1923 1698 Evan-

272 1731 443 1805 gelio,
474 1731 598 1789 levo
625 1750 839 1790 manus
869 1750 1050 1791 meas.
1086 1738 1152 1790 Et
1189 1735 1402 1791 iterum
1433 1733 1784 1807 Apostolus:
1819 1734 1927 1788 Le-

273 1829 398 1877 vate
425 1838 623 1878 manus
670 1832 871 1880 vestras
925 1824 996 1879 ad
1050 1826 1328 1881 orationes
1378 1827 1427 1893 (I
1486 1826 1620 1880 Tim.
1653 1840 1716 1890 ιι,
1749 1823 1825 1893 8).
1859 1825 1927 1876 Et

2032 661 2177 718 mihi
2206 660 2351 717 illud
2385 662 2550 732 dixit,
2590 662 2729 734 ipsa
2748 680 2841 719 me
2884 664 3130 735 vocavit,
3177 669 3236 720 et
3283 682 3387 737 pro
3432 679 3546 736 quo
3575 664 3676 719 de-

2031 753 2349 810 bueramus
2380 752 2781 825 pmnitentiam
2823 768 2994 826 agere
3041 758 3098 809 et
3148 753 3374 810 dicere:
3408 752 3673 821 Domine,

2030 840 2282 914 peccavi,
2313 858 2685 907 excusemus,
2717 846 2774 897 et
2795 842 3106 916 jungimus
3138 846 3373 915 peccata
3396 841 3671 915 peccatis.

2030 931 2272 1003 IEquale
2317 948 2529 1003 corpus
2586 930 2873 987 habemus
2931 948 3135 988 omnes
3191 930 3449 987 diversos
3479 934 3675 986 autem

2031 1019 2282 1076 labores.
2315 1023 2437 1076 Non
2467 1024 2547 1076 est
2574 1036 2932 1091 personan
2976 1029 3228 1092 acceptor
3278 1020 3417 1075 Deus
3447 1019 3582 1089 (Act.
3615 1036 3672 1086 x,

2032 1111 2144 1179 34).
2177 1108 2280 1163 Vis
2312 1125 2447 1181 ergo
2472 1108 2621 1163 scire
2650 1108 2802 1179 quod
2837 1109 3059 1180 aequale
3088 1108 3376 1164 habemus
3404 1112 3463 1163 et
3493 1123 3600 1163 nos
3621 1111 3678 1162 et

2032 1198 2222 1256 sancti
2252 1202 2508 1271 corpus?
2552 1197 2771 1253 Paulus
2821 1197 3135 1270 Apostolus
3180 1197 3359 1253 dicit:
3398 1195 3554 1253 Video
3582 1212 3679 1250 au-

2030 1291 2139 1345 tem
2183 1289 2359 1344 aliam
2405 1287 2579 1359 legem
2624 1291 3021 1359 repugnantem
3068 1288 3181 1357 legi
3213 1288 3411 1342 mentis
3438 1299 3598 1351 meae,
3629 1292 3680 1341 et

2029 1379 2398 1449 captivaan
2452 1393 2539 1432 me
2594 1378 2656 1431 in
2713 1378 2830 1446 lege
2874 1378 3080 1448 peccati
3107 1376 3285 1448 (Rom.
3334 1390 3432 1444 vn,
3463 1375 3576 1443 23).
3609 1374 3680 1429 Et

2032 1467 2244 1522 iterum
2278 1471 2409 1539 post
2446 1466 2605 1521 haec:
2653 1467 2952 1538 Propterea
2997 1468 3206 1535 castigo
3249 1480 3443 1536 corpus
3490 1479 3677 1518 meum

2032 1557 2170 1611 etin
2223 1556 2543 1611 servitutem
2587 1556 2838 1625 subiicio,
2892 1572 2963 1611 ne
3026 1556 3156 1610 aliis
3202 1553 3534 1626 pradicans,
3565 1553 3681 1623 ipse

2035 1645 2296 1717 reprobus
2325 1646 2580 1700 inveniar
2610 1647 2657 1711 (1
2684 1645 2804 1701 Cor.
2865 1661 2941 1711 ιχ,
2990 1646 3105 1715 27).
3164 1647 3232 1698 Et
3284 1643 3541 1699 iterum:
3574 1641 3677 1696 Mi-

2032 1750 2121 1790 ser
2155 1750 2250 1805 ego
2281 1734 2457 1805 homo,
2488 1735 2611 1807 quis
2650 1750 2742 1790 me
2796 1733 3055 1789 liberabit
3113 1732 3186 1788 de
3240 1746 3461 1802 corpore
3489 1729 3680 1785 mortis

2033 1822 2196 1887 huius
2225 1823 2403 1894 (Rom.
2443 1839 2543 1888 vu,
2569 1823 2710 1893 2/1)?
2756 1822 3023 1878 Diversos
3053 1834 3191 1894 ergo
3221 1820 3450 1876 labores
3507 1818 3681 1874 habe-

274 1910 503 1982 Moyses
551 1913 788 1983 quando
845 1911 1071 1969 levabat
1127 1930 1361 1978 manus,
1416 1913 1686 1970 vincebat
1709 1912 1921 1968 Jesus:
1954 1945 2002 2012 Β
2035 1928 2189 1967 mus.
2221 1913 2291 1966 Et
2344 1916 2631 1982 quantum
2689 1912 2820 1982 quis
2877 1911 3122 1977 laborat,
3181 1912 3411 1966 tantum
3439 1911 3499 1963 et
3528 1922 3675 1978 prae-

273 2000 510 2070 quando
541 2000 887 2073 deponebat,
918 2002 1259 2059 vincebatur
1288 2002 1481 2073 (Exod.
1532 2018 1670 2071 xvn,
1705 2000 1820 2071 11).
1860 1999 1919 2056 Si

274 2084 539 2159 intelligo
595 2088 932 2160 Scripturas
990 2090 1316 2146 secundum
1375 2089 1678 2145 historiam
1741 2092 1801 2145 et
1830 2103 1920 2144 se-

271 2176 535 2232 cundum
592 2176 872 2245 litteram,
929 2177 1156 2249 Moyses
1211 2178 1487 2233 deorsum
1562 2176 1739 2232 habet
1795 2193 1921 2234 ma-

270 2281 403 2321 nus.
435 2265 494 2319 Si
525 2268 726 2321 autem
759 2265 1164 2336 spiritualiter,
1204 2265 1391 2322 elevat
1440 2282 1652 2323 manus
1699 2280 1839 2323 suas
1863 2266 1922 2321 in

273 2350 483 2411 altum.

344 2481 373 2509 ‹‹
405 2463 579 2528 Pone,
631 2461 895 2527 Domine,
946 2462 1275 2517 custodiam
1326 2462 1413 2518 ori
1466 2478 1615 2519 meo.
1647 2481 1676 2514 ι
1711 2461 1849 2518 Mors
1876 2464 1927 2517 et

270 2549 386 2604 vita
407 2550 469 2604 in
487 2550 748 2605 manibus
776 2551 997 2623 tinguatD
1025 2551 1206 2617 (Prov.
1238 2567 1402 2622 xvm,
1436 2552 1547 2622 22).
1575 2551 1645 2606 Et
1670 2551 1882 2606 iterum
1910 2567 1923 2606 :

272 2638 446 2693 Amen
491 2637 611 2694 dico
666 2638 859 2701 vobis;
917 2641 1179 2710 quoniam
1236 2640 1304 2695 de
1362 2641 1515 2695 omni
1558 2642 1725 2696 otioso
1766 2639 1926 2694 verbo

279 2726 419 2797 quod
449 2728 621 2783 locuti
644 2729 884 2797 fueritis,
915 2728 1156 2783 reddetis
1201 2730 1476 2784 rationem
1525 2731 1585 2783 in
1613 2728 1702 2783 die
1720 2727 1927 2800 judicii

275 2814 490 2887 (Matth.
524 2832 622 2881 xu,
653 2816 764 2883 36).
798 2816 917 2871 Hoc
936 2831 1073 2889 ergo
1095 2815 1353 2888 postulat
1381 2817 1688 2889 Propheta,
1722 2821 1787 2872 ut
1808 2832 1928 2872 om-

276 2919 353 2960 ne
374 2903 528 2975 quod
546 2903 824 2976 loquitur,
840 2920 955 2961 non
980 2905 1057 2961 sit
1077 2905 1352 2972 otiosum,
1371 2907 1469 2962 sed
1490 2910 1758 2962 sanctum
1773 2908 1829 2961 et
1840 2904 1927 2960 div

282 3008 465 3064 gnum
494 2998 624 3048 Deo.
658 3016 685 3042 ‹‹
711 2994 780 3048 Et
801 2993 1012 3049 ostium
1039 2994 1492 3050 circumstantia:
1515 2994 1685 3049 labiis
1704 2993 1871 3049 meis.
1900 3014 1927 3041 ››

2033 1999 2217 2055 mium
2246 2000 2512 2071 accipiet.

2110 2128 2132 2155 α
2167 2110 2233 2162 Et
2262 2122 2397 2162 cum
2427 2106 2769 2162 hominibus
2795 2106 3175 2179 operantibus
3222 2103 3615 2177 iniquitatem.
3647 2123 3677 2154 »

2032 2200 2113 2251 Ex
2143 2196 2444 2252 communi
2469 2194 2861 2251 subauditur:
2896 2211 3010 2250 non
3061 2193 3316 2250 declines
3354 2209 3452 2249 cor
3479 2208 3678 2248 meum

2033 2300 2168 2341 cum
2198 2284 2541 2340 hominibus
2570 2284 2949 2356 operantibus
2978 2283 3369 2355 iniquitatem.
3404 2305 3433 2332 ‹‹
3462 2282 3535 2337 Et
3563 2296 3680 2337 non

2034 2372 2484 2430 communicabo
2513 2390 2648 2429 cum
2681 2372 2879 2429 electis
2904 2388 3129 2428 eorum.
3166 2393 3195 2421 »
3214 2371 3377 2428 Sicut
3401 2370 3682 2427 Dominus

2033 2462 2212 2518 habet
2240 2461 2454 2518 electos
2477 2465 2732 2530 sanctos,
2758 2462 2839 2517 ita
2859 2464 2916 2515 et
2948 2459 3215 2516 diabolus
3261 2460 3436 2515 habet
3467 2457 3682 2514 electos

2035 2568 2195 2608 suos.
2230 2550 2492 2622 Intellige
2523 2549 2669 2605 mihi
2699 2550 2991 2623 principes
3029 2549 3456 2617 haereticorum,
3490 2550 3545 2603 et
3574 2560 3681 2603 nos

2036 2639 2334 2696 dubitabis
2364 2640 2436 2694 de
2466 2639 2665 2695 electis
2695 2654 2919 2695 eorum.
2962 2638 3022 2693 Si
3080 2638 3236 2694 enim
3294 2630 3536 2693 dixisset
3564 2634 3686 2692 ele-

2035 2733 2182 2798 ctos,
2215 2733 2273 2785 et
2301 2745 2417 2783 non
2468 2744 2602 2783 cum
2656 2727 3167 2795 subdistinctione,
3227 2742 3452 2795 eorum,
3485 2723 3684 2781 exclu-

2036 2817 2214 2873 sisset
2242 2816 2455 2872 electos
2485 2816 2608 2871 Dei.
2644 2816 3068 2872 Communicabo
3114 2813 3423 2886 dupliciter
3468 2811 3683 2868 intelli-

2035 2906 2195 2980 gitur
2218 2924 2232 2961 :
2255 2910 2359 2961 aut
2381 2905 2765 2974 consentiam,
2804 2909 2905 2960 aut
2941 2904 3236 2960 secundus
3261 2902 3417 2973 fiam,
3441 2901 3550 2957 hoc
3574 2904 3682 2969 est,

2037 2994 2402 3050 immundus.
2435 2993 2608 3050 Scitis
2637 2992 2795 3049 enim
2827 2991 3188 3064 Scripturam
3227 2991 3344 3047 duo
3373 2989 3684 3047 immunda

284 3081 515 3137 Ostium
566 3081 1021 3137 circumstantias
1078 3082 1246 3155 quasi
1307 3099 1541 3138 murum
1590 3082 1649 3137 in
1681 3082 1928 3138 circuitu
2036 3100 2260 3140 vocare.
2292 3083 2442 3138 Dicit
2470 3081 2828 3155 Apostolus:
2890 3083 2953 3139 Ut
3004 3080 3310 3154 confundat
3365 3082 3680 3152 idrumque,

286 3170 461 3226 istius
491 3171 704 3226 domus
730 3169 1009 3243 postulat,
1041 3174 1108 3227 ut
1154 3171 1215 3227 in
1266 3171 1425 3227 nullo
1467 3171 1754 3227 vincatur.
1786 3171 1933 3227 Dicit
2039 3171 2150 3228 hoc
2179 3176 2290 3242 est,
2346 3172 2480 3227 duos
2535 3173 2780 3228 homines
2838 3172 2899 3226 in
2935 3187 3109 3226 unum
3156 3185 3360 3225 novum
3407 3168 3684 3226 hominem

287 3259 442 3315 enim
472 3258 801 3315 Jeremias:
847 3263 994 3317 Mor‘s
1041 3262 1276 3315 intravit
1300 3276 1403 3332 per
1427 3263 1696 3331 fenestras
1729 3269 1930 3317 vestras
1961 3310 2003 3333 η
2042 3262 2259 3333 (Ephes.
2293 3278 2354 3329 ιι,
2392 3261 2478 3329 14,
2512 3261 2620 3329 15).
2654 3261 2813 3316 Duos
2855 3259 3191 3316 interiorem
3234 3263 3293 3316 et
3319 3258 3689 3328 exteriorem,

283 3349 511 3407 (Jerem.
557 3364 636 3418 ix,
685 3348 797 3416 21).
852 3348 1159 3404 Fenestras
1206 3310 1400 3406 entiam
1427 3310 1730 3406 [habemus
1755 3351 1928 3422 quin-
1960 3310 2003 3378 c
2041 3310 2151 3408 borc
2181 3355 2291 3416 est,
2324 3310 2701 3405 immundum
2750 3348 2961 3405 faciam
3013 3352 3306 3405 sanctum.
3341 3349 3408 3404 Et
3435 3310 3687 3403 iterum;

287 3452 424 3507 que,
456 3436 566 3492 hoc
621 3440 732 3505 est,
760 3436 975 3505 visum,
1004 3437 1293 3509 auditum,
1326 3442 1587 3511 gustum,
1621 3440 1928 3495 odoratum
2037 3441 2157 3496 Noe
2176 3442 2235 3495 in
2259 3456 2416 3506 area,
2445 3438 2669 3494 munda
2699 3442 2941 3510 septena
2962 3437 3290 3515 introduxit
3311 3452 3511 3493 secum
3537 3453 3549 3490 :
3575 3436 3685 3491 im-

276 3528 336 3580 et
360 3529 603 3581 tactum.
638 3525 693 3580 Si
717 3540 854 3597 ergo
874 3525 1071 3581 videro
1093 3525 1400 3583 mulierem
1424 3528 1497 3583 ad
1520 3527 1932 3601 concupiscen-
2040 3529 2263 3586 munda
2293 3532 2487 3584 autem
2519 3528 2635 3584 duo
2666 3531 2724 3583 et
2750 3527 2866 3584 duo
2896 3526 3052 3599 (Gen.
3084 3543 3182 3593 vn,
3214 3525 3293 3597 2).

275 3614 415 3669 dum
450 3630 600 3681 eam,
623 3614 750 3685 jam
783 3614 1108 3670 moechatus
1153 3632 1286 3671 sum
1334 3632 1463 3671 eam
1493 3612 1553 3671 in
1596 3617 1769 3672 corde
1800 3632 1925 3673 meo

2111 3658 2137 3685 α
2172 3632 2459 3707 Corripiet
2488 3649 2581 3689 me
2609 3634 2811 3705 justus
2841 3634 2901 3689 in
2942 3631 3362 3699 misericordia,
3400 3635 3458 3688 et
3499 3630 3686 3687 incre-

271 3702 481 3771 (latth.
518 3720 599 3797 ἰν,
654 3703 767 3797 28),
827 3707 885 3759 et
937 3703 1400 3797 intravitumor-s
1452 3722 1554 3777 per
1613 3707 1928 3762 fenestram
2039 3724 2202 3797 pabit
2231 3702 2404 3778 πηοί),
2440 3702 2629 3791 ρηεηί
2661 3724 2848 3794 diligit
2889 3722 3169 3790 nomium,
3217 3722 3484 3793 compa,-
3517 3722 3687 3777 οαειέ-

273 3805 488 3869 meam,
518 3790 629 3845 hoc
657 3796 746 3845 est
775 3807 877 3863 per
918 3792 1132 3846 visum.
1166 3792 1226 3847 Si
1275 3793 1440 3863 tibia,
1482 3798 1583 3849 aut
1610 3808 1919 3865 organum,

274 3882 377 3934 aut
405 3877 672 3933 calamus
702 3880 873 3950 quasi
904 3878 1187 3936 dissolvat
1209 3897 1321 3949 me,
1355 3898 1514 3938 mors
1552 3882 1791 3939 intravit
1822 3898 1925 3955 per

275 3966 542 4021 auditum
576 3981 794 4021 meum.
827 3966 885 4020 Si
917 3972 1113 4023 autem
1144 3968 1365 4041 aliquid
1389 3968 1563 4024 molle
1587 3973 1848 4043 tangam,
1873 3977 1931 4028 et

276 4055 467 4111 solvar
494 4054 756 4126 corporis
788 4054 1049 4123 mollitie,
1084 4072 1244 4113 mors
1297 4057 1537 4113 intravit
1580 4074 1681 4131 per
1709 4063 1927 4116 tactum

275 4157 494 4210 meum,
526 4147 586 4199 et
613 4147 824 4199 caetera
874 4144 1169 4200 similiter.
1218 4147 1369 4219 Ergo
1421 4147 1765 4218 deprecatur
1792 4153 1930 4205 Pro-

273 4232 449 4305 pheta
476 4232 695 4288 ostium
728 4233 1204 4301 circumstantiaa,
1237 4235 1346 4291 hoc
1376 4240 1484 4305 est,
1530 4240 1597 4291 ut
1626 4237 1929 4295 muniatur

272 4325 394 4375 tota
422 4321 552 4391 ejus
581 4321 815 4390 domus,
846 4326 905 4377 et
947 4339 1063 4378 non
1107 4323 1320 4379 habent
1368 4324 1740 4379 adversarius
1773 4326 1926 4382 unde

273 4407 642 4480 ingrediatur
668 4411 729 4463 et
757 4409 1093 4465 dominetur
1121 4411 1482 4468 hominibus.
1516 4412 1743 4468 Dicitur
1765 4413 1924 4468 enim

273 4496 334 4552 in
364 4495 625 4569 Epistula
653 4496 840 4551 sancti
882 4497 1032 4552 Petri
1060 4513 1073 4551 :
1125 4498 1484 4555 Adversarius
1531 4509 1710 4555 noster
1736 4501 1924 4556 diabo-

275 4586 361 4641 lus
387 4587 531 4641 sicut
560 4586 640 4641 leo
696 4587 918 4657 rugiens
971 4587 1190 4657 circuit,
1243 4602 1496 4657 quaerens
1524 4604 1682 4660 quem
1710 4589 1923 4645 devoret

2036 3821 2129 3886 gat
2157 3817 2343 3868 autem
2368 3827 2587 3869 omnem
2618 3814 2797 3879 ﬁlium
2824 3828 2985 3883 quem
3013 3813 3208 3883 recipit
3256 3811 3437 3883 (Hebr.
3471 3827 3573 3877 xu,
3605 3810 3684 3880 6).

2038 3902 2252 3957 Beatus
2283 3905 2375 3957 est
2404 3901 2504 3974 qui
2547 3900 2879 3974 corripitur,
2920 3916 3037 3956 non
3091 3899 3375 3955 retribuet
3403 3897 3687 3953 Dominus

2037 3990 2129 4046 bis
2160 3991 2218 4045 in
2251 3990 2509 4062 idipsum
2540 3989 2805 4061 (Na/ium,
2842 3991 2891 4059 1,
2945 3988 3022 4059 9).
3082 3984 3293 4059 Magna
3347 3989 3437 4042 est
3470 3986 3557 4040 ira
3584 3984 3688 4041 Dei

2037 4078 2271 4151 quando
2305 4095 2418 4134 non
2452 4078 2622 4134 nobis
2651 4077 2942 4133 irascitur.
2960 4076 3233 4132 Reservat
3264 4073 3421 4131 enim
3445 4090 3552 4130 nos
3572 4074 3686 4131 sic-

2037 4174 2104 4223 ut
2128 4166 2376 4223 vitulum
2402 4166 2459 4221 in
2482 4166 2860 4222 occisionem.
2905 4165 2991 4219 Ad
3036 4162 3362 4219 Jerusalem
3408 4162 3564 4218 enim
3596 4162 3686 4218 di-

2035 4256 2149 4311 cit:
2182 4254 2363 4311 Multa
2394 4258 2533 4309 sunt
2562 4258 2799 4325 peccata
2827 4257 2950 4319 tua,
2982 4256 3041 4307 et
3076 4250 3273 4307 multae
3306 4251 3685 4323 iniquitates:

2036 4348 2339 4416 propterea
2395 4358 2510 4397 non
2568 4342 2792 4397 irascor
2846 4340 2953 4396 tibi
3012 4342 3229 4409 (Jerem.
3294 4357 3377 4411 ιιι,
3436 4341 3545 4413 12),
3578 4340 3689 4398 hoc

2044 4437 2153 4497 est,
2178 4431 2412 4501 quando
2436 4428 2700 4485 adultera
2720 4445 2850 4485 eras
2876 4433 3122 4496 tantum,
3163 4429 3423 4485 zelabam
3446 4434 3501 4485 te
3518 4430 3687 4502 quasi

2039 4520 2292 4592 diligens
2322 4524 2416 4575 te:
2450 4518 2685 4591 quando
2735 4523 2934 4575 autem
2990 4518 3208 4581 multos
3239 4518 3497 4574 habuisti
3530 4535 3689 4575 ama-

2034 4614 2209 4676 tores,
2268 4607 2593 4681 contempsi
2647 4612 2725 4673 te,
2757 4613 2815 4663 et
2872 4624 2988 4662 non
3047 4608 3267 4663 irascor
3325 4606 3432 4662 tibi
3464 4606 3682 4677 (Ezech.

276 4674 327 4745 (ΙΙ
351 4675 499 4729 Ρείν·
521 4691 579 4739 ν’
610 4675 688 4739 8)·
722 4672 1005 4769 θξὲδοῙ-ιὲξ
1036 4690 1149 4730 non
1185 4679 1415 4769 Ρυϐηαι
1443 4677 1556 4731 Cito
1586 4682 1788 4733 οοηῖτθι
1817 4678 1927 4769 αιὶ-
1959 4677 2004 4743 Ῑ)
2035 4716 2151 4769 χνι,
2343 4672 2851 4764 Quemadmodum
2907 4696 2995 4751 vir
3051 4695 3200 4752 zelat
3246 4672 3487 4751 uxorem
3517 4711 3689 4751 suam

275 4778 451 4834 quem
483 4777 586 4834 per
614 4761 860 4835 grandia
888 4763 1049 4830 vitia,
1103 4764 1203 4819 sed
1256 4780 1359 4836 per
1408 4780 1604 4837 parva,
1643 4772 1710 4821 ut
1743 4768 1929 4839 possit

276 4852 808 4924 quomodocunque
857 4852 1077 4908 intrare
1133 4857 1191 4909 et
1246 4853 1535 4911 dominari
1593 4855 1839 4923 homini,
1871 4861 1931 4912 et

278 4943 480 5011 postea
507 4954 642 4996 eum
673 4940 732 4995 in
764 4942 991 5012 majora
1017 4940 1161 4998 vitia
1207 4942 1478 5015 impellit.
1527 4944 1651 4999 Non
1683 4961 1788 5016 per
1815 4945 1929 5000 for-

279 5028 652 5095 nicationem,
714 5045 829 5085 non
884 5044 990 5103 per
1047 5031 1373 5099 avaritiam,
1428 5033 1529 5088 sed
1573 5046 1678 5105 per
1707 5033 1932 5090 minora

277 5115 415 5173 vitia
443 5117 789 5190 ingreditur.

278 5226 283 5231 '
349 5246 376 5272 ‹‹
410 5223 537 5279 Νοιι
569 5223 827 5281 declines
874 5242 972 5282 cor
1014 5242 1210 5283 meum
1262 5226 1320 5281 in
1372 5228 1547 5283 verba
1594 5227 1827 5284 malitia:
1857 5228 1931 5283 ad

276 5313 644 5370 excusandas
674 5314 1082 5373 excusationes
1114 5314 1171 5371 in
1204 5317 1480 5389 peccatis.
1520 5340 1546 5365 υ
1578 5315 1623 5372 Ο
1652 5316 1930 5373 infelicis-

278 5401 496 5458 simum
529 5403 859 5460 humanum
889 5418 1096 5477 genus,
1130 5405 1228 5478 qui
1274 5409 1512 5478 peccata
1558 5422 1930 5479 excusemus,

280 5490 577 5547 dicentes:
610 5490 814 5547 Victus
845 5509 977 5548 sum
1009 5510 1043 5548 a
1072 5498 1322 5550 natura:
1373 5511 1507 5550 cum
1554 5496 1610 5550 in
1648 5499 1935 5567 potestate

286 5582 484 5634 nostra
514 5579 612 5645 sit,
644 5583 702 5635 et
732 5595 992 5651 peccare,
1045 5586 1101 5638 et
1150 5581 1397 5639 Domino
1448 5584 1783 5654 adjuvante,
1818 5602 1933 5641 non

288 5682 547 5742 peccare.
588 5668 832 5740 Soniper
876 5684 1226 5726 excusemus
1268 5671 1661 5745 nosmetipsos
1706 5678 1765 5729 et
1792 5673 1933 5731 dici-

286 5774 459 5821 mus:
520 5756 638 5831 Ego
695 5756 961 5817 nolebam
1015 5773 1290 5831 peccare:
1324 5776 1458 5819 caro
1509 5776 1602 5819 me
1638 5761 1792 5819 vicit.
1829 5762 1934 5822 Illa

2037 4788 2273 4860 quando
2293 4802 2422 4843 cam
2458 4785 2689 4858 diligit;
2716 4786 2765 4842 si
2787 4790 2985 4841 autem
3029 4802 3145 4841 non
3185 4784 3353 4851 zelat,
3381 4785 3507 4840 odit
3534 4799 3690 4856 eam,

2039 4882 2225 4933 etnon
2249 4874 2636 4947 consequitur
2666 4873 2825 4930 illius
2847 4890 3148 4930 sermones
3176 4874 3276 4945 qui
3324 4873 3511 4929 dicet:
3550 4874 3691 4929 Visi-

2040 4966 2163 5021 tabo
2197 4968 2257 5020 in
2282 4967 2445 5036 virga
2480 4966 2804 5035 iniquitates
2833 4979 3019 5019 eorum
3054 4962 3230 5031 (Psal.
3278 4978 3545 5033 Lxxxvni,
3576 4962 3687 5033 33).

2040 5055 2108 5109 Et
2140 5054 2351 5109 iterum
2379 5070 2392 5110 :
2427 5055 2490 5109 Et
2520 5069 2629 5109 non
2663 5053 2896 5109 visitabo
2922 5052 3069 5123 ﬁlias
3098 5067 3286 5107 eorum
3318 5051 3533 5123 quando
3570 5052 3689 5122 for-

2038 5144 2240 5201 nicata:
2266 5145 2479 5214 fuerint
2505 5144 2652 5213 (Ore,
2688 5159 2764 5212 ιν,
2816 5142 2927 5214 14).
2978 5164 3003 5189 ‹‹
3038 5138 3324 5212 Corripiet
3372 5157 3465 5195 me
3488 5141 3690 5212 justus

2044 5231 2101 5287 in
2134 5230 2555 5299 misericordia,
2587 5235 2645 5287 et
2676 5230 3002 5303 increpabit
3032 5246 3143 5286 me.
3184 5252 3210 5277 ››
3254 5233 3410 5285 Pone
3440 5228 3535 5285 hic
3564 5245 3690 5285 ma-

2041 5319 2292 5393 gistrum
2314 5320 2593 5392 aliquem,
2640 5325 2740 5374 aut
2770 5324 2991 5391 patrem
3037 5322 3138 5374 aut
3168 5318 3481 5375 medicum.
3515 5318 3574 5374 Si
3599 5317 3689 5373 vi-

2043 5408 2191 5465 derit
2220 5408 2483 5465 medicus
2512 5408 2571 5463 in
2603 5423 2842 5480 corpore
2875 5424 3080 5463 carnes
3111 5407 3399 5480 putridas,
3430 5411 3488 5464 et
3506 5407 3685 5475 dicat,

2043 5497 2190 5565 Quid
2222 5497 2293 5552 ad
2325 5514 2419 5554 me
2452 5496 2788 5570 pertinent?
2816 5496 2969 5551 scias
3015 5497 3154 5569 quia
3202 5496 3455 5554 crudelis
3485 5498 3591 5552 est.
3629 5492 3690 5548 Si

2044 5591 2236 5642 autem
2263 5586 2558 5658 praecidat,
2582 5590 2639 5639 et
2668 5583 2994 5640 cauterium
3029 5583 3311 5658 imponat,
3353 5582 3690 5639 misericors

2043 5679 2164 5732 est:
2198 5675 2337 5747 quia
2368 5678 2537 5731 sanat
2564 5674 2883 5730 hominem.
2917 5674 3203 5731 Similiter
3229 5678 3286 5731 et
3333 5670 3612 5744 magister
3635 5670 3687 5727 si

2045 5763 2288 5822 dimittit
2316 5781 2586 5839 puerum,
2617 5768 2676 5820 et
2706 5781 2820 5821 non
2852 5763 2926 5823 ab
2954 5781 3021 5822 eo
3067 5763 3245 5837 exigit
3290 5759 3691 5837 disciplinam,
