3992 6194
330 399 492 477 ,1311

1840 421 2263 484 APPENDIX.

3595 429 3744 491 1313

331 547 452 604 odit
483 564 639 606 eum.
673 549 732 608 Si
765 555 960 611 autem
992 552 1201 627 exigat,
1235 555 1292 609 et
1322 553 1582 612 medicus
1622 563 1970 632 curet;quae
2001 561 2055 628 Α
2084 565 2148 616 In
2193 560 2468 618 vicesimo
2525 559 2713 633 primo
2765 559 2989 631 psalmo
3047 559 3225 616 dicit:
3288 559 3574 634 Dissipala
3627 572 3747 620 sunt

331 643 572 710 putatur
647 662 774 704 esse
849 650 1152 723 asperitas,
1231 651 1541 713 clementia
1615 661 1721 712 est.
1777 659 1974 716 Achab

330 733 597 805 arguitur
627 753 659 791 a
689 737 934 795 Domino
955 741 1026 796 de
1050 742 1300 812 Naboth,
1328 747 1562 816 quando
1585 747 1798 804 occidit
1819 767 1975 817 eum,

329 822 390 876 et
416 824 637 895 accepit
663 825 890 883 vineam
931 830 1079 902 ejus,
1140 836 1196 886 et
1252 833 1456 889 effudit
1507 838 1855 909 sanguinem
1877 840 1976 910 ju-

330 913 509 966 stum.
531 912 682 968 Elias
709 919 991 988 propheta
1012 920 1230 977 missus
1271 927 1360 978 est
1399 927 1468 980 ad
1504 943 1637 982 eum
1663 929 1760 998 qui
1786 929 1932 984 dixit
1959 947 1971 984 :

331 999 603 1069 Occidisti,
662 1011 712 1060 et
763 1009 1045 1076 possedisti
1101 1011 1201 1081 (III
1253 1016 1379 1082 Reg.
1437 1034 1552 1081 xx1,
1615 1019 1741 1087 19):
1777 1019 1975 1076 statim

329 1091 686 1148 conscientia
735 1111 1050 1166 percussus
1110 1102 1388 1160 submisit
1443 1107 1720 1162 cervicem
1753 1114 1808 1164 et
1838 1126 1972 1164 ocu-

325 1176 436 1244 los,
493 1184 550 1236 et
605 1181 714 1238 hoc
771 1185 1010 1256 impius,
1067 1194 1124 1244 et
1174 1208 1271 1246 rex
1327 1192 1569 1250 indutus
1602 1213 1878 1267 purpura.
1911 1199 1978 1253 Et

311 1272 529 1338 ,postea
559 1272 700 1326 dicit
730 1274 1032 1346 Scriptura
1067 1293 1078 1332 :
1127 1278 1284 1350 quod
1340 1283 1583 1339 audiens
1633 1285 1824 1340 induit
1850 1287 1973 1341 cili-

327 1355 482 1411 cium
516 1360 726 1416 subtus
757 1354 1098 1435 purpuram.
1134 1370 1201 1422 Et
1231 1370 1433 1427 videns
1464 1372 1614 1427 Deus
1648 1374 1792 1429 dixit
1816 1378 1975 1444 :Quia

324 1449 598 1504 reveritus
629 1456 704 1505 est
734 1456 813 1507 est
858 1471 945 1509 me
997 1457 1218 1512 Achab:
1276 1477 1386 1516 non
1437 1463 1696 1518 inducam
1736 1467 1884 1520 mala
1914 1468 1973 1520 in

323 1552 454 1590 eum
481 1538 641 1609 (Ibid.
674 1542 785 1611 ‘29).
817 1542 961 1599 Vide
988 1561 1124 1616 ergo
1155 1553 1441 1618 quantum
1482 1552 1665 1606 valuit
1695 1554 1970 1620 cilicium,

322 1629 380 1679 et
401 1626 719 1695 jejunium,
754 1634 812 1684 et
860 1633 1088 1688 modica
1121 1635 1378 1708 lacryma
1419 1645 1702 1709 quantum
1737 1644 1972 1710 sangui-

327 1729 461 1768 nem
490 1714 650 1769 lavit.
683 1717 767 1772 Ita
796 1736 930 1790 ergo
981 1728 1207 1794 oportet
1253 1727 1447 1782 vestiri
1497 1729 1684 1786 cilicio
1733 1736 1790 1786 et
1813 1733 1968 1802 jeju-

324 1817 484 1870 nare,
518 1812 579 1857 ut
610 1821 780 1861 nemo
803 1809 1017 1865 videat.
1069 1815 1350 1885 Corripiet
1395 1817 1707 1888 dupliciter
1753 1821 1966 1877 intelli-

2087 655 2346 708 univcrsa
2374 670 2495 709 ossa
2538 669 2659 708 mea
2718 651 2886 723 (Psal.
2946 669 3061 722 XXI,
3123 652 3232 723 15),
3290 652 3352 707 Si
3413 653 3746 709 secundum

2087 741 2337 798 litteram
2369 742 2773 815 intelligimus,
2822 759 2936 797 non
2977 746 3112 797 stat.
3163 742 3475 813 Siquidem
3509 744 3749 797 cruciﬁ-

2086 849 2194 888 xus
2262 837 2349 888 est
2403 837 2654 888 tantum.
2714 833 2955 898 Quando
3007 831 3219 887 videris
3279 833 3520 900 Arium,
3555 833 3749 887 Euno-

2088 923 2270 977 mium
2328 926 2490 978 extra
2549 922 2905 988 Ecclesiam;
2967 920 3227 993 intellige
3285 921 3745 992 dissipataesse

2086 1029 2218 1067 ossa
2250 1011 2480 1066 Domini
2514 1028 2682 1067 secus
2739 1010 3055 1065 infernum.
3117 1011 3192 1064 Os
3251 1012 3406 1082 quod
3457 1011 3614 1065 forte
3645 1018 3749 1081 est,

2085 1099 2195 1171 ipsi
2230 1101 2480 1170 majores
2511 1106 2650 1156 sunt
2693 1101 2793 1172 qui
2845 1100 3114 1155 videntur
3160 1099 3381 1170 aliquid
3435 1115 3618 1154 esse:
3659 1117 3753 1171 per

2085 1189 2524 1260 multiloquium
2586 1191 2868 1262 ipsorum,
2929 1195 2986 1245 et
3045 1206 3146 1262 per
3199 1189 3654 1261 pbiIOSOphiam
3701 1195 3754 1244 et

2085 1280 2515 1335 contentionem
2547 1279 2908 1335 inducuntur
2931 1279 3004 1334 ab
3035 1278 3341 1333 haereticis.

2163 1387 2183 1415 α
2219 1368 2456 1423 Custodi
2487 1385 2580 1424 me
2611 1387 2645 1423 a
2673 1369 2881 1440 laqueo
2910 1385 3084 1439 quem
3131 1371 3478 1423 statuerunt
3513 1367 3692 1422 mihi.
3728 1393 3754 1417 ι’

2084 1457 2325 1528 Semper
2370 1458 2539 1512 nobis
2586 1457 2826 1529 laqueos
2874 1459 3125 1513 tendunt
3175 1461 3276 1511 aut
3320 1456 3621 1526 haeretici,
3658 1463 3753 1512 aut

2082 1546 2396 1600 daemones.
2429 1545 2584 1601 Vitia
2612 1547 2768 1601 enim
2809 1547 3000 1602 vicina
3057 1550 3196 1601 sunt
3251 1546 3608 1601 virtutibus.
3645 1547 3754 1602 La-

2082 1651 2298 1705 queum
2323 1634 2467 1689 mihi
2493 1639 2816 1707 posuerunt
2839 1635 2897 1690 in
2921 1634 3307 1706 eleemosyna,
3351 1635 3400 1690 si
3423 1635 3746 1691 extendam

2082 1740 2322 1778 manum
2347 1729 2628 1790 meam,ut
2650 1724 2883 1780 videant
2907 1724 3210 1780 homines:
3237 1727 3294 1778 et
3314 1724 3498 1794 quasi
3523 1725 3740 1780 bonum

2080 1813 2319 1880 faciens,
2351 1813 2518 1868 venio
2551 1813 2610 1868 in
2641 1814 2848 1868 vitium
2889 1819 2946 1868 et
2975 1815 3035 1868 in
3080 1817 3407 1885 peccatum.
3444 1813 3508 1867 Si
3543 1819 3740 1870 autem

319 1889 514 1989 gitur:
548 1897 650 1992 aut
680 1902 908 2000 arguet,
938 1905 1038 1956 aut
1067 1904 1313 1960 docebit.
1355 1925 1377 1952 ‹‹
1413 1907 1614 1963 Oleum
1649 1912 1969 1980 peccatoris
2001 1936 2048 2000 B
2079 1902 2290 2000 defero
2333 1901 2594 2000 tunicam
2633 1902 2837 2000 fratri,
2899 1907 2962 1957 ut
3012 1903 3158 2000 alter
3208 1901 3424 2000 videat,
3463 1901 3735 2000 laqueum

323 1994 434 2034 non
467 1979 796 2071 impinguet
824 1993 999 2058 caput
1030 2007 1247 2046 meum.
1286 2015 1312 2041 ››
1343 1995 1603 2066 Populus
1647 1979 1832 2069 meus,
1867 2001 1966 2071 qui

317 2083 420 2158 vos
479 2069 813 2129 beatiﬁcant
869 2078 1159 2136 seducunt
1221 2099 1322 2138 vos
1381 2085 1507 2154 (Isa.
1561 2069 1966 2158 1x,16).Laus

317 2156 744 2250 haereticorum,
769 2171 823 2219 et
843 2165 1035 2224 oleum
1060 2169 1346 2242 ipsorum,
1369 2191 1484 2246 quo
1516 2156 1747 2248 ungunt
1775 2179 1968 2250 capita

319 2244 650 2317 hominum,
673 2256 730 2307 et
752 2257 1167 2324 repromittunt
1215 2262 1298 2316 eis
1339 2244 1508 2335 signa
1528 2244 1829 2336 ccelorum,
1847 2244 1963 2322 im-

316 2336 564 2426 pinguat
593 2340 678 2396 eis
705 2350 897 2413 caput.
933 2346 1116 2402 Omne
1146 2354 1342 2406 autem
1395 2353 1611 2424 pingue
1652 2356 1961 2426 reprehen-

318 2423 404 2478 dit
432 2427 754 2498 Scriptura,
789 2431 942 2488 sicut
998 2435 1175 2494 dicit:
1235 2442 1301 2494 Et
1350 2443 1644 2498 mandavit
1696 2423 1877 2514 Iacob,
1909 2456 1962 2502 et

313 2519 591 2569 saturatas
662 2521 740 2572 est
797 2527 848 2574 et
916 2525 1273 2582 calcitravit:
1333 2529 1562 2586 dilectus
1618 2535 1961 2590 inmussulus

311 2603 842 2676 est:impingu.atus,
892 2611 1157 2668 dilatatus
1215 2623 1292 2670 est
1351 2618 1527 2688 (Deut.
1585 2638 1745 2688 xxiii,
1790 2623 1875 2688 15,
1907 2629 1962 2677 et

311 2690 426 2779 Jer.
454 2707 508 2759 v,
540 2693 629 2760 20,
660 2695 772 2765 28).
807 2698 1020 2756 Monna
1052 2706 1247 2760 autem
1299 2707 1638 2779 angelorum
1671 2713 1844 2766 tenue
1873 2716 1963 2768 est

310 2778 502 2845 (Exod.
534 2799 650 2849 xv1,
686 2785 793 2855 14).
1022 2794 1024 2796 ’

381 2909 411 2935 ‹‹
444 2889 730 2952 Quoniam
761 2894 974 2958 adhuc.
1008 2902 1065 2952 et
1094 2901 1276 2957 oratio
1307 2919 1438 2959 mea
1484 2905 1542 2960 in
1577 2906 1958 2978 beneplacitis

311 2991 535 3034 eorum.
575 3002 602 3027 »
632 2980 749 3039 Hoc
777 2984 917 3040 dicit
949 3003 961 3039 :
1016 2989 1132 3058 Ipsi
1184 2992 1422 3062 quidem
1471 2995 1818 3066 sepiebant:
1852 3013 1956 3069 ego

313 3069 508 3122 autem
543 3084 645 3138 pro
673 3070 820 3141 ipsis
850 3075 1090 3132 orabam
1125 3083 1185 3133 ut
1215 3086 1648 3138 convertantur.
1690 3108 1711 3134 οι
1739 3087 1956 3142 Absor-

311 3152 393 3224 pii
423 3159 563 3210 sunt
584 3158 776 3227 juncti
808 3167 984 3233 petra
1031 3166 1263 3235 judices
1307 3187 1530 3226 eorum.
1568 3195 1594 3221 »
1627 3173 1789 3229 Sicut
1817 3174 1956 3230 alibi

310 3239 452 3295 dicit
478 3259 490 3297 :
523 3248 721 3302 Beatus
749 3251 848 3320 qui
874 3255 1079 3309 tenebit
1105 3260 1157 3310 et
1186 3258 1390 3313 allidet
1437 3259 1700 3330 parvulos
1729 3278 1854 3318 suos
1885 3263 1954 3318 ad

2081 1989 2225 2045 mihi
2255 1993 2596 2060 posuerunt.
2631 1991 2870 2062 Semper
2900 1991 3081 2046 cervis
3121 1992 3455 2046 tenduntur
3489 1992 3652 2058 retia,
3683 1997 3738 2047 et

2076 2077 2268 2149 laquei
2299 2078 2384 2133 eis
2418 2084 2737 2148 ponuntur,
2771 2079 2868 2134 ubi
2899 2079 3143 2152 vestigia
3173 2095 3379 2134 eorum
3412 2080 3735 2151 deprehen-

2077 2167 2223 2222 derit
2253 2171 2510 2222 venator.
2546 2170 2760 2224 Cervus
2811 2172 3006 2224 autem
3059 2168 3342 2240 accipitur
3392 2169 3456 2223 in
3495 2175 3732 2224 sancto:

2074 2255 2213 2326 quia
2243 2256 2395 2312 altus
2425 2263 2535 2322 est,
2572 2263 2629 2312 et
2673 2275 2892 2313 cornua
2932 2257 3179 2331 grandia
3228 2257 3431 2326 habet,
3470 2263 3529 2313 et
3561 2257 3730 2313 inter-

2074 2344 2194 2399 ﬁcit
2223 2350 2543 2417 serpentes.
2596 2351 2906 2418 Propterea
2957 2348 3096 2403 dicit
3143 2346 3318 2403 alibi:
3357 2350 3477 2416 Qui
3505 2350 3731 2418 perrexit

2070 2433 2229 2505 pedes
2260 2450 2405 2489 meos
2435 2439 2696 2506 tanquam
2749 2452 3034 2492 cervorum
3083 2437 3251 2507 (Psal.
3298 2453 3437 2502 xvn,
3477 2438 3598 2506 31).
3633 2438 3736 2492 Ta-

2073 2520 2148 2577 lis
2205 2523 2362 2577 enim
2423 2523 2638 2579 dicitur
2666 2541 2795 2581 esse
2825 2526 3079 2595 virtutis,
3121 2529 3186 2580 ut
3234 2523 3449 2596 spiritu
3505 2525 3734 2580 narium

2073 2628 2314 2667 suarum
2382 2614 2720 2684 protrahere
2778 2619 3075 2686 serpentes
3133 2615 3202 2670 de
3267 2614 3540 2669 cavernis
3572 2619 3628 2669 et
3657 2614 3734 2669 sic

2071 2702 2374 2757 comedere
2399 2702 2604 2759 valeat.
2639 2703 2755 2775 Ipsi
2785 2721 2921 2776 ergo
2966 2708 3265 2776 serpentes
3296 2709 3534 2775 ponunt
3566 2705 3734 2759 nobis

2069 2790 2366 2862 scandala,
2399 2791 2508 2847 hoc
2539 2797 2648 2861 est,
2683 2793 2977 2849 daemones
3027 2793 3086 2846 in
3141 2793 3287 2864 ipsis
3333 2792 3603 2864 vestigiis
3637 2810 3734 2847 no-

2070 2878 2210 2934 stris
2249 2880 2349 2935 ubi
2381 2882 2722 2951 gradimur:
2757 2883 2817 2937 in
2853 2883 3191 2950 virtutibus,
3226 2881 3284 2936 in
3326 2881 3726 2952 eleemosyna,

2070 2970 2134 3021 ut
2163 2985 2357 3023 coram
2389 2969 2730 3027 hominibus
2761 2971 3046 3027 faciamus
3078 2974 3314 3043 prOpter
3352 2986 3564 3024 venam
3597 2970 3732 3042 glo-

2068 3055 2236 3112 riam.
2264 3058 2326 3112 In
2346 3059 2592 3128 jejunio,
2618 3058 2676 3113 in
2700 3060 2981 3128 oratione,
3009 3059 3068 3113 in
3091 3059 3396 3114 vestiendo
3420 3057 3690 3115 cilicium
3715 3078 3729 3114 :

2066 3148 2122 3199 et
2153 3146 2460 3201 ostendere
2491 3147 2852 3204 heminibus.
2887 3149 2994 3212 Qui
3025 3148 3182 3203 enim
3234 3147 3487 3203 vestitur
3517 3148 3726 3216 cilicio,

2065 3233 2238 3288 debet
2266 3234 2464 3306 lugere
2495 3253 2603 3292 sua
2651 3241 2924 3308 peccata:
2975 3254 3088 3292 non
3130 3236 3394 3309 gloriari,
3445 3241 3510 3292 et
3538 3242 3728 3293 osten-

304 3333 524 3400 Petram
553 3333 733 3403 (Psal.
757 3303 995 3407 lcxxxvr,
1027 3343 1104 3413 9.).
1166 3303 1954 3406 Petravvau’tiimw'era‘twébri‘:
1991 3303 2032 3368 Ο
2070 3323 2205 3413 d9”
2235 3323 2594 3381 hominibus'
2630 3348 2658 3376 (ί
2691 3327 2760 3381 Et
2798 3345 2832 3381 a
2883 3325 3175 3383 scandam
3205 3325 3592 3398 operantium
3623 3327 3726 3382 ἰώ·

309 3421 436 3474 stus
467 3419 516 3490 (I
543 3422 664 3478 Cor.
698 3442 754 3491 x,
785 3427 860 3499 4).
900 3430 1123 3485 Parvuli
1175 3437 1369 3489 autem
1423 3436 1699 3504 minores,
1734 3442 1791 3494 et
1822 3456 1953 3510 par-

306 3523 387 3599 va
420 3510 802 3599 cogitationes
835 3520 1147 3590 antequam
1200 3528 1482 3578 crescant.
1534 3526 1603 3580 Et
1651 3543 1809 3582 nunc
1841 3527 1954 3599 ipsi

306 3593 581 3668 haeretici,
608 3598 741 3655 licet
769 3619 872 3673 per
899 3607 1271 3666 Aristotelem
1304 3615 1361 3667 et
1389 3612 1686 3670 Platonem
1720 3593 1976 3671 videan?

307 3685 406 3735 tur
461 3683 899 3774 simplicitatem
971 3697 1238 3754 Ecclesia
1315 3709 1702 3774 contemnere,
1757 3709 1955 3760 tamen

307 3771 544 3840 quando
568 3777 832 3834 venerint
861 3783 931 3836 ad
964 3784 1315 3857 Scripturas,
1339 3791 1537 3846 statim
1560 3771 1957 3849 absorbebun-

308 3860 465 3915 tura
513 3866 697 3933 petra,
730 3864 837 3922 hoc
891 3874 1002 3936 est,
1036 3889 1070 3926 a
1124 3874 1376 3944 Christo,
1435 3883 1493 3933 et
1550 3886 1958 3938 convertentur

309 3949 378 4003 ad
413 3965 570 4014 eum,
603 3953 914 4027 Absorptio
936 3960 1090 4015 enim
1116 3977 1217 4032 pro
1238 3963 1481 4020 victoria
1523 3967 1771 4024 dicitur:
1805 3971 1958 4025 sicut

307 4039 628 4108 Apostolus
661 4043 840 4100 dicit:
872 4046 1136 4120 Absorpta
1167 4059 1246 4106 est
1278 4068 1427 4108 mors
1467 4056 1527 4108 in
1571 4058 1817 4112 victoria.
1857 4058 1959 4113 Ubi

309 4130 412 4190 est,
443 4143 610 4198 mors,
649 4132 877 4188 victoria
911 4139 1046 4190 tua?
1095 4139 1212 4210 Ubi,
1247 4141 1501 4210 inferme,
1541 4145 1798 4199 stimulus
1830 4150 1955 4200 tuus

305 4214 357 4305 (I
385 4213 505 4269 Cor.
533 4234 623 4286 xv,
674 4220 766 4288 54,
799 4223 940 4294 55)?
981 4225 1296 4283 Victoriam
1354 4236 1551 4286 autem
1593 4232 1735 4288 dicit
1764 4234 1954 4305 ipsam

307 4300 766 4378 absorptionem,
800 4327 976 4380 quam
1027 4314 1332 4374 victoriam
1378 4317 1633 4376 habebat
1662 4321 1720 4375 in
1752 4300 1952 4378 absor-

305 4388 517 4446 bendo.

380 4501 407 4527 ‹‹
441 4481 697 4570 Audierit
723 4486 898 4542 verba
927 4505 1076 4556 mea,
1103 4493 1378 4562 quoniam
1404 4500 1738 4566 potuerunt.
1774 4521 1801 4547 ››
1824 4500 1952 4570 Ipse

307 4567 592 4626 Dominus
623 4572 804 4629 dicit:
839 4577 984 4640 Quia
1013 4579 1083 4634 ad
1127 4597 1218 4637 me
1262 4589 1570 4652 venerunt,
1622 4586 1754 4640 victi
1789 4567 1948 4654 su—nt,

2061 3411 2366 3482 quitatem.
2402 3436 2429 3463 »
2464 3418 2582 3469 Hoc
2615 3420 2727 3486 est,
2761 3420 2826 3470 ut
2857 3433 2972 3471 non
3005 3415 3318 3472 offendam.

2137 3523 2164 3549 «
2195 3501 2416 3558 Cadent
2443 3503 2501 3558 in
2531 3504 2809 3560 retiaculo
2841 3506 2969 3576 ejus
3001 3510 3356 3576 peccatores.
3386 3528 3416 3553 υ
3438 3505 3722 3577 Superius

2065 3589 2228 3656 dixit,
2264 3591 2485 3646 Custodi
2525 3609 2612 3648 me
2657 3610 2689 3647 a
2757 3594 2951 3664 laqueo
3017 3610 3174 3665 quem
3224 3597 3552 3649 statuerunt
3583 3596 3721 3650 mihi

2063 3677 2237 3748 (Vers.
2269 3679 2345 3746 9).
2379 3679 2450 3734 de
2480 3680 2702 3748 multis,
2737 3699 2894 3737 nunc
2925 3687 3117 3738 autem
3150 3683 3220 3737 de
3251 3699 3375 3737 uno
3403 3701 3416 3738 :
3450 3705 3483 3732 ‹‹
3507 3684 3721 3738 Cadent

2062 3767 2122 3821 in
2156 3767 2432 3824 retiaculo
2455 3770 2582 3840 ejus
2613 3774 2965 3841 peccatores.
3000 3793 3028 3820 »
3059 3771 3580 3834 Quemadmodum
3612 3776 3718 3825 Do-

2064 3855 2263 3911 minus
2294 3856 2475 3912 mittit
2504 3863 2647 3926 rete,
2679 3862 2738 3914 et
2785 3859 3225 3931 comprehendit
3267 3860 3716 3916 multitudinem

2064 3944 2338 4015 piscium,
2372 3950 2429 4000 et
2465 3945 2640 4004 habet
2685 3947 2983 4020 apostolos
3031 3948 3350 4019 piscatores
3382 3948 3720 4020 colligentes

2064 4037 2122 4088 et
2162 4034 2468 4091 afferentes
2499 4036 2571 4090 ad
2595 4053 2750 4104 eum,
2776 4037 2883 4092 hos
2908 4037 3069 4108 ipsos
3089 4037 3190 4108 qui
3213 4053 3316 4108 per
3329 4054 3431 4093 eos
3448 4039 3720 4102 credunt,

2067 4121 2146 4176 ita
2168 4130 2226 4177 et
2249 4122 2519 4178 diabolus
2543 4124 2720 4180 habet
2741 4126 3033 4180 daemones
3054 4126 3157 4197 qui
3197 4126 3248 4180 ei
3274 4126 3522 4195 subjecti
3543 4129 3707 4191 sunt,

2069 4210 2168 4280 qui
2200 4214 2257 4264 et
2284 4211 2585 4282 decipiunt
2613 4212 2881 4269 homines
2910 4219 2965 4268 et
3011 4214 3266 4292 afferunt
3296 4213 3392 4266 illi.
3431 4232 3458 4263 α
3486 4212 3710 4284 Singu-

2071 4296 2272 4354 lariter
2291 4316 2422 4353 sum
2454 4317 2559 4373 ego
2589 4301 2770 4357 donec
2800 4307 3117 4358 transeam.
3154 4325 3182 4351 ››
3205 4302 3356 4358 Dicit
3383 4301 3676 4357 Jeremias
3701 4319 3714 4356 :

2071 4387 2226 4442 Solus
2253 4388 2524 4460 sedebam,
2566 4392 2943 4447 amaritudine
2979 4394 3128 4447 enim
3157 4393 3395 4463 repletus
3426 4407 3590 4446 eram
3618 4391 3722 4462 (Je-

2071 4492 2204 4532 rem.
2239 4496 2329 4540 xv,
2390 4479 2500 4550 17).
2560 4480 2676 4535 Hoc
2743 4484 2850 4551 est,
2907 4481 2963 4534 in
3023 4480 3388 4553 paenitentia,
3421 4479 3587 4534 solus
3616 4495 3717 4550 ego

2067 4568 2175 4623 hos
2204 4567 2368 4623 dolos
2415 4583 2608 4623 caveo.
2669 4569 2736 4624 Et
2789 4572 3012 4641 Moyses
3067 4568 3252 4623 dicit:
3313 4570 3607 4624 Transicns
3633 4569 3720 4621 vi-

307 4661 364 4712 et
394 4657 666 4716 delectati
698 4669 837 4720 sunt
868 4667 1013 4722 meis
1050 4669 1264 4737 verbis,
1316 4675 1372 4726 et
1419 4675 1680 4729 conversi
1712 4681 1851 4730 sunt
1878 4677 1949 4732 ad
1979 4668 2026 4732 D
2060 4657 2192 4711 debo
2242 4657 2382 4710 hanc
2427 4658 2693 4712 visionem
2738 4674 2998 4728 magnam
3042 4657 3230 4729 (Exod.
3279 4675 3368 4722 III,
3402 4659 3481 4726 3).
3509 4657 3573 4712 Si
3603 4655 3718 4712 non

307 4760 420 4814 me,
452 4751 510 4803 et
565 4756 702 4807 sunt
755 4752 812 4807 in
859 4754 1111 4812 Ecclesia
1161 4775 1308 4815 mea.
1336 4783 1366 4810 «
1417 4762 1579 4817 Sicut
1625 4765 1952 4821 crassitudo

305 4837 492 4888 terrae.
531 4859 558 4885 »
589 4837 773 4896 Omne
804 4857 1066 4898 crassum
1100 4846 1358 4903 vicinum
1387 4854 1478 4906 est
1511 4859 1688 4907 terras.
1725 4855 1791 4907 Et
1822 4854 1949 4908 ani-

309 4938 406 4977 ma
434 4939 561 4996 quae
594 4933 811 4998 peccat,
873 4935 1036 4988 terra:
1094 4934 1294 4991 hazret.
1353 4937 1638 4996 Dominus
1693 4941 1851 4996 enim
1885 4959 1952 4998 ex

309 5011 476 5102 initio
508 5016 708 5072 omnia
735 5021 935 5076 tenuia
966 5022 1119 5078 fecit.
1155 5026 1273 5081 Suo
1303 5042 1438 5100 ergo
1469 5028 1606 5084 vitio
1638 5031 1954 5102 unusquis-

305 5116 418 5170 que
450 5101 831 5174 incrassatur,
877 5114 933 5165 et
987 5113 1301 5170 deducitur
1345 5115 1406 5170 in
1463 5124 1698 5174 terram.
1732 5101 1950 5177 Demus

305 5191 674 5262 exemplum:
708 5196 860 5252 sicut
906 5199 1117 5258 vulnus
1171 5204 1508 5278 incorpore
1565 5211 1796 5264 tumens
1829 5209 1948 5281 ple—

303 5295 445 5333 num
476 5285 564 5335 est
592 5299 878 5356 crassum,
928 5294 985 5345 et
1025 5295 1261 5362 quando
1309 5295 1526 5351 venerit
1571 5297 1835 5354 medicus
1867 5315 1950 5354 se-

301 5372 395 5424 cat
423 5368 640 5460 ipsum,
673 5379 730 5429 et
755 5381 924 5433 sanat
955 5383 1012 5435 et
1044 5385 1211 5438 tenue
1245 5383 1402 5454 facit,
1453 5389 1509 5439 et
1560 5389 1701 5441 tunc
1733 5387 1946 5460 redigi—

301 5462 402 5513 tur
432 5458 492 5514 in
523 5477 689 5516 suam
751 5469 1043 5536 naturam,
1093 5473 1385 5541 quomodo
1444 5478 1500 5528 et
1549 5478 1807 5531 creatum
1839 5458 1945 5532 est.

302 5546 434 5602 Ideo
465 5548 645 5604 dicit:
702 5573 730 5600 «
791 5553 954 5609 Sicut
1013 5559 1340 5615 ccassitudo
1401 5567 1564 5617 terrae
1625 5569 1830 5636 erupta
1861 5571 1949 5621 est

302 5651 480 5706 super
505 5641 746 5706 terram,
778 5645 834 5696 et
863 5641 1140 5700 salvetur.
1170 5669 1198 5696 ››

381 5758 403 5786 α
437 5741 733 5814 Dissipata
762 5752 899 5808 sunt
929 5765 1065 5808 ossa
1105 5757 1306 5810 nostra
1347 5773 1516 5814 secus
1565 5759 1879 5818 infernum.
1915 5785 1943 5814 »

2061 4745 2381 4815 transierit,
2410 4745 2520 4800 hoc
2551 4751 2660 4816 est,
2692 4747 2891 4802 omnia
2918 4747 3080 4814 vitia,
3129 4763 3247 4802 non
3292 4751 3493 4819 potest
3522 4747 3717 4802 videre

2062 4850 2335 4906 magnam
2365 4834 2669 4890 visionem.
2700 4839 2909 4909 Magna
2931 4840 3128 4891 autem
3146 4835 3296 4892 visio
3323 4852 3335 4890 :
3361 4835 3506 4907 quia
3533 4836 3718 4890 rubus

2062 4924 2323 4991 ardebat,
2381 4928 2438 4979 et
2497 4941 2611 4979 non
2669 4924 3126 4981 incendebatur:
3186 4924 3475 4980 ardebant
3506 4924 3717 4995 spina,

2063 5012 2168 5066 hoc
2224 5016 2315 5067 est
2374 5018 2628 5083 peccata.
2687 5017 2805 5069 Hoc
2856 5013 2989 5085 igne
3047 5014 3369 5069 mundatur
3397 5017 3455 5068 et
3486 5014 3715 5069 Isaias:

2059 5101 2169 5156 iste
2199 5104 2288 5156 est
2313 5100 2468 5156 enim
2494 5102 2666 5157 carbo
2689 5102 2787 5174 qui
2808 5102 3001 5174 tetigit
3050 5101 3206 5158 labia
3228 5103 3391 5173 ejus:
3444 5102 3552 5173 qui
3597 5104 3715 5157 erat

2060 5206 2237 5260 super
2266 5188 2446 5245 altare
2476 5191 2600 5261 (Isa.
2628 5207 2703 5256 v1,
2735 5193 2790 5262 6,
2821 5190 2901 5262 7).
2954 5192 3140 5263 Hujus
3193 5191 3468 5247 carbonis
3500 5190 3713 5246 memi-

2059 5279 2146 5333 nit
2174 5284 2230 5334 et
2250 5278 2534 5351 propheta
2561 5279 2731 5335 David
2761 5299 2773 5335 :
2800 5280 3026 5349 Sagittae
3061 5283 3298 5353 potentis
3344 5288 3554 5347 acutae,
3585 5295 3712 5336 cum

2055 5368 2382 5424 carbonibus
2411 5367 2760 5425 desolaloriis
2789 5370 2959 5442 (Psal.
2984 5388 3131 5442 cxxx,
3155 5371 3232 5442 4).
3261 5371 3373 5426 [ste
3408 5371 3587 5426 carbo
3611 5369 3712 5426 de-

2058 5460 2277 5514 solotor
2295 5461 2404 5525 est,
2429 5457 2802 5515 solitudinem
2825 5459 2981 5528 facit,
3003 5466 3061 5515 et
3083 5463 3449 5532 peccatorem
3474 5464 3710 5532 purgat.

2589 5583 2918 5639 PSALMUS
2972 5585 3058 5639 CX
3068 5584 3160 5642 LI.

2055 5672 2365 5728 Intellectus
2420 5673 2614 5729 David.
2675 5690 2799 5728 cum
2863 5682 2996 5732 esset
3051 5678 3112 5732 in
3168 5675 3450 5747 spelunca,
3509 5679 3705 5733 omne.

2129 5761 2526 5819 Praescribitur
2581 5762 2692 5820 iste
2749 5765 2955 5823 titulus
3015 5766 3340 5824 secundum
3390 5763 3703 5825 historiam
