3992 6194
272 291 430 351 1313
479 339 481 341 .

347 497 580 578 deserto
608 496 871 578 E'ngaddi
903 496 967 552 in
993 499 1269 578 spelunca
1310 503 1631 578 absconsus
1655 577 1664 578 ί
1689 509 1735 578 (l
1793 496 1918 578 Reg.

347 585 497 632 xxw,
531 569 605 638 4).
638 569 1037 660 Etninjgressus
1070 576 1173 660 est‘
1196 571 1473 660 ignorans
1532 569 1704 658 Saul,‘
1753 569 1921 660 quasi

347 656 456 731 sua
479 655 683 731 'c'ausa.
706 639 1126 731 'Sxed’Oquojni‘am
1161 639 1432 731 habebit}.
1462 639 1918 731 prie-scriptione,

346 710 666 786 Intellectus
696 710 913 786 David:
951 712 1232 786 debemus
1272 710 1656 786 spiritualiter
1707 710 1921 778 intelli;

347 781 830 856 gere_psalmum_.
863 784 1158 856 Accipitur
1188 781 1424 856 quidem
1457 789 1516 842 in
1548 791 1797 849 Domino
1829 811 1922 848 ve-

347 869 449 926 rus
480 852 680 918 David,
716 852 1146 926 etintelligitur
1176 852 1312 911 Saul
1345 858 1405 912 in
1458 860 1717 917 Diabolo.
1780 869 1923 926 Spe-

349 923 522 1001 lunca
551 931 752 1001 autem
776 925 834 1001 in
857 925 966 1001 hoc
993 923 1274 1001 ‘mundor:
1334 935 1390 984 et
1447 934 1600 1001 quod
1655 923 1924 991 diabolus

348 1012 463 1074 non
496 994 762 1074 immittit
783 995 841 1049 in
873 996 1029 1074 hunc
1050 1000 1353 1074 mundum
1384 994 1608 1074 aliquid
1640 1005 1800 1074 boni,
1821 1007 1923 1062 sed

348 1072 595 1146 stercus,
619 1065 927 1146 et_sihquid_
961 1069 1260 1146 putridum
1311 1078 1418 1127 est.
1473 1065 1760 1146 Spelunca
1788 1065 1923 1133 'au-

353 1145 466 1218 tem
517 1136 1022 1218 intelligitdriste
1071 1143 1361 1218 mundus,_
1411 1136 1548 1216 quia
1604 1150 1924 1218 perfectum

350 1209 548 1289 lumen
581 1225 696 1289 non
728 1209 1240 1289 habet,‘quantum
1296 1215 1382 1289 ad
1425 1209 1924 1289 comparationem

353 1280 556 1347 futuri,
592 1281 692 1335 sed
726 1281 894 1351 quasi
921 1280 1119 1338 lumen
1151 1283 1386 1351 aliquod
1423 1280 1651 1344 induxit
1681 1293 1924 1348 Domino

351 1351 588 1436 veniens
606 1351 668 1436 in
695 1351 859 1436 hunc
890 1355 1203 1436 mundum.
1239 1351 1727 1436 Propterealﬁcit
1774 1368 1922 1436 Apo-

351 1422 536 1503 stolus
560 1439 576 1503 ξ
598 1423 847 1503 (ἐφέξει.
873 1426 1095 1503 _l-u_m_en_
1122 1428 1315 1503 gloriae
1348 1422 1482 1503 ejus
1528 1431 1711 1503 (Hebr.
1765 1453 1803 1500 ι,
1826 1422 1922 1503 ⁵3).

351 1499 496 1571 largo
530 1494 1184 1571 sicutﬂDavidintroivit
1211 1499 1270 1553 in
1303 1494 1642 1571 speluncam
1675 1494 1919 1560 abscon-

352 1566 497 1646 dens
529 1582 590 1620 se
614 1582 647 1620 a
679 1565 815 1646 S_aul
849 1584 861 1621 :
896 1566 978 1646 ita
997 1573 1054 1622 et
1087 1565 1367 1646 Dominus
1396 1572 1701 1646 ingressus
1731 1581 1820 1632 est
1867 1578 1924 1631 in

353 1636 507 1692 hunc
539 1638 850 1705 mundum,
886 1643 942 1693 et
976 1643 1442 1711 persecutionem
1462 1636 1685 1717 passus
1717 1654 1824 1704 est.

358 1749 378 1775 «ι
414 1729 564 1782 Voce
597 1743 727 1782 mea
758 1728 828 1782 ad
859 1727 1173 1785 Dominum
1208 1733 1452 1789 clamavi
1483 1753 1654 1792 :voce
1686 1754 1816 1793 mea
1854 1739 1924 1793 ad

1442 297 1939 367 BREVIARIUM
1985 308 2064 369 ΙΝ
2115 313 2496 377 PSALMOS.

347 424 583 520 quidem
608 425 1137 520 tquan't‘iSJOfugieba‘t
1165 429 1410 520 David'a
1440 430 1582 488 facie
1642 436 1833 520 Sa-ul,“
1861 439 1921 493 in
1952 454 2003 520 Α
2106 461 2240 520 suus

3521 338 3678 402 1314

2265 448 2512 534 Αὺδοζοη.
2556 451 2668 508 Iste
2701 455 2962 534 psalmus
2992 477 3198 534 vocem
3229 471 3484 527 continet
3520 473 3681 534 illius

2110 518 2353 610 qui-Apro
2403 521 2662 610 humana
2701 518 3457 610 'redemptiqneﬂseipsumv
3481 518 3676 603 eis};

2106 595 2270 674 nivit,
2305 595 2594 674 accipiens
2626 597 2872 674 formam
2897 595 3068 672 servi,
3101 613 3164 662 ut
3196 595 3313 666 nds
3337 595 3678 674 eruere-tuus

2105 661 2384 717 servitute
2416 661 2681 738 (Philipp.
2715 672 2799 741 11).

2109 825 2135 851 ‹‹
2168 803 2431 873 Domine,
2468 811 2677 864 exaudi
2710 815 3029 873 orationem
3081 836 3292 879 meam.
3326 850 3352 877 »
3422 834 3681 892 Humilia

2033 891 2211 946 verba
2241 898 2296 948 et
2327 894 2499 965 plena
2522 896 2871 958 humilitatis
2895 911 2950 960 et
2982 908 3410 972 misericordiae.
3471 944 3498 969 «
3559 891 3673 980 Au-

2035 980 2198 1034 ribus
2233 983 2461 1055 percipe
2481 985 2940 1048 obsecrationem
2974 1013 3162 1054 meam
3192 1001 3250 1056 in
3273 1005 3677 1068 veritatetua.»

2033 1068 2390 1126 Confidentis
2431 1076 2604 1130 verba
2651 1085 2807 1133 sunt.
2843 1105 2868 1129 ‹‹
2932 1085 2993 1138 In
3046 1088 3286 1147 veritate
3340 1099 3512 1166 tua,»
3570 1100 3679 1157 hoc

2035 1161 2142 1223 est,
2181 1159 2234 1212 in
2267 1160 2493 1218 Christo
2543 1171 2662 1220 tuo.
2712 1169 2820 1238 Ego
2870 1187 2992 1227 sum
3037 1178 3146 1245 via,
3205 1181 3328 1236 vita.
3383 1159 3679 1245 et'veritas

2036 1245 2213 1339 (loqu.
2247 1267 2354 1339 xiv,
2388 1251 2465 1320 6).
2507 1271 2528 1299 α
2552 1253 2619 1309 Et
2649 1259 2855 1313 exaudi
2890 1277 2982 1317 me
3012 1263 3068 1318 in
3105 1270 3203 1321 tua
3246 1270 3498 1339 justitia.
3535 1300 3564 1326 ››
3609 1279 3680 1335 Et

2035 1334 2092 1388 in
2126 1335 2357 1392 Christo
2387 1343 2507 1395 tuo.
2560 1342 2678 1398 Hoc
2728 1351 2835 1414 est,
2897 1367 3011 1406 non
3061 1334 3288 1413 conﬁdo
3347 1362 3511 1430 mihi,
3574 1334 3675 1422 sed

2034 1439 2138 1521 ego
2170 1427 2472 1485 veritatem
2505 1435 2562 1485 et
2584 1432 2878 1502 justitiam
2911 1445 3071 1496 tuam
3099 1449 3252 1516 peto,
3285 1452 3349 1502 ut
3375 1427 3504 1522 ipsa
3563 1457 3675 1511 mei

2035 1511 2402 1570 misereatur.

2107 1642 2133 1667 «
2168 1620 2234 1674 Et
2256 1638 2371 1676 non
2405 1623 2585 1681 intres
2645 1629 2702 1682 in
2745 1631 3037 1700 judicium
3089 1655 3222 1695 cum
3270 1660 3433 1700 servo
3491 1651 3680 1705 tuo.»

2034 1707 2176 1763 Ecce
2227 1711 2711 1772 manifestissime
2759 1720 3199 1793 demonstravit,
3260 1734 3398 1802 quia
3451 1737 3676 1795 miseri-

282 1815 596 1871 Dominum
622 1817 965 1888 deprecatus
999 1836 1153 1876 sum.
1207 1821 1453 1878 Ell'undo
1505 1825 1562 1879 in
1611 1831 1926 1898 conspectu
1960 1824 2006 1888 B
2038 1797 2304 1898 Poridi???
2327 1800 2427 1854 Dei
2460 1806 2849 1878 maestam”,
2883 1811 3120 1870 dicens:
3160 1838 3186 1868 “
3217 1797 3294 1874 Et-
3329 1839 3439 1878 π]οΠ
3501 1827 3684 1886 intres

282 1905 409 1973 ejus
439 1905 759 1962 orationem
785 1922 996 1962 meam.
1033 1933 1053 1960 ι
1086 1909 1295 1966 Omnia
1325 1911 1444 1967 haec
1482 1913 1542 1968 in
1593 1914 1924 1971 humilitate

281 2008 555 2065 corporea
584 1993 860 2066 loquitur,
920 2000 985 2051 ut
1040 2015 1101 2054 se
1144 2017 1345 2054 verum
1392 2001 1712 2067 hominem,
1771 2004 1926 2059 sicut

283 2098 434 2155 saepe
464 2083 740 2149 diximus,
775 2085 1128 2141 manifestat.
1162 2110 1189 2137 «
1224 2089 1686 2147 Tribulationem
1733 2109 1922 2148 meam

277 2175 412 2226 ante
441 2171 635 2243 ipsum
664 2173 998 2242 pronuntio,
1032 2174 1090 2227 in
1130 2176 1449 2232 deﬁciendo
1499 2179 1559 2234 in
1610 2197 1703 2236 me
1751 2181 1923 2251 spiri-

276 2263 404 2314 tum
437 2276 654 2316 meum.
692 2283 720 2308 »
751 2261 950 2332 Neque
973 2262 1273 2320 tribulatio
1306 2283 1583 2337 praesens,
1606 2286 1794 2340 neque
1825 2270 1922 2325 de-

276 2347 448 2402 fectio
480 2347 726 2420 spiritus
759 2349 1001 2421 impedit
1028 2367 1040 2404 :
1066 2353 1400 2426 sedjugiter
1421 2357 1746 2428 spiritualis
1768 2359 1922 2414 vocis

277 2437 534 2491 oratione
563 2436 817 2493 clamare
850 2455 964 2494 non
997 2439 1230 2496 desinit.
1271 2466 1298 2492 «
1358 2445 1426 2498 Et
1481 2450 1543 2500 tu
1603 2446 1921 2520 cognovisti

277 2525 518 2582 semitas
551 2543 731 2583 meas.
769 2550 796 2576 ››
828 2526 1130 2585 Doctrinas
1159 2547 1306 2602 quas
1340 2533 1535 2589 doceo.

349 2638 376 2663 ‹‹
410 2614 472 2668 ln
502 2615 594 2669 via
627 2614 734 2670 hac
755 2633 872 2687 qua
919 2618 1314 2690 ambulabam,
1371 2622 1805 2680 absconderunt
1830 2643 1926 2681 su-

274 2702 437 2774 perbi
458 2702 698 2774 laqueos
720 2704 1151 2778 mihi.»Szepius
1172 2709 1222 2762 ei
1246 2725 1280 2763 a
1308 2712 1529 2766 Judreis
1551 2714 1923 2770 absconditos

274 2791 665 2847 tentationum
692 2791 933 2864 laqueos
965 2795 1022 2849 in
1056 2796 1149 2851 via
1177 2801 1503 2868 praesentis,
1535 2802 1688 2872 vitae,
1748 2807 1806 2858 et
1863 2803 1922 2858 in

276 2879 408 2934 aliis
439 2879 865 2937 declaravimus
897 2882 1161 2953 psalmis.

346 2992 375 3018 «
406 2968 861 3025 Considerabam
893 2988 926 3025 a
955 2973 1194 3029 dextris.
1231 2996 1259 3025 »
1307 2980 1382 3030 Ut
1438 2979 1508 3032 de
1557 2978 1798 3035 sinistra
1849 2981 1921 3035 ad

277 3059 571 3113 dexteram
617 3059 1063 3115 adducerentur.
1099 3083 1126 3110 ››
1186 3064 1255 3118 Et
1303 3065 1592 3134 videbam,
1632 3068 1770 3139 quia
1807 3085 1922 3123 non

274 3152 401 3203 erat
428 3147 529 3218 qui
551 3153 921 3218 cognosceret
950 3167 1060 3205 me.
1107 3173 1134 3199 »
1159 3151 1340 3208 Deum
1365 3171 1536 3210 carne
1565 3161 1917 3214 contectum.

2037 1886 2095 1938 in
2119 1886 2412 1954 judicium
2445 1907 2577 1946 cum
2611 1911 2774 1950 servo
2807 1902 2926 1954 tuo.
2963 1924 2990 1949 ››
3013 1902 3114 1958 Hic
3145 1909 3312 1977 quasi
3347 1911 3562 1985 aliquis
3585 1919 3684 1988 ju-

2035 1973 2188 2027 dicet
2211 1974 2360 2073 inter
2393 1979 2572 2034 Deum
2606 1986 2662 2037 et
2689 1984 3056 2060 Prophetam,
3079 1973 3234 2050 sic—ut
3279 2004 3337 2052 et
3394 1973 3464 2056 in.
3508 1973 3678 2075 quin-

2035 2063 2378 2134 quagesimo
2412 2068 2636 2138 psalmo
2669 2075 2951 2145 scriptum
2980 2083 3105 2135 est:
3145 2084 3210 2138 Ut
3238 2063 3563 2158 justiﬁeeris
3620 2097 3682 2148 in

2034 2154 2383 2208 sermonibus
2412 2158 2542 2223 tuis,
2577 2161 2626 2213 et
2658 2163 2841 2218 vineas
2867 2180 2996 2221 eum
3023 2154 3296 2239 judicaris
3346 2154 3457 2244 (Ds.
3515 2197 3565 2250 L,
3598 2184 3676 2254 6).

2123 2246 2426 2313 propterea
2459 2244 3017 2320 intratinjudicium
3049 2257 3220 2328 Deus,
3256 2269 3320 2318 ut
3349 2243 3510 2336 juste
3551 2243 3677 2342 ’pul-

2035 2328 2175 2384 niat.
2228 2331 2363 2386 Tale
2413 2335 2552 2405 quid
2607 2337 2741 2393 fecit
2796 2345 2853 2396 et
2880 2344 3081 2415 Cyrus,
3117 2365 3214 2404 rex
3261 2328 3586 2414 Persarum.
3627 2366 3684 2417 et

2035 2417 2362 2488 Medorum,
2390 2423 2508 2495 regi
2539 2427 2972 2501 Armeniorum,
3005 2439 3238 2506 quando
3271 2445 3678 2518 transgressus

2035 2511 2124 2560 est
2151 2508 2437 2565 amicitias
2467 2513 2617 2581 ejus.
2651 2515 2801 2571 Vicit
2830 2535 2963 2575 eum
2997 2528 3053 2578 et
3083 2527 3376 2598 captivum
3411 2508 3634 2609 accepit
3667 2555 3680 2592 :

2032 2597 2089 2690 et
2125 2596 2390 2690 proprios
2451 2598 2608 2656 illius
2645 2610 2940 2679 cognatos,
3003 2617 3061 2666 et
3119 2596 3377 2690 uxorem,
3439 2627 3498 2678 et
3532 2596 3682 2682 tilias

2033 2681 2453 2754 fecitjudicare
2481 2689 2631 2744 inter
2661 2692 2828 2750 illos:
2855 2703 2918 2750 ut
2940 2699 3100 2768 juste
3153 2710 3254 2759 aut
3305 2681 3676 2781 misereatur,

2032 2777 2135 2826 aut
2154 2775 2375 2844 puniat.
2411 2799 2431 2825 ι
2466 2777 2610 2840 Quia
2641 2798 2755 2836 non
2777 2785 3204 2854 justificabitur
3245 2795 3303 2850 in
3363 2775 3678 2873 conspectu

2033 2863 2133 2914 tuo
2183 2863 2375 2918 omnis
2421 2865 2639 2923 vivens.
2677 2893 2704 2918 ››
2753 2873 2894 2929 Deus
2949 2878 3246 2949 Abraham,
3301 2885 3440 2942 Deus
3503 2863 3678 2960 lsaae,

2032 2953 2175 3004 Deus
2231 2953 2390 3008 Jacob
2421 2974 2440 3007 .-
2499 2956 2640 3011 Deus
2693 2961 3013 3033 viventium,
3051 2977 3104 3023 et
3157 2988 3267 3026 non
3339 2953 3680 3036 mortuorum

2034 3039 2182 3138 ειυς.
2215 3039 2334 3138 XX,
2366 3043 2457 3138 3:7,
2488 3045 2599 3115 38).
2639 3047 2787 3120 Ergo
2847 3068 2949 3109 nec
2981 3055 3092 3127 ipsi
3125 3061 3465 3130 patriarchae
3497 3068 3676 3138 justi-

2034 3126 2367 3184 ﬁcabuntur
2397 3131 2453 3185 in
2486 3142 2797 3206 conspectu
2832 3141 2953 3197 Dei.
2989 3126 3176 3202 Stellae
3217 3150 3372 3208 enim
3409 3126 3520 3211 nor;
3549 3162 3677 3213 sunt

348 3192 400 3203 ...
430 3192 529 3218 ει...
552 3192 921 3218 "anew-.."
950 3192 1060 3205 ...ψ
1107 3192 1133 3199 η
1159 3192 1340 3208 uc...“
1365 3192 1536 3210 ναιυυ
1565 3192 1916 3214 contectum.

348 3259 376 3286 «
409 3236 587 3291 Periit
617 3237 804 3308 fugaa
834 3253 946 3293 me.
981 3261 1008 3288 »
1043 3240 1220 3295 Periit
1248 3241 1385 3314 fuga
1423 3245 1570 3314 ejus,
1624 3262 1756 3300 cum
1818 3248 1916 3302 de-

2044 3217 2258 3273 mundw
2288 3221 2347 3272 in
2366 3192 2649 3293 conspectu
2678 3192 2794 3297 ejus

275 3323 430 3380 latus
461 3342 495 3380 a
521 3325 760 3392 Judaeis,
794 3326 1008 3398 saepius
1041 3327 1190 3384 ultro
1216 3329 1426 3385 iterum
1459 3349 1521 3387 se
1551 3333 1783 3401 obtulit,
1819 3353 1923 3391 nec

274 3417 365 3468 est
393 3414 627 3484 agnitus
660 3415 731 3468 ab
763 3414 902 3469 eis.«
927 3416 998 3471 Et
1020 3433 1134 3471 non
1165 3422 1253 3473 est
1281 3420 1381 3490 qui
1413 3426 1633 3490 quaerat
1663 3423 1920 3479 animam

276 3517 486 3556 meam.
530 3523 550 3550 ι
587 3505 809 3573 Corpus
842 3503 1139 3574 accipiunt
1171 3507 1241 3560 ad
1275 3508 1732 3580 cruciﬁgendum
1760 3529 1773 3578 ;
1798 3513 1920 3567 ani-

276 3606 432 3644 mam
465 3594 660 3644 autem
694 3607 807 3645 non
841 3591 1232 3663 requirunt,id
1268 3600 1498 3663 est,non
1533 3599 1847 3670 attingunt.

345 3679 641 3735 «Clamavi
675 3680 744 3735 ad
778 3682 1162 3747 te,Domine.»
1197 3683 1276 3738 De
1299 3701 1488 3741 cruce.
1524 3688 1706 3758 «Dixi,
1740 3690 1827 3744 Tu
1860 3706 1922 3745 es

273 3786 406 3840 spes
441 3771 1061 3826 meanCommendans
1092 3773 1149 3826 in
1194 3773 1468 3830 manibus
1496 3776 1614 3831 tuis
1649 3778 1920 3848 spiritum

274 3871 471 3911 meum
495 3856 640 3924 (Lac.
674 3873 836 3923 XXIII,
864 3859 973 3928 46).
1009 3882 1038 3908 »
1099 3860 1288 3915 Portio
1347 3879 1475 3918 mea
1525 3865 1581 3918 in
1633 3870 1784 3920 terra
1837 3867 1920 3921 vi-

273 3946 605 3999 ventium.»
640 3944 702 3997 In
726 3947 946 4000 sanctis
1004 3948 1103 4017 qui
1164 3949 1218 4002 in
1279 3967 1407 4005 eam
1464 3955 1918 4022 transferuntur,

275 4032 427 4088 sicut
455 4037 511 4087 et
558 4033 767 4088 latroni
817 4034 941 4088 ait:
1005 4037 1173 4092 Amen
1228 4038 1348 4095 dico
1396 4041 1516 4107 tibi,
1575 4045 1707 4112 quia
1764 4044 1922 4100 hodie

271 4138 484 4176 meeum
533 4123 641 4176 eris
662 4123 716 4177 in
748 4125 1025 4192 paradiso.

350 4235 369 4260 ι
407 4210 646 4266 Intende
677 4212 735 4266 in
768 4213 1090 4270 orationem
1118 4232 1307 4272 meam
1344 4235 1354 4273 :
1382 4219 1521 4290 quia
1570 4219 1918 4278 humiliatus

273 4317 405 4354 sum
437 4300 636 4355 nimis.
663 4301 870 4356 Libera
898 4319 990 4358 me
1020 4321 1054 4359 a
1082 4309 1570 4378 persequentibus
1602 4325 1732 4365 me:
1780 4312 1920 4382 quia

272 4387 583 4443 confortati
615 4393 754 4443 sunt
770 4406 945 4460 super
975 4408 1087 4458 me,
1121 4415 1147 4442 ››
1179 4400 1286 4449 etc.
1319 4399 1366 4450 A
1415 4398 1580 4453 Patre
1638 4416 1700 4454 se
1748 4401 1917 4455 educi

274 4476 346 4530 de
375 4475 590 4530 inferni
617 4475 892 4530 claustris
925 4481 1202 4551 postulat,
1267 4489 1329 4537 ut
1389 4487 1736 4543 resurrectio
1788 4490 1918 4559 ejus

273 4563 499 4636 paterni
532 4564 786 4619 nominis
819 4565 1004 4621 honor
1033 4568 1127 4622 sit.
1157 4570 1290 4632 Quae
1311 4573 1598 4628 confessio
1621 4592 1651 4628 a
1703 4577 1918 4646 quibus
1952 4563 1997 4628 D

273 4655 351 4710 sit
379 4654 995 4726 conﬁtendaostendit,
1043 4657 1280 4714 dicens:
1342 4683 1369 4709 «
1431 4661 1520 4716 Me
1584 4672 1920 4735 exspectant

264 4743 480 4813 justi.»
512 4744 774 4815 Apostoli
804 4743 888 4800 vel
923 4745 1125 4816 reliqui
1158 4749 1363 4816 sancti,
1409 4766 1659 4822 quorum
1713 4771 1918 4826 exspe-

273 4832 534 4902 ctationi,
563 4849 695 4887 cum
731 4850 1121 4902 resurrexero,
1154 4838 1470 4894 satisfacio.
1504 4863 1531 4889 «
1581 4847 1768 4898 Donec
1826 4862 1920 4900 re-

277 4921 507 4976 tribuas
538 4922 726 4977 mihii.
765 4945 786 4970 ι
816 4925 1131 4979 Claritatem
1164 4927 1322 4981 illam
1342 4945 1508 4997 quam
1529 4931 1715 4998 habui,
1743 4935 1921 5002 prius-

274 5026 439 5082 quam
492 5013 729 5066 m-undus
748 5013 901 5082 ﬁeret
921 5014 1065 5083 apud
1093 5018 1143 5068 te
1171 5017 1347 5084 (Joau.
1380 5034 1515 5085 xvu,
1575 5020 1649 5090 5).
1698 5021 1764 5074 Et
1814 5039 1919 5076 nos

272 5098 577 5155 humiliter
625 5101 1008 5172 deprecamur
1077 5121 1140 5158 ac
1227 5105 1504 5176 petimus,
1585 5114 1646 5162 ut
1721 5127 1918 5166 susce-

270 5193 371 5260 pta
400 5205 537 5244 voce
572 5188 844 5245 clamoris
876 5193 1082 5259 nostri,
1105 5194 1344 5249 eductos
1400 5213 1468 5250 ex
1527 5197 1736 5254 inferni
1794 5217 1914 5255 car-

273 5294 420 5348 cere,
454 5277 592 5331 illuc
654 5295 760 5334 nos
811 5281 1024 5350 jubeas
1061 5285 1364 5339 transferri
1417 5287 1486 5340 de
1541 5293 1748 5357 morte,
1820 5290 1919 5345 ubi

277 5367 553 5437 pendenti
578 5367 784 5423 latroni
809 5372 1349 5442 praeparastilocum
1375 5373 1634 5431 lucidum
1660 5394 1724 5432 ac
1763 5379 1921 5450 quie-

269 5456 436 5510 tem:
489 5456 629 5527 quia
684 5457 790 5512 tibi
849 5465 937 5514 est
984 5461 1170 5517 honor
1221 5467 1277 5517 et
1323 5463 1508 5534 gloria
1565 5483 1697 5521 cum
1754 5467 1920 5526 Patre

273 5543 562 5617 etSpiritu
598 5552 798 5602 sancto
832 5548 888 5602 in
923 5550 1135 5606 saecula
1165 5553 1531 5609 saeculorum.
1565 5560 1773 5612 Amen.

808 5638 932 5694 PSA
945 5639 1136 5695 LMUS
1184 5642 1389 5698 CXCII.

265 5727 523 5796 Ptatmus
578 5728 749 5787 David
804 5729 1020 5810 quando
1075 5735 1506 5813 persequebatur
1569 5753 1696 5798 eum
1769 5741 1924 5819 ﬁlius

2105 3347 2130 3371 υ
2166 3325 2310 3388 Quia
2343 3335 2686 3398 persecutus
2717 3339 2807 3390 est
2839 3337 3111 3398 inimicus
3133 3345 3390 3404 animam
3425 3367 3677 3410 meam.»

2035 3411 2149 3502 Hoc
2208 3413 2688 3502 interpretatione
2739 3440 2851 3479 non
2910 3427 3158 3502 indiget.
3221 3435 3377 3491 Nulli
3426 3439 3678 3499 dubium

2033 3499 2172 3569 quin
2204 3501 2470 3560 diabolus
2500 3524 2556 3562 :«
2592 3509 2931 3570 Humiliavit
2959 3499 3192 3576 interra
3213 3524 3392 3582 vitam
3424 3544 3677 3588 meam.»

2031 3590 2150 3682 liae
2177 3595 2285 3656 est,
2317 3595 2471 3663 quod
2505 3597 2663 3652 dicit.
2689 3601 2830 3656 Ante
2886 3603 3008 3661 alas
3047 3607 3355 3682 habebam,
3419 3621 3476 3672 et
3529 3619 3680 3677 vola-

2032 3677 2208 3732 bam:
2245 3697 2400 3736 nunc
2424 3691 2616 3740 autem
2669 3699 3014 3760 persecutus
3070 3703 3158 3753 est
3216 3701 3491 3761 inimicus
3551 3709 3676 3765 ani-

2033 3781 2189 3822 mam
2224 3785 2443 3826 meam:
2476 3778 2532 3828 et
2561 3778 2964 3852 apprehendit,
2993 3789 3049 3839 et
3076 3785 3276 3859 ligavit
3307 3791 3451 3847 mihi
3503 3798 3678 3868 pedes

2032 3859 2088 3908 et
2117 3873 2348 3925 manus,
2379 3865 2875 3931 quemadmodum
2908 3872 3135 3932 volatile
3153 3877 3223 3933 ab
3257 3859 3676 3942 homine-com-

2030 3945 2432 4015 prehenditur,
2485 3957 2549 4006 ut
2605 3957 2774 4025 quasi
2834 3959 3102 4018 videatur
3149 3973 3446 4025 mortuum
3514 3989 3672 4031 esse:

2031 4033 2168 4104 quia
2189 4051 2302 4090 non
2327 4037 2504 4094 habet
2533 4040 2827 4102 licentiam
2851 4047 3076 4106 alarum
3107 4070 3345 4111 suarum
3381 4063 3445 4113 ut
3501 4061 3672 4119 volet.

2030 4123 2113 4178 Ita
2133 4129 2191 4180 et
2222 4143 2334 4195 me,
2359 4127 2570 4200 inquit,
2605 4132 2878 4192 inimicus
2910 4137 3110 4210 ligavit
3140 4145 3494 4205 conscientia
3539 4167 3674 4222 pec-

2029 4217 2290 4269 catorum
2316 4233 2602 4275 meorum.

2106 4343 2124 4368 α
2155 4320 2469 4378 Collocavit
2495 4341 2587 4379 me
2617 4326 2675 4380 in
2710 4329 2996 4401 obscuris,
3049 4335 3200 4394 sicut
3247 4347 3511 4403 mortuos
3563 4366 3674 4405 sae-

2029 4407 2218 4475 culi,»
2254 4410 2312 4465 Si
2371 4412 2523 4467 sicut
2579 4421 2840 4473 mortuos
2900 4424 3116 4496 saeculi,
3170 4429 3360 4488 adhuc
3425 4439 3674 4494 necdum

2029 4502 2318 4568 mortuus,
2351 4502 2489 4571 quia
2535 4504 2875 4574 pcenitentia
2904 4515 3036 4580 stat,
3072 4515 3120 4570 si
3153 4519 3287 4588 quis
3316 4528 3510 4583 autem
3542 4542 3675 4598 pec-

2027 4602 2166 4641 cans
2199 4604 2310 4642 non
2362 4589 2482 4661 agit
2536 4591 2596 4646 in
2656 4596 3074 4670 paenitentiam,
3125 4604 3219 4660 hic
3275 4589 3561 4668 mortuus.
3589 4621 3678 4672 est

2033 5031 2105 5085 Tu
2129 5033 2224 5088 die
2259 5035 2420 5104 prius
2464 5044 2684 5107 peccata
2729 5046 2843 5111 tua,
2875 5053 2927 5100 et
2960 5049 3144 5105 salvus
3199 5031 3453 5124 eris(Isa.
3512 5075 3670 5127 XLIII,

2030 5120 2146 5190 26.)
2179 5122 2247 5176 Et
2278 5122 2491 5180 iterum
2520 5127 2624 5217 :rSi
2649 5131 2830 5185 solum
2877 5138 3242 5206 suspiraveris
3289 5120 3391 5214 pro
3432 5120 3674 5217 peccatis

2029 5211 2161 5281 tuis,
2183 5213 2369 5267 salvus
2397 5217 2513 5270 eris
2537 5216 2761 5286 (Ezech.
2784 5238 2946 5292 xvm,
2989 5226 3100 5298 21).
3155 5253 3182 5278 ‹‹
3218 5211 3302 5285 ln—
3332 5211 3448 5287 me-
3471 5237 3672 5292 turba-

2030 5303 2154 5354 tum
2187 5306 2276 5356 est
2305 5319 2404 5358 cor
2434 5321 2651 5362 meum.
2691 5332 2716 5355 »
2741 5309 2979 5383 Propter
3007 5317 3422 5378 conscientiam
3456 5340 3671 5394 meam,

2032 5405 2168 5459 quia
2189 5407 2438 5462 peccavn.

2104 5502 2129 5527 ‹‹
2195 5479 2415 5536 Memor
2465 5483 2545 5536 fui
2621 5485 2848 5543 dierum
2892 5493 3346 5565 antiquorum.»
3435 5501 3669 5556 Dierum

2031 5584 2293 5624 meorum
2317 5571 2581 5641 priorum
2647 5591 2872 5633 memor
2925 5581 3029 5652 fui,
3091 5589 3325 5656 quando
3386 5589 3670 5646 habebam

2030 5659 2441 5715 conﬁdentiam
2469 5678 2480 5714 :
2516 5680 2672 5718 nunc
2703 5673 2895 5723 autem
2929 5672 3071 5727 mihi
3105 5692 3216 5731 nox
3245 5681 3352 5731 est.

2100 5769 2129 5802 κ
2158 5749 2419 5825 Expandi
2459 5766 2672 5815 manus
2701 5771 2863 5818 meas
2888 5760 2961 5820 ad
3002 5765 3077 5823 te.
3116 5785 3146 5817 ››
3179 5762 3507 5838 Ligatusab
3558 5765 3671 5860 ini:
