3992 6194
263 310 419 369 1295

259 456 434 514 neque
461 436 593 495 elati
635 437 760 490 sunt
816 427 963 485 oculi
1014 439 1123 478 me:
1181 418 1352 492 (Psal.
1408 429 1566 478 cxxx,
1629 411 1701 477 1).

263 532 423 591 niam
445 542 581 600 ergo
611 520 896 579 humilem
946 532 1007 571 se
1055 505 1502 568 monstraverat,
1550 496 1762 554 Christi
1811 495 1910 549 ad-

263 585 812 687 ventumupostulat.
845 608 915 663 Et
958 601 1096 675 quid
1139 596 1326 653 dicit?
1350 595 1632 652 Memento,
1665 585 1911 649 Domine,

265 707 444 766 David
471 713 522 761 et
548 703 724 760 omnis
755 672 1195 753 mansuetudinis
1224 687 1343 756 ejus
1376 681 1546 752 (Psal.
1594 692 1782 743 cxxxx,
1842 672 1914 741 1).

266 809 336 864 Et
357 819 592 862 rursum
625 801 684 855 in
714 797 825 853 alio
856 793 1016 850 loco:
1051 792 1280 858 Propter
1309 779 1477 837 David
1505 790 1724 832 seruum
1765 776 1920 825 tuum
2028 770 2202 828 pecca

2031 809 2046 828 ι
2078 809 2087 810 κ
2114 809 2119 810 ν
2257 809 2269 820 ,

2031 843 2132 915 qui
2149 841 2339 897 solum
2355 835 2666 892 Dominum
2679 827 2906 884 habetis
2920 824 3162 878 Deum.«
3180 818 3400 872 Omnes
3413 809 3572 867 servi
3585 809 3684 863 Do-

1829 963 1923 1003 am
2034 932 2199 1000 mini,
2222 953 2248 980 »
2267 927 2481 1007 quibus
2501 923 2589 977 ira
2608 915 3015 986 nonimperat:
3046 909 3103 964 in
3127 901 3550 979 quibuslibido
3583 913 3691 952 non

2957 1005 2960 1007 Α
3398 995 3408 1007 ,
3487 1006 3492 1007 ί
3525 988 3691 1007 πει-η

2036 988 2236 1092 regnat
2265 988 2364 1085 ;-‘in
2399 1013 2616 1086 quibus
2639 1007 2750 1064 alia
2771 1005 3009 1077 peccata
3029 1014 3143 1053 non
3167 995 3452 1066 regnant:
3477 988 3694 1060 quibus

2039 1128 2153 1167 non
2189 1105 2567 1162 dominantur
2593 1097 2751 1162 vitia,
2784 1091 2869 1147 illi
2902 1087 3280 1144 dominantur
3335 1098 3370 1136 a
3418 1077 3697 1134 Domino.

2048 1220 2066 1244 α
2103 1200 2318 1253 Omnes
2349 1189 2496 1248 servi
2519 1183 2770 1243 Domiui.
2801 1204 2827 1230 ››
2849 1178 3093 1232 Videtur
3113 1165 3699 1241 hucusquestetisse.

1757 1259 1933 1358 dicit-3
2039 1289 2150 1342 Sed
2180 1285 2374 1340 videte
2406 1279 2809 1351 augmentum.
2842 1269 2968 1324 Non
3001 1263 3219 1320 sufﬁcit
3248 1259 3448 1316 solum
3503 1270 3704 1309 servos

2043 1393 2172 1434 esse
2193 1371 2448 1435 Domini,
2473 1366 2586 1423 nisi
2606 1368 2663 1419 et
2686 1360 2800 1434 ipsi
2824 1355 2972 1414 servi
3020 1357 3192 1409 stent.
3227 1349 3333 1405 Alii
3365 1345 3538 1402 enim
3571 1346 3708 1398 sunt

2047 1431 2147 1538 qui
2181 1466 2359 1528 stant,
2413 1431 2510 1514 alii
2569 1454 2670 1526 qui
2711 1431 2959 1512 cadunt,
3019 1442 3117 1498 alii
3176 1439 3274 1512 qui
3335 1435 3557 1492 sedent
3613 1431 3706 1486 alii

2049 1524 2146 1627 qui
2173 1524 2392 1626 jacent.
2427 1549 2573 1617 Ergo
2587 1524 2705 1614 tqui
2726 1539 2960 1606 cadunt,
2986 1535 3085 1606 qui
3107 1530 3336 1592 sedent,
3363 1524 3470 1596 qui
3490 1524 3708 1594 jacent,

2049 1611 2134 1699 illi
2169 1611 2284 1698 iion
2333 1611 2581 1711 possuht
2621 1611 2866 1685 laudare
2916 1621 3251 1679 Dominum.
3301 1614 3423 1669 Vos
3474 1611 3712 1667 laudate

2053 1733 2150 1806 qui
2183 1698 2372 1788 statis.
2411 1725 2520 1781 Sed
2558 1721 2712 1776 dicat
2752 1714 2986 1785 aliquis,
3031 1711 3202 1766 Stant
3254 1709 3310 1760 et
3354 1702 3485 1758 alii.
3522 1698 3709 1755 Multa

2062 1787 2127 1806 τί

2053 1826 2191 1878 sunt
2240 1815 2545 1880 Ecclesie;
2600 1807 2795 1864 multe
2852 1805 2992 1858 sunt
3047 1793 3566 1868 congregationes.
3613 1787 3708 1851 Qui

2055 1927 2190 1982 ergo
2221 1905 2423 1965 stant?
2460 1899 2657 1956 Ariani
2709 1893 2912 1951 stant?
2961 1888 3276 1945 Nominant
3314 1881 3632 1937 Christum
3660 1881 3711 1930 et

2056 1995 2423 2062 Eunomiani,
2448 1997 2505 2048 et
2522 1993 2736 2046 cetere
2758 1984 3007 2039 hereses
3033 1997 3046 2046 ;
3080 1992 3214 2048 ergo
3264 1975 3432 2028 stant
3453 1969 3484 2022 ?
3521 1968 3603 2022 Ne
3629 1964 3714 2019 vi-

2058 2090 2292 2144 deretur
2308 2057 2443 2155 ergo
2463 2079 2578 2135 illis
2600 2077 2738 2132 dare
2753 2070 3049 2127 licentiam
3069 2061 3354 2121 laudandi
3368 2057 3708 2120 Dominum,

2056 2179 2245 2236 videte
2276 2173 2418 2246 quid
2449 2169 2643 2225 dicat:

275 861 388 952 ἦὸξι
416 900 634 949 avertas
662 889 862 959 [aciem
893 880 1099 937 Christi
1136 877 1219 932 tui
1267 869 1424 942 (Ibid.
1470 867 1578 938 10).
1637 861 1920 926 Quoniam

277 949 502 1056 accepit
551 949 867 1042 Christum,
919 972 1052 1043 post
1107 965 1282 1020 ﬁdem
1340 955 1551 1014 Christi
1605 949 1821 1008 Ecclesi

279 1042 612 1145 congregat.
651 1068 721 1122 Et
749 1063 890 1136 quid
919 1042 1128 1114 idieit?
1186 1056 1317 1108 Ecce
1373 1062 1540 1119 quam
1597 1042 1816 1106 bonum,
1877 1042 1927 1090 et

283 1124 564 1145 ""O"U"
766 1124 786 1136 ι

275 1179 442 1235 quam
492 1155 814 1228 iucundum,
859 1148 1111 1206 habitare
1166 1142 1365 1214 fratres
1417 1138 1475 1190 in
1528 1147 1700 1187 unum
1753 1124 1926 1197 (Psal.

1113 1234 1118 1235 ⁷
1474 1227 1482 1235 ‘
1642 1222 1651 1235 ι
1735 1213 1907 1235 Ἀν---2-

277 1213 436 1235 αντη-η
492 1213 504 1228 ι
802 1213 812 1220 ,

277 1267 480 1308 cxxxn.
516 1241 868 1318 1).Ecclesia
899 1234 1124 1295 Domini
1178 1227 1529 1300 congregata
1573 1222 1679 1275 est.
1735 1213 1932 1270 Novis-

280 1341 468 1399 simus
498 1334 763 1409 psalmus
811 1327 950 1401 quid
979 1322 1155 1381 dicit?
1187 1343 1214 1370 ‹‹
1247 1320 1390 1374 Ecce
1421 1327 1576 1369 nunc
1607 1309 1752 1363 bene

282 1428 619 1495 Dominum,
647 1436 851 1480 omnes
881 1414 1031 1473 servi
1063 1409 1312 1468 Domini.
1344 1428 1371 1454 ››
1405 1399 1692 1469 Quoniam
1713 1396 1934 1450 bonum

283 1523 392 1590 est,
427 1520 485 1574 et
534 1513 868 1587 jucundum
925 1503 1187 1561 habitare
1237 1498 1444 1552 fratres
1492 1491 1552 1544 in
1613 1500 1820 1550 unum,
1882 1483 1938 1533 et

1213 1587 1251 1590 _‘
1613 1575 1625 1590 ‘
1738 1569 1935 1590 -J!_2t-

287 1569 392 1590 ---,
433 1569 483 1574 -_
534 1569 599 1587 ,Γ

287 1608 430 1666 estis
478 1604 694 1678 pariter
750 1591 1114 1669 congregati:
1153 1587 1356 1641 «Ecce
1405 1594 1560 1636 nunc
1613 1569 1938 1629 benedicite

289 1659 426 1666 ⁷-““’”
478 1659 505 1678 r
526 1659 549 1662 "
864 1659 897 1669 υ
970 1659 1000 1665 --

289 1695 680 1753 Dominum.»
713 1710 742 1738 ‹‹
772 1687 938 1742 Nunc
985 1676 1306 1735 benedicite
1365 1667 1755 1727 Dominum,»
1808 1659 1941 1730 post

291 1750 608 1842 adventum
661 1773 911 1834 Christi:
959 1767 1097 1841 quia
1153 1756 1485 1858 congregati
1535 1752 1676 1858 estis
1731 1750 1790 1803 in
1851 1762 1940 1846 eo.
1975 1794 2021 1858 B

295 1875 464 1932 Nunc
492 1867 816 1925 benedicite
845 1862 906 1917 in
937 1833 1144 1914 ultimo
1176 1850 1465 1925 graduum
1497 1841 1756 1914 psalmo:
1809 1833 1946 1906 quia

290 1965 352 2020 in
392 1957 736 2017 summitate
761 1952 1046 2008 virtutum
1079 1936 1410 2014 congregati
1441 1931 1946 1996 estis.Antequam

296 2068 433 2126 ergo
463 2043 840 2123 perveneritis
873 2040 944 2096 ad
974 2035 1247 2108 quintum
1280 2026 1574 2082 decimum
1631 2016 1945 2090 graduum,

295 2152 408 2208 hoc
455 2152 565 2216 est,
625 2146 699 2201 ad
748 2137 1064 2202 excelsum,
1115 2147 1228 2187 non
1281 2121 1557 2199 poteratis
1609 2113 1948 2172 benedicere

299 2239 569 2298 Domino.
601 2237 751 2306 Ergo
801 2243 956 2285 nunc
983 2225 1110 2280 dico
1147 2217 1348 2275 vobis:
1411 2211 1605 2265 «Ecce
1659 2218 1817 2259 nunc
1848 2201 1944 2254 be-

300 2327 551 2390 nedicite
580 2323 847 2380 Domino.
871 2338 896 2371 »
927 2312 1166 2382 Quando
1189 2306 1423 2369 dicitur,
1455 2314 1605 2356 ecce:
1668 2291 1950 2365 quodam-

304 2419 478 2478 modo
519 2430 614 2470 res
640 2410 820 2481 digito
876 2402 1334 2461 demonstratur.
1391 2413 1418 2441 «
1454 2391 1597 2443 Ecce
1646 2397 1803 2438 nunc
1852 2378 1951 2432 be-

300 2505 555 2565 nedicite
587 2499 883 2556 Domino.»
903 2492 1012 2558 Qui
1034 2484 1358 2546 benedicite
1372 2477 1620 2536 Domino
1640 2473 1667 2527 ?
1692 2471 1954 2524 «Omnes

299 2595 450 2652 servi
507 2587 777 2655 Domini;
812 2607 840 2635 »
873 2582 974 2654 qui
1013 2595 1129 2635 non
1168 2572 1308 2630 estis
1355 2566 1502 2624 servi
1552 2558 1791 2635 peccati,
1851 2554 1954 2609 sed

298 2684 451 2744 servi
479 2678 731 2739 Domini.
765 2676 1047 2731 Putemus
1075 2679 1284 2740 parum
1315 2673 1443 2715 esse
1491 2651 1647 2725 quod
1703 2645 1952 2702 dicitur:

298 2777 452 2848 Ergo
481 2785 685 2829 servus
716 2761 946 2821 Domini
977 2754 1153 2814 sum?
1179 2753 1424 2808 Summa
1477 2745 1664 2798 virtus
1713 2738 1802 2791 est
1849 2732 1958 2786 hoc

1104 2844 1114 2848 ·
1164 2843 1202 2848 --
1295 2839 1327 2848 ·-
1379 2840 1387 2848 -
1571 2825 1782 2848 -,,_1::_L
1859 2819 1955 2848 ﬂ“;

300 2819 534 2924 mgreri.
567 2854 866 2923 Quomodo
887 2851 914 2906 ?
945 2844 1121 2912 Quasi
1149 2839 1492 2913 dignitatem
1531 2825 1804 2894 vindicat,
1857 2819 1960 2892 qui

308 2953 450 3011 dicit
479 2969 498 3006 :
529 2950 679 3020 Ergo
701 2958 907 3001 servus
934 2929 1305 3007 imperatoris
1338 2939 1493 2990 sum,
1517 2924 1575 2975 et
1598 2931 1766 2972 nemo
1787 2910 1962 2966 audet

1296 3017 1305 3020 -
1479 3010 1489 3020 .
1589 3007 1598 3018 .
1654 3004 1682 3020 η
1737 3003 1769 3020 .,
1876 2997 1925 3020 ,ε

308 2997 491 3011 ““""
531 2997 784 3020 _'O""
1023 2997 1040 3007 .

307 3043 581 3102 accedere
611 3037 684 3091 ad
712 3045 943 3088 servum
973 3017 1380 3096 imperatoris:
1445 3010 1528 3066 sic
1586 3003 1815 3061 infinita
1871 2997 1959 3052 di-

311 3132 506 3206 gnitas
564 3143 627 3182 se
678 3121 868 3178 dicere
927 3130 1054 3172 esse
1103 3121 1337 3166 servum
1391 3095 1637 3157 Domini.
1689 3089 1850 3147 Unde
1905 3089 1962 3141 et

1076 3201 1111 3206 ’
1228 3196 1238 3206 '
1293 3194 1302 3204 '
1378 3191 1390 3206 ‘
1469 3188 1480 3199 '
1525 3190 1618 3206 ‘———
1674 3186 1725 3206 Αι
1758 3174 1959 3206 ..η-,ςικςι

305 3216 622 3294 Apostolus
654 3212 724 3267 de
755 3206 1029 3265 servitute

310 3311 373 3367 in
396 3303 683 3382 principio
724 3293 1118 3371 Epistolarum
1177 3295 1459 3343 suarum:
1519 3273 1728 3330 Paulus
1782 3279 1964 3322 servus

1112 3378 1149 3382 —
1247 3374 1262 3382 ι
1359 3373 1407 3382 --
1532 3381 1539 3382 κ
1609 3358 1846 3382 ,νέμηη
1910 3354 1964 3382 ιη

314 3354 833 3465 ἵῆτῗέδὶξῄἆέδτήλ
882 3382 1054 3456 seqq).
1111 3378 1180 3432 Et
1232 3374 1302 3428 de
1359 3373 1549 3438 Moyse
1603 3358 1846 3416 dicitur:
1903 3354 1969 3406 Et

315 3505 430 3546 non
466 3488 604 3542 sicut
653 3484 866 3551 Moyses
921 3469 1164 3545 famulus
1219 3477 1391 3526 meus,
1435 3456 1524 3511 cui
1579 3451 1788 3506 locutus
1844 3458 1968 3497 sum

314 3534 778 3652 factites:
800 3534 974 3638 (Deut.
1007 3573 1194 3626 xxxrv,
1229 3553 1336 3620 10).
1369 3546 1571 3600 Videte
1602 3537 1742 3611 quid
1775 3534 1965 3587 dicat:

1009 3650 1017 3652 -
1159 3645 1169 3652 .
1212 3643 1223 3652 .
1434 3640 1443 3652 ,
1624 3625 1964 3652 nam,“

315 3625 453 3652 ιπη-
805 3625 816 3638 κ

315 3663 549 3721 Ceteris
570 3661 802 3716 locutus
832 3669 964 3708 sum
1006 3650 1065 3702 in
1120 3643 1341 3700 visione
1396 3640 1454 3691 et
1512 3633 1572 3686 in
1620 3625 1966 3697 aenigmate:

318 3762 432 3821 sed”
448 3776 564 3816 non
588 3756 741 3813 sicut
769 3749 951 3822 Moysi
985 3742 1202 3801 famulo
1233 3753 1384 3803 meo,
1417 3731 1512 3788 cui
1558 3728 1788 3782 locutus
1837 3733 1969 3774 sum

319 3852 468 3910 facie
515 3848 588 3904 ad
635 3842 863 3900 faciem.
928 3839 1216 3892 Ponamus
1267 3821 1619 3892 exemplum.
1696 3812 1972 3867 Dicamus

321 3957 452 4000 esse
478 3938 736 4010 aliquem
763 3927 1069 3986 dominum
1091 3915 1470 3975 ditissimum.
1506 3908 1619 3961 Iste
1673 3900 1850 3956 habet
1879 3895 1974 3950 fa-

1220 4005 1229 4010 -
1476 3997 1485 4007 .
1542 3995 1550 4004 .
1598 3997 1606 4010 ,
1799 3986 1946 4010 Mum

324 3986 597 4089 miliam?
618 4022 795 4079 habet
823 4021 880 4073 et
909 4027 1105 4071 servos
1135 4005 1235 4078 qui
1266 3999 1380 4058 sibi
1411 3995 1766 4052 ministrent.
1799 3986 1975 4040 Num—

323 4121 464 4195 quid
494 4119 718 4174 tantam
748 4108 968 4164 habent
1023 4096 1299 4156 ﬁduciam
1355 4084 1504 4145 servi
1561 4080 1660 4153 qui
1719 4079 1777 4130 in
1825 4071 1976 4128 villis

881 4194 909 4195 η
1038 4190 1047 4195 -
1428 4161 1813 4195 «agninam
1855 4159 1976 4195 Illi:

327 4159 919 4278 gdai,vaii;$u;i1ii
952 4190 1053 4264 qui
1111 4180 1372 4258 quotidie
1426 4161 1813 4230 ministrant?
1855 4159 1978 4216 Illis

1229 4273 1239 4278 _
1423 4265 1473 4278 η
1564 4265 1573 4278 ι
1634 4252 1845 4278 Lg“:
1924 4252 1976 4278 ﬁ,

328 4252 489 4275 ’θ’-⁵⁵η,
525 4252 802 4278 Ὶ-κ--ννη
967 4252 987 4264 .
1130 4252 1146 4258 -

328 4311 548 4368 magna
576 4289 832 4362 dignitas
862 4287 970 4349 est,
1003 4277 1105 4351 qui
1137 4273 1342 4330 faciem
1387 4265 1584 4322 vident
1628 4252 1872 4320 domini,
1923 4252 1980 4304 et

1246 4367 1249 4368 ⁷
1329 4358 1340 4368 ¹
1532 4352 1542 4362 ’
1635 4346 1724 4368 ---:
1773 4339 1973 4368 pnn:nm

335 4339 548 4368 ι’ϋξγιπ
579 4339 827 4362 --o-—'.--~
875 4339 881 4340 ί
957 4339 969 4349 ι
1020 4339 1040 4351 ι

335 4384 676 4444 ministrant
707 4377 784 4432 ei.
831 4369 1098 4440 Denique
1155 4358 1344 4420 ceteri
1399 4352 1571 4419 servi,
1628 4346 1728 4419 qui
1773 4339 1975 4397 faciem

326 4492 446 4534 non
457 4472 656 4528 vident
673 4461 893 4522 domini
908 4455 1078 4528 sui,si
1097 4449 1387 4510 voluerint
1407 4438 1630 4512 aliquid
1647 4435 1978 4504 impetrare,

330 4586 643 4631 conservos
675 4564 897 4638 petunt.
934 4558 1049 4612 lloc
1080 4556 1164 4608 tot

327 4616 922 4721 nosterJesulsvhabet
952 4647 1076 4716 ipse
1121 4616 1370 4696 multam
1428 4624 1750 4686 familiam;
1807 4616 1981 4721 habet

331 4750 498 4827 quasi
532 4749 603 4805 ad
637 4743 841 4800 faciem
863 4751 1054 4800 suam,
1088 4728 1188 4801 qui
1228 4723 1338 4782 sibi
1371 4714 1745 4776 ministrant;
1807 4704 1984 4760 habet

1013 4823 1026 4827 ‘
1189 4822 1197 4827 -
1272 4815 1281 4824 ⁸
1365 4812 1374 4820 ·
1435 4824 1483 4827 ι-
1523 4819 1621 4827 um-
1658 4803 1797 4827 ...ςιη
1849 4791 1980 4827 illnc

331 4791 498 4827 ιιυυιςι·
532 4791 603 4805 ιιι·
637 4791 841 4800 --v-~—-—
868 4791 915 4793 -γ
1041 4791 1052 4800 ,
1105 4791 1124 4801 ,

331 4843 477 4898 alios
507 4840 566 4894 in
597 4833 774 4907 agris.
807 4823 1122 4884 Menachos
1151 4822 1208 4874 et
1232 4812 1486 4894 virgines
1520 4819 1624 4875 ego
1658 4803 1798 4871 puto
1849 4791 1981 4846 illos

331 4948 481 4999 esse,
515 4926 616 5000 qui
646 4923 718 4980 ad
778 4917 986 4975 faciem
1035 4906 1374 4966 ministrant
1421 4894 1656 4952 domino

332 4978 481 4999 νην,
519 4978 615 5000 γ-
653 4978 674 4980 ,ν

331 5021 558 5076 culares
589 5017 784 5072 autem
817 5007 918 5079 qui
951 5005 1087 5059 sunt
1135 4993 1302 5069 quasi
1347 4991 1404 5044 in
1449 4999 1608 5057 agro,
1661 4978 1693 5032 d

331 5059 558 5076 υυιαιν..
589 5059 784 5072 κων---
823 5059 916 5079 Ἰ---
1151 5059 1171 5069 ⁸

331 5126 461 5167 sua.
492 5105 754 5174 Denique
773 5087 866 5152 illi
897 5093 996 5167 qui
1027 5092 1167 5146 sunt
1193 5085 1254 5138 in
1285 5079 1462 5153 agris,
1496 5075 1640 5127 istos
1684 5059 1985 5137 postulant

1573 5161 1582 5170 '
1742 5151 1957 5174 L,-LA..‘

334 5151 461 5167 U““I
493 5151 750 5174 υνιιιἸ-,
781 5151 795 5152 7
828 5151 838 5152 γ
915 5151 933 5167 ⁸
1328 5151 1346 5153 7

334 5204 401 5254 ut
430 5198 636 5268 rogent
666 5188 996 5250 dominum,
1030 5179 1079 5236 si
1113 5174 1253 5248 quid
1295 5161 1691 5224 necessarium
1742 5151 1980 5206 habent.

1217 5263 1247 5268 ’⁷
1306 5263 1313 5268 “
1558 5251 1566 5259 ”
1610 5239 1864 5268 ---Α4;Ᾱ;Λ
1895 5236 1980 5268 ιγξῌ

335 5236 622 5352 Ουδῐιῗαω
653 5236 1037 5343 habente—rgo
1068 5236 1439 5338 dignitatem,
1471 5251 1572 5324 qui
1604 5239 1865 5318 quotidie
1895 5236 1982 5334 vis

335 5326 622 5352 κυνιηυνδηι
654 5326 869 5335 -ν--υη
910 5326 999 5343 -κυ
1132 5326 1165 5338 ν

335 5379 476 5433 dent
504 5370 711 5427 faciem
742 5363 984 5428 domini,
1031 5360 1257 5413 tantam
1308 5347 1529 5402 habent
1583 5347 1838 5409 pccnam,
1883 5326 1986 5397 qui

335 5449 1067 5539 negliguntministerium
1101 5439 1344 5500 domini.
1398 5432 1598 5488 Solent
1646 5425 1803 5481 enim
1848 5420 1984 5478 mali

1145 5534 1154 5539 .
1382 5525 1392 5535 .
1457 5523 1491 5539 ,.
1571 5516 1982 5539 καλ-μεηη

337 5516 532 5539 "'O"()

336 5555 509 5624 servi,
535 5546 771 5624 quando
791 5543 930 5598 sunt
951 5540 1010 5593 in
1035 5534 1213 5608 agris,
1241 5525 1430 5598 magis
1453 5523 1657 5578 timere
1680 5516 1985 5573 dominum

339 5601 628 5735 quiabbn
656 5636 878 5696 vident.
928 5628 989 5686 Si
1039 5601 1236 5683 autem
1283 5613 1543 5691 quotidie
1591 5607 1873 5684 coeperint
1907 5601 1989 5660 vi-

1755 265 2172 334 APPENDIX.

1761 407 1910 470 Quo-
1941 415 1996 482 Α
2024 401 2182 468 dere,
2214 391 2614 455 contemnunt,
2643 390 2700 441 et
2727 377 3092 438 familiaritas
3136 368 3480 444 superbiam
3510 364 3660 420 facit.

2638 476 2653 482 -
2697 474 2710 482 -
2965 467 2981 482 τ
3076 481 3087 482 κ
3110 457 3492 482 μ-----ι--.ι;..,.
3543 470 3640 482 ΑΛ..

2026 491 2096 544 Et
2129 503 2234 542 nos
2267 483 2446 555 igitur
2476 495 2590 534 non
2623 474 2906 529 debemus
2950 467 3021 521 de
3067 457 3495 520 consuetudine
3543 470 3667 509 con-

2024 543 2634 634 temneretbonitatem
2671 561 2771 618 Dei
2792 556 2998 615 nostri.
3024 548 3359 609 Benedicite
3387 561 3524 616 ergo
3565 543 3674 597 Do;

2026 665 2278 729 minum,
2309 675 2510 716 omnes
2541 652 2713 717 servi,
2737 645 2967 706 Domini
2993 662 3004 699 :
3031 642 3169 715 quia
3189 656 3307 694 non
3340 635 3488 692 estis
3531 631 3678 687 servi

1169 4565 1267 4605 um
1300 4557 1479 4617 quare
1503 4535 1665 4593 dixi?
1704 4528 1983 4584 Dominus
2013 4519 2060 4584 D

3513 231 3541 290 Ι
3552 231 3663 291 296

2206 753 2269 820 ti,
2301 749 2402 805 sed
2426 746 2573 802 servi
2608 737 2853 797 Domini.
2889 758 2916 786 «
2942 735 3156 790 Omnes
3187 727 3336 784 servi
3362 721 3624 791 Domini,
3657 743 3682 768 ιθ

2133 2308 2158 2336 ‹‹
2192 2282 2299 2348 Qui
2322 2277 2490 2336 statis
2514 2277 2570 2330 in
2595 2274 2769 2328 domo
2791 2263 3046 2329 Domini,
3070 2262 3129 2316 in
3162 2258 3329 2315 atriis
3363 2258 3595 2312 domus
3622 2254 3716 2309 Dei

2062 2345 2266 2430 nostri.
2305 2393 2331 2420 »
2364 2368 2437 2423 Ut
2457 2363 2782 2421 secundum
2807 2356 2962 2428 quod
2991 2352 3072 2407 ait
3118 2346 3442 2422 Apostolus
3472 2363 3487 2399 :
3526 2345 3720 2406 Donec,

2063 2462 2272 2534 inquit,
2324 2457 2502 2520 venio,
2561 2456 2622 2506 ut
2676 2449 2816 2503 scias
2871 2439 3133 2517 quomodo
3190 2437 3462 2507 disponas
3505 2433 3722 2488 domum

2064 2524 2180 2618 Dei,
2201 2524 2328 2618 que
2350 2551 2439 2602 est
2455 2537 2766 2609 Ecclesia(l
2800 2535 2934 2602 Tim,
2968 2528 3156 2599 111,15)
3179 2524 3436 2581 Ecclesia
3472 2539 3596 2578 non
3627 2537 3725 2592 pa-

2065 2610 2310 2696 rietibus
2331 2630 2621 2699 consistit,
2656 2626 2756 2682 sed
2796 2624 2854 2678 in
2900 2621 3241 2691 dogmatum
3287 2614 3566 2669 veritate.
3621 2610 3728 2664 Ec-

2067 2728 2244 2785 clesia
2273 2725 2352 2780 ibi
2383 2726 2472 2778 est
2494 2720 2594 2775 ubi
2621 2717 2765 2771 ﬁdes
2794 2727 2932 2768 vera
2960 2712 3067 2764 est.
3101 2707 3385 2762 Ceterum
3431 2705 3580 2756 ante
3618 2716 3730 2754 an-

2069 2835 2174 2874 nos
2196 2811 2530 2888 quindecim
2563 2810 2667 2863 aut
2696 2800 2920 2875 viginti,
2945 2797 3194 2870 parietes
3234 2807 3430 2848 omnes
3480 2789 3580 2842 hic
3612 2789 3724 2842 Ec-

2069 2877 2382 2963 clesiarum
2404 2896 2660 2956 heretici
2708 2888 3102 2965 possidebant.
3133 2886 3279 2938 Ante
3321 2879 3524 2951 viginti
3552 2877 3729 2932 enim

2070 3012 2276 3064 annos,
2309 3005 2513 3047 omnes
2537 2983 2820 3041 Ecclesiae
2868 2979 2977 3033 bas
3006 2971 3272 3030 hereteci
3312 2967 3728 3042 possidebant.

2070 3083 2327 3142 Ecclesia
2357 3083 2551 3136 autem
2582 3091 2719 3129 vera
2746 3069 2866 3124 illic
2889 3070 3032 3133 erat,
3086 3063 3184 3118 ubi
3214 3077 3350 3116 vera
3398 3059 3552 3112 ﬁdes
3585 3059 3729 3110 erat.

1103 3142 1337 3166 ῠῠινιιιμ
1391 3142 1637 3157 υνδερ-ι-.-
1697 3142 1773 3147 ---
1791 3142 1813 3144 ﬁ

1076 3194 1306 3256 Domini
1338 3188 1640 3264 gloriatur,
1673 3186 1730 3236 et
1758 3174 1964 3234 scribit
1992 3153 2034 3220 Ο
2074 3177 2219 3247 Ergo
2244 3188 2342 3227 vos
2364 3164 2688 3224 benedicite
2710 3157 2977 3222 Domino,
3002 3151 3102 3224 qui
3125 3149 3264 3205 estis
3281 3147 3435 3202 servi
3473 3142 3732 3201 Domini.

2430 3257 2443 3264 -
2487 3256 2499 3264 .
2624 3251 2636 3264 ‘
2742 3251 2756 3264 ‘
2808 3248 2840 3264 l'
2914 3245 2963 3264 ε*
3011 3257 3100 3264 ⁸“⁸
3137 3235 3464 3264 -ΑΑΑιιδΛ-ςη
3535 3233 3713 3264 (Πλέιδδ

2074 3233 2200 3319 Non
2229 3265 2319 3317 est
2350 3256 2594 3330 pulchra
2624 3248 2882 3306 laudatio
2913 3245 2972 3299 in
3006 3257 3104 3297 ore
3136 3235 3467 3312 peccatoris
3533 3233 3730 3304 (Ereti.

2076 3371 2169 3416 xv,
2200 3352 2279 3422 9).
2313 3323 2460 3418 Ergo
2492 3360 2593 3399 vos
2623 3339 2876 3400 laudate,
2911 3332 3012 3406 qui
3042 3330 3183 3386 estis
3214 3326 3367 3382 servi
3391 3323 3660 3392 Domini,
3685 3327 3735 3375 et

2077 3441 2174 3513 qui
2199 3411 2340 3496 estis
2365 3411 2535 3500 servi,
2563 3436 2617 3487 et
2646 3427 2833 3485 statis.
2868 3423 2975 3490 Qui
3007 3417 3216 3475 statis?
3244 3417 3480 3480 Statuit,
3520 3411 3731 3482 inquit,

2077 3546 2249 3601 supra
2292 3530 2507 3598 petram
2546 3519 2704 3592 pedes
2763 3529 2909 3569 meos
2969 3508 3140 3581 (Psal.
3189 3521 3382 3574 χχχιιι,
3428 3503 3511 3573 6}.
3562 3501 3629 3555 Et
3656 3500 3729 3553 ad

2080 3621 2356 3690 Moysen:
2393 3615 2466 3668 Tu
2492 3625 2619 3666 vero
2650 3607 2738 3661 hic
2788 3609 2873 3658 sta
2913 3615 3122 3655 mecum
3173 3593 3367 3667 (Exod.
3426 3607 3614 3656 xxxrr,
3646 3590 3726 3655 2).

2082 3680 2234 3764 Deus
2267 3702 2429 3760 stetit
2452 3701 2511 3754 in
2527 3710 2822 3770 synagoga
2853 3692 3115 3745 deorum.
3149 3708 3176 3734 ‹‹
3209 3685 3280 3738 Et
3319 3683 3425 3753 qui
3481 3680 3667 3747 statis,
3701 3699 3729 3726 η

2081 3815 2197 3852 non
2230 3794 2587 3861 ubicunque,
2620 3785 2742 3850 sed,
2777 3807 2802 3830 α
2837 3781 2897 3836 in
2947 3779 3119 3833 domo
3150 3773 3272 3837 Dei,
3324 3771 3385 3824 in
3421 3769 3595 3824 atriis
3636 3768 3734 3821 do-

2084 3903 2217 3941 mus
2250 3883 2346 3938 Dei
2397 3877 2602 3934 nostri.
2638 3896 2664 3922 »
2717 3875 2778 3926 In
2829 3865 3128 3924 Hebraicis
3173 3859 3585 3916 voluminibus
3625 3873 3736 3912 non

2083 3977 2348 4037 habetur,
2384 3969 2484 4024 sed
2517 3967 2573 4020 in
2597 3958 2865 4034 sequenti
2915 3955 3139 4028 psalmo
3171 3954 3261 4006 est
3290 3949 3461 4019 (Psal,
3509 3963 3736 4012 cxxxrv,

2082 4067 2160 4137 2).
2195 4060 2492 4129 Quomodo
2523 4055 2678 4111 enim
2709 4049 2975 4120 sequitur
2998 4045 3056 4098 in
3079 4043 3206 4114 ipso
3231 4039 3452 4112 psalmo
3473 4037 3504 4090 ?
3531 4063 3557 4085 «ε
3585 4037 3739 4091 Lau-

2087 4157 2219 4210 date
2247 4165 2457 4207 nomen
2491 4141 2745 4210 Domini,
2778 4137 3012 4193 laudate
3057 4131 3206 4187 servi
3255 4127 3578 4183 Dominum.
3618 4123 3737 4189 Qui

2087 4243 2257 4302 statis
2280 4241 2336 4294 in
2365 4239 2538 4292 domo
2561 4229 2745 4294 Domi,
2778 4229 2837 4282 in
2869 4224 3032 4280 atriis
3079 4222 3295 4276 domus
3336 4215 3430 4271 Dei
3476 4212 3679 4268 nostri
3713 4235 3738 4261 ι

2089 4333 2258 4406 (Psal.
2294 4325 2546 4395 cxxxm).
2581 4318 2868 4384 Quoniam
2900 4329 3035 4384 ergo
3065 4310 3175 4365 iste
3207 4305 3474 4380 psalmus
3520 4302 3746 4358 habet:

2094 4443 2120 4471 ‹‹
2150 4420 2253 4486 Qui
2289 4415 2457 4472 statis
2491 4413 2548 4466 in
2581 4411 2754 4465 domo
2787 4400 3041 4468 Domini,
3074 4399 3132 4453 in
3176 4396 3343 4451 atriis
3401 4395 3625 4448 domus
3656 4390 3750 4445 Dei

2093 4481 2298 4578 nostri,
2349 4528 2375 4555 ››
2427 4504 2734 4574 propterea
2781 4492 3020 4565 quidam
3078 4485 3301 4560 putavit
3363 4488 3424 4538 et
3484 4483 3546 4536 in
3622 4481 3640 4534 i

2093 4569 2320 4672 psalmo
2351 4569 2452 4664 qui
2485 4569 2813 4662 praecessit:
2854 4603 2880 4634 ‹‹
2909 4579 3014 4644 Qui
3049 4575 3216 4632 statis
3247 4573 3306 4627 in
3341 4573 3531 4626 domo
3562 4569 3749 4626 Domi-

2095 4689 2173 4753 ni,
2210 4709 2237 4735 ››
2268 4684 2476 4739 debere
2514 4677 2758 4734 addere:
2811 4695 2835 4720 ‹‹
2888 4675 2952 4723 In
3002 4665 3166 4723 atriis
3213 4664 3431 4717 domus
3485 4660 3597 4715 Dei
3655 4675 3753 4712 no-

2094 4777 2221 4834 stri.
2263 4795 2284 4822 α
2318 4771 2465 4836 Quid
2525 4769 2720 4822 autem
2771 4758 3077 4832 signiﬁcet,
3124 4778 3152 4803 <<
3208 4753 3264 4808 in
3314 4750 3489 4805 atriis
3544 4751 3754 4805 domus

2093 4866 2195 4923 Dei
2226 4861 2431 4919 nostri.
2467 4881 2494 4907 ››
2527 4861 2584 4912 et
2615 4870 2743 4926 que
2775 4851 2851 4906 sit
2879 4844 3207 4902 differentia
3233 4843 3451 4896 domus
3486 4845 3548 4895 et
3580 4840 3754 4894 atrio-

2095 4972 2249 5020 rum,
2273 4953 2331 5006 in
2364 4943 2629 5018 sequenti
2664 4939 2891 5014 psalmo
2922 4952 3056 4992 cum
3103 4933 3290 4987 lectus
3340 4929 3544 4996 fuerit,
3581 4928 3762 4982 disse-

2095 5237 2328 5295 Illa-udus
2357 5238 2461 5290 iste
2491 5235 2550 5286 in
2580 5228 2834 5296 maligno
2879 5224 3089 5294 posit-us
3143 5226 3221 5272 est
3279 5217 3328 5285 (Ι
3355 5216 3523 5269 Joan.
3558 5231 3608 5282 ν,
3645 5213 3760 5278 19],

2097 5334 2148 5385 et
2179 5343 2288 5382 non
2316 5333 2394 5380 est
2423 5322 2579 5377 nobis
2623 5332 2807 5391 pugna
2852 5312 3110 5367 adversus
3157 5320 3382 5360 carnem
3438 5312 3495 5358 et
3534 5303 3767 5371 sangui-

2097 5435 2244 5483 nem,
2312 5413 2405 5469 sed
2469 5411 2730 5465 adversus
2792 5406 3027 5458 rectores
3093 5395 3452 5452 tenebrarum
3525 5393 3764 5446 istarum

2099 5507 2327 5582 (Ephes.
2360 5520 2438 5573 v1,
2473 5500 2581 5569 12).
2617 5495 2777 5551 Unde
2806 5492 2949 5546 dicit
2979 5492 3036 5543 et
3063 5483 3419 5559 Apostolus:
3452 5482 3582 5538 No.2:
3620 5497 3761 5552 pr:-

2098 5569 2300 5659 ceslszl:
2332 5569 2448 5652 dies
2477 5595 2659 5646 autem
2696 5578 3170 5660 appropinquavit
3225 5574 3404 5652 (Rom.
3464 5587 3600 5646 xm,
3657 5569 3757 5642 12)..
