3992 6194
257 457 410 522 129⁵7

1467 451 1969 516 BREVIARIUM
2012 452 2092 512 IN
2139 451 2524 513 PSALMOS.

3505 440 3662 507 {298

251 597 400 669 Ergo
431 595 539 652 hoc
586 593 866 652 saeculum
919 611 1030 649 nox
1077 596 1185 650 est.
1237 591 1526 648 Saeculum
1559 610 1688 648 vero
1741 591 1897 645 futu-
1929 587 1984 653 Α
2014 591 2162 658 Otu,
2196 590 2542 657 Christiane,
2577 591 2742 660 rogat
2771 587 2826 641 te
2883 602 3104 658 pauper
3161 587 3228 640 ut
3284 583 3386 640 des
3445 577 3494 638 ei
3555 594 3668 653 pec.

254 703 386 742 rum
435 685 561 740 dies
609 689 716 741 est.
749 685 911 740 Unde
962 683 1101 740 dicit
1149 688 1206 738 et
1247 682 1608 755 Apostolus:
1645 684 1797 738 Sicut
1845 685 1907 737 in

256 776 362 843 die,
396 774 607 847 inquit,
642 776 859 830 honeste
887 775 1225 829 ambulemus
1274 773 1432 845 (Ibid.
1469 773 1575 843 13).
1610 773 1909 836 Quomodo

253 865 463 922 victuri
518 881 728 920 sumus
774 865 832 918 in
883 865 999 931 die,
1032 864 1140 919 hoc
1173 867 1279 933 est,
1314 865 1372 918 in
1425 863 1621 918 futuro
1670 861 1905 928 saeculo,

261 966 308 1020 si
363 980 520 1020 nunc
565 964 850 1019 vivamus.
905 985 931 1011 ι(
962 964 1025 1017 In
1070 963 1341 1018 noctibus
1392 961 1647 1018 extollite
1697 977 1909 1016 manus

256 1059 479 1111 vestras
512 1055 571 1109 in
602 1059 824 1110 sancta.
854 1076 879 1101 »
912 1053 1198 1117 Velimus,
1231 1052 1510 1119 nolimus,
1544 1051 1602 1105 in
1637 1051 1908 1106 noctibus

257 1161 484 1200 sumus.
520 1142 786 1207 Quandiu
816 1143 874 1197 in
905 1141 1017 1198 isto
1048 1142 1258 1198 swculo
1285 1159 1512 1211 sumus,
1547 1143 1604 1196 in
1639 1139 1906 1196 noctibus

256 1249 483 1289 sumus.
515 1233 637 1288 Nox
665 1233 936 1288 tenebras
966 1233 1161 1287 habet.
1187 1233 1396 1287 Noctes
1428 1236 1623 1286 autem
1657 1230 1903 1286 istarum

254 1323 650 1388 tenebrarum,
683 1328 922 1394 peccata
968 1326 1105 1377 sunt
1153 1321 1483 1376 hominum.
1517 1320 1720 1374 Videte
1767 1335 1903 1390 ergo

257 1411 396 1484 quid
429 1411 582 1466 dicat
615 1429 627 1466 :
663 1434 691 1461 ‹‹
725 1412 789 1465 In
823 1410 1093 1466 noctibus
1144 1409 1401 1465 extollite
1435 1426 1647 1464 manus
1679 1413 1904 1463 vestras

255 1500 314 1555 in
351 1504 587 1556 'sancta.
619 1522 646 1550 ››
701 1501 874 1566 Dum,
907 1500 1116 1571 inquit,
1153 1500 1294 1554 estis
1340 1499 1400 1552 in
1447 1499 1556 1554 isto
1607 1497 1818 1554 saeculo
1849 1501 1904 1552 et

254 1589 313 1644 in
340 1589 468 1646 istis
509 1590 801 1660 noctibus,
827 1589 1008 1645 levate
1040 1605 1250 1643 manus
1295 1592 1540 1644 vestras.
1582 1587 1772 1642 Nolite
1801 1587 1903 1640 de-

253 1681 501 1744 mittere,
526 1681 626 1736 sed
669 1680 872 1736 levate.
900 1681 1106 1734 Levate
1145 1694 1280 1733 cum
1322 1679 1516 1750 Moyse
1542 1677 1732 1748 (Exod.
1760 1693 1900 1741 xvu,

254 1772 276 1825 1
321 1773 361 1838 ).
392 1769 451 1824 Si
481 1769 806 1826 levaveritis
833 1786 1046 1824 manus
1076 1772 1319 1838 vestras,
1355 1767 1611 1822 vincitur
1639 1764 1898 1821 Amalec.

251 1860 306 1914 Si
351 1864 546 1915 autem
592 1859 972 1924 demiseritis,
1017 1863 1328 1929 superatur
1369 1857 1564 1912 Jesus.
1598 1855 1901 1926 Simulque

251 1949 617 2005 considerate
673 1949 1040 2021 mysterium.
1091 1949 1147 2002 Si
1198 1964 1304 2002 nos
1351 1946 1612 2002 levamus
1659 1961 1891 2010 manus,
1923 1964 1970 2028 B

244 2047 422 2102 vincit
449 2047 643 2103 Jesus.
678 2047 737 2102 Si
769 2045 1154 2102 levaverimus
1187 2061 1397 2098 manus
1438 2047 1670 2097 nostras
1700 2042 1760 2096 in
1791 2042 1892 2095 bo-

243 2135 338 2191 nis
367 2135 662 2206 operibus,
697 2151 798 2206 per
845 2135 999 2189 bona
1029 2149 1205 2204 opera
1254 2135 1454 2185 nostra
1501 2129 1766 2185 Christus
1796 2146 1895 2183 su-

245 2228 410 2296 perat
459 2223 781 2278 diabolum.
827 2223 1036 2277 Manus
1083 2225 1278 2276 autem
1331 2220 1788 2290 interpretantur
1834 2219 1894 2272 in

243 2312 538 2383 operibus.
573 2311 733 2365 Unde
783 2311 1062 2366 scribitur
1095 2327 1106 2365 :
1133 2312 1323 2364 Factus
1352 2312 1429 2364 est
1461 2324 1645 2362 sermo
1677 2308 1898 2362 Domini

242 2403 302 2454 in
332 2416 506 2454 manu
534 2402 726 2469 Aggaei
756 2401 906 2470 (Agg.
937 2417 974 2469 ι,
998 2401 1070 2470 1).
1119 2402 1308 2454 Sermo
1336 2400 1510 2468 factus
1530 2401 1610 2452 est
1637 2398 1694 2451 in
1728 2412 1896 2450 manu

242 2489 490 2544 Ieremia:
537 2494 814 2560 propheta?
859 2488 1076 2559 (Jerem.
1113 2506 1163 2554 L,
1197 2488 1269 2557 1).
1305 2486 1512 2556 Utique
1561 2502 1754 2541 sermo
1791 2483 1891 2539 Dei

247 2594 363 2632 non
386 2577 451 2632 ﬁt
471 2577 529 2632 in
562 2594 763 2644 manu,
788 2578 888 2632 sed
915 2577 971 2631 in
994 2593 1091 2632 ore
1122 2578 1204 2631 ﬁt.
1229 2578 1336 2632 Sed
1367 2577 1558 2630 videte
1580 2575 1894 2646 Scripturas

246 2666 544 2738 mysteria.
580 2666 734 2722 Deus
785 2683 900 2721 non
931 2667 1089 2721 venit
1135 2666 1206 2720 ad
1239 2682 1566 2720 sermonem
1600 2664 1726 2718 sine
1757 2680 1894 2735 ope-

246 2771 308 2810 re
338 2756 510 2810 bono.
543 2756 826 2810 Caeterum
873 2759 930 2811 et
977 2755 1272 2810 homicida
1301 2753 1598 2810 Christum
1649 2754 1890 2808 conﬁte-

244 2847 361 2908 tur,
396 2848 453 2898 et
485 2860 598 2898 non
633 2845 790 2898 venit
820 2845 892 2898 ad
940 2843 1108 2898 illum
1141 2843 1426 2898 Dominus
1463 2859 1474 2895 :
1509 2841 1648 2912 quia
1679 2858 1892 2896 manus

244 2930 431 3002 ipsius
457 2931 687 2986 Domini
720 2933 1036 2987 adventum
1066 2949 1179 2987 non
1215 2936 1530 2985 merentur.
1564 2930 1725 2984 Unde
1757 2929 1893 2984 scri-

241 3023 409 3090 ptum
443 3024 532 3075 est
561 3021 619 3075 in
651 3020 762 3076 alio
793 3021 952 3076 loco:
984 3027 1051 3075 In
1080 3037 1251 3075 manu
1276 3021 1504 3090 linguae,
1527 3035 1672 3073 mors
1702 3027 1753 3073 et
1781 3020 1895 3074 vita

243 3109 435 3179 (Prov.
470 3127 630 3176 xvm,
662 3111 738 3180 2).
774 3114 921 3181 Ergo
953 3109 1157 3180 lingua
1187 3125 1400 3163 manus
1430 3107 1606 3162 habet
1628 3107 1655 3160 ‘?
1690 3107 1889 3173 Dicite,

242 3214 423 3268 quare
456 3197 671 3253 dicitur
703 3216 716 3253 :
752 3200 811 3254 In
846 3215 1021 3253 manu
1055 3197 1288 3270 linguae,
1322 3213 1481 3251 mors
1515 3200 1570 3251 et
1599 3196 1762 3251 vita?
1792 3195 1892 3250 Vi-

239 3285 368 3342 dete
391 3286 534 3358 quid
557 3287 712 3342 dicat
737 3305 748 3342 :
775 3287 928 3343 Deus
942 3302 1054 3342 non
1079 3287 1243 3342 audit
1262 3285 1670 3358 linguam,non
1694 3285 1888 3353 verba,

240 3384 340 3439 sed
390 3400 586 3456 opera,
621 3389 684 3439 ut
732 3385 1066 3456 quicunque
1113 3383 1336 3455 aliquid
1385 3383 1665 3454 loquitur,
1699 3386 1756 3437 et
1806 3383 1888 3437 fa-

240 3472 374 3528 ciat.
427 3473 768 3545 Praecipitur
813 3490 948 3546 ergo
1000 3473 1168 3529 nobis
1201 3473 1261 3527 in
1293 3472 1611 3528 novissimo
1663 3471 1889 3543 psalmo

242 3562 556 3631 graduum,
592 3585 620 3611 «
652 3563 716 3617 In
748 3561 1017 3618 noctibus
1049 3561 1301 3618 extollite
1333 3578 1546 3616 manus
1577 3565 1799 3616 vestras
1829 3561 1886 3615 in

243 3655 465 3706 sancta.
520 3673 547 3700 ››
607 3652 833 3718 Levate,
885 3652 1098 3722 inquit,
1151 3667 1362 3706 manus
1421 3653 1644 3705 vestras
1686 3666 1702 3716 ;
1753 3649 1891 3720 quia

238 3737 415 3794 Jesus
462 3756 560 3794 eas
592 3739 801 3794 levavit
846 3741 905 3794 in
937 3757 1126 3795 cruce.
1167 3763 1186 3789 ι
1224 3740 1285 3794 In
1319 3739 1587 3795 noctibus
1634 3737 1889 3793 extollite

241 3841 456 3881 manus
486 3830 708 3881 vestras
739 3827 797 3880 in
843 3832 1065 3882 sancta.
1102 3850 1130 3875 »
1161 3829 1348 3893 Quare
1377 3826 1561 3880 voluit
1591 3827 1802 3881 addere
1834 3830 1891 3881 et

242 3913 454 3979 dicere,
517 3913 576 3967 in
632 3917 885 3968 sancta?
939 3916 1008 3968 Et
1063 3915 1318 3969 haeretici
1372 3915 1646 3968 videntur
1700 3913 1889 3970 levare

246 4017 478 4064 manus,
512 4005 568 4056 et
618 4001 867 4072 gentiles
897 4003 1168 4057 videntur
1213 4002 1401 4057 levare
1432 4019 1664 4069 manus,
1698 4007 1755 4057 et
1783 4003 1885 4057 Ju-

244 4089 349 4144 daei
382 4089 654 4144 videntur
700 4089 890 4146 levare
921 4107 1173 4158 manus;
1209 4091 1430 4146 faciunt
1479 4090 1634 4145 enim
1687 4095 1745 4146 et
1775 4091 1887 4163 ipsi

241 4176 639 4250 eleemosynas
666 4203 680 4246 ;
714 4179 762 4233 si
795 4179 1042 4234 viderint
1075 4194 1412 4251 pauperem,
1437 4195 1677 4233 manum
1711 4179 1888 4250 porri-

237 4271 404 4339 gunt.
429 4268 670 4331 Quando
694 4268 932 4323 Judaaus
963 4269 1189 4324 dederit
1218 4268 1668 4339 eleemosynam,
1694 4284 1886 4324 nonne

238 4354 344 4408 tibi
376 4354 606 4407 videtur
635 4353 823 4410 levare
842 4373 1081 4412 manum
1106 4357 1133 4410 ‘?
1164 4361 1334 4412 Levat
1354 4357 1594 4428 quidem
1618 4372 1882 4421 manum,

238 4441 342 4497 sed
393 4457 508 4495 non
540 4440 691 4495 levat
735 4440 793 4495 in
826 4449 1068 4510 sancta;
1102 4445 1241 4514 quia
1270 4444 1570 4499 Christum
1605 4462 1719 4500 non
1752 4461 1884 4500 con-

238 4530 454 4585 fitetur.
487 4528 603 4583 Vos
643 4533 836 4584 autem
869 4531 968 4600 qui
1016 4529 1156 4585 estis
1186 4531 1245 4584 in
1277 4533 1448 4586 domo
1495 4532 1750 4596 Domini,
1783 4533 1883 4603 qui

238 4617 406 4673 statis
426 4617 487 4672 in
518 4617 693 4672 domo
719 4615 972 4682 Domini,
1005 4617 1064 4671 in
1097 4618 1261 4673 atriis
1285 4618 1496 4673 domus
1527 4619 1626 4673 Dei
1660 4619 1879 4687 nostri;

2021 685 2253 739 cuniam
2291 700 2302 736 :
2334 698 2512 754 quare
2569 697 2684 736 non
2733 679 2838 733 das
2886 676 2946 731 in
3004 676 3250 742 occulto,
3305 674 3405 731 sed
3464 673 3568 728 das
3603 673 3666 727 in

2020 773 2251 844 publico
2284 772 2311 825 ?
2339 771 2396 825 Si
2423 774 2629 825 testem
2663 769 2845 823 Deum
2877 763 3113 836 quzeris,
3143 763 3437 818 humanos
3468 759 3668 817 oculos

2019 863 2158 933 quid
2219 857 2931 932 requiris?Eleemosyna
2989 857 3090 908 tua
3145 853 3299 923 apud
3354 850 3666 923 imperitos

2016 952 2244 1006 videtur
2291 966 2418 1005 esse
2469 947 2836 1018 eleemosyna
2884 946 3203 999 :casterum
3262 941 3416 1011 apud
3475 940 3664 995 Deum

2018 1040 2234 1111 injuria
2265 1044 2372 1094 est.
2409 1037 2690 1108 Injuriam
2745 1033 2901 1089 enim
2962 1031 3105 1086 facis
3161 1029 3326 1084 fratri
3381 1031 3502 1083 tuo.
3559 1028 3662 1085 Vis

2015 1130 2171 1184 enim
2204 1128 2540 1184 videntibus
2563 1125 2694 1180 aliis
2727 1121 3062 1178 mendicum
3086 1117 3662 1180 ostendere.Quando

2015 1235 2150 1290 ergo
2211 1219 2444 1286 damus,
2492 1232 2607 1271 non
2640 1214 2848 1268 demus
2918 1209 3086 1282 quasi
3161 1209 3232 1263 de
3285 1211 3505 1274 nostro,
3557 1206 3663 1262 sed

2015 1309 2085 1363 de
2116 1308 2266 1362 dono
2298 1305 2531 1361 Christi.
2583 1304 2710 1359 Non
2758 1302 3041 1356 debemus
3098 1298 3236 1353 dare
3288 1295 3456 1368 quasi
3486 1311 3664 1351 men-

2013 1398 2162 1462 dico,
2197 1399 2298 1451 sed
2330 1394 2500 1466 quasi
2530 1393 2716 1448 fratri.
2777 1391 2895 1448 Nos
2954 1390 3167 1444 damus
3225 1385 3481 1443 carnalia
3511 1403 3525 1452 ;
3563 1385 3662 1442 ille

2013 1487 2113 1541 dat
2145 1484 2512 1557 spiritualia:
2549 1483 2684 1554 plus
2715 1483 2814 1536 dat
2846 1493 3274 1552 pauper,quam
3307 1475 3662 1546 accipit.Nos

2011 1576 2224 1630 damus
2255 1561 2488 1645 panem,
2538 1572 2638 1643 qui
2670 1571 2729 1625 in
2781 1569 2911 1642 ipsa
2969 1568 3063 1622 die
3118 1565 3528 1632 consumitur;
3563 1563 3664 1619 ille

2011 1681 2114 1735 pro
2148 1679 2296 1735 pane
2353 1661 2555 1716 reddet
2587 1659 2757 1714 nobis
2784 1675 2964 1730 regna
3009 1655 3310 1712 ccelorum.
3370 1655 3517 1726 Ergo
3547 1653 3658 1710 hoc

2010 1753 2138 1808 dico
2168 1757 2233 1807 ut
2281 1751 2436 1823 quod
2489 1749 2757 1815 facimus,
2823 1746 3110 1802 faciamus
3165 1743 3224 1798 in
3285 1747 3486 1798 sancto
3521 1744 3662 1809 ;aut

2009 1842 2162 1912 quod
2198 1841 2468 1909 facimus,
2529 1837 2745 1893 Christi
2807 1852 2985 1890 causa
3033 1833 3340 1889 faciamus.
3372 1831 3657 1887 Caeterum

2011 1930 2180 1985 multi
2211 1928 2460 2000 gentiles
2477 1928 2576 1998 qui
2611 1925 2834 1981 faciunt
2854 1921 3386 1995 eleemosymam,si
3405 1921 3660 1977 viderint

2011 2017 2265 2088 aliquem
2294 2016 2595 2089 praecisum
2627 2031 2868 2070 manum
2898 2013 3113 2069 habere
3139 2029 3161 2075 ,ο
3192 2012 3240 2066 si
3270 2011 3543 2066 viderunt
3566 2026 3664 2081 pe-

2006 2109 2138 2162 dem
2171 2107 2386 2161 habere
2409 2121 2753 2160 cancrosum
2784 2107 2841 2158 et
2869 2098 3397 2174 putridum,statim
3421 2098 3658 2154 animus

2006 2196 2121 2250 illis
2154 2195 2329 2250 dolet.
2365 2193 2634 2248 Vincitur
2664 2193 2924 2247 humana
2955 2189 3152 2244 anima
3190 2186 3444 2244 naturali
3477 2186 3658 2244 mise-

2005 2284 2274 2339 ricordia.
2310 2285 2376 2338 Et
2403 2283 2541 2354 quid
2573 2281 2767 2337 dicit?
2799 2281 2942 2336 Ecce
2999 2295 3104 2351 ego
3165 2277 3214 2333 si
3273 2276 3410 2333 talis
3439 2292 3656 2346 essem,

2005 2382 2141 2454 quid
2175 2381 2355 2436 miser
2386 2380 2636 2435 facerem
2667 2379 2694 2433 ?
2727 2379 2796 2433 Et
2825 2377 2947 2432 fieri
3009 2379 3201 2448 potest
3232 2378 3297 2430 ut
3322 2373 3456 2430 talis
3517 2373 3655 2446 sim,

2004 2471 2137 2542 quis
2168 2469 2314 2524 mihi
2345 2468 2557 2524 dabit?
2601 2469 2669 2522 Et
2701 2484 2806 2539 ego
2833 2466 3011 2521 debeo
3043 2481 3178 2538 ergo
3207 2463 3348 2519 huic
3376 2463 3517 2518 dare
3552 2479 3564 2517 :
3595 2464 3662 2517 ut

2002 2565 2060 2616 et
2091 2559 2234 2614 mihi
2267 2559 2366 2612 det
2396 2557 2632 2629 aliquis,
2669 2556 2717 2612 si
2750 2555 2885 2611 talis
2918 2555 3097 2610 fuero.
3144 2555 3258 2609 Iste
3287 2551 3526 2625 quidem
3559 2551 3660 2607 dat

2003 2647 2242 2722 pauperi
2270 2663 2481 2719 panem
2517 2665 2530 2712 ;
2559 2647 2658 2701 sed
2692 2645 2751 2699 in
2784 2659 3039 2716 paupere
3069 2642 3161 2698 sui
3191 2641 3657 2708 miseretur,non

2002 2739 2183 2794 illius.
2219 2739 2336 2793 Ista
2364 2735 2770 2792 misericordia
2801 2750 2917 2789 non
2961 2732 3175 2788 Christi
3232 2730 3654 2797 misericordia,

2003 2837 2102 2892 sed
2135 2835 2226 2890 sui
2261 2831 2662 2888 misericordia
2691 2834 2798 2886 est.
2831 2831 3016 2885 Omne
3046 2845 3182 2900 ergo
3214 2829 3369 2900 quod
3401 2827 3654 2884 facimus

2004 2923 2217 2981 Christi
2246 2939 2428 2977 causa
2458 2921 2743 2976 faciamus
2783 2919 3068 2974 faciamus
3127 2917 3186 2972 in
3245 2921 3467 2972 sancto.
3527 2915 3650 2973 Sive

2001 3013 2426 3077 manducamus,
2455 3013 2567 3066 sive
2599 3010 2856 3075 bibimus,
2884 3009 3071 3063 omnia
3099 3009 3158 3061 in
3181 3008 3405 3062 nomine
3434 3007 3643 3062 Christi

2000 3107 2270 3175 [amamus
2299 3101 2345 3171 (I
2378 3102 2504 3156 Cor.
2541 3117 2596 3165 x,
2630 3100 2740 3170 31).
2791 3097 3123 3169 Scripturas
3180 3096 3452 3167 legimus.
3486 3095 3650 3151 Psal-

2003 3209 2130 3247 mos
2162 3186 2818 3259 ediscimus,Evangelia
2847 3183 3462 3257 tenemus,prophetas
3491 3183 3649 3240 edis-

2004 3281 2254 3337 serimus
2290 3295 2302 3333 :
2339 3295 2454 3332 non
2487 3278 2768 3332 debemus
2798 3277 2907 3331 hoc
2938 3275 3020 3331 ita
3044 3275 3230 3330 facere
3247 3278 3312 3329 ut
3331 3273 3655 3346 gloriemur

1921 3329 1963 3396 C
2005 3329 2909 3441 ἷὲεέι-ξέξεέίῖιᾷἷὲᾗτιεὶο
2940 3329 3277 3436 placeamus
3309 3329 3424 3418 :Uut
3453 3329 3648 3419 sermo

2002 3458 2192 3529 ipsius
2214 3457 2274 3511 in
2307 3473 2404 3511 ore
2435 3458 2631 3510 nostro
2663 3458 2913 3509 resonet.
2967 3451 3167 3508 Solent
3216 3456 3273 3507 et
3299 3451 3429 3519 viri,
3463 3451 3654 3506 solent

2001 3552 2057 3603 et
2089 3545 2383 3615 monachi,
2417 3544 2606 3600 solent
2637 3547 2693 3598 et
2722 3540 3079 3598 muliercula
3129 3541 3240 3596 hoc
3268 3541 3422 3596 inter
3451 3557 3513 3596 se
3539 3540 3652 3597 ha-

1997 3638 2134 3692 bere
2158 3639 2476 3700 certamen,
2509 3639 2576 3687 ut
2604 3631 2804 3703 plures
2860 3630 3125 3686 ediscant
3179 3630 3510 3701 Scripturas
3543 3646 3556 3684 :
3593 3633 3650 3684 et

2000 3727 2057 3780 in
2090 3741 2155 3781 eo
2198 3741 2258 3780 se
2303 3726 2510 3795 putant
2574 3737 2704 3777 esse
2771 3719 3064 3786 meliores,
3135 3719 3185 3774 si
3252 3718 3451 3791 plures
3516 3718 3648 3774 edi-

2000 3813 2262 3868 dicerint.
2301 3811 2399 3867 llle
2430 3812 2563 3883 plus
2589 3809 2846 3877 edidicit,
2906 3809 3006 3880 qui
3064 3807 3197 3880 plus
3257 3807 3412 3863 facit.
3473 3807 3647 3864 Caete-

2000 3918 2130 3956 rum
2165 3901 2412 3972 siquod
2474 3904 2535 3954 tu
2567 3898 2802 3966 ediscis,
2861 3914 2966 3972 ego
3022 3898 3190 3965 facio,
3257 3895 3445 3969 magis
3513 3911 3644 3950 mea

1999 4014 2174 4070 opera
2241 3998 2576 4069 Scripturas
2659 4000 2905 4060 tenent,
2973 4010 3150 4065 quam
3235 3997 3374 4047 tuus
3457 4006 3649 4047 sermo

1998 4087 2096 4159 qui
2141 4102 2286 4142 vane
2319 4091 2569 4142 resonat.
2609 4109 2635 4135 ‹‹
2692 4087 2752 4138 In
2799 4082 3068 4138 noctibus
3125 4079 3379 4136 extollite
3437 4094 3651 4136 manus

1995 4180 2218 4231 vestras
2252 4175 2310 4230 in
2371 4179 2592 4230 sancta.
2651 4194 2678 4222 »
2743 4173 2947 4226 Levate
3004 4185 3216 4225 manus
3272 4168 3333 4222 in
3393 4181 3649 4236 crucem,

1995 4265 2179 4320 levate
2201 4262 2497 4318 vexillum.
2533 4284 2559 4310 ‹‹
2624 4261 2684 4315 In
2743 4258 3014 4313 noctibus
3070 4255 3255 4311 levate
3313 4272 3528 4312 manus
3587 4256 3648 4314 in

1995 4356 2216 4409 sancta.
2271 4373 2297 4398 ››
2355 4352 2424 4405 Et
2480 4365 2611 4404 cum
2669 4345 2994 4402 levaveritis
3054 4345 3113 4401 in
3172 4348 3398 4412 sancta,
3439 4349 3497 4402 et
3570 4346 3653 4402 fe-

1995 4439 2191 4495 ceritis
2246 4456 2371 4510 quae
2435 4440 2642 4492 sancta
2694 4439 2855 4499 sunt,
2913 4433 3081 4505 quasi
3143 4433 3639 4490 medicamentum

1995 4531 2280 4585 bonorum
2339 4543 2582 4599 operum
2632 4528 2962 4581 vestrorum
3018 4524 3287 4580 Christus
3345 4526 3439 4580 sit.
3493 4547 3522 4575 «
3575 4525 3648 4580 Et

1997 4617 2320 4673 benedicite
2351 4615 2616 4672 Domino.
2663 4638 2690 4665 »
2754 4613 2917 4669 Unde
2975 4618 3032 4669 et
3088 4611 3404 4684 Apostolus
3458 4611 3645 4667 dicit:

237 4715 338 4786 qui
371 4715 517 4769 estis
550 4714 697 4769 servi
729 4715 984 4782 Domini,
1017 4715 1237 4786 quibus
1261 4716 1482 4770 dixerat
1513 4732 1525 4770 :
1561 4718 1692 4771 Ecce
1716 4734 1884 4787 quam
1914 4699 1960 4763 D
1996 4709 2057 4763 In
2087 4709 2239 4764 omni
2261 4708 2377 4764 loco
2419 4707 2662 4760 levantes
2719 4720 2922 4758 manus
2970 4702 3350 4758 immaculatas
3404 4700 3451 4769 (ι
3508 4701 3642 4757 Tim.

242 4803 441 4859 bduum
472 4813 523 4858 et
551 4821 718 4874 quam
755 4804 1067 4875 jucundum
1114 4804 1362 4860 habitare
1388 4808 1588 4876 fratres
1620 4808 1677 4860 in
1714 4823 1887 4860 unum

239 4891 420 4962 (Psal.
452 4909 662 4964 cxxxu,
693 4895 748 4958 6,
783 4895 833 4961 1)
869 4913 880 4948 :
915 4893 998 4949 sic
1026 4893 1210 4949 levate
1234 4911 1465 4960 manus,
1501 4900 1563 4949 ut
1593 4895 1650 4949 in
1683 4899 1884 4950 sancto

238 4979 464 5050 levetis,
498 4982 606 5037 hoc
637 4987 745 5049 est,
777 4987 840 5038 ut
867 4983 1260 5038 conﬁteamini
1291 4983 1608 5052 Christum,
1628 4988 1684 5039 et
1714 4983 1883 5055 quid-

239 5070 384 5140 quid
415 5070 625 5138 facitis,
650 5088 753 5142 pro
787 5070 1013 5126 Christo
1037 5071 1285 5126 faciatis.
1311 5071 1591 5138 Virtutes,
1612 5089 1713 5144 pro
1747 5089 1886 5143 qua-

238 5157 400 5214 litate
449 5159 735 5229 facientis,
770 5160 1007 5216 diversaa
1058 5165 1216 5215 sunt.
1263 5162 1342 5214 Ac
1393 5160 1441 5214 si
1493 5161 1693 5215 dicat:
1726 5161 1885 5215 Facit

237 5247 668 5318 eleemosynam
715 5247 1122 5315 Christianus;
1167 5248 1305 5303 facit
1354 5253 1411 5303 et
1459 5249 1714 5320 gentilis,
1749 5249 1883 5304 facit

237 5339 293 5390 et
322 5336 577 5402 Judaeus,
611 5335 746 5389 facit
777 5341 832 5390 ct
879 5337 1030 5392 alius
1079 5337 1448 5392 Christianus
1477 5338 1564 5391 vir
1606 5340 1872 5393 sanctus.

240 5423 501 5479 Invenies
527 5423 756 5494 aliquos
801 5427 870 5478 de
900 5425 1246 5481 Christianis
1297 5425 1427 5481 ideo
1459 5426 1596 5482 dare
1643 5425 1883 5481 elcemo-

237 5528 467 5584 synam,
500 5517 564 5566 ut
593 5511 910 5567 laudentur
939 5530 971 5568 a
1002 5515 1256 5586 populis.
1291 5515 1350 5570 Si
1397 5515 1630 5586 quando
1665 5532 1883 5586 pauper

239 5605 405 5671 rogat
462 5599 807 5670 buccellam,
867 5601 981 5655 huc
1047 5601 1301 5675 illucque
1375 5603 1878 5675 circumspiciunt,

236 5694 295 5746 et
348 5689 462 5745 nisi
513 5694 716 5746 testem
766 5689 1036 5756 viderint,
1088 5693 1390 5762 pecuniam
1453 5711 1567 5748 non
1618 5695 1777 5748 dant.
1822 5692 1880 5747 Si

223 5779 399 5837 Bolus
449 5779 642 5846 fuerit,
674 5795 886 5837 manus
934 5780 1227 5836 contrahit
1260 5798 1272 5838 :
1308 5799 1422 5837 non
1472 5783 1572 5838 dat
1610 5781 1876 5839 libenter.

1996 4815 2057 4868 ιι,
2090 4798 2166 4868 8).
2203 4819 2229 4846 «
2264 4796 2334 4851 Et
2363 4793 2687 4851 benedicite
2719 4791 2982 4847 Domino.
3021 4814 3049 4840 ››
3106 4790 3506 4862 Quodcunque
3553 4789 3644 4844 fa-

1994 4886 2148 4957 citis,
2185 4885 2390 4941 refertc
2449 4883 2521 4938 ad
2584 4881 2916 4936 Dominum.
2974 4879 3182 4934 Manus
3235 4877 3543 4933 leventur:
3577 4895 3643 4934 os

1993 4975 2289 5029 Christum
2325 4975 2572 5026 resonet.
2636 4971 2704 5026 Et
2761 4971 2819 5024 in
2873 4969 3143 5024 noctibus
3188 4967 3372 5024 levate
3428 4983 3642 5025 manus

1993 5067 2234 5118 vestras.
2269 5062 2350 5115 Da
2382 5060 2737 5132 pauperibus
2769 5059 3224 5132 eleemosynam,
3284 5060 3341 5113 et
3397 5057 3642 5114 benedic

1993 5150 2237 5205 Domino
2272 5165 2284 5204 :
2318 5150 2536 5221 gratias
2593 5165 2698 5220 age
2746 5147 3016 5218 Domino,
3071 5147 3212 5219 quia
3256 5146 3363 5203 tibi
3395 5147 3637 5221 dederit,

1993 5248 2148 5303 unde
2180 5247 2284 5301 des
2326 5246 2508 5301 fratri.
2566 5246 2748 5318 Magis
2805 5251 2869 5300 tu
2926 5245 3081 5317 agito
3136 5245 3356 5316 gratias
3413 5245 3640 5303 Christo

1993 5336 2230 5407 quando
2263 5335 2514 5403 dederis,
2551 5351 2726 5405 quam
2761 5334 2938 5388 frater
2997 5333 3096 5405 qui
3139 5350 3172 5388 a
3225 5337 3283 5389 te
3329 5334 3636 5407 acceperit,

1991 5424 2094 5478 tibi
2128 5429 2262 5495 agat
2293 5423 2773 5496 gratias.Grande
2803 5422 2973 5478 nobis
2987 5423 3338 5480 beneﬁcium
3359 5427 3637 5496 praestant

1991 5529 2296 5585 pauperes.
2334 5515 2590 5579 Peccata,
2622 5528 2747 5581 quae
2771 5513 2898 5582 jam
2931 5511 3097 5567 aliter
3133 5512 3324 5570 lavare
3355 5529 3471 5568 non
3501 5527 3636 5583 pos-

1992 5618 2219 5670 sumus,
2251 5600 2569 5670 exstinguit
2594 5597 3139 5670 eleemosyna.0uid
3170 5603 3456 5673 scriptum
3485 5600 3573 5654 est
3609 5596 3637 5650 ?

1989 5693 2142 5746 Sicut
2171 5707 2315 5761 aqua
2345 5689 2693 5758 exstingnuit
2731 5690 2931 5759 ignem,
2963 5691 3044 5745 sic
3072 5691 3420 5760 eleemosyna
3444 5687 3640 5742 extin—

1993 5784 2113 5852 guit
2141 5788 2361 5853 peccata
2392 5779 2577 5850 (Eccli.
2648 5795 2709 5846 ιι,
2759 5778 2870 5850 33).
2933 5778 3050 5836 Hoc
3107 5780 3340 5851 praestat
3395 5774 3644 5834 eleemo-
