3992 6194
327 260 483 318 1295

1819 257 2236 318 APPENDIX.

3579 257 3728 320 1296

321 407 496 463 neque
522 391 655 448 elati
697 395 821 447 sunt
877 392 1025 447 oculi
1077 407 1183 445 mei
1243 391 1414 461 (Psal.
1469 407 1628 456 cxxx,
1691 392 1762 458 1).
1821 391 1972 454 Quo-
2002 404 2057 470 Α
2087 392 2244 461 dere,
2275 394 2675 459 contemnunt,
2705 397 2761 447 et
2790 390 3154 447 familiaritas
3199 391 3542 463 superbiam
3573 391 3722 447 facit.

322 481 482 539 niam
505 497 640 554 ergo
670 480 955 536 humilem
1005 497 1066 535 se
1114 483 1562 544 monstraverat,
1610 479 1821 534 Christi
1870 481 1970 534 ad-

320 573 562 626 ventum
594 569 869 642 postulat.
903 570 972 624 Et
1015 567 1153 640 quid
1197 568 1384 622 dicit?
1408 569 1689 632 Memento,
1721 570 1968 636 Domine,

320 659 498 714 David
525 667 577 714 et
603 661 780 714 omnis
810 657 1250 714 mansuetudinis
1279 658 1398 727 ejus
1431 659 1602 727 (Psat.
1649 671 1836 727 cxxx1,
1898 659 1968 726 1).

318 756 388 812 Et
409 773 644 813 rursum
677 758 736 812 in
767 756 878 812 alio
908 755 1068 812 loco:
1103 759 1333 828 Propter
1362 756 1530 810 David
1558 772 1777 810 servum
1818 760 1973 809 tuum

325 861 437 900 non
466 855 684 901 avertas
711 848 911 916 [aciem
943 845 1150 901 Christi
1186 847 1270 900 tui
1317 844 1474 914 (Ibid.
1521 846 1628 916 10).
1687 845 1969 908 Quoniam

325 935 550 1007 accepit
599 934 915 1003 Christum,
966 937 1100 1007 post
1157 935 1330 989 ﬁdem
1388 933 1599 989 Christi
1653 933 1971 988 Ecclesiam

325 1028 658 1096 congregat.
697 1025 766 1079 Et
795 1024 936 1095 quid
987 1023 1174 1079 dieit?
1232 1026 1363 1078 Ecce
1419 1038 1586 1093 quam
1643 1022 1861 1091 bonum,
1923 1030 1973 1076 et

319 1128 486 1182 quam
535 1113 858 1180 iucundum,
903 1113 1155 1168 habitare
1209 1113 1410 1183 fratres
1460 1113 1519 1166 in
1573 1128 1744 1164 unum
1797 1111 1970 1180 (Psat.

319 1218 522 1256 exxxn.
558 1201 909 1272 1).Ecclesia
941 1201 1165 1258 Domini
1219 1203 1570 1273 congregata
1615 1203 1721 1255 est.
1778 1199 1974 1254 Novis-

319 1290 506 1346 simus
537 1290 802 1362 psalmus
851 1290 990 1362 quid
1018 1290 1195 1345 dicit?
1226 1313 1253 1339 «
1288 1291 1430 1345 Ecce
1461 1306 1616 1344 nunc
1648 1288 1972 1344 benedicite

319 1379 656 1450 Dominum,
684 1397 888 1436 omnes
919 1380 1068 1436 servi
1100 1380 1349 1434 Domini.
1381 1402 1409 1428 ››
1442 1378 1729 1444 Quoniam
1751 1378 1971 1432 bonum

317 1473 426 1540 est,
461 1473 520 1526 et
568 1471 902 1541 jucundum
961 1469 1222 1524 habitare
1273 1469 1480 1522 fratres
1529 1467 1588 1521 in
1649 1484 1855 1533 unum,
1918 1470 1974 1520 et

319 1559 463 1614 estis
510 1559 727 1630 pariter
783 1558 1146 1630 congregati:
1185 1558 1389 1611 «Ecce
1439 1572 1593 1610 nunc
1647 1554 1971 1610 benedicite

319 1647 711 1702 Dominum.»
745 1669 772 1695 ‹‹
803 1648 970 1702 Nunc
1016 1646 1337 1701 benedicite
1396 1644 1786 1708 Dominum,»
1839 1647 1972 1714 post

319 1736 636 1790 adventum
689 1735 940 1790 Christi:
988 1733 1126 1806 quia
1181 1732 1514 1804 congregati
1563 1731 1705 1786 estis
1760 1733 1819 1786 in
1880 1748 1968 1786 eo.

322 1823 490 1879 Nunc
519 1824 842 1879 benedicite
872 1823 932 1878 in
965 1822 1170 1878 ultimo
1202 1823 1492 1894 graduum
1525 1820 1783 1892 psalmo:
1836 1820 1973 1891 quia

315 1912 376 1968 in
416 1913 760 1969 summitate
787 1913 1070 1968 virtutum
1103 1911 1435 1984 congregati
1465 1909 1970 1980 estis.Antequam

318 2018 455 2075 ergo
485 2002 862 2075 perveneritis
894 2003 966 2058 ad
997 2001 1267 2073 quintum
1303 2000 1596 2055 decimum
1653 1999 1966 2070 graduum,

315 2100 427 2156 hoc
475 2105 584 2170 est,
645 2103 719 2157 ad
767 2099 1084 2167 excelsum,
1134 2117 1247 2156 non
1301 2098 1577 2170 poteratis
1630 2097 1968 2152 benedicere

316 2191 586 2248 Domino.
619 2192 769 2264 Ergo
819 2207 974 2246 nunc
1001 2191 1128 2245 dico
1165 2188 1365 2244 vobis:
1429 2188 1623 2242 «Ecce
1677 2202 1835 2240 nunc
1866 2186 1962 2240 be-

315 2279 566 2337 nedicite
596 2281 863 2336 Domino.
886 2300 912 2332 »
942 2279 1181 2345 Quando
1205 2277 1439 2344 dicitur,
1471 2293 1621 2332 ecce:
1684 2275 1965 2346 quodam-

317 2369 491 2426 modo
533 2385 626 2424 res
654 2369 834 2438 digito
890 2369 1347 2424 demonstratur.
1405 2388 1432 2415 ‹‹
1469 2367 1610 2420 Ecce
1660 2381 1816 2419 nunc
1865 2364 1964 2418 be-

312 2456 566 2512 nedicite
599 2456 894 2512 Domino.»
915 2456 1023 2520 Qui
1045 2455 1369 2511 benedicite
1383 2454 1631 2509 Domino
1652 2453 1679 2506 ?
1704 2453 1965 2508 «Omnes

307 2545 459 2601 servi
516 2545 786 2612 Domini;
821 2567 849 2594 »
883 2545 983 2616 qui
1022 2561 1138 2600 non
1177 2543 1316 2599 estis
1364 2543 1512 2598 servi
1562 2541 1800 2613 peccati,
1861 2541 1962 2594 sed

305 2635 458 2691 servi
486 2634 738 2691 Domini.
772 2635 1053 2690 Putamus
1082 2649 1290 2705 parum
1321 2648 1450 2688 esse
1498 2630 1654 2702 quod
1710 2629 1960 2684 dicitur:

304 2725 456 2798 Ergo
485 2741 689 2780 servus
720 2723 950 2779 Domini
982 2722 1158 2778 sum?
1184 2722 1429 2777 Summa
1482 2721 1669 2774 virtus
1718 2722 1807 2773 est
1855 2717 1962 2772 hoc

303 2814 536 2870 mereri.
569 2813 869 2878 Quomodo
890 2812 918 2866 ‘I
947 2811 1123 2875 Quasi
1151 2810 1494 2883 dignitatem
1534 2807 1807 2877 vindicat,
1860 2806 1961 2877 qui

308 2903 450 2960 dicit
478 2921 498 2958 :
531 2903 679 2975 Ergo
701 2918 907 2958 servus
935 2900 1306 2972 imperatoris
1339 2914 1494 2966 sum,
1518 2902 1575 2952 et
1599 2913 1767 2952 nemo
1787 2895 1962 2950 audet

305 2993 579 3050 accedere
609 2992 682 3047 ad
711 3007 940 3047 servum
972 2987 1379 3062 imperatoris:
1443 2986 1526 3041 sic
1585 2985 1813 3040 inﬁnita
1870 2984 1958 3038 di-

306 3082 502 3154 gnitas
560 3097 622 3137 se
674 3079 864 3135 dicere
923 3095 1051 3134 esse
1099 3094 1333 3133 servum
1387 3074 1633 3131 Domini.
1687 3073 1847 3128 Unde
1902 3076 1958 3127 et

2087 481 2155 534 Et
2189 497 2293 535 nos
2327 480 2506 551 igitur
2537 497 2649 535 non
2682 481 2965 535 debemus
3010 480 3080 535 de
3128 480 3554 536 consuetudine
3601 497 3731 536 con-

2082 573 2340 625 temnere
2374 570 2691 624 bonitatem
2728 569 2828 624 Dei
2850 569 3055 624 nostri.
3081 569 3416 624 Benedicite
3445 586 3581 642 ergo
3622 570 3736 625 Do-

2083 657 2333 724 minum,
2364 675 2566 714 omnes
2597 658 2768 724 servi,
2793 658 3059 713 Domini:
3086 659 3224 730 quia
3245 675 3363 712 non
3396 659 3544 714 estis
3585 661 3738 714 servi

2082 748 2322 818 peccati,
2355 748 2454 802 sed
2479 749 2625 802 servi
2663 747 2906 802 Domini.
2943 769 2969 796 «
2996 748 3209 803 Omnes
3241 749 3390 803 servi
3417 748 3679 819 Domini,
3713 773 3738 797 ιι

2082 835 2183 906 qui
2200 835 2389 891 solum
2406 836 2716 890 Dominum
2731 836 2957 891 habetis
2971 836 3213 891 Deum.«
3231 837 3451 892 Omnes
3464 837 3623 891 servi
3637 837 3739 892 Do-

2083 924 2248 994 mini,
2272 949 2297 975 ››
2316 925 2530 1004 quibus
2552 924 2637 980 ira
2657 925 3064 996 nonimperat:
3096 924 3152 980 in
3177 924 3598 996 quibuslibido
3632 943 3742 981 non

2084 1019 2284 1084 regnat
2312 1039 2325 1082 ;
2355 1014 2411 1068 in
2446 1014 2662 1085 quibus
2685 1013 2797 1068 alia
2818 1019 3055 1085 peccata
3077 1031 3191 1068 non
3215 1019 3499 1086 regnant:
3523 1015 3744 1086 quibus

2084 1120 2197 1157 non
2233 1103 2612 1157 dominantur
2638 1102 2796 1169 vitia,
2829 1101 2913 1156 illi
2947 1101 3325 1157 dominantur
3380 1120 3415 1157 a
3463 1103 3744 1158 Domino.

2091 1211 2110 1234 σ
2146 1191 2360 1246 Omnes
2392 1190 2538 1246 servi
2562 1189 2813 1246 Domiui.
2844 1213 2870 1239 ››
2892 1190 3136 1244 Videtur
3155 1189 3465 1263 hucusque
3479 1192 3744 1249 stetisse.

2081 1281 2189 1334 Sed
2222 1281 2414 1336 videte
2446 1285 2849 1352 augmentum.
2883 1279 3008 1334 Non
3041 1280 3259 1335 sufﬁcit
3289 1281 3487 1335 solum
3543 1298 3746 1337 servos

2081 1386 2210 1424 esse
2232 1369 2486 1434 Domini,
2511 1369 2624 1424 nisi
2644 1373 2700 1424 et
2725 1369 2838 1440 ipsi
2862 1367 3010 1424 servi
3058 1373 3230 1424 stent.
3265 1369 3370 1424 Alii
3404 1369 3574 1424 enim
3606 1377 3749 1426 sunt

2083 1460 2182 1529 qui
2217 1463 2394 1524 stant,
2449 1458 2546 1513 alii
2605 1459 2706 1529 qui
2756 1459 2995 1524 cadunt,
3055 1457 3152 1512 alii
3213 1459 3309 1530 qui
3371 1459 3590 1514 sedent
3648 1461 3746 1515 alii

2082 1550 2179 1618 qui
2206 1550 2425 1619 jacent.
2462 1549 2607 1619 Ergo
2638 1549 2738 1618 qui
2760 1547 2992 1618 cadunt,
3020 1550 3118 1620 qui
3142 1548 3369 1613 sedent,
3396 1548 3744 1619 quijacent,

2081 1636 2166 1690 illi
2201 1654 2315 1692 non
2365 1639 2611 1708 possunt
2659 1636 2898 1690 laudare
2948 1636 3283 1692 Dominum.
3334 1636 3452 1692 Vos
3505 1636 3745 1694 laudate

2082 1726 2178 1797 qui
2212 1726 2402 1781 statis.
2441 1726 2550 1780 Sed
2587 1725 2742 1780 dicat
2781 1723 3016 1795 aliquis,
3061 1725 3232 1780 Stant
3283 1730 3339 1780 et
3382 1725 3511 1782 alii.
3549 1727 3739 1782 Multa

2003 1783 2049 1847 B
2081 1783 2219 1869 sunt
2268 1815 2572 1880 Ecclesiae;
2628 1813 2822 1868 multae
2877 1783 3018 1869 sunt
3075 1815 3587 1887 congregationes.
3636 1816 3736 1879 Qui

2080 1919 2215 1974 ergo
2246 1905 2449 1959 stant?
2485 1903 2681 1958 Ariani
2734 1904 2938 1958 stant?
2987 1904 3300 1958 Nominant
3339 1903 3653 1960 Christum
3683 1911 3736 1960 et

2079 1993 2445 2060 Eunomiani,
2471 1998 2528 2048 et
2545 1997 2759 2048 caeteras
2782 1992 3030 2048 haereses
3056 2011 3069 2060 ;
3103 2009 3238 2065 ergo
3287 1997 3453 2048 stant
3474 1993 3505 2047 ?
3540 1994 3620 2049 Ne
3649 1994 3736 2048 vi-

2079 2081 2313 2136 deretur
2329 2097 2464 2152 ergo
2485 2081 2598 2135 illis
2621 2081 2758 2136 dare
2775 2081 3069 2136 licentiam
3091 2080 3374 2137 laudandi
3387 2081 3729 2150 Dominum,

2075 2170 2264 2226 videte
2295 2170 2436 2241 quid
2467 2169 2661 2225 dicat:

2149 2302 2174 2328 ‹‹
2209 2277 2314 2342 Qui
2338 2277 2506 2333 statis
2530 2278 2586 2331 in
2611 2277 2784 2332 domo
2807 2276 3062 2342 Domini,
3088 2277 3145 2332 in
3178 2278 3345 2334 atriis
3378 2280 3605 2336 domus
3633 2282 3730 2338 Dei

2076 2367 2280 2422 nostri.
2319 2389 2345 2415 »
2379 2367 2451 2421 Ut
2471 2367 2795 2421 secundum
2821 2367 2976 2437 quod
3005 2366 3085 2420 ait
3132 2367 3453 2439 Apostolus
3483 2387 3497 2423 :
3535 2372 3732 2435 Donec.

2074 2455 2284 2526 inquit,
2338 2457 2513 2521 venio,
2573 2459 2634 2508 ut
2688 2455 2828 2509 scias
2883 2455 3144 2526 quomodo
3202 2455 3471 2527 disponas
3514 2458 3733 2514 domum

2074 2545 2337 2613 Dei,qua3
2359 2550 2448 2600 est
2465 2543 2777 2614 Ecclesia(l
2810 2545 2943 2612 Tim,
2978 2545 3166 2614 111,15)
3188 2545 3444 2601 Ecclesia
3479 2564 3600 2603 non
3632 2566 3733 2620 pa-

2073 2633 2317 2688 rietibus
2339 2633 2628 2703 consistit,
2663 2633 2763 2688 sed
2803 2632 2861 2686 in
2907 2632 3248 2704 dogmatum
3295 2636 3570 2692 veritate.
3624 2638 3732 2693 Ec-

2072 2721 2248 2777 clesia
2278 2721 2357 2776 ibi
2389 2726 2477 2776 est
2499 2723 2599 2777 ubi
2626 2722 2770 2776 ﬁdes
2800 2737 2937 2776 vera
2966 2726 3072 2776 est.
3106 2723 3390 2778 Caeterum
3435 2731 3580 2782 ante
3619 2743 3732 2782 an-

2072 2827 2178 2865 nos
2200 2811 2532 2882 quindecim
2567 2814 2670 2866 aut
2700 2811 2924 2882 viginti,
2948 2811 3197 2882 parietes
3238 2829 3432 2868 omnes
3481 2814 3579 2868 hic
3611 2817 3724 2870 Ec-

2069 2899 2382 2955 clesiarum
2405 2900 2660 2955 haeretici
2708 2900 3102 2971 possidebant.
3134 2903 3280 2956 Ante
3322 2903 3521 2974 viginti
3550 2905 3725 2961 enim

2069 3005 2275 3058 annos,
2308 3005 2512 3044 omnes
2537 2987 2820 3044 Ecclesias
2868 2989 2975 3043 has
3005 2988 3271 3045 hzereteci
3311 2992 3723 3062 possidebant.

2066 3078 2322 3134 Ecclesia
2353 3083 2546 3134 autem
2580 3095 2715 3134 vera
2743 3077 2863 3134 illic
2885 3083 3028 3147 erat,
3083 3079 3181 3133 ubi
3212 3096 3345 3136 vera
3393 3081 3547 3138 ﬁdes
3579 3088 3722 3140 erat.

299 3141 616 3242 Rpostolus
648 3168 718 3224 de
749 3167 1023 3223 servitute
1069 3165 1299 3223 Domini
1332 3164 1633 3237 gloriatur,
1667 3168 1724 3217 et
1753 3161 1958 3218 scribit
1987 3141 2029 3208 C
2068 3167 2214 3239 Ergo
2239 3184 2336 3223 vos
2359 3167 2682 3222 benedicite
2703 3166 2971 3234 Domino,
2996 3141 3096 3237 qui
3120 3167 3258 3222 estis
3275 3170 3428 3224 servi
3468 3172 3722 3227 Domini.

302 3258 364 3314 in
387 3258 675 3332 principio
716 3256 1109 3330 Epistolarum
1169 3271 1450 3312 suarum:
1511 3253 1720 3308 Paulus
1773 3267 1957 3305 servus

303 3348 516 3404 Christi
573 3348 748 3419 (Rom.
805 3365 823 3401 1
871 3346 1043 3419 seqq).
1102 3346 1169 3399 Et
1222 3345 1292 3398 de
1349 3346 1539 3414 Moyse
1593 3339 1836 3395 dicitur:
1893 3340 1958 3392 Et

303 3454 417 3494 non
453 3440 592 3493 sicut
640 3441 854 3508 Moyses
907 3435 1152 3507 famulus
1207 3449 1379 3500 meus,
1423 3433 1513 3486 cui
1566 3431 1776 3484 locutus
1832 3444 1956 3482 sum

298 3529 446 3599 facie
472 3527 763 3596 att/aciem
785 3527 960 3596 (Deut.
992 3541 1180 3594 xxxrv,
1215 3523 1322 3591 10).
1355 3520 1557 3575 Videte
1588 3519 1728 3590 quid
1761 3518 1950 3572 dicat:

298 3614 785 3670 Caeterislocutus
815 3631 946 3669 sum
989 3614 1048 3668 in
1104 3612 1324 3667 visione
1379 3615 1437 3664 et
1495 3609 1555 3663 in
1604 3608 1950 3678 aenigmate:

299 3712 412 3768 sed'
429 3728 544 3768 non
569 3711 721 3768 sicut
751 3711 931 3783 Moysi
966 3709 1182 3766 famulo
1215 3725 1364 3775 meo,
1398 3707 1491 3762 cui
1539 3706 1769 3760 locutus
1819 3719 1950 3758 sum

298 3802 446 3858 facie
493 3802 566 3857 ad
614 3800 842 3856 faciem.
907 3801 1195 3854 Ponamus
1246 3795 1598 3866 exemplum.
1675 3794 1951 3848 Dicamus

298 3908 428 3948 esse
455 3890 712 3963 aliquem
739 3888 1045 3944 dominum
1068 3885 1447 3942 ditissimum.
1483 3885 1595 3938 Iste
1651 3882 1826 3937 habet
1857 3881 1950 3936 fa-

298 3981 524 4037 miliam
551 3997 564 4037 :
593 3979 770 4035 habet
797 3981 854 4033 et
883 3993 1079 4033 servos
1110 3975 1208 4046 qui
1240 3972 1353 4028 sibi
1386 3972 1740 4026 ministrent.
1775 3971 1950 4024 Num-

295 4070 436 4143 quid
466 4074 690 4126 tantam
720 4067 940 4124 habent
996 4064 1270 4120 ﬁduciam
1327 4060 1476 4118 servi
1534 4060 1632 4130 qui
1690 4059 1750 4112 in
1798 4057 1949 4113 villis

297 4163 458 4226 sunt,
493 4162 781 4230 quantum
807 4155 889 4210 illi
922 4155 1023 4227 qui
1081 4151 1342 4226 quotidie
1396 4144 1784 4204 ministrant?
1826 4145 1948 4201 Illis

296 4262 515 4318 magna
543 4246 800 4318 dignitas
830 4249 938 4312 est,
971 4243 1073 4315 qui
1105 4241 1310 4298 faciem
1356 4239 1552 4296 vident
1596 4235 1840 4304 domini,
1892 4240 1949 4289 et

301 4335 642 4391 ministrant
673 4335 750 4390 ei.
797 4331 1064 4404 Denique
1121 4329 1310 4387 caeteri
1365 4329 1536 4395 servi,
1593 4327 1694 4398 qui
1739 4324 1941 4380 faciem

290 4441 408 4481 non
421 4423 619 4480 vident
637 4422 856 4478 domini
872 4421 1041 4491 sui,si
1060 4419 1350 4476 voluerint
1371 4416 1593 4488 aliquid
1611 4415 1942 4486 impetrare,

2067 3255 2192 3310 Non
2222 3260 2311 3312 est
2341 3256 2586 3327 pulchra
2616 3255 2875 3311 laudatio
2906 3256 2964 3310 in
2998 3272 3096 3311 ore
3128 3258 3459 3328 peccatoris
3524 3263 3720 3330 (Ec-cli.

2066 3362 2159 3408 xv,
2191 3347 2270 3417 9).
2304 3347 2450 3417 Ergo
2483 3362 2583 3400 vos
2614 3344 2866 3410 laudate,
2902 3345 3001 3416 qui
3033 3347 3174 3401 estis
3204 3347 3356 3401 servi
3380 3347 3648 3418 Domini,
3674 3357 3724 3404 et

2065 3434 2163 3504 qui
2187 3435 2327 3490 estis
2353 3434 2523 3502 servi,
2551 3439 2605 3490 et
2634 3434 2821 3490 statis.
2856 3435 2962 3500 Qui
2995 3434 3206 3491 statis?
3232 3438 3467 3505 Statuit,
3508 3440 3718 3510 inquit,

2062 3539 2235 3592 supra
2278 3527 2492 3594 petram
2531 3523 2690 3593 pedes
2749 3539 2894 3578 meos
2955 3524 3126 3594 (Psal.
3175 3541 3368 3596 XXXIX,
3415 3528 3497 3598 ὃ).
3549 3529 3614 3581 Et
3643 3530 3714 3583 ad

2064 3611 2298 3683 Moysen
2328 3628 2340 3666 :
2377 3613 2450 3667 Tu
2476 3628 2604 3667 vero
2633 3611 2722 3666 hic
2771 3617 2856 3666 sta
2897 3628 3106 3666 mecum
3157 3613 3350 3684 (Exod.
3410 3633 3598 3683 xxxiv,
3632 3618 3711 3684 2).

2064 3701 2216 3755 Deus
2248 3700 2410 3756 stetit
2435 3701 2492 3755 in
2508 3716 2804 3772 synagoga
2834 3701 3096 3756 deorum.
3131 3725 3157 3749 «
3192 3703 3262 3756 Et
3301 3705 3407 3774 qui
3463 3707 3650 3774 statis,
3684 3729 3712 3756 η

2061 3806 2177 3844 non
2210 3790 2566 3862 ubicunque,
2600 3791 2721 3856 sed,
2756 3814 2782 3838 ‹‹
2817 3789 2876 3845 in
2926 3791 3098 3846 domo
3130 3790 3252 3855 Dei,
3305 3792 3364 3846 in
3400 3795 3576 3849 atriis
3617 3797 3715 3851 do-

2061 3895 2194 3934 mus
2226 3879 2322 3934 Dei
2375 3879 2642 3933 nostri.»
2696 3880 2755 3932 In
2807 3877 3104 3934 Hebraicis
3151 3879 3563 3938 voluminibus
3602 3903 3714 3941 non

2058 3968 2322 4034 habetur,
2359 3969 2458 4022 sed
2492 3967 2548 4022 in
2573 3968 2841 4038 sequenti
2890 3967 3115 4039 psalmo
3147 3973 3236 4024 est
3265 3970 3436 4039 (Psal,
3484 3990 3712 4043 cxxxrv,

2055 4059 2132 4129 2).
2167 4059 2466 4123 Quomodo
2496 4058 2650 4112 enim
2682 4058 2948 4128 sequitur
2972 4058 3028 4111 in
3052 4058 3179 4130 ipso
3204 4060 3426 4130 psalmo
3448 4061 3478 4113 ?
3505 4089 3530 4112 (ι
3557 4064 3714 4118 Lau-

2058 4148 2188 4201 date
2217 4163 2427 4202 nomen
2461 4145 2715 4215 Domini,
2749 4145 2983 4202 laudate
3027 4148 3176 4202 servi
3227 4149 3549 4204 Dominum.
3589 4153 3708 4217 Qui

2057 4236 2225 4292 statis
2249 4236 2305 4289 in
2334 4237 2506 4290 domo
2530 4235 2713 4300 Domi,
2747 4236 2806 4289 in
2839 4236 3000 4291 atriis
3047 4237 3264 4292 domus
3306 4237 3398 4292 Dei
3446 4241 3647 4295 nostri
3685 4267 3707 4290 ι

2055 4327 2224 4396 (Psat.
2261 4325 2513 4396 cxxx111).
2549 4325 2834 4388 Quoniam
2867 4341 3001 4397 ergo
3032 4325 3142 4380 iste
3173 4325 3439 4398 psalmus
3486 4328 3712 4389 habet;

2059 4434 2085 4461 «
2114 4414 2218 4478 Qui
2253 4414 2422 4468 statis
2456 4413 2512 4467 in
2545 4413 2718 4468 domo
2753 4413 3004 4481 Domini,
3041 4414 3096 4468 in
3140 4415 3307 4471 atriis
3365 4417 3588 4474 domus
3621 4421 3713 4475 Dei

291 4539 604 4580 conservos
636 4525 858 4594 petunt.
895 4521 1010 4574 Hoc
1042 4523 1228 4574 totum
1261 4532 1440 4588 quare
1465 4513 1627 4569 dixi?
1665 4512 1944 4567 Dominus
1975 4508 2022 4573 D
2056 4503 2259 4594 nostri,
2311 4526 2337 4551 ››
2389 4507 2707 4594 propterea
2743 4501 2981 4594 quidam
3040 4505 3263 4574 putavit
3325 4511 3386 4560 et
3445 4507 3505 4562 in
3583 4508 3710 4580 ipso

287 4612 678 4669 nosterJesus
705 4610 881 4665 habet
912 4609 1035 4680 ipse
1081 4605 1329 4662 multam
1388 4602 1709 4668 familiam;
1767 4601 1940 4654 habet

288 4701 455 4775 quasi
489 4702 560 4758 ad
594 4700 798 4754 faciem
821 4714 1010 4765 suam,
1045 4695 1145 4768 qui
1185 4695 1294 4751 sibi
1328 4692 1702 4756 ministrant;
1765 4688 1940 4743 habet

285 4791 431 4848 alios
461 4792 521 4846 in
553 4789 729 4863 agris.
763 4787 1077 4843 Menachos
1106 4791 1162 4841 et
1188 4783 1441 4866 virgines
1475 4796 1580 4852 ego
1613 4785 1754 4851 puto
1805 4777 1937 4832 illos

283 4897 433 4949 esse,
467 4880 568 4953 qui
599 4879 670 4935 ad
730 4877 938 4934 faciem
988 4875 1327 4931 ministrant
1373 4871 1609 4926 domino
1663 4885 1790 4934 suo,
1837 4882 1933 4921 sae-

281 4970 509 5026 culares
539 4973 734 5025 autem
767 4968 868 5039 qui
901 4970 1037 5022 sunt
1085 4963 1253 5037 quasi
1298 4963 1354 5016 in
1399 4976 1559 5032 agro,
1612 4958 1682 5012 de
1713 4954 1935 5010 familia

279 5074 409 5114 sua.
441 5059 702 5130 Denique
729 5056 814 5112 illi
845 5057 944 5129 qui
975 5059 1115 5110 sunt
1142 5053 1202 5108 in
1233 5052 1410 5124 agris,
1445 5051 1589 5104 istos
1634 5043 1934 5118 postulant

280 5153 347 5202 ut
377 5152 581 5220 rogent
613 5147 942 5214 dominum,
977 5145 1025 5200 si
1059 5143 1200 5215 quid
1241 5139 1637 5196 necessarium
1690 5135 1927 5189 habent.

279 5236 566 5300 Quantam
597 5236 981 5306 habent'ergo
1012 5233 1383 5305 dignitatem,
1415 5228 1516 5299 qui
1548 5223 1810 5296 quotidie
1840 5222 1926 5276 vi-

277 5327 418 5382 dent
447 5323 653 5379 faciem
684 5324 926 5391 domini,
974 5327 1198 5378 tantam
1251 5319 1471 5374 habent
1525 5329 1780 5387 pmnam,
1825 5313 1928 5382 qui

2053 4590 2280 4662 psalmo
2311 4592 2412 4662 qui
2444 4590 2772 4663 praecessit:
2813 4612 2840 4643 α
2869 4591 2974 4655 Qui
3008 4591 3175 4646 statis
3208 4591 3265 4646 in
3301 4595 3488 4650 domo
3522 4598 3708 4652 Domi-

2052 4680 2131 4744 ni,
2167 4703 2195 4728 »
2226 4680 2434 4735 debere
2472 4680 2716 4735 addere:
2769 4704 2792 4728 ‹‹
2845 4684 2910 4734 In
2959 4680 3123 4736 atriis
3170 4682 3387 4738 domus
3442 4684 3551 4740 Dei
3613 4704 3709 4742 no-

2050 4770 2176 4824 stri.
2219 4789 2240 4817 α
2275 4769 2420 4832 Quid
2481 4773 2675 4824 autem
2727 4769 3032 4840 signiﬁcet,
3080 4794 3107 4818 ‹‹
3163 4771 3219 4825 in
3270 4773 3442 4828 atriis
3498 4777 3707 4831 domus

2046 4858 2147 4913 Dei
2179 4858 2384 4913 nostri.
2421 4881 2447 4906 ››
2481 4863 2538 4913 et
2569 4875 2696 4930 quae
2727 4859 2804 4913 sit
2833 4859 3159 4914 differentia
3187 4861 3404 4916 domus
3438 4870 3500 4919 et
3531 4869 3704 4921 atrio-

2047 4964 2200 5014 rum,
2225 4947 2282 5001 in
2315 4947 2579 5018 sequenti
2614 4946 2842 5018 psalmo
2873 4963 3006 5003 cum
3053 4947 3242 5005 lectus
3291 4951 3494 5022 fuerit,
3531 4954 3707 5010 disse-

2044 5041 2220 5091 retur.

2117 5165 2144 5192 ‹‹
2175 5143 2238 5197 In
2271 5142 2540 5198 noctibus
2571 5142 2826 5200 extollite
2848 5161 3057 5199 manus
3079 5149 3306 5201 vestras
3329 5146 3387 5202 in
3413 5156 3640 5206 sancta.
3675 5176 3696 5196 η

2039 5231 2273 5286 Mundus
2302 5235 2406 5287 iste
2436 5235 2494 5286 in
2525 5233 2778 5302 maligno
2823 5235 3033 5304 positus
3087 5243 3164 5290 est
3224 5237 3273 5304 (I
3299 5237 3466 5292 Joan.
3502 5256 3551 5308 v,
3592 5241 3696 5308 19},

2039 5326 2230 5376 etnon
2258 5330 2336 5376 est
2366 5322 2521 5376 nobis
2564 5339 2748 5394 pugna
2794 5322 3051 5377 adversus
3099 5340 3324 5379 carnem
3379 5336 3436 5381 et
3475 5333 3700 5398 sangui-

2037 5428 2184 5476 nem,
2252 5410 2345 5465 sed
2408 5412 2670 5465 adversus
2733 5415 2967 5466 rectores
3033 5413 3390 5469 tenebrarum
3465 5419 3692 5473 istarum

2037 5501 2264 5573 (Ephes.
2298 5517 2376 5571 v1,
2412 5501 2518 5569 12).
2556 5499 2715 5554 Unde
2744 5501 2887 5554 dicit
2917 5505 2973 5555 et
3001 5502 3356 5574 Apostolus:
3390 5505 3522 5562 No.2:
3560 5525 3690 5580 pr»

2034 5596 2236 5650 cesszt:
2267 5589 2384 5648 dies
2412 5597 2594 5648 autem
2631 5591 3105 5665 appropinquavit
3160 5592 3340 5670 (Rom.
3401 5612 3541 5674 xm,
3595 5597 3684 5671 t2).

276 5414 585 5489 negligunt
615 5411 1006 5467 ministerium
1041 5411 1284 5467 domini.
1339 5408 1538 5462 Solent
1586 5407 1743 5462 enim
1788 5407 1924 5464 mali

273 5505 446 5575 servi,
473 5502 710 5577 quando
729 5505 868 5556 sunt
889 5501 947 5555 in
973 5501 1150 5573 agris,
1179 5499 1368 5572 magis
1391 5499 1594 5554 timere
1618 5499 1922 5555 dominum

273 5597 418 5684 quia
444 5611 563 5656 non
592 5592 813 5651 vident.
865 5591 924 5647 Si
975 5595 1172 5648 autem
1219 5589 1478 5663 quotidie
1527 5590 1808 5664 coeperint
1843 5588 1924 5646 vi-
