3992 6194
281 451 434 516 1297

1490 452 1991 517 BREVIARIUM
2035 453 2114 514 IN
2162 455 2303 515 PSA
2318 455 2546 517 LMOS.

3527 447 3685 515 {298

275 591 422 663 Ergo
452 590 562 647 hoc
608 589 888 647 saeculum
940 608 1052 647 nox
1099 594 1206 648 est.
1259 591 1547 648 Smculum
1580 610 1710 648 vero
1762 592 1919 646 futu-
1951 589 2183 660 AOtu,
2218 593 2564 661 Christiane,
2600 595 2764 665 rogat
2792 592 2847 646 te
2905 607 3126 664 pauper
3183 594 3250 647 ut
3305 590 3408 648 des
3467 586 3517 646 ei
3577 603 3690 661 pes:

277 697 408 736 rum
457 680 582 736 dies
631 686 736 736 est.
771 681 932 737 Unde
983 681 1122 737 dicit
1171 686 1227 737 et
1267 682 1630 754 Apostolus:
1667 684 1818 739 Sicut
1868 687 1928 737 in

277 770 384 836 die,
418 770 628 842 inquit,
663 771 880 826 honeste
908 773 1246 827 ambulemus
1295 773 1452 844 (Ibid.
1489 773 1596 844 13).
1631 774 1930 837 Quomodo

275 859 483 915 victuri
539 876 748 915 sumus
794 861 853 915 in
904 862 1020 928 die,
1053 862 1161 917 hoc
1193 866 1300 931 est,
1335 864 1391 917 in
1446 863 1641 918 futuro
1691 863 1925 929 saeculo,

281 960 329 1015 si
385 975 539 1014 nunc
585 959 870 1015 vivamus.
925 983 951 1008 ‹‹
982 961 1045 1014 In
1091 961 1361 1016 noctibus
1412 961 1666 1016 extollite
1717 978 1928 1018 manus

277 1054 499 1104 vestras
533 1050 591 1104 in
622 1055 844 1106 sancta.
874 1073 899 1097 ››
932 1050 1217 1116 Velimus,
1250 1051 1529 1117 nolimus,
1563 1051 1621 1105 in
1657 1052 1928 1108 noctibus

277 1155 504 1194 sumus.
540 1139 806 1202 Quandiu
836 1139 894 1194 in
924 1139 1036 1195 isto
1067 1141 1277 1196 sa’culo
1303 1158 1530 1212 sumus,
1565 1143 1623 1196 in
1659 1140 1925 1196 noctibus

275 1244 502 1283 sumus.
535 1228 656 1283 Nox
685 1229 955 1284 tenebras
986 1230 1180 1285 habet.
1207 1231 1415 1286 Noctes
1447 1235 1642 1286 autem
1676 1231 1922 1286 istarum

273 1318 668 1384 tenebrarum,
702 1324 940 1390 peccata
987 1323 1124 1374 sunt
1172 1320 1502 1375 hominum.
1536 1321 1738 1374 Videte
1785 1335 1921 1391 ergo

276 1406 413 1477 quid
447 1406 601 1461 dicat
633 1424 646 1461 :
682 1430 710 1456 «
744 1409 807 1462 In
841 1408 1110 1463 noctibus
1162 1408 1419 1463 extollite
1454 1426 1666 1464 manus
1697 1414 1922 1464 vestras

273 1494 332 1549 in
383 1499 604 1550 sancta.
636 1517 664 1546 »
720 1497 892 1562 Dum,
924 1497 1134 1568 inquit,
1169 1499 1310 1552 estis
1358 1498 1417 1552 in
1465 1499 1574 1553 isto
1625 1498 1836 1554 smculo
1867 1501 1921 1552 et

273 1583 331 1638 in
358 1584 486 1640 istis
525 1586 818 1656 noctibus,
845 1585 1026 1642 levate
1056 1603 1268 1642 manus
1312 1591 1557 1643 vestras.
1600 1587 1788 1642 Nolite
1819 1587 1920 1641 de-

271 1675 518 1739 mittere,
543 1676 644 1731 sed
687 1675 889 1732 levate.
918 1677 1123 1731 Levate
1163 1692 1296 1731 cum
1338 1678 1533 1749 Moyse
1559 1677 1749 1747 (Exod.
1777 1693 1916 1743 xvn,

271 1765 294 1818 1
338 1767 378 1831 ).
409 1764 467 1819 Si
498 1763 823 1822 levaveritis
849 1783 1063 1822 manus
1091 1771 1336 1836 vestras,
1371 1766 1628 1821 vincitur
1657 1764 1913 1821 Amalec.

267 1853 323 1908 Si
367 1859 564 1910 autem
608 1856 988 1921 demiseritis,
1033 1861 1344 1927 superatur
1385 1856 1580 1911 Jesus.
1614 1855 1916 1926 Simulque

267 1944 632 2000 considerate
689 1946 1056 2018 mysterium.
1107 1946 1163 1998 Si
1214 1963 1319 2000 nos
1367 1945 1628 2000 levamus
1675 1961 1906 2011 manus,
1938 1965 1986 2030 B

260 2040 437 2096 vincit
465 2042 659 2098 Jesus.
693 2042 753 2098 Si
785 2043 1169 2098 levaverimus
1201 2059 1412 2096 manus
1454 2047 1684 2096 nostras
1716 2042 1775 2096 in
1807 2042 1908 2096 bo-

259 2129 352 2184 nis
383 2130 677 2200 operibus,
712 2147 814 2202 per
861 2131 1014 2185 bona
1043 2147 1219 2201 opera
1269 2134 1469 2184 nostra
1515 2129 1780 2184 Christus
1811 2147 1910 2184 su-

259 2222 425 2290 perat
473 2218 796 2273 diabolum.
841 2219 1050 2274 Manus
1097 2223 1292 2274 autem
1346 2218 1802 2290 interpretantur
1849 2219 1908 2274 in

257 2306 552 2376 operibus.
587 2307 747 2361 Unde
797 2307 1076 2362 scribitur
1109 2310 1337 2362 :Factus
1365 2311 1442 2362 est
1474 2323 1658 2362 sermo
1692 2309 1912 2362 Domini

256 2396 316 2447 in
347 2410 520 2449 manu
548 2398 740 2464 Aggwi
770 2397 920 2466 (Agg.
951 2414 988 2465 1,
1013 2398 1084 2467 1).
1132 2400 1322 2452 Sermo
1350 2399 1524 2467 factus
1543 2401 1623 2451 est
1650 2398 1708 2451 in
1741 2413 1909 2452 manu

256 2484 504 2538 Jeremiaa
549 2489 828 2555 prOpheiJ,’
873 2485 1090 2554 (Jerem.
1124 2503 1176 2552 L,
1212 2486 1282 2556 1).
1316 2485 1524 2556 Utique
1574 2502 1767 2541 sermo
1806 2485 1905 2540 Dei

261 2588 376 2626 non
398 2572 464 2626 fit
484 2571 541 2626 in
576 2589 776 2640 manu,
800 2574 900 2628 sed
927 2575 984 2628 in
1007 2591 1104 2629 ore
1135 2576 1217 2629 fit.
1242 2575 1349 2630 Sed
1380 2575 1570 2630 videte
1592 2575 1906 2646 Scripturas

259 2661 556 2732 mysteria.
593 2662 747 2717 Deus
797 2679 913 2718 non
944 2663 1101 2718 venit
1147 2664 1218 2718 ad
1251 2681 1579 2718 sermonem
1612 2664 1739 2718 sine
1769 2681 1906 2736 ope-

259 2765 320 2804 re
351 2750 522 2805 bono.
555 2751 838 2806 Caeterum
885 2756 942 2808 et
990 2752 1283 2808 homicida
1313 2752 1610 2808 Christum
1661 2754 1902 2808 confite-

257 2841 373 2902 tur,
407 2844 464 2892 et
497 2855 610 2893 non
645 2841 802 2894 venit
832 2841 902 2895 ad
953 2839 1119 2896 illum
1153 2841 1438 2896 Dominus
1474 2857 1485 2894 :
1521 2841 1659 2911 quia
1691 2858 1903 2897 manus

256 2924 442 2996 ipsius
468 2925 699 2981 Domini
731 2929 1047 2984 adventum
1077 2946 1189 2984 non
1226 2935 1541 2984 merentur.
1575 2929 1736 2984 Unde
1768 2931 1904 2984 scri-

253 3017 420 3083 ptum
454 3019 543 3070 est
572 3016 630 3070 in
662 3016 773 3072 alio
805 3017 962 3073 loco:
996 3023 1062 3072 In
1091 3035 1261 3073 manu
1287 3019 1514 3089 (iugum,
1537 3035 1683 3074 mors
1713 3027 1764 3074 et
1791 3021 1906 3074 vita

253 3103 444 3173 (Prov.
480 3121 640 3171 xvm,
673 3107 749 3175 2).
785 3109 932 3177 Ergo
965 3106 1167 3178 lingua
1198 3124 1410 3162 manus
1441 3107 1665 3162 habet?
1700 3108 1899 3174 Dicite,

252 3207 433 3262 quare
465 3192 681 3248 dicitur
713 3211 726 3248 :
761 3196 822 3250 In
857 3211 1031 3249 manu
1065 3195 1298 3268 linguae,
1332 3212 1491 3250 mors
1525 3200 1580 3251 et
1609 3197 1772 3252 vita?
1802 3197 1902 3252 Vi-

249 3280 377 3336 dete
401 3281 542 3352 quid
565 3282 721 3338 dicat
746 3301 758 3338 :
785 3283 937 3339 Deus
952 3299 1064 3339 non
1089 3285 1252 3339 audit
1272 3283 1680 3356 linguam,non
1704 3287 1898 3354 verba,

249 3378 349 3433 sed
399 3395 595 3450 opera,
629 3384 693 3434 ut
741 3381 1076 3454 quicunque
1122 3381 1346 3453 aliquid
1395 3381 1675 3453 loquitur,
1709 3387 1766 3437 et
1817 3384 1898 3438 fa-

249 3465 382 3522 ciat.
435 3469 776 3540 Praecipitur
822 3487 958 3542 ergo
1009 3470 1177 3526 nobis
1209 3471 1268 3524 in
1303 3471 1620 3526 novissimo
1672 3471 1898 3542 psalmo

250 3556 564 3625 graduum,
601 3581 629 3607 «
662 3558 723 3612 In
757 3558 1026 3615 noctibus
1057 3559 1309 3615 extollite
1341 3577 1554 3615 manus
1586 3566 1808 3616 vestras
1837 3562 1895 3615 in

251 3649 473 3700 sancta.
530 3670 556 3694 ››
616 3647 841 3714 Levate,
894 3649 1106 3719 inquit,
1160 3665 1370 3704 manus
1429 3653 1711 3716 vestras;
1761 3649 1900 3720 quia

245 3731 423 3789 Jesus
470 3750 568 3789 eas
600 3735 808 3790 levavit
854 3736 912 3791 in
945 3754 1133 3792 cruce.
1175 3761 1194 3786 ε
1231 3738 1293 3792 In
1327 3737 1594 3793 noctibus
1641 3737 1897 3794 extollite

249 3836 464 3874 manus
493 3825 714 3876 vestras
748 3823 803 3876 in
850 3829 1072 3879 sancta.
1110 3847 1137 3873 »
1169 3827 1356 3891 Quare
1385 3825 1568 3880 voluit
1598 3826 1810 3881 addere
1842 3831 1898 3882 et

249 3907 461 3973 dicere,
524 3908 583 3962 in
639 3914 892 3965 sancta?
947 3913 1016 3966 Et
1071 3913 1324 3967 haeretici
1380 3914 1653 3968 videntur
1707 3913 1896 3970 levare

252 4010 484 4059 manus,
518 4000 574 4051 et
624 3997 874 4068 gentiles
903 3999 1174 4054 videntur
1221 3999 1407 4055 levare
1439 4018 1670 4069 manus,
1705 4007 1762 4057 et
1790 4003 1892 4058 Ju-

249 4082 355 4138 daei
389 4085 660 4140 videntur
705 4084 896 4142 levare
928 4104 1179 4155 manus;
1215 4089 1436 4144 faciunt
1485 4090 1639 4145 enim
1693 4095 1751 4146 et
1781 4092 1893 4164 ipsi

247 4170 645 4245 eleemosynas
672 4199 685 4241 ;
720 4175 768 4229 si
801 4175 1048 4231 viderint
1080 4192 1418 4248 pauperem,
1443 4195 1682 4233 manum
1716 4181 1894 4251 porri-

242 4265 408 4333 gunt.
434 4263 676 4326 Quando
699 4264 938 4320 Judzeus
969 4266 1195 4321 dederit
1223 4265 1672 4339 eleemosynam,
1700 4285 1891 4324 nonne

243 4347 348 4403 tibi
380 4349 611 4403 videtur
640 4349 828 4406 levare
847 4370 1086 4408 manum
1112 4355 1139 4407 ‘?
1169 4359 1339 4410 Levat
1360 4356 1599 4426 quidem
1624 4373 1887 4423 manum,

243 4436 346 4492 sed
398 4453 513 4491 non
545 4435 695 4492 levat
739 4436 798 4491 in
831 4446 1073 4507 sancta;
1107 4443 1246 4512 quia
1276 4443 1574 4498 Christum
1609 4462 1723 4501 non
1756 4462 1888 4500 con-

242 4525 458 4580 fitetur.
491 4525 606 4580 Vos
646 4529 840 4580 autem
873 4527 972 4597 qui
1021 4528 1161 4582 estis
1192 4528 1249 4582 in
1281 4531 1453 4584 domo
1501 4531 1753 4596 Domini,
1787 4533 1887 4603 qui

241 4612 410 4668 statis
430 4612 490 4667 in
521 4613 696 4668 domo
722 4613 976 4679 Domini,
1009 4615 1068 4669 in
1101 4616 1266 4670 atriis
1290 4617 1500 4672 domus
1530 4618 1632 4672 Dei
1664 4620 1883 4688 nostri;

2043 686 2274 741 cuniam
2313 702 2533 757 :quare
2591 701 2705 740 non
2755 684 2860 738 das
2907 681 2967 736 in
3025 682 3271 749 occulto,
3327 681 3427 738 sed
3485 681 3590 736 das
3625 681 3687 736 in

2040 775 2272 846 publico
2305 775 2332 828 ?
2360 775 2416 828 Si
2444 778 2649 829 testem
2684 773 2866 827 Deum
2899 769 3133 842 quaeris,
3163 769 3458 825 humanos
3489 767 3689 826 oculos

2039 865 2177 935 quid
2238 861 2952 935 requiris?Eleemosyna
3009 863 3110 914 tua
3166 860 3320 930 apud
3375 858 3687 931 imperitos

2036 954 2265 1008 videtur
2311 970 2438 1008 esse
2489 951 2856 1022 eleemosyna
2904 951 3224 1004 :cazterum
3282 949 3436 1019 apud
3495 948 3684 1004 Deum

2038 1043 2254 1112 injuria
2285 1047 2392 1097 est.
2429 1041 2710 1111 Injuriam
2765 1039 2921 1094 enim
2981 1037 3125 1092 facis
3181 1036 3346 1091 fratri
3401 1039 3522 1091 tuo.
3580 1037 3683 1094 Vis

2034 1132 2190 1186 enim
2223 1131 2558 1187 videntibus
2582 1129 2713 1184 aliis
2746 1127 3081 1183 mendicum
3105 1125 3681 1188 ostendere.Quando

2034 1237 2169 1291 ergo
2230 1221 2462 1288 damus,
2510 1236 2626 1274 non
2659 1219 2868 1273 demus
2937 1216 3104 1288 quasi
3181 1215 3251 1270 de
3305 1219 3524 1282 nostro,
3576 1215 3682 1271 sed

2033 1311 2103 1365 de
2135 1310 2285 1364 dono
2316 1308 2550 1364 Christi.
2602 1307 2727 1362 Non
2776 1307 3059 1362 debemus
3117 1305 3255 1359 dare
3307 1303 3475 1375 quasi
3505 1320 3683 1360 men-

2031 1399 2180 1464 dico,
2215 1401 2316 1453 sed
2348 1398 2518 1468 quasi
2548 1397 2734 1452 fratri.
2797 1397 2914 1453 Nos
2972 1395 3186 1450 damus
3244 1393 3543 1461 carnalia;
3582 1393 3680 1450 ille

2030 1489 2131 1543 dat
2162 1487 2530 1559 spiritualia:
2567 1487 2701 1558 plus
2733 1487 2832 1540 dat
2865 1500 3291 1557 pauper,quam
3325 1483 3680 1554 accipit.Nos

2029 1578 2241 1632 damus
2272 1593 2505 1648 panem,
2556 1576 2654 1646 qui
2688 1575 2746 1630 in
2799 1575 2929 1647 ipsa
2987 1573 3080 1629 die
3135 1572 3546 1640 consumitur;
3581 1571 3682 1628 ille

2028 1683 2131 1736 pro
2165 1682 2312 1738 pane
2370 1665 2573 1720 reddet
2603 1664 2774 1718 nobis
2801 1680 2981 1735 regna
3026 1661 3327 1718 ccelorum.
3387 1663 3534 1734 Ergo
3565 1661 3676 1718 hoc

2026 1755 2155 1809 dico
2185 1759 2250 1810 ut
2298 1754 2453 1826 quod
2504 1753 2774 1819 facimus,
2839 1751 3126 1807 faciamus
3182 1751 3241 1805 in
3302 1755 3503 1808 sancto
3537 1753 3679 1817 ;aut

2025 1843 2179 1913 quod
2215 1844 2484 1912 facimus,
2546 1841 2762 1897 Christi
2824 1857 3001 1896 causa
3050 1840 3356 1896 faciamus.
3388 1840 3673 1896 Castorum

2027 1931 2195 1987 multi
2227 1932 2476 2003 gentiles
2492 1931 2592 2002 qui
2628 1930 2849 1986 faciunt
2871 1929 3401 2002 eleemosymam,si
3421 1928 3676 1984 viderint

2026 2019 2281 2090 aliquem
2310 2020 2610 2092 praecisum
2642 2037 2884 2074 manum
2914 2019 3128 2075 habere
3154 2036 3176 2081 ;
3207 2019 3255 2073 si
3286 2018 3558 2074 viderunt
3581 2035 3680 2090 pe-

2021 2110 2151 2164 dem
2187 2109 2401 2164 habere
2423 2126 2768 2164 cancrosum
2799 2113 2856 2163 et
2884 2107 3412 2180 putridum,statim
3437 2107 3673 2163 animus

2020 2197 2136 2252 illis
2169 2197 2344 2253 dolet.
2379 2197 2649 2252 Vincitur
2679 2197 2940 2252 humana
2970 2195 3166 2251 anima
3205 2195 3460 2252 naturali
3491 2195 3672 2252 mise-

2019 2287 2289 2342 ricordia.
2324 2287 2390 2342 Et
2417 2287 2556 2358 quid
2588 2286 2781 2342 dicit?
2814 2287 2956 2341 Ecce
3013 2302 3118 2358 ego
3179 2284 3228 2340 si
3287 2284 3424 2340 talis
3454 2301 3670 2356 essem,

2019 2384 2155 2456 quid
2189 2383 2368 2438 miser
2399 2383 2649 2439 facerem
2681 2384 2708 2438 ?
2741 2384 2809 2438 Et
2840 2383 2961 2438 fieri
3023 2387 3214 2455 potest
3245 2386 3311 2438 ut
3336 2381 3470 2437 talis
3531 2382 3669 2454 sim,

2018 2473 2151 2544 quis
2182 2472 2327 2527 mihi
2359 2471 2570 2527 dabit?
2615 2473 2683 2526 Et
2715 2488 2820 2544 ego
2847 2471 3024 2527 debeo
3056 2487 3192 2544 ergo
3221 2471 3361 2526 huic
3390 2471 3530 2526 dare
3565 2487 3577 2526 :
3608 2473 3676 2526 ut

2015 2566 2073 2618 et
2105 2561 2247 2616 mihi
2281 2562 2378 2616 det
2409 2560 2645 2632 aliquis,
2682 2561 2731 2616 si
2763 2560 2898 2616 talis
2931 2560 3110 2616 fuero.
3158 2561 3271 2616 Iste
3301 2559 3538 2632 quidem
3572 2559 3674 2615 dat

2015 2650 2256 2723 pauperi
2283 2667 2493 2722 panem
2531 2669 2543 2717 ;
2571 2651 2672 2705 sed
2705 2650 2764 2704 in
2797 2665 3052 2722 paupere
3082 2648 3172 2704 sui
3203 2648 3669 2716 miseretur,non

2015 2740 2195 2795 illius.
2231 2741 2348 2795 Ista
2378 2739 2782 2795 misericordia
2814 2755 2929 2794 non
2973 2738 3187 2794 Christi
3244 2738 3667 2805 misericordia,

2015 2839 2114 2893 sed
2147 2837 2237 2892 sui
2273 2835 2674 2892 misericordia
2704 2839 2810 2891 est.
2843 2836 3028 2890 Omne
3059 2851 3194 2906 ergo
3225 2836 3382 2906 quod
3413 2835 3665 2893 facimus

2015 2925 2227 2982 Christi
2258 2942 2439 2980 causa
2469 2925 2754 2980 faciamus
2795 2925 3080 2979 faciamus
3138 2924 3197 2979 in
3257 2928 3479 2980 sancto.
3539 2923 3662 2982 Sive

2012 3015 2438 3080 manducamus,
2467 3017 2578 3070 sive
2609 3015 2867 3082 bibimus,
2896 3016 3083 3069 omnia
3110 3015 3168 3067 in
3192 3016 3416 3070 nomine
3445 3015 3654 3070 Christi

2010 3108 2281 3176 faciamus
2311 3105 2356 3174 (I
2389 3105 2515 3159 Cor.
2551 3121 2607 3169 x,
2641 3105 2750 3174 31).
2802 3103 3134 3175 Scripturas
3190 3103 3462 3174 legimus.
3496 3103 3661 3160 Psal-

2013 3211 2140 3249 mos
2172 3191 2828 3264 ediscimus,Evangelia
2858 3191 3472 3264 tenemus,prophetas
3502 3191 3660 3248 edis-

2014 3283 2264 3338 serimus
2300 3298 2312 3336 :
2350 3299 2464 3336 non
2497 3282 2778 3337 debemus
2808 3282 2917 3336 hoc
2949 3281 3030 3337 ita
3054 3282 3240 3336 facere
3257 3285 3322 3336 ut
3341 3281 3665 3353 gloriemur

2015 3373 2168 3443 apud
2202 3373 2432 3441 fratres,
2466 3371 2567 3425 sed
2599 3374 2663 3424 ut
2692 3369 2919 3426 Christo
2950 3369 3286 3442 placeamus
3319 3388 3332 3425 :
3367 3373 3434 3426 ut
3462 3386 3658 3427 sermo

2010 3460 2202 3531 ipsius
2224 3459 2282 3514 in
2316 3476 2413 3514 ore
2444 3462 2640 3514 nostro
2673 3463 2922 3514 resonet.
2977 3457 3176 3514 Solent
3225 3463 3282 3514 et
3308 3458 3438 3527 viri,
3472 3459 3664 3515 solent

2009 3554 2066 3604 et
2098 3549 2392 3619 monachi,
2426 3548 2615 3603 solent
2646 3552 2702 3602 et
2731 3546 3087 3603 mulierculae
3138 3547 3248 3603 hoc
3277 3547 3430 3602 inter
3459 3565 3522 3604 se
3549 3547 3660 3605 ba-

2006 3639 2143 3693 bere
2167 3643 2484 3702 certamen,
2518 3644 2584 3691 ut
2613 3635 2812 3707 plures
2868 3635 3134 3691 ediscant
3187 3637 3518 3708 Scripturas
3551 3654 3564 3692 :
3601 3641 3658 3693 et

2008 3728 2066 3782 in
2099 3743 2164 3782 eo
2206 3743 2266 3782 se
2312 3730 2518 3798 putant
2583 3741 2712 3781 esse
2780 3725 3072 3793 meliores,
3143 3726 3194 3781 si
3260 3725 3459 3798 plures
3524 3727 3656 3782 edi-

2008 3815 2270 3870 dicerint.
2309 3814 2408 3870 Ille
2439 3816 2570 3886 plus
2597 3814 2853 3881 edidicit,
2913 3815 3013 3885 qui
3072 3813 3205 3886 plus
3264 3815 3420 3870 facit.
3480 3815 3655 3872 Caete~

2007 3920 2137 3958 rum
2172 3903 2221 3958 si
2265 3904 2420 3974 quod
2482 3907 2542 3957 tu
2575 3903 2809 3970 ediscis,
2869 3919 2974 3976 ego
3029 3903 3197 3971 facio,
3263 3903 3452 3976 magis
3520 3919 3652 3959 mea

2006 4016 2181 4071 opera
2248 4001 2583 4072 Scripturas
2667 4004 2912 4065 tenent,
2980 4016 3158 4070 quam
3240 4004 3380 4054 tuus
3463 4014 3656 4055 sermo

2005 4089 2103 4160 qui
2148 4105 2292 4144 vane
2325 4094 2576 4145 resonat.
2615 4113 2642 4139 ‹‹
2699 4091 2758 4143 ln
2805 4087 3075 4142 noctibus
3131 4086 3385 4142 extollite
3443 4102 3657 4144 manus

2001 4182 2224 4233 vestras
2258 4179 2316 4232 in
2377 4183 2599 4234 sancta.
2658 4199 2684 4225 »
2750 4177 2954 4230 Levate
3011 4191 3222 4230 manus
3279 4175 3339 4229 in
3398 4190 3655 4245 crucem,

2001 4266 2184 4322 levate
2208 4265 2503 4321 vexillum.
2539 4287 2566 4313 ‹‹
2630 4265 2690 4318 In
2750 4262 3020 4317 noctibus
3076 4260 3260 4317 levate
3319 4279 3533 4320 manus
3593 4265 3654 4322 in

2000 4358 2221 4410 sancta.
2276 4376 2302 4401 »
2362 4355 2430 4407 Et
2485 4368 2616 4406 cum
2675 4351 3000 4406 levaveritis
3059 4350 3118 4406 in
3178 4355 3404 4418 sancta,
3445 4357 3502 4409 et
3576 4354 3658 4410 fe-

1999 4441 2195 4496 ceritis
2251 4459 2376 4512 quae
2441 4443 2647 4495 sancta
2699 4443 2860 4504 sunt,
2918 4439 3086 4510 quasi
3147 4440 3643 4498 medicamentum

1998 4533 2284 4586 bonorum
2343 4546 2586 4602 operum
2637 4533 2966 4584 vestrorum
3022 4529 3292 4586 Christus
3349 4533 3443 4587 sit.
3498 4555 3528 4582 «
3580 4533 3652 4588 Et

2000 4619 2323 4674 benedicitc
2354 4619 2620 4674 Domino.
2669 4641 2695 4668 »
2758 4617 2921 4673 Unde
2979 4624 3036 4674 et
3092 4618 3408 4691 Apostolus
3463 4618 3650 4676 dicit:

240 4710 341 4780 qui
374 4710 520 4764 estis
552 4711 699 4766 servi
731 4711 988 4778 Domini,
1021 4713 1241 4783 quibus
1264 4714 1486 4769 dixerat
1516 4731 1528 4769 ;
1565 4717 1694 4771 Ecce
1719 4734 1887 4787 quam
1917 4700 1964 4763 D
1999 4710 2061 4764 In
2091 4711 2242 4765 omni
2264 4710 2380 4765 loco
2423 4709 2666 4764 levantes
2723 4725 2925 4763 manus
2974 4709 3354 4763 immaculatas
3408 4707 3455 4777 (ι
3512 4710 3646 4766 Tim.

244 4798 443 4854 bonum
475 4808 526 4854 et
553 4816 719 4868 quam
757 4801 1070 4871 jucundum
1117 4802 1365 4858 habitare
1391 4806 1591 4873 fratres
1624 4807 1682 4858 in
1717 4823 1889 4860 unum

241 4887 422 4956 (Psai.
454 4904 663 4958 cxxxu,
694 4891 749 4952 6,
785 4891 835 4956 1)
871 4909 882 4944 :
917 4889 1001 4945 sic
1029 4889 1212 4946 levate
1236 4908 1468 4956 manus,
1503 4898 1566 4946 ut
1596 4893 1652 4947 in
1686 4898 1887 4949 sancto

238 4973 466 5044 levetis,
501 4977 606 5032 hoc
638 4983 746 5043 est,
778 4982 841 5033 ut
869 4980 1262 5034 confiteamini
1293 4980 1610 5051 Christum,
1631 4987 1686 5037 et
1716 4982 1886 5054 quid-

241 5063 386 5134 quid
417 5065 626 5132 facitis,
651 5083 753 5138 pro
787 5066 1014 5122 Christo
1038 5068 1286 5124 faciatis.
1313 5069 1592 5135 Virtutes,
1615 5088 1715 5143 pro
1749 5089 1887 5143 qua-

238 5151 401 5207 litate
450 5154 735 5224 facientis,
770 5156 1008 5212 diversze
1059 5162 1216 5212 sunt.
1265 5160 1343 5212 Ac
1394 5159 1442 5212 si
1493 5160 1694 5215 dicat:
1728 5161 1886 5215 Facit

237 5239 668 5313 eleemosynam
715 5243 1122 5312 Christianus;
1169 5246 1305 5301 facit
1355 5252 1411 5302 ct
1459 5248 1714 5319 gentilis,
1751 5249 1885 5304 facit

236 5333 293 5384 et
322 5330 576 5398 Iudaeus,
611 5331 745 5385 facit
777 5338 831 5387 et
879 5333 1030 5388 alius
1079 5334 1447 5390 Christianus
1478 5337 1564 5390 vir
1607 5340 1872 5393 sanctus.

239 5417 501 5474 Invenies
527 5420 754 5491 aliquos
800 5423 869 5475 de
899 5422 1246 5478 Christianis
1297 5424 1427 5480 ideo
1459 5426 1596 5481 dare
1643 5426 1883 5482 eleemo-

235 5523 467 5578 synam,
501 5513 564 5562 ut
593 5507 908 5563 laudentur
938 5527 971 5564 a
1002 5512 1256 5583 populis.
1291 5514 1350 5568 Si
1397 5515 1630 5584 quando
1663 5532 1883 5586 pauper

237 5599 404 5665 rogat
461 5595 804 5665 buccellam,
866 5597 980 5650 huc
1045 5598 1301 5672 illucque
1375 5602 1877 5674 circumspiciunt,

231 5689 293 5740 et
348 5683 461 5739 nisi
510 5689 714 5740 testem
763 5685 1035 5753 viderint,
1086 5692 1388 5759 pecuniam
1452 5710 1566 5747 non
1617 5694 1776 5747 dant.
1821 5693 1880 5748 Si

219 5773 397 5830 solus
447 5773 640 5840 fuerit,
671 5791 884 5832 manus
932 5778 1226 5834 contrahit
1258 5796 1270 5836 :
1307 5798 1420 5835 non
1471 5782 1570 5837 dat
1609 5780 1874 5839 libenter.

1999 4817 2060 4868 ιι,
2093 4799 2169 4868 8).
2206 4821 2232 4846 ‹‹
2267 4798 2336 4851 Et
2365 4797 2690 4852 benedicitc
2721 4796 2985 4851 Domino.
3023 4819 3052 4845 ››
3109 4797 3508 4869 Quodcunque
3557 4797 3647 4854 fa-

1997 4886 2150 4955 citis,
2187 4886 2392 4941 referte
2453 4885 2525 4939 ad
2587 4885 2918 4939 Dominum.
2977 4884 3185 4940 Manus
3238 4885 3546 4942 leventur:
3580 4903 3645 4943 os

1996 4974 2292 5028 Christum
2327 4977 2575 5027 resonet.
2639 4973 2708 5027 Et
2766 4974 2822 5027 in
2877 4973 3146 5029 noctibus
3192 4973 3375 5030 levate
3431 4990 3643 5033 manus

1995 5068 2236 5118 vestras.
2272 5062 2352 5116 Da
2386 5062 2741 5134 pauperibus
2773 5061 3226 5135 eleemosynam,
3287 5067 3344 5119 et
3399 5064 3644 5122 benedic

1994 5151 2239 5206 Domino
2274 5167 2286 5206 :
2320 5151 2539 5222 gratias
2596 5167 2700 5222 age
2750 5151 3018 5222 Domino,
3073 5151 3215 5224 quia
3259 5151 3366 5208 tibi
3397 5153 3640 5228 dederit,

1993 5250 2149 5304 unde
2181 5249 2284 5304 des
2328 5249 2510 5303 fratri.
2567 5249 2752 5320 Magis
2809 5254 2872 5304 tu
2928 5249 3083 5322 agito
3138 5250 3358 5322 gratias
3414 5250 3642 5310 Christo

1994 5339 2231 5408 quando
2264 5337 2515 5405 dederis,
2553 5354 2728 5407 quam
2763 5338 2940 5393 frater
2999 5338 3097 5410 qui
3140 5356 3174 5394 a
3228 5343 3284 5395 te
3331 5341 3638 5414 acceperit,

1992 5425 2094 5480 tibi
2128 5431 2263 5497 agat
2293 5425 2776 5499 gratias.Grande
2807 5427 3339 5486 nobisbeneficium
3360 5433 3639 5503 praestant

1991 5532 2296 5587 pauperes.
2334 5519 2590 5584 Peccata,
2622 5532 2748 5586 qua:
2773 5517 2900 5586 jam
2932 5516 3098 5572 aliter
3136 5518 3326 5576 lavare
3357 5535 3472 5574 non
3503 5534 3637 5590 pos-

1991 5621 2218 5672 sumus,
2251 5604 2569 5673 exstinguit
2595 5603 3139 5674 cleemosyna.0uid
3171 5608 3456 5679 scriptum
3485 5608 3574 5661 est
3610 5603 3639 5658 ?

1989 5694 2140 5748 Sicut
2171 5710 2314 5764 aqua
2344 5693 2693 5763 exstingnuit
2730 5695 2932 5764 ignem,
2963 5695 3044 5751 sic
3071 5697 3420 5766 eleemosyna
3445 5696 3641 5750 extin-

1992 5786 2112 5853 guit
2140 5791 2359 5854 peccata
2391 5783 2576 5855 (Eccli.
2647 5800 2708 5851 ιι,
2759 5783 2871 5855 33).
2933 5783 3049 5842 Hoc
3106 5787 3342 5857 praestat
3396 5781 3644 5842 eleemo-
