3992 6194
308 413 470 486 1299

1797 430 2220 499 APPENDIX.

3555 436 3702 505 £300

305 557 657 633 eyna,‘quod
689 561 746 616 et
774 557 1084 633 baptisma.
1117 561 1417 629 Quomodo
1457 565 1750 639 baptisma
1778 568 1949 624 nobis
1978 571 2033 636 Α
2060 568 2335 627 litteram.
2371 570 2675 643 Caeterum,
2709 570 3037 630 secundum
3057 568 3513 647 intelligentiam
3542 576 3711 648 spiri-

307 651 546 720 peccata
572 647 838 716 dimittit,
868 649 952 707 ita
981 655 1039 706 et
1089 651 1460 726 eleemozyna
1518 656 1687 711 nobis
1719 661 1955 729 peccata

308 735 571 792 dimittit.
606 737 769 794 Sicut
798 754 951 811 aqua
987 740 1309 814 exstinguit
1338 743 1556 815 ignem,
1589 745 1673 801 sic
1705 745 1955 801 eleemo-

309 842 456 899 syna
484 826 835 900 exstringuit
863 835 1120 900 peccata.
1186 832 1439 889 Peccatis
1469 834 1626 890 enim
1675 834 1954 907 gehennae

311 915 478 989 ignes
506 916 815 989 praeparati
848 922 1006 975 sunt.
1043 921 1157 976 [los
1198 925 1398 977 autem
1454 923 1776 997 exstinguit
1807 924 1954 981 elee-

312 1021 577 1079 mosyna.

385 1152 413 1180 «
446 1129 759 1187 Benedicat
787 1135 842 1189 te
875 1134 1157 1191 Dominus
1192 1152 1260 1191 ex
1307 1137 1445 1193 Sion
1479 1156 1492 1206 ;
1527 1140 1628 1210 qui
1661 1139 1796 1195 fecit
1842 1156 1952 1195 cm-

310 1218 436 1276 lum
465 1223 523 1276 et
551 1225 788 1277 terram.
819 1241 845 1273 n
882 1227 966 1278 Tu
1003 1224 1302 1282 benedicis
1363 1228 1695 1295 Dominum,
1758 1233 1815 1283 et
1847 1233 1955 1284 Do-

312 1309 511 1387 minus
540 1311 596 1365 te
626 1309 931 1367 benedicit.
968 1334 992 1361 τι
1031 1313 1108 1369 Ex
1162 1315 1315 1371 Sion.
1350 1338 1377 1365 ››
1440 1317 1511 1371 de
1568 1318 1824 1390 specula,
1887 1318 1958 1373 de

312 1396 589 1471 Ecclesia,
626 1400 697 1456 de
721 1400 875 1456 veris
905 1402 1300 1476 dogmatibus,
1334 1406 1406 1460 de
1437 1406 1550 1461 fide
1609 1406 1725 1478 pia.
1760 1430 1787 1456 «
1852 1407 1959 1462 Be-

312 1487 543 1549 nedicat
571 1494 629 1546 te
656 1490 944 1548 Dominus
974 1508 1042 1548 ex
1073 1494 1233 1562 Sion,
1296 1515 1324 1543 »
1357 1495 1541 1550 Istum
1598 1495 1958 1552 versiculum

314 1574 567 1649 Spiritus
598 1584 839 1636 sanctus
871 1580 1150 1652 loquitur,
1201 1583 1322 1639 sive
1371 1587 1523 1639 certe
1581 1584 1869 1658 Propheta
1897 1585 1957 1640 in

312 1666 534 1739 Spiritu
563 1667 843 1739 loquitur.
870 1671 940 1726 Et
971 1670 1111 1741 quid
1146 1671 1315 1727 dicit?
1346 1671 1389 1728 Ο
1430 1676 1494 1728 tu
1527 1673 1629 1744 qui
1663 1690 1764 1745 per
1781 1673 1960 1746 quin-

315 1756 506 1812 decim
535 1758 753 1829 gradus
788 1760 858 1814 ad
891 1757 1167 1815 ultimum
1191 1762 1603 1830 conscendisti,
1639 1762 1739 1834 qui
1771 1762 1958 1818 fecisti

313 1846 437 1900 hinc
466 1849 524 1909 et
542 1846 664 1901 hac
698 1864 711 1914 ;
745 1847 846 1918 qui
877 1847 1229 1905 benedicicis
1256 1850 1605 1907 Dominum:
1640 1851 1739 1922 qui
1774 1851 1832 1907 in
1866 1869 1961 1907 no-

2062 658 2315 727 tualem,
2337 664 2630 732 quomodo
2661 661 2876 718 dicitur
2896 663 3181 735 peccatori
3215 679 3227 718 :
3264 664 3436 721 Terra
3466 680 3545 734 es,
3571 672 3623 720 et
3650 667 3713 720 in

2064 757 2272 804 terram
2302 750 2406 806 ibis
2455 752 2607 823 (Gen.
2661 769 2745 820 IlI,
2812 754 2899 824 19)
2935 768 2947 806 :
2978 752 3065 808 sic
3110 756 3168 809 et
3215 757 3420 809 sancto
3478 753 3710 809 dicitur.

2063 837 2287 894 Caelum
2318 855 2400 909 es,
2460 846 2516 897 et
2562 842 2619 897 in
2679 841 2889 898 caelum
2949 841 3086 897 ibis.
3147 843 3263 898 Hoc
3308 846 3506 898 totum
3537 859 3717 915 quare

2064 927 2181 983 dixi
2211 931 2239 986 ‘2
2268 929 2341 985 Ut
2374 936 2610 988 sanctos
2637 929 2846 987 cmlum
2894 932 3221 1004 probarem.
3275 932 3421 988 Caeli
3450 943 3722 989 enarrem

2064 1026 2311 1094 gloriam
2344 1025 2515 1094 Dei,et
2538 1037 2708 1093 opera
2734 1022 3162 1092 manuum'ejus
3191 1022 3499 1077 annuntiat
3528 1022 3722 1092 firma-

2064 1122 2310 1171 mentum
2337 1113 2510 1182 (Psal.
2542 1128 2704 1178 XVIII,
2737 1112 2814 1182 2).
2847 1112 2918 1166 Et
2946 1127 3114 1183 aqua;
3143 1127 3270 1183 quae
3328 1127 3515 1184 super
3545 1111 3727 1168 oculos

2067 1207 2225 1274 sunt,
2248 1202 2490 1258 laudent
2521 1217 2733 1257 nomen
2764 1199 2998 1256 Domini
3047 1201 3219 1270 (Psal.
3279 1217 3524 1265 cxnvm,
3555 1202 3615 1269 4,
3644 1201 3725 1269 5).

2065 1291 2201 1347 Coeli
2233 1290 2508 1347 caelorum
2541 1288 2785 1344 Domino
2820 1307 2837 1342 :
2870 1288 2970 1359 qui
3004 1288 3139 1343 fecit
3167 1288 3375 1345 ccslum
3405 1295 3469 1344 et
3498 1292 3727 1344 terram

2068 1381 2245 1453 (Psal.
2269 1397 2429 1447 0x111,
2455 1380 2533 1450 6).
2571 1377 2731 1434 Licet
2778 1377 2993 1433 terreni
3045 1378 3252 1445 simus,
3310 1377 3453 1434 licet
3514 1378 3731 1437 ambu—

2068 1470 2259 1526 lemus
2324 1469 2385 1525 in
2460 1472 2634 1535 terra,
2702 1471 2901 1523 tamen
2960 1467 3317 1524 conversatio
3384 1470 3603 1524 nostra
3672 1467 3733 1522 in

2071 1559 2232 1616 cmlis
2272 1564 2381 1615 est.
2444 1557 2529 1613 lbi
2587 1556 2880 1615 habemus
2928 1556 3422 1629 municipationes
3452 1562 3724 1613 nostras.

2076 1667 2097 1696 ι
2132 1647 2235 1714 Qui
2268 1646 2406 1702 fecit
2434 1640 2646 1702 caelum
2677 1649 2735 1701 et
2763 1649 3000 1701 terram.
3035 1668 3065 1694 »
3114 1646 3274 1702 Licet
3326 1650 3620 1718 peccator
3647 1662 3731 1711 es,

2069 1736 2186 1793 noli
2215 1738 2523 1807 desperare
2556 1752 2569 1791 :
2598 1735 2884 1791 Dominus
2931 1736 3130 1791 omnia
3181 1738 3392 1808 potest.
3425 1734 3609 1790 Multi
3664 1736 3733 1791 de

2068 1828 2242 1892 terra,
2275 1822 2400 1878 coeli
2435 1824 2586 1878 ﬁunt
2620 1841 2632 1891 ;
2666 1831 2723 1879 ct
2752 1822 2926 1878 multi
2956 1823 3027 1878 de
3081 1822 3243 1889 coelo,
3275 1827 3455 1879 terra.
3520 1823 3731 1879 lnlelix

315 1933 510 1990 ctibus
540 1911 777 1992 extollis.
799 1953 1010 1993 manus
1030 1942 1181 1995 tuas.
1216 1942 1361 2005 etc.,
1394 1944 1451 1995 et
1505 1911 1803 1996 benedicis
1859 1940 1965 1996 Do-
1994 1942 2043 2007 B
2071 1913 2258 2007 “Si”
2288 1911 2499 2007 “mlum
2532 1911 2664 1979 ΜΨ
2691 1916 2747 1968 et
2778 1911 2969 1967 metus
2996 1916 3089 1968 eat
3131 1916 3304 2007 “3.”?-
3336 1912 3571 2007 Pa_ulu_s
3603 1929 3727 2007 Ψ

313 2018 499 2093 "mino,
546 2023 739 2098 recipe
800 2030 858 2082 et
921 2031 984 2082 tu
1042 2028 1394 2085 mercedem.
1447 2048 1469 2078 cr
1538 2028 1849 2086 Bcnedicat
1907 2035 1965 2086 te

315 2109 603 2174 Dominus
633 2129 703 2170 ex
732 2114 891 2172 Sion.
932 2116 954 2166 ὁ
990 2117 1153 2183 Quod
1212 2117 1445 2189 dedisti,
1501 2118 1711 2191 recipe.
1745 2120 1832 2175 Tu
1865 2119 1962 2175 de-

329 2201 467 2258 disti
525 2201 977 2279 eleemosynam,
1028 2211 1092 2262 tu
1144 2206 1332 2263 fecisti
1380 2207 1624 2264 virtutes
1686 2226 1698 2264 :
1760 2226 1794 2265 a
1849 2207 1965 2264 Deo

318 2292 627 2363 praemium
659 2297 718 2349 et
751 2294 1213 2351 benedictionem
1263 2297 1663 2369 consequeris.
1728 2320 1750 2347 α
1785 2297 1966 2352 Bene-

320 2380 481 2437 dicat
507 2385 564 2438 te
596 2383 877 2439 Dominus
908 2400 977 2439 ex
1005 2383 1164 2440 Sion.
1202 2406 1229 2434 ››
1261 2386 1399 2441 Sion
1432 2386 1503 2441 de
1554 2385 1773 2442 caelesti
1802 2387 1967 2442 Jeru-

320 2468 503 2539 salem
547 2470 607 2525 in
665 2475 849 2526 matre
896 2472 1350 2543 primitivorum,
1411 2474 1511 2529 ubi
1569 2480 1714 2530 sunt
1771 2475 1968 2531 futura

317 2557 553 2630 gaudia,
581 2558 679 2613 ubi
716 2563 857 2615 sunt
885 2560 1242 2633 archangeli,
1279 2561 1378 2617 ubi
1435 2563 1682 2619 virtutes
1728 2564 1963 2633 caeteras,

318 2644 419 2701 ubi
451 2646 723 2718 apostoli,
772 2646 874 2703 ubi
934 2649 1244 2722 prophetae,
1278 2650 1379 2706 ubi
1439 2652 1624 2707 sancti
1659 2655 1965 2724 martyres,

320 2733 422 2789 ubi
450 2740 780 2808 sequuntur
810 2737 1151 2811 angelorum
1184 2739 1594 2797 multitudines
1646 2744 1703 2796 et
1732 2745 1965 2797 sancto-

320 2838 452 2880 rum
484 2841 837 2899 quocunque
865 2829 1067 2901 Agnus
1093 2828 1253 2883 vadit
1310 2830 1490 2902 (Apoc.
1544 2848 1659 2898 xxv,
1719 2830 1796 2901 4).
1862 2831 1966 2886 De-

322 2913 503 2986 nique
527 2913 671 2971 vidit
699 2921 756 2972 et
781 2916 1036 2974 Joannes
1067 2917 1355 2975 civitatem
1390 2924 1653 2975 sanctam
1712 2920 1783 2976 de
1824 2919 1966 2976 coelo

329 3003 678 3076 depositam,
710 3006 962 3078 gemmis
1000 3011 1357 3063 exstructam
1415 3008 1720 3064 duodecim
1755 3008 1969 3065 habere

323 3092 528 3171 portas
559 3093 738 3165 (Apoc.
770 3111 886 3162 xxI,
924 3096 991 3150 10
1016 3099 1204 3168 seqq.)
1255 3097 1400 3152 Tota
1428 3113 1606 3152 aurea
1661 3101 1802 3165 erat,
1837 3113 1965 3152 mu-

323 3197 420 3237 ros
448 3181 705 3238 habebat
734 3196 939 3239 aureos
973 3200 986 3239 :
1020 3184 1273 3240 habebat
1298 3188 1356 3241 et
1392 3184 1617 3256 plateas
1636 3186 1707 3242 de
1723 3185 1969 3242 diversis

324 3270 594 3342 gemmis.
631 3274 689 3326 In
721 3271 831 3328 bac
887 3272 1117 3328 civitate
1163 3273 1428 3330 Christus
1485 3278 1691 3347 regnat
1725 3292 1738 3329 :
1769 3274 1828 3329 in
1859 3274 1969 3330 hac

323 3357 558 3415 civitate
585 3359 920 3416 habitantes
953 3360 1063 3433 ipsi
1095 3366 1254 3428 sunt,
1287 3365 1344 3417 et
1372 3362 1734 3419 habitatores
1763 3367 1819 3418 et
1840 3380 1971 3435 por-

326 3452 398 3503 tie
431 3466 445 3517 ;
479 3447 591 3522 ipsi
652 3454 711 3505 et
757 3450 970 3506 domus
1039 3454 1199 3518 sunt,
1256 3454 1314 3507 et
1369 3450 1752 3519 habitatores,
1784 3452 1976 3511 Vultis

324 3530 473 3592 scire
502 3537 781 3610 quoniam
824 3540 1035 3595 domus
1083 3544 1225 3595 sunt
1253 3540 1281 3595 ?
1310 3539 1581 3596 Christus
1632 3540 1857 3597 habitat
1914 3541 1974 3595 in

325 3624 412 3681 eis
445 3642 458 3681 :
491 3624 758 3683 Christus
787 3627 1128 3684 deambulat
1157 3630 1213 3685 in
1247 3629 1352 3685 eis.
1386 3630 1726 3699 Inhabitabo,
1761 3630 1973 3702 inquit,

329 3712 391 3767 in
421 3714 500 3767 eis
542 3717 594 3767 et
642 3712 1000 3771 deambulabo
1058 3717 1250 3789 (Leuit.
1311 3736 1466 3789 XXVI,
1528 3720 1631 3786 12;
1666 3721 1711 3774 ll
1745 3718 1864 3774 Cor.
1895 3735 1973 3784 vr,

334 3800 445 3872 16),
475 3796 622 3857 Vide
647 3801 845 3857 anima
893 3809 1095 3860 sancta
1152 3823 1331 3878 quam
1388 3808 1631 3881 grandis
1652 3807 1729 3863 sit
1764 3824 1776 3862 :
1810 3807 1974 3864 Chri-

330 3891 492 3945 stum
525 3889 699 3963 capit,
729 3905 903 3963 quem
931 3892 1142 3948 coelum
1175 3895 1353 3966 capit.
1392 3896 1539 3951 Vide
1597 3897 1738 3968 quid
1770 3895 1926 3952 dicat
1957 3912 1971 3951 :

331 3979 659 4036 Inhabitabo
680 3979 893 4052 inquit,
925 3982 1033 4037 Sed
1069 3982 1192 4037 ﬁeri
1235 3986 1444 4055 potest.
1478 3989 1544 4039 ut
1598 3984 1814 4056 aliquis
1871 4002 1977 4040 an-

324 4072 525 4140 guste
560 4066 867 4125 inhabitet.
928 4068 1259 4127 Inhabitabo
1314 4076 1365 4126 et
1422 4072 1713 4127 ambulabo
1768 4074 1829 4127 in
1876 4074 1973 4128 eis.

236 4216 243 4223 ,
329 4157 673 4230 Ubicunque
705 4158 1061 4231 deambulat,
1106 4160 1306 4233 utique
1336 4160 1456 4216 lata
1485 4162 1696 4216 domus
1727 4166 1829 4216 est.
1868 4161 1975 4217 Ubi

328 4245 670 4302 deambulat
696 4247 725 4303 ?
777 4250 889 4316 Vos,
949 4251 1096 4317 estis,
1160 4249 1372 4322 inquit,
1433 4250 1695 4323 templum
1753 4252 1871 4315 Dei,
1928 4254 1979 4307 et

332 4333 580 4405 Spiritus
608 4339 831 4391 sanctus
881 4338 1094 4393 habitat
1141 4338 1202 4393 in
1252 4338 1404 4394 vobis
1431 4338 1479 4410 (ι
1530 4339 1655 4395 Cor.
1717 4357 1804 4406 III,
1866 4341 1976 4411 16).

332 4426 734 4495 Praeparemus
762 4425 1049 4497 templum
1083 4431 1373 4496 nostrum,
1405 4432 1471 4483 ut
1499 4428 1768 4484 Christus
1788 4429 1981 4484 veniat

332 4512 395 4567 et
423 4510 647 4568 habitet
675 4512 735 4568 in
769 4514 940 4569 nobis
973 4531 985 4571 :
1013 4519 1079 4570 ut
1110 4515 1307 4571 anima
1350 4520 1552 4572 nostra
1602 4518 1738 4573 Sion
1774 4517 1869 4582 sit,
1903 4517 1981 4572 sit

332 4600 573 4674 specula
597 4604 663 4656 ut
689 4602 767 4657 sit
796 4603 853 4659 in
887 4604 1331 4660 summitatibus
1391 4608 1709 4662 constituta
1741 4623 1754 4661 :
1785 4611 1850 4661 ut
1905 4607 1981 4661 sit

2073 2000 2259 2059 stolus
2289 2018 2355 2057 eo
2394 2004 2656 2074 tempore
2715 2017 2831 2074 quo
2891 2001 3353 2073 persequebatur
3397 2001 3726 2058 Ecclesiam

2074 2092 2206 2164 (Act.
2241 2091 2365 2160 1x,1
2396 2105 2541 2161 seqq.
2550 2107 2587 2162 ).
2623 2094 2778 2146 terra
2807 2094 2949 2146 erat.
2984 2089 3299 2147 Confessus
3354 2094 3470 2162 est,
3536 2095 3596 2148 et
3622 2107 3730 2146 cc:-

2074 2179 2196 2236 lum
2229 2180 2421 2236 factus
2451 2186 2559 2236 est.
2608 2180 2721 2235 Nec
2779 2179 2880 2252 qui
2924 2179 3135 2236 cmlum
3192 2183 3299 2252 est,
3371 2180 3553 2236 debet
3610 2196 3730 2237 esse

2076 2286 2319 2325 securus
2354 2284 2367 2324 :
2401 2284 2507 2324 nec
2545 2268 2646 2340 qui
2678 2273 2836 2324 terra
2894 2272 3004 2338 est,
3062 2268 3233 2325 debet
3287 2269 3611 2341 desperare
3661 2270 3729 2325 de

2074 2359 2214 2413 vita.
2250 2357 2428 2413 Jacob
2460 2373 2524 2413 eo
2555 2360 2818 2430 tempore
2855 2358 3090 2430 quando
3121 2358 3382 2430 fugiebat
3421 2358 3489 2413 in
3549 2358 3730 2414 Meso-

2076 2446 2399 2519 potamiam
2430 2446 2668 2502 fratrem
2699 2463 2896 2515 suum,
2928 2448 3086 2503 venit
3131 2447 3203 2502 ad
3236 2446 3454 2502 Luzam
3492 2463 3508 2502 :
3546 2451 3603 2503 et
3634 2448 3731 2515 ibi,

2075 2536 2287 2608 inquit,
2322 2534 2518 2607 posuit
2545 2534 2799 2607 lapidem
2835 2536 2906 2591 ad
2926 2539 3102 2607 caput
3131 2534 3499 2604 (Gen.xxv1u.
3526 2537 3734 2607 11,19).

2076 2626 2197 2682 Sub
2220 2625 2408 2697 capite
2437 2624 2625 2696 ipsius
2665 2623 2818 2696 lapis
2876 2628 3002 2680 erat
3058 2624 3351 2680 Christus.
3407 2629 3735 2697 Nunquam

2076 2713 2188 2770 sibi
2241 2711 2439 2784 posuit
2483 2711 2738 2783 lapidem
2788 2712 2859 2767 ad
2914 2716 3106 2784 caput,
3160 2711 3276 2768 nisi
3330 2728 3401 2768 eo
3440 2717 3736 2786 tempore,

2076 2801 2310 2873 quando
2339 2804 2772 2875 persecutorem
2805 2800 2977 2872 fugit.
3009 2800 3285 2865 Quandiu
3311 2804 3434 2858 erat
3457 2801 3518 2856 in
3554 2803 3732 2857 domo

2076 2889 2260 2963 patris
2307 2887 2401 2944 sui
2441 2892 2498 2943 et
2544 2888 2797 2945 habebat
2848 2888 3149 2962 refrigeria
3204 2892 3415 2958 carnis,
3459 2889 3731 2962 lapidem

2076 2996 2193 3035 non
2224 2977 2477 3033 habebat
2506 2977 2578 3033 ad
2612 2982 2808 3051 caput.
2853 2978 3115 3035 Recessit
3164 2979 3235 3034 de
3281 2979 3455 3034 domo
3499 2979 3735 3044 nudus,

2077 3066 2317 3123 recessit
2345 3067 2405 3121 in
2437 3066 2617 3140 virga,
2648 3071 2707 3122 et
2753 3067 2954 3122 statim
3006 3067 3065 3122 in
3113 3067 3243 3140 ipsa
3287 3072 3457 3123 nocte
3507 3067 3735 3124 invenit

2075 3156 2353 3228 lapidem,
2404 3160 2460 3212 et
2506 3155 2704 3228 posuit
2733 3156 2804 3211 ad
2835 3159 3012 3228 caput
3039 3173 3234 3212 suum.
3263 3156 3370 3220 Qui
3400 3156 3592 3213 talem
3631 3157 3733 3213 ha-

2078 3244 2253 3299 bebat
2283 3243 2588 3316 pulvillum
2617 3247 2675 3299 in
2704 3260 2818 3316 quo
2853 3245 3255 3318 refrigerabat,
3318 3245 3523 3302 videte
3565 3246 3737 3301 visio-

2086 3349 2219 3389 nem
2251 3333 2399 3404 ejus.
2441 3333 2599 3401 Vidit,
2636 3333 2849 3405 inquit,
2881 3335 3087 3390 scalam
3106 3335 3173 3390 de
3202 3344 3350 3391 terra
3407 3338 3742 3408 pertingen-

2084 3426 2194 3479 tem
2220 3422 2290 3477 ad
2319 3423 2534 3485 caelum.
2569 3429 2621 3477 et
2651 3422 2807 3489 vidit,
2835 3423 3048 3499 inquit,
3081 3426 3304 3493 angelos
3351 3422 3743 3481 descendentes

2085 3517 2141 3567 et
2170 3511 2516 3566 ascendentes
2544 3510 2705 3580 (Ibid.
2741 3512 2851 3583 12).
2885 3511 3039 3567 Vidit
3070 3512 3310 3585 angelos
3367 3514 3442 3568 de
3482 3513 3631 3569 coelo
3657 3530 3745 3568 ve-

2087 3600 2211 3655 nire
2240 3599 2313 3654 ad
2344 3604 2584 3665 terram,
2617 3603 2673 3653 et
2699 3598 2843 3655 alios
2884 3600 2954 3655 de
2984 3610 3137 3656 terra
3187 3601 3259 3657 ad
3317 3600 3504 3657 ccelos
3554 3618 3745 3657 ascen-

2085 3689 2239 3745 dere.
2268 3686 2457 3743 Vultis
2489 3687 2637 3744 scire
2668 3689 2808 3761 quia
2837 3688 2989 3760 lapis
3020 3687 3116 3745 ille
3140 3689 3236 3760 qui
3273 3694 3403 3745 erat
3453 3690 3531 3745 ad
3564 3694 3735 3762 caput

2083 3775 2286 3843 Jacob,
2321 3774 2592 3831 Christus
2618 3780 2743 3830 erat
2774 3772 2926 3848 lapis
2974 3775 3274 3850 angularia
3300 3777 3329 3831 ‘I
3388 3779 3563 3850 Lapis
3592 3794 3741 3849 quem

2086 3865 2512 3936 reprobaverunt
2551 3863 2920 3934 aediﬁcantes,
2975 3865 3064 3920 hic
3114 3866 3296 3939 factus
3353 3870 3436 3920 est
3496 3868 3559 3921 in
3588 3868 3741 3938 caput

2088 3954 2283 4024 anguli
2313 3953 2493 4024 (Psal.
2528 3968 2702 4019 cxvu,
2733 3954 2848 4023 2'2).
2883 3952 3053 4025 Lapis
3086 3952 3183 4009 ille
3211 3954 3311 4026 qui
3364 3956 3630 4027 scriptus
3658 3960 3740 4011 est

2087 4042 2146 4096 in
2202 4045 2531 4113 Regnorum
2590 4040 2762 4109 libro,
2820 4041 3114 4097 Abenezer
3171 4045 3243 4115 (Il
3294 4048 3429 4112 Reg.
3488 4061 3614 4111 VIII,
3663 4045 3737 4117 3).

2089 4129 2261 4202 Lapis
2292 4129 2402 4185 iste
2432 4128 2700 4185 Christus
2731 4134 2846 4185 est.
2882 4131 3175 4187 Abenezer
3223 4137 3421 4188 autem
3450 4131 3736 4203 interpre-

2086 4223 2246 4273 tatur
2277 4220 2422 4289 lapis
2474 4218 2765 4289 adjutorii.
2825 4218 3220 4289 Consurrexit,
3286 4220 3483 4291 inquit,
3541 4220 3729 4275 Jacob

2090 4324 2279 4362 mane.
2313 4308 2381 4363 Et
2413 4306 2551 4380 quid
2584 4308 2733 4362 dixit
2759 4309 2787 4362 ‘I
2816 4312 2965 4379 Haec,
2998 4309 3213 4381 inquit,
3249 4311 3460 4366 domus
3487 4308 3600 4365 Dei
3624 4313 3738 4365 est.

2089 4397 2158 4451 Et
2217 4397 2357 4467 quid
2419 4397 2552 4452 fecit
2600 4396 2628 4451 ?
2676 4395 2838 4453 Tulit
2916 4396 3127 4470 inquit,
3195 4398 3395 4454 oleum
3449 4404 3509 4455 et
3582 4399 3744 4455 unxit

2090 4484 2364 4555 lapidem.
2397 4484 2520 4540 Nisi
2571 4485 2849 4558 mysteria
2903 4485 3358 4543 ietellexerimus
3416 4487 3740 4561 Scriptura~

2092 4589 2220 4628 rum
2257 4597 2270 4641 ;
2311 4574 2481 4642 cujus
2510 4573 2754 4629 rationis
2785 4578 3000 4641 erat,ut
3021 4580 3262 4649 ungeret
3294 4574 3559 4647 lapidem
3588 4575 3737 4641 oleo;

326 4661 594 4764 sursum,
621 4708 746 4747 non
777 4693 1074 4749 deorsum.
1118 4693 1394 4766 Legimus
1453 4694 1509 4749 in
1544 4661 1819 4751 Zacharia
1850 4711 1981 4765 pro-
2014 4679 2059 4743 Β
2094 4684 2134 4766 “,
2158 4661 2472 4766 βθῃθδίθδι
2578 4662 2861 4763 ΟΡΠῘῘῙΨῨ
2889 4680 2958 4719 ex
2987 4664 3123 4766 Si?“
3158 4681 3178 4717 ⁸.
3209 4665 3315 4766 qni.
3360 4665 3505 4720 feeit
3536 4664 3741 4766 mihi.“

335 4778 512 4852 pheta
544 4796 558 4849 ;
590 4782 656 4836 Et
684 4781 932 4852 angelus,
1000 4781 1212 4853 inquit,
1266 4784 1361 4853 qui
1418 4782 1742 4854 loquebatur
1783 4784 1843 4836 in
1867 4799 1977 4849 me,

326 4869 480 4924 dixit
504 4869 576 4924 ad
603 4885 689 4926 me
717 4871 899 4940 (Zach.
934 4888 972 4937 ι,
1009 4872 1118 4942 14).
1152 4870 1211 4927 Si
1270 4871 1517 4943 angelus
1548 4870 1890 4943 loquebatur
1919 4871 1978 4927 in

334 4956 634 5029 propheta,
668 4962 889 5030 quanto
921 4959 1106 5032 magis
1138 4959 1361 5015 habitat
1390 4960 1448 5013 in
1483 4960 1651 5015 nobis
1685 4960 1697 5014 Ξ
1726 4960 1851 5033 Ipse
1873 4976 1981 5016 nos

314 5046 509 5109 habet
535 5051 594 5103 et
624 5048 850 5116 domos,
892 5055 950 5105 et
1004 5047 1491 5104 confabulatores.
1524 5072 1553 5098 «
1587 5049 1895 5104 Benedicat
1923 5053 1981 5105 te

334 5133 619 5192 Dominus
650 5153 717 5191 ex
749 5136 911 5205 Sion,
944 5139 1043 5209 qui
1080 5137 1212 5193 fecit
1243 5137 1452 5194 cmlum
1485 5142 1542 5193 et
1588 5143 1826 5195 terram.
1861 5163 1882 5191 ι
1920 5138 1977 5193 Si

336 5228 574 5280 sanctus
604 5242 688 5293 es,
713 5226 850 5282 audi
881 5227 1034 5299 quod
1069 5227 1231 5294 dicit,
1270 5250 1290 5276 «
1328 5227 1425 5298 qui
1489 5226 1623 5283 fecit
1680 5226 1911 5284 coelum.
1950 5248 1977 5276 »

330 5311 389 5367 Si
426 5317 802 5384 peccatores,
856 5315 1016 5388 «qui
1076 5315 1210 5370 fecit
1262 5318 1502 5370 terram.
1567 5338 1594 5365 »
1646 5317 1712 5371 Et
1768 5316 1979 5371 coelum

338 5401 475 5458 fecit
501 5407 558 5458 et
586 5408 822 5459 terram.
876 5404 1113 5460 Interim
1160 5403 1428 5459 dicamus
1470 5405 1795 5460 secundum
1830 5405 1981 5459 littc-

324 5509 487 5547 «ram.
524 5493 640 5548 Hoc
672 5492 813 5548 dicit
872 5495 943 5548 ad
1002 5493 1439 5550 distinctionem
1496 5494 1808 5550 idolorum.
1868 5495 1978 5563 Dii,

340 5581 551 5653 inquit,
585 5581 684 5653 qui
708 5598 821 5636 non
857 5582 1119 5638 fecerunt
1147 5582 1353 5639 cmlum
1375 5587 1677 5654 etterram,
1711 5588 1984 5656 pereeant

339 5670 412 5725 de
440 5673 619 5726 terra.
661 5670 941 5726 Dominus
972 5676 1164 5727 autem
1195 5671 1371 5727 ccelos
1431 5673 1583 5727 fecit.
1642 5674 1729 5728 Ad
1774 5673 1979 5729 distin-

317 5756 598 5813 ctionem
629 5759 738 5815 hoc
762 5758 903 5815 dicit
924 5758 1357 5816 idolorum.Hoc
1387 5760 1620 5816 interim
1654 5762 1977 5819 secundum

2089 4754 2144 4807 et
2174 4756 2453 4805 terram.»
2490 4751 2663 4806 Denis
2695 4751 2896 4823 quinis
2927 4751 3157 4807 cantica
3176 4752 3472 4825 graduum
3498 4754 3741 4825 psalmis

2089 4839 2147 4893 in
2181 4834 2583 4895 benedictione
2615 4840 2975 4896 concludens
3004 4857 3072 4897 ex
3103 4857 3240 4897 voce
3272 4841 3623 4914 prophetica
3641 4859 3740 4900 nos

2088 4929 2159 4984 ad
2169 4933 2363 4983 monet
2402 4928 2601 4983 dicens
2632 4947 2652 4983 .-

2576 5069 2808 5126 PSALM
2818 5070 2900 5126 US
2958 5069 3244 5126 CXXXIV.

2091 5181 2119 5208 ‹‹
2170 5158 2424 5233 Laudato
2469 5175 2684 5233 nomen
2746 5158 3000 5215 Domini.
3066 5182 3094 5208 υ
3152 5159 3316 5224 Quod
3406 5178 3515 5233 per
3572 5161 3739 5233 ﬁdem

2161 5230 2673 5303 cognovistisessc
2698 5248 2874 5303 super
2898 5247 3081 5303 omne
3128 5247 3361 5303 nomen.
3402 5230 3431 5284 ἆ
3463 5232 3743 5303 Laudate,

2165 5300 2705 5374 servi,.Dominum.
2741 5300 2905 5367 »Ὀιιὶ
2942 5302 3162 5374 peccati
3221 5303 3433 5359 famuli
3487 5320 3613 5360 esse
3643 5300 3743 5358 de-

2164 5373 2368 5428 siistis.

2172 5519 2196 5550 α
2225 5496 2331 5560 Qui
2365 5497 2531 5554 statis
2562 5496 2621 5552 in
2655 5498 2827 5555 domo
2877 5498 3108 5554 Domini
3141 5516 3153 5554 :
3186 5498 3245 5554 in
3307 5500 3474 5556 atriis
3535 5502 3740 5557 domus

2096 5584 2192 5640 Dei
2227 5585 2431 5641 nostri.
2468 5608 2496 5634 »
2528 5586 2633 5651 Qui
2668 5585 3047 5643 immobiliter
3076 5586 3133 5642 in
3168 5603 3235 5643 eo
3265 5586 3521 5660 plantati
3582 5587 3736 5646 estis.

2156 5696 2183 5723 «
2211 5674 2469 5731 Laudate
2498 5675 2836 5745 Dominum,
2870 5674 3010 5747 quia
3067 5675 3357 5749 benignus
3419 5682 3514 5736 est
3539 5675 3729 5736 Domi-

2092 5780 2228 5821 nus.
2261 5786 2289 5813 «
2320 5762 2441 5821 Cito
2472 5763 2627 5821 enim
2688 5764 3104 5837 paenitentibus
3162 5765 3394 5824 veniam
3454 5769 3735 5840 prestat:
