3992 6194
247 389 397 458 1301

1423 397 1918 464 BREVIARIUM
1963 398 2041 462 IN
2088 400 2469 464 PSALMOS.

3491 406 3647 469 1302

246 545 412 602 spem
456 525 633 585 etiam
684 533 942 588 nostram
999 547 1107 588 sua
1153 530 1480 605 adimplens
1512 533 1886 605 benignitate.
1919 544 1975 600 Α
2004 534 2157 592 daeos
2187 554 2301 591 non
2335 539 2634 596 credentes
2669 558 2680 595 :
2715 541 2816 614 qui
2848 559 3002 599 nunc
3035 532 3166 615 'jam
3201 542 3451 617 judicati
3482 547 3650 603 sunt:

248 641 275 669 α
313 617 548 674 Psallite
581 619 802 675 nomini
835 624 982 692 ejus,
1017 621 1155 693 quia
1185 639 1360 678 suave
1393 627 1499 678 est.
1531 645 1558 672 ››
1591 624 1716 678 Non
1743 623 1900 678 enim

250 708 540 780 processit
591 710 662 762 ab
708 725 773 764 eo
823 726 1028 780 aspera
1075 710 1478 765 haereticorum
1513 712 1899 783 perversitas;

253 796 354 852 sed
403 812 505 867 per
553 797 743 867 ipsam
798 799 1144 854 suavitatem
1176 817 1208 854 a
1241 800 1510 872 squalore
1561 799 1904 871 gentilitatis

253 885 408 941 eruti
439 901 669 940 sumus.

331 974 680 1038 «Quoniam
724 975 902 1032 Jacob
958 976 1131 1049 elegit
1189 977 1298 1032 sibi
1349 977 1648 1034 Dominus.
1697 1000 1724 1027 »
1759 979 1906 1032 Eum

255 1062 496 1127 scilicet,
552 1063 653 1134 qui
685 1064 1062 1136 supplantato
1094 1065 1326 1139 populo,
1360 1066 1610 1138 arripuit
1638 1065 1908 1122 benedic-

255 1152 512 1207 ctionem
541 1152 689 1222 ejus.
726 1176 753 1202 «
790 1154 961 1209 Israel
996 1155 1054 1210 in
1088 1155 1520 1228 possessionem
1575 1155 1708 1210 sibi.
1742 1177 1769 1204 »
1802 1155 1910 1221 Qui

253 1244 389 1312 post
417 1239 635 1296 multas
667 1242 856 1298 luctas
889 1245 1070 1300 Deum
1103 1250 1294 1301 mente
1327 1246 1541 1302 meruit
1567 1245 1780 1300 videre.

326 1369 353 1396 «
392 1347 538 1415 Quia
568 1363 672 1419 ego
705 1349 952 1421 cognovi
984 1353 1137 1423 quod
1171 1369 1420 1426 magnus
1452 1356 1540 1408 est
1568 1351 1910 1407 Dominus.»

256 1435 576 1492 Revelante
649 1437 788 1493 Filio
861 1440 1272 1512 cognoscimus
1335 1441 1581 1509 Patrem,
1643 1442 1768 1512 ipso
1827 1439 1914 1494 di-

256 1528 420 1580 cente
454 1541 468 1580 :
500 1524 666 1581 Nemo
698 1529 853 1582 novit
882 1529 1125 1597 Patrem,
1177 1532 1291 1584 nisi
1335 1533 1429 1585 cui
1473 1531 1706 1586 voluerit
1736 1529 1916 1584 Filius

260 1615 503 1669 revelare
531 1611 696 1686 (Luc.
731 1634 786 1684 x,
818 1619 930 1686 22).
969 1640 996 1667 ‹‹
1029 1619 1097 1674 Ει
1125 1619 1277 1674 Deus
1324 1624 1522 1674 noster
1570 1637 1683 1691 praa
1729 1617 1916 1674 omni-

265 1703 379 1758 bus
419 1703 552 1758 diis.
591 1726 619 1752 ››
655 1705 841 1776 Super
889 1723 1090 1762 omnes
1136 1712 1368 1764 sanctos
1417 1707 1792 1786 angelosque,
1817 1705 1918 1778 qui

268 1791 348 1845 dii
378 1791 539 1863 digni
572 1798 713 1848 sunt
741 1796 955 1850 vocari.

2014 645 2146 684 cum
2179 646 2293 684 non
2325 628 2693 684 crediderint.
2720 653 2747 680 «
2780 632 2847 686 Et
2877 633 2936 686 in
2969 633 3149 688 servis
3179 633 3296 689 tuis
3329 633 3655 690 consolabi-

2014 722 2128 773 tur.
2165 739 2192 766 »
2228 720 2290 772 In
2316 718 2687 774 credentibus
2718 720 2942 791 utique.

2091 829 2112 856 ι
2147 806 2472 863 Simulacra
2501 808 2762 879 gentium
2795 813 3101 881 argentum
3130 812 3187 866 et
3214 825 3444 883 aurum,
3478 829 3656 884 opera

2018 912 2301 950 manuum
2331 895 2658 963 hominum,
2693 914 2757 953 os
2788 898 3006 954 habent
3035 903 3091 954 et
3122 915 3237 954 non
3266 899 3598 970 loquentur,
3626 923 3657 950 ››

2017 989 2125 1040 etc.
2160 984 2478 1039 Gentilium
2510 987 2863 1042 exsecranda
2894 991 3313 1044 commemorat
3357 987 3607 1045 irridens
3641 994 3683 1058 ὲ⁷

2019 1073 2158 1145 quia
2205 1090 2338 1128 cum
2387 1073 2607 1129 nullius
2657 1075 2905 1131 membri
2935 1077 3353 1148 vegetationem
3384 1078 3659 1149 habeant,

2020 1163 2146 1219 auri
2177 1163 2520 1236 argentique
2551 1163 2785 1222 metallo
2833 1164 2964 1222 illos
3017 1165 3322 1223 nobilitare
3350 1167 3658 1224 voluerint.

2021 1253 2272 1324 Ideoque
2301 1253 2513 1323 adjecit
2543 1271 2554 1308 :

2099 1365 2118 1391 α
2156 1341 2388 1398 Similes
2421 1342 2538 1397 illis
2569 1343 2712 1398 ﬁant
2740 1343 2842 1414 qui
2872 1343 3094 1400 faciunt
3121 1361 3210 1411 ea,
3241 1349 3298 1400 et
3325 1362 3530 1403 omnes
3559 1344 3664 1418 qui

2024 1432 2324 1488 confidunt
2352 1432 2410 1486 in
2443 1433 2548 1487 eis.
2574 1453 2602 1480 η
2633 1430 2720 1487 Illi
2752 1433 3186 1490 confundantur
3212 1433 3273 1489 in
3302 1434 3397 1491 his
3428 1435 3529 1507 qui
3549 1451 3668 1492 cre-

2025 1523 2206 1588 dunt;
2238 1538 2345 1577 nos
2371 1538 2505 1576 vero
2537 1521 2927 1590 consolemur,
2961 1522 3061 1594 qui
3091 1523 3163 1579 ad
3195 1523 3513 1597 imaginem
3562 1523 3665 1581 Dei

2027 1611 2158 1667 facti
2193 1610 2388 1682 ipsum
2422 1611 2758 1665 adoramus.

2107 1721 2132 1753 α
2161 1700 2382 1755 Domus
2413 1699 2612 1766 Israel,
2645 1700 2968 1757 benedicite
2997 1702 3330 1758 Dominum.
3362 1725 3386 1756 ι
3422 1704 3673 1777 Congre-

2029 1789 2291 1862 gationes
2349 1791 2707 1857 sanctorum,
2761 1789 2944 1845 Deum
2994 1791 3180 1847 oculis
3226 1791 3441 1848 mentis
3491 1792 3678 1864 inspi-

355 1904 375 1930 ι
411 1880 620 1936 Omnia
675 1900 1036 1958 quaecunque
1076 1885 1260 1941 voluit
1306 1887 1612 1954 Dominus,
1673 1885 1806 1941 fecit
1861 1884 1920 1939 in
1954 1907 2002 1972 Β
2033 1879 2272 1934 cientes.
2308 1901 2334 1926 ‹‹
2370 1877 2590 1932 Domus
2638 1880 2848 1946 Aaron,
2883 1880 3206 1937 benedicite
3253 1880 3590 1937 Dominum.
3642 1900 3672 1931 »

280 1969 420 2025 coelo
451 1974 506 2025 et
535 1965 593 2025 in
627 1976 780 2028 terra
809 1973 866 2028 in
900 1975 1068 2043 mari,
1103 1979 1158 2030 et
1190 1976 1248 2031 in
1279 1977 1554 2031 omnibus
1605 1974 1852 2047 abyssis.
1894 1993 1922 2023 ››

286 2062 396 2112 Pro
441 2059 737 2116 voluntate
796 2063 1076 2119 bonitatis
1124 2063 1342 2135 placuit
1392 2064 1506 2119 Deo
1565 2064 1623 2117 in
1685 2061 1928 2118 excelsis

288 2147 617 2220 animabus,
653 2151 711 2204 in
742 2151 923 2206 aridis
956 2152 1275 2221 mentibus,
1307 2152 1368 2206 in
1400 2151 1595 2206 saeculi
1629 2151 1926 2218 ﬂuctibus,

286 2235 344 2290 in
379 2236 774 2308 profunditate
806 2239 1039 2296 malitiae
1073 2240 1257 2296 facere
1288 2239 1599 2311 mirabilia,
1633 2239 1786 2294 sicut
1836 2255 1929 2296 se-

289 2325 507 2395 quitur.

366 2436 386 2461 α
421 2415 687 2472 Educens
717 2417 902 2473 nubes
933 2419 1005 2474 ab
1035 2422 1291 2474 extremo
1335 2423 1519 2473 terrae.
1555 2441 1582 2467 »
1616 2419 1699 2474 Ab
1740 2419 1935 2474 humi-

287 2501 448 2559 litate
475 2508 707 2560 terrena
735 2506 967 2562 elevans
997 2505 1290 2578 apostolos
1321 2523 1385 2562 ac
1417 2507 1781 2578 propbetas.«
1809 2505 1937 2561 Ful-

290 2608 438 2664 gura
469 2593 525 2647 in
557 2594 816 2666 pluviam
847 2596 1002 2650 fecit.
1036 2618 1063 2645 «
1101 2596 1168 2650 Ut
1196 2595 1452 2667 primum
1500 2595 1699 2651 lumen
1739 2595 1937 2668 cogni-

297 2681 471 2740 tionis
518 2683 641 2754 Dei,
676 2683 884 2740 deinde
928 2685 1176 2740 imbrem
1227 2685 1622 2742 doctrinarum
1668 2686 1938 2742 infunde-

295 2776 442 2827 rent.

369 2887 394 2913 ‹‹
429 2863 535 2928 Qui
568 2863 836 2933 producit
882 2867 1084 2918 ventos
1131 2863 1202 2918 dc
1252 2863 1543 2920 thesauris
1586 2863 1729 2919 suis.
1768 2887 1794 2912 ››
1825 2866 1941 2919 An-

294 2951 454 3023 gelos
486 2956 721 3008 sanctos
751 2953 822 3007 de
866 2952 1093 3007 arcanis
1136 2952 1470 3008 cmlestibus
1502 2953 1762 3025 dirigens
1797 2971 1808 3008 :
1842 2953 1942 3025 qui

296 3041 390 3096 his
440 3041 497 3095 in
552 3041 810 3096 nubibus
863 3041 1268 3113 imbribusque
1320 3043 1498 3096 robur
1546 3047 1718 3113 atque
1757 3042 1944 3097 incre-

297 3135 562 3186 mentum
592 3130 863 3186 ferrent.«
897 3131 1004 3194 Qui
1039 3130 1328 3201 percussit
1359 3130 1746 3202 primogenita
1777 3131 1942 3203 {Egy-

297 3219 409 3290 pti;
444 3220 516 3274 ab
547 3219 784 3275 homine
816 3236 997 3288 usque
1028 3219 1098 3274 ad
1132 3235 1330 3291 pecus.
1367 3242 1394 3268 ››
1425 3219 1778 3292 Principalia
1805 3219 1947 3274 vitia

296 3312 472 3380 atque
500 3308 751 3364 crimina
783 3307 1008 3362 mundi.
1289 3363 1292 3366 .

377 3419 402 3451 α
432 3399 500 3452 Et
531 3397 694 3452 misit
725 3397 892 3468 signa
921 3401 980 3452 et
1009 3397 1273 3469 prodigia
1301 3397 1359 3451 in
1394 3397 1584 3452 medio
1632 3397 1738 3463 tui,
1782 3399 1948 3470 Egy-

299 3491 416 3560 pte.
451 3509 480 3537 ››
512 3487 761 3542 Terrens
796 3486 1085 3540 mundum
1117 3485 1177 3540 in
1215 3486 1505 3557 passione,
1546 3485 1633 3540 vel
1683 3486 1741 3540 in
1792 3490 1948 3541 tene-

302 3576 444 3643 bris,
476 3576 562 3632 vel
591 3576 651 3631 in
684 3575 1074 3630 commotione
1105 3579 1288 3630 terrae.
1324 3596 1351 3623 «
1385 3575 1448 3628 In
1481 3575 1843 3629 Pharaonem
1895 3579 1953 3629 et

301 3666 360 3721 in
410 3682 613 3723 omnes
666 3681 863 3720 servos
913 3665 1061 3736 ejus.
1118 3685 1146 3711 »
1198 3664 1454 3736 Afﬁgens
1514 3662 1813 3719 diabolum
1862 3664 1950 3719 vel

302 3755 667 3827 principatus
697 3755 824 3824 ejus
855 3753 1010 3808 cruci
1047 3770 1187 3808 suae.

379 3864 400 3893 ι
437 3842 544 3906 Qui
579 3842 868 3914 percussit
919 3857 1083 3912 reges
1127 3857 1393 3912 magnos,
1442 3845 1499 3896 et
1541 3841 1756 3896 occidit
1789 3857 1953 3914 reges

305 3932 502 3987 fortes.
542 3954 561 3980 ι
603 3933 915 3985 Innumera
939 3929 1098 3997 vitia,
1133 3945 1258 4000 quae
1308 3929 1598 3984 mundum
1647 3945 1950 4002 oppresse-

303 4025 458 4076 rant.
1409 4007 1422 4019 ’

378 4132 406 4159 ‹‹
439 4110 586 4166 Seon
619 4124 814 4182 regem
844 4107 1333 4163 Amorrhaeorum.
1379 4130 1406 4156 ››
1455 4107 1733 4164 Arborem
1769 4107 1953 4163 infru-

303 4201 568 4253 ctuosam
593 4195 810 4252 habent
834 4211 1032 4251 secum
1055 4200 1444 4250 exsecratores
1473 4195 1609 4261 Dei;
1646 4195 1744 4266 qui
1778 4195 1953 4252 simul

303 4285 588 4360 percussi,
622 4286 682 4339 in
715 4285 909 4357 ignem
943 4283 1334 4355 projiciuntur
1372 4290 1674 4339 aeternum.
1710 4307 1737 4333 «
1773 4285 1842 4339 Et
1871 4285 1955 4356 0g

304 4391 500 4446 regem
532 4378 741 4428 Basan.
774 4395 800 4422 »
829 4373 1138 4428 Maceriam
1181 4373 1564 4445 confusionis,
1610 4391 1737 4446 quae
1786 4374 1954 4429 nobis

305 4478 377 4517 ne
425 4462 609 4516 Deum
642 4475 1114 4531 agnoscoremus,
1148 4461 1435 4515 obstabat.
1475 4483 1501 4510 ‹‹
1534 4463 1604 4516 Et
1635 4461 1831 4516 omnia
1861 4478 1955 4516 re-

285 4535 420 4624 gna
457 4551 750 4606 Chanaan.
786 4571 815 4598 »
846 4547 1070 4604 Occidit
1117 4564 1296 4619 regna
1344 4549 1770 4618 commotionis,
1825 4567 1952 4621 quae

2038 1966 2438 2022 Ministrorum
2468 1967 2609 2021 ordo
2639 1968 2947 2038 perfectus.

2113 2078 2139 2106 ‹‹
2161 2055 2268 2121 Qui
2297 2054 2519 2109 timetis
2551 2054 2886 2124 Dominum,
2921 2057 3244 2115 benedicite
3273 2059 3623 2128 Dominum;
3646 2077 3678 2110 π

2040 2150 2103 2201 ut
2154 2145 2308 2199 sicut
2354 2144 2720 2214 majestatem
2773 2145 3053 2212 metuitis,
3086 2147 3168 2203 ita
3211 2163 3346 2203 cum
3398 2147 3684 2204 charitate

2040 2232 2313 2289 laudetis.

2114 2346 2141 2373 ‹‹
2176 2321 2522 2378 Benedictus
2543 2323 2825 2379 Dominus
2855 2325 3009 2381 Deus
3035 2341 3103 2382 ex
3130 2325 3266 2382 Sion
3295 2343 3308 2381 :
3337 2327 3439 2399 qui
3460 2326 3689 2384 habitat

2044 2413 2104 2468 in
2134 2411 2481 2468 Jerusalem.
2518 2434 2545 2461 »
2581 2414 2727 2484 Ipse,
2760 2415 3040 2472 Dominus
3069 2420 3269 2472 noster
3296 2418 3466 2474 Jesus
3495 2415 3692 2472 Christ

2044 2509 2185 2560 tus:
2222 2503 2314 2559 cui
2344 2507 2432 2558 est
2459 2519 2593 2559 cum
2639 2508 2852 2560 aeterno
2905 2505 3072 2572 Patre
3115 2511 3174 2561 et
3218 2506 3437 2580 Spiritu
3489 2510 3690 2564 sancto
3789 2517 3794 2520 ‘

2047 2594 2232 2649 honor
2260 2597 2318 2648 et
2341 2592 2526 2664 gloria
2555 2593 2613 2648 in
2645 2593 2859 2650 saecula
2890 2594 3259 2653 saeculorum.
3289 2599 3495 2653 Amen.

2565 2720 2888 2776 PSALMUS
2927 2721 3178 2777 CXXXV.

2051 2812 2307 2867 Alleluia.
2343 2813 2453 2867 Iste
2482 2809 2747 2881 psalmus
2778 2810 3008 2866 Domini
3050 2809 3481 2866 misericordias
3512 2811 3572 2866 in
3605 2811 3695 2866 di-

2122 2883 2305 2954 versis
2352 2882 2801 2954 necessitatibus
2847 2882 3106 2938 humano
3157 2881 3354 2954 generi
3408 2881 3699 2954 praestitas

2124 2953 2346 3022 pandit,
2379 2953 2581 3008 dicens
2614 2971 2626 3008 :

2127 3068 2153 3093 ((
2189 3042 2558 3098 Conﬁtemini
2592 3042 2857 3111 Domino,
2878 3041 3156 3114 quoniam
3186 3041 3695 3115 bonus,quoniam

2057 3133 2114 3188 in
2148 3131 2428 3188 saeculum
2463 3132 2864 3188 misericordia
2904 3132 3054 3204 ejus.
3093 3154 3114 3182 ι
3149 3131 3520 3188 Conﬁtemini
3569 3147 3700 3204 pec-

2057 3227 2186 3279 cata
2215 3226 2424 3289 vestra,
2459 3227 2512 3278 et
2540 3222 2776 3278 laudate
2806 3239 2940 3278 eum
2976 3222 3076 3293 qui
3109 3239 3212 3294 per
3242 3220 3704 3278 misericordiam

2062 3314 2120 3368 in
2152 3329 2214 3368 se
2245 3311 2506 3368 manenti
2539 3311 2821 3382 indulget.

2135 3428 2161 3456 ‹‹
2191 3404 2558 3462 Conﬁtemini
2584 3405 2700 3459 Deo
2731 3404 2994 3459 deorum.
3031 3422 3054 3452 ι
3091 3400 3177 3456 Illi
3208 3400 3310 3472 qui
3338 3399 3709 3456 credentibus

2065 3497 2123 3558 in
2155 3513 2215 3551 se
2246 3495 2402 3551 dedit
2430 3496 2777 3567 potestatem
2811 3491 2960 3546 filios
2989 3489 3088 3547 Dei
3119 3489 3265 3546 fieri.

2139 3607 2163 3636 α
2184 3583 2553 3642 Conﬁtemini
2581 3582 2826 3637 Domino
2857 3579 3252 3636 dominorum.
3271 3577 3429 3634 »Hoc
3455 3571 3712 3634 refertur

2062 3676 2134 3732 ad
2165 3674 2396 3741 Filium,
2429 3677 2486 3728 et
2516 3673 2631 3727 Deo
2663 3672 2926 3735 deorum,
2983 3669 3053 3724 ad
3103 3673 3356 3724 Patrem.
3390 3666 3544 3724 Patri
3573 3683 3710 3740 ergo

2062 3769 2119 3821 et
2149 3763 2292 3818 Filio
2323 3761 2690 3818 conﬁtemur.
2726 3760 2892 3816 Pater
2923 3758 3080 3814 enim
3129 3757 3188 3813 in
3239 3756 3404 3827 Filio,
3436 3760 3494 3812 et
3531 3755 3712 3813 Filius

2064 3854 2122 3909 in
2155 3858 2343 3908 Patre.

2136 3966 2164 3992 ‹‹
2197 3941 2304 4006 Qui
2338 3941 2473 3998 facit
2501 3939 2794 3996 mirabilia
2825 3955 3038 4012 magna
3067 3936 3250 3994 solus.
3281 3957 3311 3986 »
3341 3935 3513 3990 Prius
3544 3933 3710 4004 dixit,

2071 4054 2091 4082 α
2125 4030 2494 4088 Conﬁtemini
2538 4030 2653 4086 Deo
2684 4030 2948 4096 deorum,
2983 4049 3012 4076 »
3045 4030 3101 4082 et
3131 4025 3366 4095 iterum,
3403 4043 3426 4072 ι
3466 4021 3712 4079 Domino

2063 4121 2435 4177 dominorum
2470 4137 2483 4174 :
2522 4142 2547 4168 ››
2580 4124 2637 4175 et
2679 4117 2958 4188 quoniam
3009 4114 3154 4170 dixit
3206 4113 3354 4168 duas
3407 4127 3710 4184 personas,

2065 4228 2220 4266 nunc
2253 4211 2414 4275 dicit,
2451 4233 2477 4257 «
2508 4207 2606 4279 qui
2639 4207 2776 4261 facit
2806 4201 3102 4260 mirabilia
3132 4217 3347 4274 magna
3375 4199 3558 4266 solus,
3587 4221 3608 4248 ι
3645 4203 3712 4255 ut

2065 4317 2178 4355 non
2210 4299 2365 4354 dicat
2395 4298 2539 4352 duos
2567 4296 2726 4350 deos.
2761 4293 3057 4364 Scriptum
3109 4295 3198 4348 est
3224 4289 3379 4346 enim
3409 4307 3422 4345 :
3460 4290 3604 4346 Unus
3632 4292 3712 4346 est

2065 4394 2234 4458 Deus,
2288 4404 2356 4443 ex.
2403 4401 2504 4456 quo
2547 4386 2756 4452 omnia,
2806 4386 2856 4438 et
2901 4397 3042 4437 unus
3091 4382 3357 4437 Dominus
3402 4381 3558 4437 Jews
3609 4393 3712 4451 per

2065 4493 2223 4549 quem
2253 4478 2460 4545 omnia,
2493 4478 2542 4530 et
2570 4489 2665 4530 nos
2694 4490 2793 4542 per
2826 4475 3007 4544 ipsum
3037 4473 3085 4543 (Ι
3113 4471 3233 4527 Cor.
3262 4487 3384 4537 vm,
3417 4470 3495 4539 6).

2137 4590 2165 4615 «
2199 4566 2305 4632 Qui
2338 4565 2474 4620 fecit
2503 4563 2677 4619 coelos
2721 4562 2779 4618 in
2831 4560 3148 4616 intellectu.
3179 4578 3207 4610 ιι
3241 4559 3345 4614 Isti
3392 4560 3532 4613 sunt
3581 4556 3710 4612 cmli

306 4657 410 4696 nos
443 4639 889 4696 commovebant
919 4654 952 4693 a
985 4641 1114 4703 Deo,
1147 4641 1205 4691 et
1236 4636 1690 4692 dominabantur
1720 4638 1908 4693 nobis.

2071 4656 2160 4727 qui
2195 4657 2471 4710 enarrant
2492 4652 2737 4726 gloriam
2768 4651 2902 4707 Dei:
2928 4650 3024 4721 qui
3058 4647 3250 4704 vestiti
3283 4650 3423 4702 sunt
3450 4645 3708 4718 imagine

381 4769 410 4797 «
441 4749 510 4802 Et
541 4746 698 4802 dedit
728 4749 941 4801 terram
987 4760 1188 4800 eorum
1245 4743 1673 4809 hzereditatcm;
1709 4745 1950 4800 haeredi-

307 4841 486 4893 tatem
519 4835 695 4893 Israel
729 4833 944 4906 populo
975 4850 1103 4889 suo.
1124 4832 1297 4887 nHaec
1328 4832 1527 4886 omnia
1558 4831 1769 4887 delevit
1797 4833 1952 4889 Deus

307 4931 482 4997 atque
513 4923 817 4991 subvertit,
845 4938 1068 4994 nosque
1110 4937 1211 4993 per
1239 4921 1631 4994 cognitionem
1674 4938 1840 4977 suam
1890 4921 1949 4977 in

308 5015 704 5071 hereditatem
756 5012 982 5082 ascivit,
1036 5015 1100 5066 ut
1144 5011 1288 5083 ipsis
1341 5011 1439 5082 qui
1487 5027 1600 5065 non
1650 5011 1954 5067 afﬁxerant

287 5105 768 5171 dominarentur,
797 5099 1062 5156 indulsit.

379 5217 408 5244 «
441 5194 704 5260 Domine,
757 5207 969 5247 nomen
1013 5194 1180 5244 tuum
1228 5188 1287 5243 in
1337 5194 1637 5245 aeternum.
1689 5211 1714 5238 n
1747 5190 1852 5246 Illo
1891 5190 1949 5244 in

308 5287 655 5355 perpetuum
697 5283 1094 5352 permanente,
1155 5278 1264 5332 hoc
1311 5278 1477 5333 nobis
1527 5278 1601 5333 sit
1650 5279 1951 5335 hz—ereditas

307 5371 680 5442 sempiterna.
716 5391 743 5417 «
777 5367 1041 5432 Domine,
1075 5365 1412 5421 memorialc
1442 5371 1610 5422 tuum
1663 5367 1720 5422 in
1770 5385 1950 5423 samu-

308 5459 430 5514 lum
465 5458 682 5514 saeculi.
717 5479 737 5506 »
777 5456 848 5511 Ut
877 5456 1028 5527 quod
1061 5455 1228 5526 Legis
1275 5456 1482 5511 veteris
1532 5457 1740 5511 umbra
1771 5458 1952 5528 praeli-

309 5548 558 5621 guravit,
608 5548 666 5601 in
725 5545 902 5600 altero
963 5544 1195 5614 saeculo,
1242 5544 1298 5598 id
1355 5549 1460 5612 est,
1514 5546 1571 5600 in
1631 5545 1952 5616 Evangeliis

310 5641 680 5712 agnoscatur.

381 5749 408 5778 ‹‹
443 5723 897 5797 Quiajudicavit
933 5723 1220 5781 Dominus
1245 5724 1526 5797 populum
1559 5741 1754 5781 suum.
1791 5746 1819 5774 »
1848 5725 1952 5800 Ju-

2063 4743 2285 4800 cozlesti
2315 4748 2372 4799 et
2400 4747 2540 4799 sunt
2570 4741 2717 4808 coeli,
2753 4741 2854 4812 qui
2885 4756 3001 4795 non
3033 4741 3171 4794 sunt
3209 4735 3400 4793 vestiti
3449 4733 3708 4805 imagine

2062 4833 2276 4889 terreni
2321 4832 2376 4886 in
2428 4831 2746 4895 intellectu,
2799 4830 2856 4884 in
2900 4826 3204 4900 sapientia.
3254 4823 3520 4880 Christus
3549 4822 3707 4878 enim

2062 4922 2162 4978 Dei
2195 4923 2378 4977 virtus
2430 4925 2486 4976 et
2533 4919 2631 4976 Dei
2673 4917 2980 4990 sapientia.
3015 4915 3178 4972 Sicut
3207 4918 3262 4970 et
3292 4914 3352 4970 in
3385 4910 3708 4968 Proverbiis

2062 5013 2203 5067 dicit
2252 5012 2377 5083 ipsa
2427 5008 2772 5082 Sapientia:
2807 5006 3031 5076 Quando
3077 5005 3320 5075 faciebat
3366 5001 3554 5069 caelos,
3585 5017 3708 5057 cum

2061 5104 2175 5173 ipso
2205 5118 2355 5157 eram
2389 5102 2570 5171 (Prov.
2606 5115 2726 5164 vm,
2759 5097 2870 5169 27),
2893 5101 2951 5152 et
2979 5105 3206 5150 caetera.

2133 5215 2158 5240 «ι
2195 5191 2299 5256 Qui
2335 5189 2586 5245 firmavit
2614 5192 2826 5244 terram
2855 5201 3033 5256 super
3062 5199 3266 5252 aquas.
3304 5204 3332 5233 »
3365 5180 3523 5238 Licet
3545 5180 3704 5237 dica-

2062 5285 2158 5335 tur
2187 5283 2342 5335 terra
2373 5295 2548 5350 super
2577 5293 2761 5348 aquas
2786 5275 3058 5346 pendere,
3085 5272 3194 5328 hoc
3237 5274 3325 5327 est
3369 5271 3529 5327 inani
3561 5287 3706 5343 pon-

2063 5372 2218 5436 dere,
2262 5373 2455 5423 tamen
2503 5371 2718 5422 terram
2772 5367 3031 5419 nostram
3077 5360 3342 5416 fundavit
3369 5369 3426 5417 et
3455 5359 3709 5416 ﬁrmavit

2063 5460 2120 5514 in
2155 5457 2527 5528 baptismate.
2560 5456 2684 5511 Non
2715 5453 2858 5508 dixit
2888 5451 3162 5518 sustollit,
3180 5455 3279 5506 aut
3308 5449 3707 5518 exaltavit,aut

2064 5549 2120 5602 in
2176 5547 2350 5602 caelos
2384 5546 2517 5601 fecit
2545 5543 2872 5600 ascendere.
2921 5541 3222 5612 Baptisma
3266 5539 3421 5594 enim
3469 5538 3708 5608 peccata

2063 5637 2325 5704 dimittit,
2358 5640 2414 5690 et
2443 5633 2609 5706 quasi
2641 5633 2711 5688 de
2743 5647 2969 5688 carcere
3017 5629 3252 5686 liberat:
3291 5642 3470 5699 regna
3506 5627 3704 5680 autem

2066 5725 2342 5782 cmlorum
2379 5740 2489 5780 non
2521 5725 2713 5796 potest
2740 5721 2976 5777 donare.
3009 5717 3070 5776 Si
3103 5735 3219 5774 non
3259 5714 3417 5772 enim
3461 5709 3702 5784 aliquis,
