3992 6194
302 368 458 436 1303

1802 364 2221 431 APPENDIX.

3547 363 3697 429 1304

300 520 402 583 per
429 521 608 583 opera
634 508 692 566 et
720 505 893 566 ﬁdem
929 503 1249 575 intraverit,
1297 523 1411 562 non
1460 507 1651 577 potest
1701 519 1941 559 securus
1971 502 2024 568 Α
2055 505 2252 558 noster
2277 501 2450 558 Jesus
2483 499 2774 570 Christus,
2795 499 2889 558 cui
2921 501 3012 558 est
3039 516 3171 557 cum
3204 502 3423 558 mterno
3457 499 3620 558 Patre
3647 507 3702 559 et

296 615 446 656 8888.

371 713 400 741 «
432 690 541 757 Qui
571 690 706 746 fecit
733 689 1048 746 luminaria
1077 705 1310 760 magna.
1339 707 1364 738 η
1405 688 1742 743 Secundum
1793 685 1944 739 litte-

298 796 423 837 ram
449 781 522 836 de
547 779 718 836 stella
744 778 888 834 dicit
922 797 935 836 :
971 778 1103 834 licet
1128 795 1337 850 parvas
1359 792 1456 833 eas
1488 774 1942 846 conspiciamus,

297 871 398 927 sed
431 874 626 926 tamen
661 883 886 939 magnae
919 872 1074 923 sunt.
1109 867 1273 922 Sicut
1302 866 1455 922 enim
1489 882 1593 921 nos
1643 865 1690 919 si
1741 880 1943 919 ascen-

296 962 509 1018 damus
541 959 600 1013 in
631 963 886 1014 montem
919 957 1230 1025 excelsum,
1261 960 1317 1012 et
1345 957 1648 1011 videamus
1699 956 1759 1010 in
1811 958 1945 1013 sub-

289 1050 448 1121 jecta
473 1048 620 1104 valle
653 1047 972 1112 hominem,
1005 1047 1238 1102 videtur
1285 1046 1454 1101 nobis
1503 1045 1671 1117 quasi
1699 1063 1940 1117 parvum

297 1137 577 1210 quiddam
613 1155 626 1191 :
659 1136 738 1192 ita
768 1140 824 1192 et
852 1135 1034 1192 stellae
1085 1151 1310 1208 magna:
1343 1139 1501 1204 sunt,
1536 1151 1601 1190 ex
1634 1133 1942 1189 altitudine

298 1230 492 1282 autem
527 1242 713 1298 parvae
745 1224 914 1280 nobis
943 1224 1233 1280 videntur.
1267 1223 1449 1280 Stella
1493 1223 1648 1278 enim
1701 1240 1828 1294 quae
1858 1224 1939 1278 vi-

294 1316 469 1371 detur
495 1314 555 1369 in
587 1314 907 1378 Britannia,
940 1313 1160 1384 ubique
1190 1315 1248 1368 et
1276 1313 1405 1384 ipsa
1434 1313 1827 1384 apparet.Hoc
1844 1330 1942 1368 au-

293 1408 410 1460 tem
435 1403 577 1460 dicit
602 1404 675 1459 ad
707 1420 805 1460 eos
836 1403 1052 1475 quibus
1082 1403 1227 1457 dixit
1261 1418 1274 1456 :
1315 1405 1407 1459 Vos
1434 1403 1565 1457 estis
1612 1404 1711 1456 lux
1747 1401 1944 1457 mundi

296 1493 521 1564 (Matth.
555 1510 612 1560 ν,
641 1493 749 1564 14).

363 1604 394 1632 ‹‹
424 1586 646 1637 Lunam
675 1586 733 1636 et
758 1580 959 1636 stellas
988 1580 1046 1634 in
1078 1582 1422 1652 potestatem
1454 1581 1660 1634 noctis.
1696 1601 1724 1628 ››
1757 1578 1943 1634 Eccle-

293 1671 442 1728 siam
474 1670 562 1726 vel
592 1670 857 1726 doctores
886 1670 1033 1739 ejus,
1068 1670 1176 1724 sub
1208 1672 1376 1723 nocte
1406 1668 1625 1723 Veteris
1658 1667 1825 1740 Legis
1847 1685 1942 1739 po-

294 1759 415 1815 suit
447 1777 460 1814 :
491 1757 715 1814 scilicet
744 1762 808 1812 ut
836 1758 990 1827 quod
1024 1756 1123 1812 illa
1153 1757 1443 1811 nuntiavit
1473 1757 1531 1811 in
1562 1755 1773 1822 littera,
1819 1757 1939 1828 spi-

293 1847 583 1902 ritualiter
611 1845 972 1918 adimpleant
993 1849 1050 1901 et
1078 1846 1404 1901 observent.

365 1959 392 1986 ‹‹
427 1935 535 2002 Qui
566 1935 856 2007 percussit
881 1937 1192 2007 (Egyptum
1224 1951 1358 1990 cum
1409 1933 1816 2006 primogenitis
1847 1952 1941 1990 eo-

293 2043 448 2092 rum,
482 2029 539 2081 et
567 2024 765 2080 eduxit
803 2023 977 2080 lsrael
1008 2024 1079 2079 de
1125 2023 1316 2079 medio
1348 2025 1476 2095 ejus
1506 2024 1564 2078 in
1599 2040 1773 2079 manu
1809 2024 1941 2078 forti

293 2119 351 2171 et
376 2114 616 2172 brachio
647 2117 894 2170 extento.
929 2135 956 2164 »
990 2117 1054 2167 In
1085 2113 1298 2168 virtute
1343 2113 1611 2185 potentia:
1659 2129 1774 2168 sua
1826 2129 1946 2168 ver-

290 2205 490 2260 berato
522 2203 765 2268 mundo,
798 2202 1000 2258 eduxit
1028 2219 1136 2258 nos
1164 2203 1238 2258 ab
1267 2202 1546 2274 operibus
1577 2203 1726 2274 ejus.

297 2321 300 2324 ‘
370 2334 391 2361 α
417 2310 525 2377 Qui
555 2310 753 2366 divisit
773 2326 932 2366 mare
965 2310 1227 2365 Rubrum
1251 2308 1311 2364 in
1338 2309 1739 2376 divisiones,et
1760 2314 1946 2364 trans-

290 2393 432 2470 jecit
463 2398 640 2455 Israel
670 2417 772 2470 per
801 2398 1061 2453 medium
1094 2399 1288 2468 ejus.»
1315 2399 1375 2452 In
1409 2397 1609 2452 multis
1639 2399 1795 2453 enim
1823 2415 1947 2470 gra-

296 2487 473 2543 dibus
501 2485 806 2542 scanditur
835 2502 937 2557 per
957 2486 1136 2555 hujus
1167 2486 1362 2539 saeculi
1385 2486 1688 2553 ﬂuclus,ut
1716 2487 1787 2540 ad
1812 2503 1944 2541 cum

294 2575 484 2647 possit
513 2590 690 2644 quem
721 2577 916 2628 mente
944 2577 1162 2639 tuetur,
1197 2573 1488 2628 accedere.

365 2686 395 2713 «
429 2664 496 2718 Et
523 2661 780 2718 excussit
825 2661 1188 2717 Pharaonem
1237 2665 1295 2716 et
1341 2662 1656 2717 exercitum
1706 2663 1834 2734 ejus
1885 2664 1945 2718 in

294 2751 441 2808 mari
486 2751 702 2807 Rubro.
734 2771 762 2801 η
796 2749 856 2806 Si
885 2749 1062 2805 Israel
1111 2749 1319 2814 simus,
1377 2751 1524 2804 Deus
1572 2753 1796 2822 pugnat
1843 2767 1946 2822 pro

291 2841 484 2911 nobis,
534 2845 592 2896 et
648 2856 755 2896 nos
805 2838 1152 2905 tacebimus,
1187 2842 1243 2893 et
1283 2838 1598 2910 prosternit
1647 2839 1946 2894 diabolum

309 2943 442 2983 cum
476 2925 827 2982 satellitibus
857 2925 981 2980 suis
1014 2943 1026 2980 :
1062 2942 1132 2980 ne
1164 2925 1333 2980 nobis
1355 2941 1563 2980 nocere
1592 2925 1841 2982 valeant.

365 3058 395 3084 ‹‹
427 3033 536 3100 Qui
565 3033 896 3088 transduxit
929 3030 1210 3104 populum
1245 3048 1420 3087 suum
1450 3049 1552 3104 per
1582 3033 1938 3089 desertum.»

295 3125 539 3195 Semper
590 3120 844 3194 populus
891 3120 1013 3188 Dei,
1067 3137 1168 3193 per
1214 3121 1444 3176 deserta
1506 3120 1682 3191 hujus
1737 3124 1943 3178 mundi

2055 591 2272 662 Spiritu
2305 596 2504 648 sancto
2535 592 2721 648 honor
2763 595 2819 647 et
2868 591 3052 664 gloria
3098 592 3158 647 in
3203 591 3421 649 saecula
3462 592 3705 649 saculo-

2057 697 2209 735 rum.
2242 683 2444 736 Amen.

2560 791 2882 846 PSALMUS
2921 791 3199 847 CXXXVI.

2054 880 2306 935 Psalmus
2342 880 2518 952 Dauid
2547 883 3106 952 proptequeremiam.
3158 882 3272 936 Iste
3322 881 3598 952 psalmus
3644 901 3706 943 ex

2124 968 2262 1006 voce
2291 950 2626 1033 prophetica
2657 950 3360 1033 prolatus.docet_r_nente_s
3393 954 3704 1033 hominum

2125 1041 2158 1077 a
2190 1023 2444 1093 peccatis
2475 1023 2623 1094 capi,
2655 1023 2714 1077 in
2745 1023 3075 1094 exemplum
3121 1023 3279 1079 illius
3331 1030 3587 1080 terrenae
3615 1027 3707 1081 Je-

2123 1094 2378 1167 rusalem
2412 1111 2538 1167 quae
2571 1112 2604 1148 a
2631 1095 2902 1166 gentibus
2927 1095 3161 1167 reducta
3191 1096 3250 1150 in
3305 1097 3709 1167 captivitatem

2122 1166 2390 1220 deflebat.
2448 1166 2648 1220 Dicant
2676 1183 2811 1238 ergo
2842 1166 3072 1239 animae,
3125 1184 3251 1238 qua:
3300 1166 3439 1239 post
3487 1169 3710 1225 multos

2123 1253 2344 1292 errores
2375 1241 2792 1293 convertuntur
2819 1238 2890 1292 ad
2926 1238 3237 1293 Dominum
3270 1256 3282 1292 :

2123 1368 2150 1393 ‹‹
2185 1345 2372 1416 Super
2401 1344 2648 1399 ﬂumina
2678 1343 2986 1416 Babylonis
3018 1344 3136 1400 illic
3166 1346 3525 1412 sedimus,et
3559 1349 3715 1403 ﬂevi-

2052 1449 2233 1488 mus:
2269 1434 2408 1487 dum
2442 1433 2884 1488 recordaremur
2929 1434 3083 1489 Sion.
3132 1457 3160 1482 ››
3214 1435 3270 1489 Si
3321 1452 3441 1490 non
3499 1435 3716 1508 aliquis

2049 1525 2306 1594 aegrotat,
2349 1521 2533 1578 nescit
2577 1527 2865 1593 quantum
2909 1521 3062 1578 valet
3113 1523 3358 1580 sanitas.
3391 1525 3470 1580 Et
3499 1526 3716 1581 iterum

2051 1609 2299 1666 claudus
2317 1611 2500 1666 nescit
2516 1616 2802 1683 quantum
2824 1612 2975 1667 valet
2997 1611 3096 1682 qui
3117 1630 3299 1668 sanus
3318 1619 3414 1669 est
3435 1615 3712 1685 pedibus.

2051 1699 2333 1755 Similiter
2362 1704 2418 1754 et
2446 1717 2632 1755 caecus
2662 1701 2975 1756 videntem.
3028 1703 3139 1756 Iloc
3176 1705 3367 1756 totum
3399 1720 3595 1772 quare
3629 1705 3712 1758 di-

2050 1794 2208 1844 ctum
2241 1790 2368 1844 est?
2399 1789 2683 1854 Quoniam
2704 1789 2967 1862 psalmus
2989 1789 3165 1845 dicit:
3191 1813 3219 1839 «
3245 1792 3440 1862 Super
3464 1793 3710 1850 ﬂumina

1971 1875 2018 1939 B
2050 1877 2385 1950 Babylonis,
2408 1877 2528 1933 illic
2560 1879 2822 1935 sedimus
2853 1883 2910 1933 et
2938 1879 3226 1949 ﬂevimus,
3251 1880 3396 1935 dum
3435 1885 3704 1938 recorda-

2053 1983 2250 2022 remur
2279 1967 2436 2022 Sion.
2472 1989 2499 2018 »
2535 1967 2790 2039 Babylon
2821 1971 3066 2039 confusio
3097 1969 3546 2040 interpretatur.
3568 1973 3707 2044 Ergo

2054 2055 2309 2127 Babylon
2340 2055 2435 2110 hic
2466 2057 2744 2110 mundus.
2777 2061 3044 2112 Peccator
3072 2073 3210 2129 ergo
3242 2059 3345 2128 qui
3378 2059 3595 2113 cecidit
3640 2061 3706 2115 de

2053 2144 2346 2216 paradiso,
2373 2145 2530 2198 venit
2557 2144 2618 2198 in
2650 2143 2858 2199 vallem
2893 2144 3304 2217 lacrymarum,
3359 2147 3476 2202 hoc
3525 2154 3612 2202 est
3652 2149 3705 2203 in

2053 2231 2426 2306 Babylonem,
2461 2233 2518 2286 in
2551 2233 2731 2287 istum
2760 2234 3068 2288 mundum.
3102 2234 3285 2306 Magis
3317 2240 3528 2290 autem
3576 2237 3706 2291 Pro-

2055 2322 2228 2394 pheta
2259 2337 2327 2376 ex
2356 2338 2605 2392 persona
2650 2322 2778 2390 ejus
2827 2322 2925 2392 qui
2977 2321 3180 2377 cecidit
3230 2323 3415 2378 dicit:
3458 2347 3490 2373 ‹‹
3533 2325 3711 2397 Super

2057 2410 2303 2465 ﬂumina
2349 2409 2679 2481 Babylonis.
2732 2431 2760 2459 ››
2813 2410 3053 2464 Flumen
3114 2415 3307 2466 autem
3374 2411 3708 2484 Babylonis,

2056 2500 2290 2570 quando
2348 2497 2562 2553 videris
2606 2497 2861 2569 aliquem
2896 2497 3207 2570 pulchrum
3257 2500 3330 2554 ad
3382 2499 3621 2571 horam,
3662 2509 3712 2556 et

2056 2592 2343 2659 agrotans
2374 2587 2660 2659 pediderit
2706 2587 3229 2659 pulchritudinem,
3280 2595 3338 2644 et
3386 2599 3713 2645 marcescat

2057 2681 2159 2731 [los
2191 2677 2378 2748 ipsius
2409 2695 2420 2732 :
2456 2676 2549 2731 hic
2581 2676 2733 2732 sicut
2762 2678 2980 2732 ﬂumen
3011 2677 3245 2743 transit,
3277 2683 3334 2733 et
3367 2695 3540 2750 aquae
3582 2698 3712 2735 suc-

2055 2766 2327 2820 cedentes
2382 2765 2494 2819 sibi
2543 2764 2841 2820 venientes
2887 2771 2941 2819 et
2988 2766 3323 2822 recedentes
3355 2773 3627 2838 pereunt,
3655 2773 3713 2822 et

2055 2854 2268 2909 iterum
2324 2853 2446 2908 aliae
2497 2853 2788 2918 oriuntur,
2840 2858 2896 2907 et
2936 2853 3076 2925 ipsae
3127 2862 3412 2925 pereunt:
3446 2857 3526 2910 ita
3558 2861 3618 2911 et
3648 2857 3712 2911 in

2055 2943 2163 2998 hoc
2194 2943 2414 2997 mundo
2445 2958 2560 3012 quo
2600 2943 2672 2996 ad
2706 2946 3071 2996 momentum
3121 2948 3222 2997 aut
3273 2943 3506 3015 aliquod
3555 2950 3714 3000 tem-

2055 3049 2185 3104 pus,
2218 3037 2320 3086 aut
2350 3031 2738 3097 ditamur,aut
2767 3031 2945 3086 fortes
2967 3048 3194 3096 sumus,
3229 3038 3330 3087 aut
3362 3032 3596 3104 pulchri
3621 3052 3718 3090 su-

2055 3139 2210 3188 mus,
2243 3125 2299 3176 et
2337 3125 2468 3192 post
2498 3119 2794 3176 modicum
2843 3121 3055 3176 transit
3086 3121 3238 3176 sicut
3270 3139 3426 3193 aqua
3453 3129 3513 3177 et
3549 3126 3713 3195 perit.

297 3210 720 3279 transducitur,
754 3209 1138 3280 quoadusque
1187 3207 1247 3262 in
1294 3212 1509 3264 terram
1543 3211 1942 3282 repromissio-
1977 3235 2020 3302 ρ
2058 3209 2144 3266 lbi
2175 3226 2310 3282 ergo
2344 3209 2624 3274 sedimus,
2659 3214 2714 3263 et
2745 3210 3032 3280 ﬂevimus,
3074 3211 3214 3265 dum
3268 3212 3717 3268 recordarernur

300 3300 393 3356 nis
423 3300 844 3356 introducatur.
879 3321 906 3349 ‹‹
936 3298 1044 3362 Qui
1074 3299 1273 3353 eduxit
1300 3315 1512 3371 aquam
1547 3301 1617 3355 de
1649 3305 1809 3371 petra
1849 3319 1944 3355 ru-

301 3389 414 3462 pis.
441 3411 468 3439 »
499 3391 545 3444 A
568 3387 797 3444 Christo
836 3387 1100 3458 Domino,
1133 3388 1234 3459 qui
1269 3393 1358 3442 est
1382 3387 1613 3443 stabilis
1645 3393 1824 3459 petra,
1855 3390 1945 3444 vel

296 3477 661 3551 baptismum
713 3475 1016 3549 processit,
1073 3475 1162 3532 vel
1210 3476 1486 3548 poculum
1535 3481 1762 3533 aeternae
1818 3479 1946 3533 vitae

300 3567 580 3623 manavit.
1508 3623 1514 3628 ν

375 3677 403 3704 ‹‹
434 3655 542 3719 Qui
577 3655 865 3726 percussit
900 3658 1102 3724 gentes
1135 3654 1370 3722 multas,
1422 3660 1479 3711 et
1524 3656 1737 3711 occidit
1782 3673 1947 3728 reges

301 3743 502 3809 fortes,
535 3743 684 3797 Seon
735 3759 929 3814 regem
976 3743 1469 3814 Amorrhaeorum,
1516 3750 1573 3800 et
1621 3745 1705 3817 0g
1753 3763 1947 3818 regem

301 3835 512 3898 Basan,
542 3833 598 3885 et
626 3829 824 3884 omnia
871 3846 1050 3901 regna
1089 3831 1362 3887 Chanaan
1408 3833 1638 3888 occidit.
1682 3855 1708 3882 ››
1741 3834 1950 3890 Omnia

299 3936 483 3992 regna
513 3919 732 3991 peccati
761 3935 796 3974 a
815 3916 1045 3973 Christo
1076 3935 1354 3990 percussa
1382 3920 1523 3975 dicit
1549 3941 1561 3969 :
1589 3923 1688 3992 qui
1722 3939 1951 3993 percus-

303 4009 380 4065 sit
408 4025 573 4081 reges
603 4024 870 4080 magnos.
912 4007 1176 4062 Primum
1227 4009 1517 4079 percussit
1564 4010 1949 4079 Pharaonem,

302 4097 404 4170 qui
435 4096 782 4170 intelligitur
809 4096 1100 4164 diabolus,
1131 4101 1189 4152 et
1219 4097 1302 4152 sic
1332 4099 1647 4153 exercitum
1687 4100 1836 4168 ejus,
1867 4100 1949 4154 si—

300 4191 401 4242 cut
427 4186 488 4242 in
519 4186 806 4259 superiori
837 4184 1064 4257 psalmo
1094 4186 1493 4258 exposuimus.

377 4298 403 4324 ‹‹
434 4276 505 4330 Et
535 4274 696 4330 dedit
726 4278 940 4330 terram
973 4291 1176 4329 eorum
1225 4275 1626 4331 haereditatem
1661 4293 1672 4331 :
1710 4275 1950 4332 haeredi-

304 4367 482 4418 tatem
515 4363 691 4417 Israel
722 4362 937 4434 populo
969 4380 1094 4418 suo.
1133 4386 1161 4411 ››
1193 4364 1521 4420 Christiano
1549 4364 1770 4436 utique.

380 4475 401 4501 ι
437 4451 582 4516 Quia
628 4451 688 4506 in
719 4451 1051 4507 humilitate
1091 4457 1292 4508 nostra
1341 4470 1566 4509 memor
1613 4454 1721 4508 fuit
1768 4456 1950 4510 nostri

301 4540 912 4611 Dominuszquoniam
943 4540 1002 4595 in
1027 4541 1301 4596 saeculum
1335 4542 1735 4598 misericordia
1765 4545 1950 4613 ejus.»

302 4630 375 4687 Ut
404 4647 511 4686 nos
540 4629 805 4686 visitaret
835 4629 1087 4686 adventu
1117 4646 1244 4685 suo.

374 4743 403 4771 ‹‹
435 4724 503 4775 Et
531 4720 778 4776 redemit
825 4735 931 4773 nos
979 4719 1050 4774 de
1099 4735 1278 4774 manu
1309 4719 1683 4776 inimicorum
1718 4726 1944 4777 nostro-

302 4826 457 4866 rum.
476 4831 503 4858 »
527 4809 800 4865 Fundens
832 4807 888 4862 in
923 4808 1106 4879 pretio
1139 4812 1338 4863 nostro
1369 4809 1717 4881 sanguinem
1749 4828 1946 4866 suum.

373 4922 401 4949 ‹‹
433 4898 540 4963 Qui
572 4899 674 4954 dat
702 4913 897 4953 escam
950 4896 1108 4951 omni
1157 4897 1336 4952 carni.
1374 4920 1401 4946 »
1433 4897 1699 4954 Praebens
1743 4917 1804 4954 se
1849 4917 1946 4971 pa-

303 5005 436 5044 nem
461 4988 657 5043 vivum
690 4991 748 5042 et
774 4985 952 5042 vitam
983 4985 1221 5041 dantem
1253 4985 1389 5041 huic
1420 4988 1660 5042 mundo.

374 5098 403 5125 ‹‹
435 5075 800 5132 Confitemini
851 5076 966 5130 Deo
1013 5075 1160 5130 coeli.
1214 5099 1236 5127 ι
1293 5075 1550 5130 Laudem
1597 5077 1646 5130 ei
1691 5076 1947 5132 debitam

303 5163 526 5220 reddite
559 5183 571 5221 :
608 5165 707 5236 qui
737 5182 838 5220 vos
867 5182 901 5219 a
932 5164 1176 5220 terrenis
1198 5164 1256 5220 in
1289 5169 1504 5220 aeterna
1533 5170 1874 5221 commutat.

377 5273 406 5299 ι(
437 5253 804 5310 Contitemini
837 5254 1083 5309 Domino
1115 5253 1507 5309 dominorum.
1536 5277 1562 5302 »
1591 5255 1697 5317 Qui
1731 5273 1831 5310 vos
1862 5257 1948 5311 vel

295 5341 640 5412 judices,vel
663 5344 934 5398 dominos
959 5343 1162 5398 mundi
1180 5342 1640 5415 constituit.lpsc
1665 5344 1948 5399 Dominus

371 5559 388 5592 ¹
423 5558 484 5614 ld
517 5573 632 5614 non
662 5557 734 5612 de
765 5555 960 5628 salice,
1008 5558 1107 5612 sed
1153 5558 1223 5612 de
1271 5558 1386 5613 alia
1417 5557 1634 5629 planta,
1669 5574 1846 5629 quam
1878 5560 1946 5613 A-

298 5647 469 5698 gnum
497 5638 703 5686 castum
732 5635 960 5695 vocant,
993 5634 1212 5683 veteres
1261 5629 1587 5699 prodidere.
1643 5631 1703 5683 ln
1749 5647 1815 5685 ea
1860 5634 1948 5684 ta-

302 5717 434 5757 men
477 5701 768 5758 sententia
816 5717 984 5755 verus
1036 5699 1422 5770 Hieronymus
1453 5700 1558 5755 fuit
1589 5700 1689 5756 lib.
1726 5719 1786 5768 n,
1816 5717 1942 5772 cap.

2059 3300 2220 3354 Sion.
2257 3299 2415 3354 Licet
2445 3298 2696 3370 quidem.
2714 3298 2852 3353 vitio
2885 3302 3082 3354 nostro
3113 3299 3438 3356 cecidimus
3458 3302 3536 3356 de
3559 3319 3718 3373 para-

2055 3386 2182 3452 diso
2211 3405 2223 3441 :
2248 3393 2443 3442 tamen
2479 3386 2913 3441 reminiscimur
2942 3386 3153 3458 prioris
3184 3387 3581 3457 felicitatis,et
3603 3409 3712 3446 non

2055 3475 2476 3532 obliviscimur.
2500 3477 2565 3530 Et
2594 3475 2688 3531 ille
2720 3476 2819 3546 qui
2853 3477 2923 3530 de
2955 3476 3373 3549 Hierosolymis
3407 3479 3712 3534 descendit

2055 3565 2112 3619 in
2157 3564 2412 3631 Jericho,
2464 3581 2590 3636 quae
2643 3565 3059 3636 interpretatur
3105 3567 3258 3634 (una,
3293 3565 3408 3622 hoc
3439 3573 3555 3633 est,
3587 3586 3706 3639 qua

2058 3670 2289 3718 semper
2319 3657 2582 3707 mutatur
2611 3652 2753 3724 (haec
2807 3657 3000 3707 autem
3051 3653 3405 3724 intelligitur
3455 3674 3709 3727 praesens

2059 3743 2360 3809 mundus),
2395 3741 2453 3794 in
2485 3740 2742 3796 latrones
2772 3740 2996 3808 incidit,
3031 3745 3088 3796 et
3127 3742 3547 3800 Samaritanus
3581 3745 3710 3799 tulit

2057 3848 2214 3895 eum,
2247 3835 2302 3884 et
2331 3830 2455 3884 oleo
2487 3833 2542 3884 et
2571 3829 2703 3884 vino
2734 3835 2898 3884 curat
2931 3831 3081 3900 (Luc.
3114 3848 3168 3896 x,
3201 3832 3420 3900 30-37),
3456 3835 3710 3890 miscens

2058 3919 2458 3976 austeritatem
2488 3934 2622 3974 cum
2656 3919 3072 3975 misericordia.

2129 4009 2192 4063 In
2225 4007 2502 4063 salicibus
2532 4008 2590 4062 in
2623 4009 2815 4063 medio
2861 4009 2990 4078 ejus
3038 4011 3460 4081 suspendimus
3493 4029 3712 4084 organa

2059 4103 2276 4154 nostra.
2315 4120 2342 4147 »
2376 4097 2534 4153 Salix
2559 4096 2736 4152 talem
2779 4103 3048 4153 naturam
3099 4097 3272 4154 habet
3303 4118 3315 4154 :
3347 4107 3434 4155 est
3463 4100 3702 4170 quidem

2058 4187 2284 4259 lignum
2316 4186 2768 4252 infructuosum,
2803 4191 2860 4242 et
2890 4187 3104 4242 dicitur
3149 4189 3302 4260 quod
3349 4189 3398 4242 si
3443 4189 3578 4258 quis
3628 4205 3702 4244 ex

2059 4275 2161 4330 illa
2189 4275 2437 4346 accipiat
2468 4275 2760 4346 potionem
2795 4280 2895 4329 aut
2923 4277 3258 4343 manducet,
3291 4276 3438 4332 ﬁlios
3487 4293 3606 4332 non
3629 4279 3708 4332 fa-

2060 4365 2135 4418 cit
2159 4365 2288 4419 1.lbi
2321 4381 2458 4436 ergo
2481 4363 2901 4434 suspendimus
2922 4381 3140 4436 organa
3162 4371 3383 4420 nostra.
3409 4366 3709 4438 Organum

2060 4456 2255 4506 autem
2286 4451 2542 4507 hominis
2572 4469 2784 4523 corpus
2814 4457 2921 4507 est.
2946 4453 3112 4508 Sicut
3139 4454 3296 4508 enim
3328 4471 3623 4526 organum
3646 4472 3709 4510 ex

2060 4540 2263 4596 multis
2296 4541 2512 4596 fistulis
2533 4543 2923 4612 compositum
2954 4547 3188 4609 est,una
3216 4548 3417 4598 autem
3452 4544 3708 4599 modula-

1982 4602 2026 4665 D
2061 4630 2217 4684 tione
2234 4630 2417 4684 melos
2439 4602 2728 4696 mittit,ita
2747 4635 2802 4686 et
2817 4602 3104 4703 organum
3127 4636 3396 4686 nostrum
3425 4632 3711 4688 habemus

2059 4722 2282 4773 tactum
2334 4736 2346 4772 :
2399 4735 2501 4789 per
2549 4719 2766 4789 ipsum,
2817 4717 2925 4774 hoc
2978 4724 3068 4774 est
3118 4736 3217 4790 per
3267 4735 3467 4791 opera,
3507 4722 3711 4786 melos,

2059 4806 2352 4862 canticum
2383 4811 2437 4861 et
2468 4809 2751 4878 hymnum
2784 4807 3089 4863 referimus
3138 4809 3273 4864 Deo.
3328 4809 3624 4866 Similiter
3663 4816 3716 4865 et

2058 4913 2162 4968 per
2189 4895 2477 4966 auditum,
2509 4902 2566 4952 et
2596 4912 2698 4967 per
2727 4897 3054 4964 odoratum,
3105 4902 3162 4952 et
3205 4914 3310 4969 per
3353 4903 3628 4971 gustum,
3661 4907 3714 4954 et

2059 5002 2160 5056 per
2188 4986 2463 5051 visum,et
2493 5002 2594 5056 per
2622 4985 2728 5040 has
2757 5001 2961 5042 omnes
2990 4987 3234 5041 virtutes
3275 4988 3449 5058 quasi
3487 4989 3567 5043 de
3600 5006 3714 5046 uno

2059 5091 2274 5145 organo
2323 5073 2608 5145 hymnum
2646 5078 2704 5129 et
2735 5075 3028 5129 canticum
3082 5075 3389 5130 referimus
3444 5078 3710 5134 Domino.

2061 5163 2278 5218 Dicitur
2324 5163 2535 5218 iterum
2587 5161 2731 5218 salix
2779 5163 3032 5218 radicem
3077 5181 3191 5219 non
3243 5164 3481 5223 habere.
3517 5168 3630 5222 Sed
3662 5169 3707 5221 si

2059 5271 2259 5308 ramus
2281 5253 2732 5319 abscinditur,et
2759 5252 3056 5323 plantatur
3075 5254 3096 5286 ²
3119 5270 3289 5309 secus
3326 5272 3568 5325 aquam.
3592 5262 3706 5311 sta-

2059 5344 2162 5397 tim
2195 5342 2446 5397 virescit.
2495 5342 2578 5396 lta
2623 5348 2816 5396 autem
2861 5347 2917 5396 et
2948 5347 3234 5413 peccator,
3267 5342 3403 5399 licet
3435 5361 3706 5415 peccave-

2057 5575 2170 5625 xw,
2203 5561 2582 5612 commentar.
2617 5555 2676 5609 in
2708 5555 3067 5610 Zachariam.

2127 5629 2147 5662 ²
2176 5629 2418 5703 Videtur
2449 5644 2516 5703 ex
2544 5632 2598 5681 S.
2634 5626 2846 5703 liiiario
2879 5627 3187 5694 delibasse,
3217 5628 3317 5682 ubi
3349 5627 3471 5696 ille,
3512 5655 3534 5677 ε
3580 5631 3700 5703 Lig-

2059 5717 2287 5770 norum,
2320 5699 2532 5770 inquit,
2567 5698 2813 5755 salicum
2845 5703 3054 5755 natura
3095 5716 3164 5754 ea
3201 5703 3310 5768 est,
3343 5706 3411 5758 ut
3443 5698 3690 5759 arefacta
