3992 6194
286 383 441 451 1305

1462 387 1958 454 BREVIABIUM
2001 388 2082 451 IN
2126 387 2484 456 P-SALMOS
2500 435 2514 453 .

3534 383 3690 449 I306

282 523 380 590 rit,
414 521 549 578 licet
595 517 912 579 ceciderit:
944 525 1139 578 tamen
1201 522 1277 578 sit
1332 539 1500 578 sec-us
1561 539 1765 594 aquas,
1825 522 1934 577 hoc
1964 523 2427 596 Acupiscentia,
2477 542 2591 582 non
2647 528 2838 598 potest
2889 526 3092 598 postea
3142 523 3402 581 abscindi
3456 523 3691 595 quando

283 615 391 679 est,
426 612 475 666 si
506 611 645 684 legit
674 616 908 669 sanctas
956 613 1306 684 Scripturas,
1365 617 1421 667 et
1471 612 1634 667 audit
1689 612 1932 667 verbum

283 700 546 755 divinum
579 718 613 756 a
641 705 844 756 sancto
876 701 1018 771 viro,
1051 702 1197 757 viret
1225 702 1352 771 ejus
1384 700 1599 768 anima,
1634 704 1690 754 et
1721 700 1780 754 in
1815 716 1933 770 pm-

284 789 590 845 nitentiam
623 790 1006 845 convertitur.

354 901 382 928 «
415 879 562 942 Quia
618 878 735 934 illic
775 879 1281 951 interrogaverunt
1338 895 1466 946 nos,
1521 879 1622 951 qui
1673 879 1935 950 captivos

284 968 574 1023 duxerunt
603 984 729 1036 nos,
788 969 965 1024 verba
1006 969 1391 1036 canticorum,
1425 973 1535 1023 etc.
1569 991 1597 1017 ››
1632 968 1935 1023 Daemones

283 1057 383 1128 qui
413 1056 768 1125 deceperunt
809 1074 915 1113 nos
975 1062 1031 1113 et
1086 1058 1369 1130 captivos,
1430 1058 1720 1112 duxerunt
1779 1073 1936 1112 nunc

281 1145 446 1218 quasi
481 1145 817 1202 deridentes
858 1164 964 1202 nos
1012 1150 1068 1202 et
1098 1146 1422 1217 gloriantes
1453 1146 1656 1201 dicunt
1714 1145 1883 1201 nobis
1919 1162 1931 1200 :

283 1233 530 1289 Reddite
558 1235 730 1289 nobis
760 1236 1000 1290 verbum
1033 1236 1104 1290 de
1137 1236 1248 1290 fide
1277 1240 1470 1290 vestra
1505 1252 1517 1289 :
1553 1235 1932 1306 quemadmo-

281 1323 421 1379 dum
446 1323 681 1394 quando
705 1323 880 1379 eratis
909 1325 966 1380 in
986 1324 1314 1379 Jerusalem
1338 1323 1623 1396 hymnum
1649 1323 1932 1379 dicebatis

281 1411 415 1466 Deo.
452 1411 828 1483 Respondent
859 1413 956 1484 qui
1005 1419 1389 1484 peccaverunt
1418 1417 1474 1468 et
1516 1412 1738 1484 decepti
1772 1416 1930 1482 sunt,

281 1503 338 1554 et
367 1498 572 1555 dicunt
605 1519 617 1555 :

354 1611 384 1638 ι(
417 1591 716 1654 Quomodo
739 1591 1106 1647 cantabimus
1128 1591 1420 1646 canticum
1444 1589 1676 1646 Domini
1699 1589 1756 1644 in
1783 1593 1934 1644 terra

284 1675 522 1733 aliena?
551 1701 580 1727 »
615 1679 678 1734 In
730 1680 985 1752 peccatis
1017 1681 1343 1745 constituti,
1377 1679 1478 1752 qui
1512 1679 1831 1734 cecidimus
1863 1678 1934 1731 de

281 1765 607 1823 Jerusalem
639 1769 697 1823 in
729 1769 1082 1841 Babylonem
1108 1771 1136 1824 ‘I
1169 1771 1315 1842 Ergo
1338 1786 1451 1824 non
1485 1771 1674 1840 potest
1695 1765 1934 1838 aliquis,

285 1853 334 1909 si
355 1871 472 1910 non
495 1856 572 1911 sit
592 1858 1098 1923 sanctus,laudare
1128 1858 1746 1914 Dominum.Peccator
1776 1854 1930 1911 enim
1964 1887 2011 1952 B

282 1961 399 1998 non
431 1945 604 2000 debet
633 1952 868 2002 cantare
900 1948 1272 2017 Domino,sed
1309 1947 1506 2018 lugere
1538 1949 1776 2017 peccata
1804 1960 1931 1999 sua.

355 2055 382 2081 ‹‹
415 2033 471 2087 Si
504 2034 722 2092 oblitus
753 2037 914 2091 fuero
972 2037 1082 2101 tui,
1138 2035 1487 2100 Jerusalem,
1521 2033 1799 2089 oblivioni
1832 2033 1935 2087 de-

282 2125 378 2176 tur
436 2123 672 2179 dextera
731 2141 878 2180 mea.
912 2147 942 2173 »
976 2129 1122 2196 Ergo
1154 2124 1294 2195 quia
1332 2124 1591 2194 peccavit
1622 2127 1677 2177 et
1706 2120 1933 2190 cecidit,

283 2209 681 2266 reminiscitur
736 2211 949 2283 prioris
1005 2211 1464 2268 conversationis
1503 2215 1559 2266 et
1587 2208 1932 2277 Jerusalem,

283 2299 675 2370 proponitque
697 2300 807 2355 sibi
836 2316 848 2355 :
878 2301 1040 2366 Quod
1063 2300 1177 2355 nisi
1209 2316 1441 2372 semper
1457 2299 1542 2354 tui
1572 2315 1796 2354 memor
1814 2314 1934 2364 ero,

284 2390 342 2441 et
373 2402 606 2458 semper
634 2388 692 2443 in
724 2395 915 2444 mente
946 2389 1213 2460 habeam,
1241 2410 1268 2439 «
1292 2387 1565 2444 oblivioni
1598 2388 1771 2442 detur
1800 2389 1936 2441 dex-

283 2477 410 2530 tera
439 2491 588 2543 mea,
625 2499 652 2526 ››
685 2479 792 2534 hoc
823 2482 910 2533 est
951 2495 1127 2550 opera
1157 2494 1305 2533 mea.
1339 2478 1465 2533 Non
1498 2476 1643 2531 dixit
1671 2475 1934 2544 sinistra,

287 2564 388 2618 sed
417 2563 666 2620 dextera.
701 2567 953 2623 Sinistra
973 2567 1129 2622 enim
1161 2582 1394 2638 semper
1423 2567 1482 2620 in
1515 2564 1802 2620 oblivione
1827 2567 1932 2619 est.

283 2651 386 2708 Vis
415 2668 551 2724 ergo
581 2670 815 2727 semper
843 2655 902 2711 in
937 2655 1221 2712 memoria
1281 2655 1506 2711 Domini
1533 2669 1660 2710 esse
1683 2654 1712 2706 ‘2
1741 2654 1935 2708 dexte-

285 2756 361 2794 rae
395 2756 573 2812 Opera
603 2743 710 2798 fac.
1857 2801 1860 2808 .

360 2850 387 2876 «
421 2829 725 2886 Adhaereat
781 2831 983 2905 lingua
1042 2849 1170 2888 mea
1211 2833 1479 2888 faucibus
1539 2831 1705 2901 meis,
1739 2829 1787 2885 si
1822 2846 1935 2885 non

283 2917 605 2974 meminero
636 2919 742 2974 tui.
769 2945 792 2973 ι
824 2925 942 2976 Hoc
973 2926 1082 2991 est,
1116 2938 1230 2976 non
1263 2921 1511 2976 habeam
1543 2933 1731 2990 neque
1762 2933 1938 2989 opera

285 3021 474 3076 neque
504 3023 855 3078 sermonem,
889 3010 938 3064 si
971 3026 1085 3065 non
1111 3010 1332 3082 jugiter
1364 3007 1646 3064 memoria
1688 3006 1773 3061 tui
1806 3023 1934 3060 ver-

284 3099 446 3149 setur
474 3094 534 3150 in
567 3097 738 3153 corde
770 3113 915 3152 meo.

356 3205 384 3232 «
435 3187 655 3240 Memor
702 3191 850 3252 esto,
899 3186 1168 3252 Domine,
1228 3185 1483 3240 filiorum
1516 3184 1718 3250 Edom,
1749 3183 1810 3236 in
1842 3181 1934 3238 die

2043 614 2300 668 creverit.
2364 615 2574 670 Beatus
2628 631 2765 686 ergo
2816 619 2904 670 est
2947 615 3046 686 qui
3099 615 3300 669 statim
3334 611 3602 679 abscidit,
3634 615 3694 667 et

2043 701 2232 756 allidit
2258 703 2328 757 ad
2361 709 2604 775 petram.
2637 705 2805 760 Petra
2834 709 3031 759 autem
3071 708 3160 759 est
3188 703 3472 759 Christus.

2536 846 2853 903 PSALMUS
2891 845 3196 903 CXXXVII.

2121 992 2148 1019 ‹‹
2179 971 2509 1026 Conﬁtebor
2536 971 2662 1042 tibi,
2712 972 2978 1037 Domine,
3035 971 3093 1025 in
3123 975 3242 1026 toto
3273 970 3445 1026 corde
3475 985 3622 1025 meo.
3651 990 3687 1027 .n

2046 1057 2247 1122 Qualia
2282 1064 2418 1115 sunt
2445 1060 2705 1126 vulnera,
2737 1059 2850 1114 tale
2880 1065 2937 1114 et
2967 1059 3371 1131 emplastrum.
3405 1058 3688 1124 Quemad-

2046 1147 2286 1202 modum
2319 1148 2472 1202 enim
2507 1165 2717 1220 corpus
2748 1147 2923 1203 habet
2953 1147 3182 1202 diversa
3212 1146 3453 1202 vulnera
3486 1163 3498 1201 :
3526 1146 3607 1200 ita
3635 1148 3694 1200 et

2046 1234 2242 1292 anima
2273 1236 2448 1291 habet
2478 1254 2615 1292 suas
2647 1238 2950 1309 passiones
2981 1241 3037 1292 et
3065 1253 3173 1291 sua
3203 1235 3463 1302 vulnera,
3495 1239 3554 1291 et
3603 1234 3692 1289 di-

2043 1339 2208 1380 versa
2256 1324 2514 1394 vulnera,
2548 1331 2604 1380 et
2629 1327 2908 1381 adversus
2940 1330 3240 1398 peccatum
3273 1324 3450 1380 talem
3482 1328 3540 1379 et
3570 1340 3690 1395 pm-

2044 1411 2349 1469 nitentiam
2411 1416 2693 1470 debemus
2751 1431 2941 1488 agere.
2976 1414 3034 1470 Si
3089 1414 3223 1484 quis
3282 1430 3384 1485 pro
3416 1413 3692 1468 omnibus

2043 1503 2297 1573 peccatis
2324 1504 2450 1558 suis
2468 1505 2801 1558 confitetur:
2828 1504 2938 1558 isto
2961 1504 3018 1557 in
3042 1507 3163 1558 toto
3189 1502 3359 1557 corde
3383 1502 3690 1557 confitetur

2047 1591 2394 1646 Domino.Ac
2424 1592 2473 1646 si
2495 1592 2737 1647 dixisset
2762 1610 2772 1647 :
2799 1591 3137 1646 Fornicatus
3166 1596 3255 1646 est
3285 1589 3522 1661 aliquis,
3556 1605 3691 1643 con-

2046 1679 2241 1734 fitetur
2261 1697 2363 1751 pro
2387 1680 2899 1737 fornicatione.Sed
2925 1681 3201 1751 quoniam
3226 1683 3314 1736 est
3333 1683 3434 1734 aut
3454 1695 3687 1744 avarus,

2043 1757 2144 1822 aut
2164 1767 2614 1836 iracundus,aut
2637 1769 2945 1834 detractor,
2970 1774 3070 1824 aut
3087 1767 3550 1838 blasphemus,et
3572 1765 3695 1837 plu-

2044 1856 2193 1912 rima
2222 1857 2364 1912 vitia
2385 1857 2696 1924 habet,istc
2722 1875 2837 1912 non
2862 1858 3169 1912 conﬁtetur
3189 1857 3243 1911 in
3270 1860 3388 1911 toto
3411 1855 3601 1910 corde.
3635 1853 3692 1908 Si

2043 1945 2175 2015 quis
2193 1949 2386 2000 autem
2415 1962 2514 2016 pro
2539 1946 2813 2001 omnibus
2832 1945 2987 2001 vitiis
3010 1949 3062 2000 et
3088 1943 3462 2016 passionibus
3484 1941 3692 1997 animae

2045 2049 2161 2088 suae
2197 2032 2316 2104 agit
2352 2033 2891 2104 poenitentiam,iste
2917 2037 3103 2104 potest
3126 2032 3316 2087 dicere
3344 2048 3357 2085 :
3384 2053 3411 2080 «
3444 2030 3694 2086 Conﬁte-

2044 2122 2150 2176 bor
2172 2121 2630 2191 tibi,Domine,in
2658 2126 2775 2177 toto
2796 2121 2967 2177 corde
2990 2138 3137 2176 meo.
3162 2121 3450 2184 Quoniam
3478 2119 3695 2174 audisti

2045 2210 2243 2266 omnia
2267 2211 2443 2266 verba
2471 2211 2590 2266 oris
2621 2211 2754 2266 mei.
2782 2233 2808 2259 ››
2840 2215 2956 2265 Iste
2987 2208 3308 2266 versiculus
3330 2209 3388 2264 in
3412 2207 3696 2264 Hebraico

2047 2316 2163 2355 non
2195 2299 2462 2354 habetur.
2495 2300 2778 2354 Caeterum
2838 2299 2992 2370 quod
3048 2297 3206 2365 dicit,
3240 2297 3350 2352 hoc
3395 2303 3484 2352 est
3517 2313 3529 2352 :
3562 2297 3699 2352 Pro-

2045 2393 2242 2460 pterea
2262 2389 2579 2444 conﬁtebor
2599 2388 2705 2442 tibi
2737 2389 2795 2442 in
2821 2392 2939 2443 toto
2963 2388 3134 2442 corde
3156 2386 3420 2451 meo,hoc
3453 2385 3701 2440 est:Pro-

2046 2475 2322 2532 omnibus
2377 2477 2536 2533 vitiis
2596 2476 2740 2532 meis
2797 2481 2854 2531 et
2911 2475 3180 2548 peccatis,
3243 2474 3525 2547 quoniam
3579 2490 3695 2529 non

2046 2582 2149 2636 pro
2185 2582 2298 2621 uno
2328 2566 2468 2620 vitio
2500 2566 2802 2621 confessus
2833 2580 2966 2621 sum
2997 2564 3123 2631 tibi,
3168 2567 3224 2620 et
3251 2561 3535 2618 exaudisti
3580 2576 3697 2616 me.

2131 2658 2251 2708 «In
2311 2659 2624 2728 conspectu
2658 2653 2998 2726 angelorum
3049 2652 3301 2724 psallam
3338 2652 3466 2707 tibi.
3499 2672 3527 2702 ››
3563 2651 3702 2706 Vide

2043 2745 2471 2815 provectionem
2502 2743 2859 2815 pcenitentis,
2895 2741 3032 2812 quia
3086 2746 3219 2812 post
3263 2739 3700 2797 confessionem

2045 2837 2101 2888 et
2130 2833 2527 2904 paenitentiam
2561 2850 2693 2887 cum
2727 2829 2951 2902 angelis
2991 2835 3248 2885 meretur
3276 2828 3548 2901 psallere.
3590 2827 3698 2893 Qui

2047 2926 2238 2977 autem
2276 2921 2495 2993 psallit,
2520 2923 2645 2993 jam
2677 2937 2794 2975 non
2825 2919 2947 2991 agit
2976 2918 3400 2991 paenitentiam,
3430 2918 3531 2972 sed
3562 2933 3694 2990 gra-

2045 3010 2158 3066 tias
2188 3009 2307 3082 agit
2337 3014 2393 3065 et
2422 3009 2733 3065 benedicit.
2767 3031 2793 3059 «
2823 3008 3092 3063 Adorabo
3123 3007 3193 3062 ad
3243 3004 3529 3077 templum
3561 3021 3696 3060 san-

2045 3103 2204 3154 ctum
2260 3103 2449 3154 tuum.
2495 3121 2522 3148 ›ι
2571 3099 2628 3154 Si
2663 3099 2771 3153 hoc
2803 3101 2892 3153 est
2923 3095 3204 3168 templum
3237 3095 3392 3166 quod
3424 3109 3579 3148 nunc
3610 3092 3692 3147 vi-

2045 3189 2215 3242 detur
2244 3189 2561 3254 desertum,
2595 3187 2654 3242 in
2682 3204 2796 3259 quo
2827 3189 3055 3258 oportet
3102 3185 3343 3239 adorare
3369 3200 3382 3238 :
3416 3199 3552 3255 ergo
3581 3198 3695 3237 non

285 3272 632 3329 Jerusalem.
671 3299 692 3326 ι
730 3251 910 3330 Edom
969 3251 1390 3346 interpretatur
1438 3278 1656 3328 terrena
1710 3275 1767 3327 et
1791 3288 1930 3327 san-
1963 3251 2006 3317 (ἶ
2050 3277 2264 3332 debent
2291 3276 2476 3332 Judzei
2509 3251 2770 3340 adorare,
2806 3251 3082 3347 quoniam
3131 3290 3399 3328 eversum
3431 3251 3520 3328 est
3548 3275 3697 3326 tein-

285 3363 506 3430 guinea.
569 3363 710 3426 Quis
739 3380 875 3435 ergo
906 3369 995 3419 est
1051 3363 1162 3419 nisi
1221 3362 1547 3419 diabolus?
1603 3361 1748 3416 Vide
1802 3377 1938 3433 ergo

287 3452 425 3521 quid
461 3451 634 3508 dicat.
659 3453 777 3509 Hoc
800 3470 868 3508 ex
889 3470 1140 3525 persona
1166 3453 1351 3508 Adam
1383 3453 1596 3507 dicitur
1625 3469 1636 3506 :
1672 3449 1938 3518 Domine,

288 3545 582 3597 memento
613 3543 1109 3611 quemadmodum
1143 3558 1236 3597 me
1268 3540 1512 3612 decepit,
1547 3544 1603 3596 et
1642 3539 1818 3595 traxit
1847 3555 1940 3594 me

287 3645 529 3700 serpens
557 3630 848 3701 diabolus,
874 3631 971 3702 qui
1005 3630 1352 3702 intelligitur
1379 3626 1964 3695 Nabuchodonosor,

287 3722 343 3772 et
369 3718 538 3787 ejecit
570 3735 663 3774 me
696 3720 766 3774 de
796 3719 1088 3790 paradiso.
1132 3723 1416 3775 Memento
1468 3723 1525 3773 et
1582 3717 1834 3772 retribue
1865 3717 1936 3785 ei,

287 3811 344 3860 et
382 3805 638 3876 patiatur
667 3824 896 3878 poenam
931 3826 1108 3879 quam
1141 3810 1266 3880 ipse
1297 3825 1404 3863 sua
1429 3806 1654 3861 malitia
1684 3805 1826 3860 mihi
1856 3805 1940 3858 in-

288 3894 502 3949 duxit:
537 3894 776 3950 trahens
835 3912 929 3951 me
972 3897 1215 3952 adduxit
1273 3897 1331 3950 in
1389 3894 1740 3966 Babylonem
1793 3898 1850 3948 et
1879 3892 1937 3948 in

285 3982 571 4054 Assyrios.

359 4094 386 4118 «
423 4071 565 4126 Filia
595 4071 910 4142 Babylonis
940 4073 1171 4129 misera.
1212 4096 1240 4123 »
1273 4072 1416 4128 Filia
1445 4070 1756 4143 Babylonis
1806 4070 1935 4126 ani-

288 4177 385 4216 ma
411 4165 520 4227 est,
572 4179 698 4233 quae
753 4179 984 4234 semper
1015 4161 1073 4217 in
1109 4162 1365 4218 motione
1419 4166 1526 4228 est,
1556 4165 1613 4215 et
1644 4161 1700 4214 in
1733 4160 1935 4215 confu-

289 4249 471 4316 sione,
533 4255 591 4305 et
647 4268 761 4307 non
793 4251 1016 4307 habens
1074 4257 1314 4322 statum,
1349 4251 1450 4306 sed
1486 4254 1576 4305 est
1605 4249 1664 4304 in
1695 4248 1852 4304 vitiis
1883 4253 1940 4304 et

290 4338 700 4408 peccatis,quae
721 4356 856 4395 vera
877 4341 1091 4396 misera
1111 4347 1218 4396 est.
1246 4342 1504 4395 «Beatus
1525 4339 1625 4410 qui
1657 4338 1940 4393 retribuet

286 4425 392 4480 tibi
423 4426 863 4481 retributionem
896 4444 1071 4498 quam
1100 4429 1418 4483 retribuisti
1448 4429 1634 4482 nobis.
1662 4451 1688 4477 ››
1724 4431 1938 4482 Beatus

286 4518 376 4570 est
403 4513 504 4585 qui
537 4515 817 4570 retribuet
847 4519 904 4569 et
959 4517 1113 4586 quod
1146 4517 1276 4586 ipsa
1306 4517 1458 4571 fecit.
1503 4515 1672 4570 Verbi
1704 4515 1931 4587 gratia:

2049 3365 2234 3438 plum.
2267 3364 2572 3436 Templum
2607 3369 2802 3420 autem
2851 3363 2993 3418 dicit
3023 3365 3287 3418 sanctam
3319 3365 3375 3416 et
3403 3359 3696 3416 caelestem

2047 3451 2396 3509 Jerusalem.
2703 3450 2709 3456 ’

2121 3564 2148 3590 ‹‹
2183 3543 2371 3613 Super
2401 3540 2802 3596 misericordia
2861 3544 2960 3594 tua
2989 3543 3047 3595 et
3075 3538 3316 3593 veritate
3347 3541 3468 3592 tua.
3503 3557 3531 3585 ››
3563 3539 3697 3590 Pec-

2049 3635 2210 3687 cator
2239 3631 2438 3685 audiat
2460 3629 3148 3698 misericordiam,justus
3178 3631 3372 3681 autem
3404 3629 3460 3681 et
3490 3640 3700 3696 super-

2049 3719 2160 3775 bus
2191 3719 2391 3774 audiat
2418 3719 2741 3774 veritatem.

2127 3829 2148 3856 α
2185 3807 2600 3880 Multiplicabis
2631 3807 2690 3862 in
2724 3807 2921 3862 anima
2951 3823 3082 3861 mea
3111 3805 3386 3860 virtutem
3424 3827 3471 3858 ι».
3506 3801 3702 3858 Multi-

2049 3896 2316 3968 plicabis,
2346 3897 2454 3952 hoc
2485 3901 2592 3964 est,
2628 3895 2830 3951 multis
2859 3893 3356 3951 sollicitudinibus
3387 3892 3694 3960 subjacen-

2050 3991 2166 4041 tem
2197 3986 2478 4041 animam.

2122 4098 2149 4125 ‹‹
2183 4076 2583 4130 Conﬁteantur
2611 4073 3006 4140 tibi,Domine,
3042 4086 3244 4126 omnes
3279 4085 3442 4140 reges
3471 4071 3697 4122 terra.»

2049 4167 2234 4236 Reges
2292 4170 2460 4221 terrze
2515 4168 2654 4219 sunt
2711 4163 2805 4218 isti
2839 4162 2937 4233 qui
2991 4163 3235 4232 regnant
3263 4161 3518 4229 peccato.
3551 4157 3701 4227 Ergo

2055 4253 2166 4325 ipsi
2199 4255 2587 4308 confiteantur
2619 4252 2718 4322 qui
2752 4254 2996 4322 regnant
3025 4246 3400 4319 peccato.Nec
3429 4245 3584 4300 enim
3632 4245 3702 4300 de

2047 4342 2283 4414 regibus
2314 4343 2492 4412 hujus
2523 4339 2728 4394 mundi
2790 4337 3074 4409 scriptum
3107 4341 3195 4392 cst
3245 4354 3257 4390 :
3311 4336 3412 4390 Cor
3458 4336 3601 4406 regis
3641 4335 3703 4388 in

2048 4447 2216 4485 manu
2247 4432 2341 4485 Dei
2396 4432 2580 4498 (Prov.
2615 4443 2730 4498 XXI,
2767 4429 2837 4498 1).
2886 4427 3062 4482 Putas
3094 4443 3192 4481 cor
3217 4423 3436 4480 Juliani
3467 4423 3702 4495 impiis-

2049 4518 2182 4574 simi
2218 4519 2275 4572 in
2311 4535 2488 4572 manu
2552 4516 2650 4572 Dei
2683 4516 2846 4572 fuit?
2876 4514 3080 4584 Absit;
3115 4518 3217 4569 aut
3270 4513 3538 4577 Neronis,
3599 4516 3702 4565 aut

283 4603 451 4673 ejecit
480 4619 573 4659 me
603 4604 674 4658 de
704 4603 974 4674 paradiso
1011 4647 1023 4671 ,
1055 4620 1160 4676 ego
1194 4604 1354 4659 illam
1388 4621 1490 4676 per
1521 4602 1937 4659 abstinentiam
1969 4620 2016 4684 D
2048 4605 2380 4661 Maximiani
2413 4610 2470 4660 et
2501 4605 2655 4660 Decii
2685 4609 3126 4676 persecutorum
3159 4602 3186 4655 ‘?
3212 4600 3398 4656 Absit.
3440 4598 3549 4653 Sed
3581 4596 3698 4653 illis

285 4692 498 4746 reduco
558 4693 795 4746 ibidem.
855 4692 1092 4764 Decepit
1150 4709 1244 4748 me
1303 4709 1403 4764 per
1445 4691 1933 4747 fornicationem:

285 4795 392 4852 ego
424 4796 525 4851 per
554 4780 884 4836 castitatem
933 4781 1148 4836 reduco
1180 4779 1341 4835 illam
1373 4780 1433 4834 in
1475 4778 1823 4844 Jerusalem,
1880 4783 1938 4834 et

285 4883 354 4923 ex
383 4869 538 4924 vitiis
569 4869 628 4923 in
676 4869 968 4925 virtutem.
1035 4871 1181 4942 Ergo
1214 4885 1330 4925 non
1363 4873 1427 4923 ut
1456 4867 1732 4922 inimicus
1765 4867 1934 4934 facio,

289 4957 389 5012 sed
420 4962 486 5012 ut
515 4958 764 5012 amicus.

361 5069 389 5096 «
425 5047 634 5103 Beatus
665 5047 765 5118 qui
798 5047 1037 5115 tenebit,
1071 5054 1128 5105 et
1168 5048 1368 5104 allidet
1397 5046 1667 5119 parvulos
1701 5049 1833 5101 tuos
1864 5046 1934 5100 ad

287 5135 804 5206 petram.»Parvuli
835 5137 1114 5192 dicuntur
1143 5137 1628 5209 cogitationes.Ac
1656 5135 1704 5189 si
1738 5134 1891 5189 dicat
1918 5151 1930 5189 :

289 5223 420 5280 Vidi
455 5224 784 5293 mulierem,
817 5227 1118 5299 concupivi
1151 5243 1280 5282 eam
1315 5245 1326 5281 :
1361 5226 1560 5282 statim
1593 5225 1642 5280 si
1686 5241 1801 5279 non
1833 5225 1934 5278 ab-

287 5313 514 5370 scidero
561 5315 1096 5386 concupiscentiam
1129 5315 1312 5380 illam,
1346 5320 1402 5371 et
1433 5316 1584 5370 sicut
1615 5314 1820 5385 pedem
1853 5316 1933 5367 te-

203 5447 212 5452 .
287 5419 490 5467 nuero,
523 5405 580 5457 et
609 5401 841 5457 allisero
891 5403 961 5458 ad
994 5407 1218 5476 petram
1262 5405 1445 5460 donec
1474 5419 1651 5476 parva
1681 5406 1771 5458 est
1800 5416 1936 5457 con-

287 5579 445 5652 licet,
477 5577 527 5633 si
557 5577 728 5652 modo
788 5579 971 5652 aquis,
999 5581 1320 5652 alluantur,
1354 5583 1645 5637 virescant
1678 5597 1690 5634 :
1725 5579 1938 5635 deinde

285 5649 481 5707 excisa
510 5650 775 5723 atquein
809 5649 1054 5723 humido
1117 5653 1248 5723 fixa,
1305 5649 1603 5709 radicibus
1650 5666 1780 5707 sese
1810 5652 1938 5723 ipsa

285 5724 648 5792 demergant.
683 5721 752 5777 Et
804 5721 914 5778 sub
969 5721 1148 5795 hujus
1200 5721 1428 5782 arboris
1460 5728 1670 5781 natura
1701 5721 1937 5779 sanctos

2049 4695 2190 4750 dicit
2240 4695 2337 4765 qui
2401 4698 2648 4766 regnant
2698 4697 2950 4764 peccato,
2985 4691 3124 4762 quia
3171 4689 3266 4744 isti
3328 4688 3427 4760 qui
3455 4688 3702 4742 vincunt

2047 4783 2185 4838 vitia
2213 4787 2268 4836 et
2299 4783 2603 4854 passiones
2633 4781 2865 4845 animae,
2925 4784 2982 4834 et
3031 4783 3276 4851 regnant
3307 4782 3561 4849 peccato,
3593 4792 3694 4831 cor

2046 4887 2246 4927 eorum
2281 4874 2339 4925 in
2371 4887 2548 4925 manu
2582 4869 2680 4925 Dei
2713 4874 2821 4924 est.
2879 4888 2901 4915 α
2953 4867 3099 4932 Quia
3155 4866 3468 4921 audierunt
3497 4863 3697 4920 omnia

2047 4961 2224 5015 verba
2255 4960 2372 5015 oris
2403 4959 2509 5014 tui.
2547 4982 2574 5008 »
2603 4959 2749 5024 Quia
2800 4957 3209 5012 custodierunt
3244 4955 3522 5009 mandata
3573 4957 3700 5007 tua.

2121 5074 2147 5098 ‹‹
2183 5053 2249 5102 Et
2279 5051 2513 5104 cantent
2543 5047 2599 5101 in
2633 5047 2740 5101 viis
2799 5044 3049 5100 Domini.
3087 5068 3106 5092 ιι
3143 5041 3482 5113 Philosophi
3522 5041 3700 5113 hujus

2047 5137 2240 5193 saeculi
2296 5155 2410 5192 non
2443 5139 2821 5192 cantaverunt
2851 5134 2906 5188 in
2965 5133 3074 5188 viis
3131 5131 3405 5200 Domini,'
3445 5132 3545 5187 sed
3587 5147 3694 5186 nos

2047 5230 2354 5282 cantamus
2388 5226 2444 5278 in
2477 5225 2585 5278 viis
2642 5221 2888 5290 Domini,
2923 5221 3031 5276 hoc
3079 5225 3189 5287 est,
3219 5221 3276 5274 in
3311 5221 3505 5292 Moyse
3535 5225 3592 5275 et
3630 5218 3690 5274 in

2047 5315 2212 5382 Isaia,
2245 5320 2302 5369 et
2331 5315 2388 5367 in
2418 5312 2691 5376 Jeremia,
2727 5315 2782 5366 et
2815 5311 2884 5366 de
2935 5310 3044 5367 viis
3104 5310 3232 5366 istis
3291 5308 3558 5366 venimus
3615 5308 3687 5364 ad

2044 5403 2204 5459 illam
2236 5401 2387 5458 viam
2420 5417 2548 5473 qua)
2578 5400 2719 5457 dicit
2750 5418 2762 5454 :
2802 5401 2904 5470 Ego
2932 5413 3054 5455 sum
3084 5401 3193 5455 via.

2046 5585 2134 5708 ett
2158 5581 2358 5636 fideles
2415 5581 2569 5636 viros
2625 5579 2940 5651 signiﬁcari
3002 5576 3339 5650 prophetica
3413 5570 3696 5628 autoritas

2046 5670 2106 5708 es
2141 5697 2153 5708 .

2045 5670 2153 5710 εει.
