3992 6194
278 337 434 404 1307

747 481 1070 541 PSALMUS
1128 484 1455 542 CXXXVIII.

355 609 383 636 ‹‹
418 587 678 655 Domine,
715 591 967 662 probasti
1001 608 1114 661 me,
1175 615 1202 640 ››
1235 597 1342 647 etc.
1379 615 1407 641 ‹‹
1439 591 1720 647 Mirabilis
1773 591 1926 646 facta

283 681 373 731 est
403 677 646 734 scientia
673 682 775 734 tua
803 696 871 735 ex
902 696 1014 735 me.
1050 703 1076 729 n
1126 680 1488 737 Manifestius
1520 681 1628 736 hoc
1660 682 1924 754 Symma-

286 766 433 822 chus
469 767 880 845 interpretatus
903 774 1028 826 est:
1067 792 1088 821 ι
1118 772 1592 844 Praetergreditur
1621 787 1714 826 me
1745 771 1928 826 scien-

287 856 370 910 tia
401 861 522 926 tua,
562 879 582 904 ι
619 857 677 910 id
709 861 814 922 est,
850 875 961 913 non
995 877 1235 930 possum
1268 864 1369 915 tua
1400 861 1548 915 scire
1595 865 1836 927 secreta,
1871 862 1928 913 et

287 944 345 998 in
376 945 733 1016 profundum
767 947 1062 1017 sapientia:
1095 954 1205 1003 tua:
1238 966 1403 1004 mens
1436 966 1564 1005 mea
1595 966 1708 1004 non
1743 951 1930 1021 potest

285 1033 544 1089 introire.

363 1144 385 1172 α
424 1123 546 1187 Quo
579 1124 674 1180 ibo
706 1143 739 1180 a
769 1126 975 1196 spiritu
1009 1131 1107 1184 tuo
1135 1129 1163 1183 ‘P
1192 1133 1294 1184 aut
1324 1147 1357 1185 a
1389 1129 1532 1185 facie
1556 1133 1657 1185 tua
1688 1145 1802 1201 quo
1838 1128 1931 1183 fu—

290 1211 445 1282 giam
468 1213 496 1266 ?
529 1235 555 1262 ››
588 1216 888 1279 Quomodo
936 1221 1129 1273 autem
1189 1222 1346 1274 tuam
1406 1235 1646 1290 possum
1678 1235 1934 1289 compre-

292 1300 544 1357 hendere
576 1303 864 1370 notitiam,
899 1323 1033 1361 cum
1068 1307 1127 1361 in
1162 1313 1215 1363 te
1245 1308 1365 1363 sint
1421 1309 1637 1373 omnia,
1675 1307 1934 1378 nihilque

293 1389 370 1444 sit
405 1392 559 1462 quod
618 1396 672 1446 te
733 1395 936 1466 fugiat,
997 1401 1054 1451 et
1097 1396 1312 1469 ubique
1371 1398 1446 1452 sit
1503 1397 1802 1468 spiritus?
1857 1396 1936 1449 Ex

294 1494 409 1550 quo
441 1479 824 1554 intelligimus
858 1488 1036 1538 Deum
1097 1502 1224 1541 esse
1256 1487 1352 1558 qui
1404 1490 1562 1541 totus
1594 1485 1808 1557 ubique
1839 1485 1934 1539 sit.

363 1592 390 1617 ‹‹
425 1568 483 1624 Si
515 1572 830 1626 ascendero
863 1573 921 1626 in
955 1573 1187 1639 coelum,
1219 1580 1278 1629 tu
1331 1575 1409 1630 ibi
1443 1592 1504 1629 es
1557 1593 1569 1641 ;
1630 1574 1677 1629 si
1740 1574 1938 1628 desce-

295 1656 430 1712 dero
463 1659 531 1712 ad
565 1658 880 1726 infernum,
906 1663 1067 1729 ades,
1102 1684 1128 1710 ››
1161 1668 1268 1718 etc.
1300 1663 1471 1718 Nulla
1501 1662 1748 1717 altitudo
1781 1667 1835 1716 te
1858 1660 1938 1716 al-

295 1746 409 1801 tior
442 1763 452 1801 :
489 1746 716 1802 nullum
750 1750 1105 1820 profundum
1138 1755 1192 1807 te
1237 1751 1585 1824 profundius
1615 1769 1626 1806 :
1661 1751 1855 1807 oriens
1886 1755 1942 1806 et

297 1835 566 1890 occidens
594 1836 652 1890 in
686 1839 785 1892 tua
815 1839 1186 1895 continentur
1214 1857 1412 1896 manu.

370 1945 398 1973 «
428 1924 497 1978 Et
526 1923 641 1980 dixi
667 1942 680 1980 ε
705 1926 852 1998 Ergo
883 1929 1133 1984 tenebrae
1165 1930 1592 1985 conculcabunt
1622 1934 1799 1994 me,et
1828 1947 1939 1984 nox

298 2013 396 2069 lux
426 2031 556 2070 mea
586 2016 646 2070 in
703 2016 925 2074 deliciis
959 2021 1127 2076 meis.
1164 2042 1191 2068 »
1226 2021 1287 2074 In
1322 2021 1558 2075 Hebraeo
1589 2037 1798 2075 sensus
1831 2020 1938 2074 iste

297 2107 384 2158 est
443 2120 456 2160 :
509 2128 535 2154 «
591 2105 658 2160 Et
716 2106 854 2173 dixi,
920 2108 1182 2165 Forsitan
1233 2110 1482 2166 tenebrae
1515 2108 1942 2165 conculcabunt

295 2208 387 2248 me
415 2211 427 2260 ;
463 2215 490 2242 ›)
524 2209 553 2249 e
585 2197 874 2252 contrario
906 2202 1100 2253 autem
1133 2216 1245 2254 nox
1285 2198 1414 2270 ipsa
1456 2199 1610 2270 apud
1643 2202 1697 2254 te
1742 2196 1938 2252 lumen

295 2279 423 2347 fuit,
459 2282 598 2354 quia
627 2283 773 2338 nihil
806 2284 989 2341 celare
1020 2290 1076 2340 te
1107 2291 1315 2358 potest.
1358 2288 1520 2350 Quod
1553 2285 1940 2358 Symmachus

298 2369 509 2424 melius
568 2371 982 2442 interpretatus
1040 2379 1128 2429 est
1183 2375 1381 2431 dicens
1417 2392 1427 2428 :
1466 2376 1531 2430 Et
1571 2393 1683 2429 nox
1714 2375 1812 2429 lux
1841 2373 1943 2428 cir-

296 2473 430 2512 cum
465 2475 557 2513 me
588 2460 768 2514 sedet.
806 2481 832 2509 »
866 2462 972 2516 Sed
1033 2467 1089 2516 et
1145 2468 1454 2533 sequentes
1512 2463 1782 2519 versiculi
1833 2463 1942 2517 hoc

298 2544 450 2600 idem
487 2545 837 2618 significant.

377 2656 398 2681 α
435 2633 579 2700 Quia
607 2635 856 2690 tenebrre
891 2655 1005 2694 non
1072 2639 1544 2696 obscurabuntur
1575 2658 1608 2696 a
1637 2645 1712 2707 te,
1746 2645 1802 2695 et
1832 2656 1943 2694 nox

303 2721 472 2792 quasi
499 2722 622 2779 dies
654 2723 1130 2783 illuminabitur:
1174 2729 1326 2784 sicut
1383 2731 1634 2784 tenebrae
1683 2729 1830 2800 ejus,
1865 2729 1946 2783 ita

299 2813 356 2865 et
384 2808 582 2868 lumen
612 2814 759 2884 ejus.
797 2838 824 2863 »
858 2816 919 2870 1d
953 2822 1060 2872 est.
1087 2821 1207 2872 tam
1240 2819 1396 2874 clara
1427 2823 1563 2874 sunt
1595 2819 1944 2890 omnia,quee

303 2904 363 2954 at
393 2904 447 2956 te
479 2899 762 2973 putantur
792 2905 1038 2972 occulta,
1063 2912 1127 2962 ut
1157 2908 1554 2963 manifestiora
1576 2908 1693 2962 sint
1725 2907 1871 2962 luce.

376 3011 403 3038 ‹‹
438 2991 758 3064 Suscepisti
793 3010 886 3048 me
916 2995 986 3050 de
1017 2999 1215 3051 ventre
1249 2996 1456 3052 matris
1488 3013 1648 3051 mea).
1677 3019 1703 3044 »
1737 2996 1949 3060 Quinta

293 3076 478 3134 'editio
510 3079 591 3134 ita
620 3082 922 3136 transtulit
955 3097 968 3136 :
1010 3107 1028 3132 ει
1066 3085 1338 3140 Conflasti
1371 3102 1463 3140 me
1493 3087 1562 3140 de
1591 3089 1789 3140 ventre
1821 3101 1948 3138 ma-

303 3165 410 3221 tris
437 3183 597 3222 meae.
632 3190 659 3220 »

293 3255 296 3258 ’
379 3278 407 3305 α
442 3257 847 3328 Imperfectum
879 3277 1074 3318 meum
1129 3262 1400 3318 viderunt
1425 3263 1604 3324 ,oculi
1635 3263 1742 3318 tui.
1777 3284 1803 3312 »
1841 3263 1951 3316 Im-

307 3344 628 3416 perfectum
688 3348 783 3403 hic
860 3367 961 3421 pro
1023 3351 1406 3424 incomposito
1464 3352 1662 3424 posuit
1720 3368 1733 3406 :
1795 3351 1948 3422 quod

307 3433 480 3490 etiam
513 3436 802 3494 elementa
852 3439 1110 3496 hominis
1162 3447 1475 3513 antequam
1511 3441 1837 3496 formentur
1888 3440 1949 3495 in

307 3527 496 3590 utero,
551 3533 862 3599 cognoscat
922 3531 1088 3586 Deus.
1156 3555 1176 3581 α
1243 3531 1315 3586 Ut
1348 3532 1403 3585 in
1436 3531 1583 3587 libro
1617 3535 1716 3586 tuo
1749 3547 1951 3586 omnes

306 3612 654 3669 scribentur.
713 3637 740 3664 »
783 3618 851 3671 Et
915 3621 1069 3689 quod
1121 3620 1318 3676 nullus
1379 3621 1601 3692 absque
1656 3618 1950 3675 voluntate

307 3702 584 3752 nascatur
616 3699 709 3754 Dei
745 3718 757 3755 :
793 3718 862 3757 ne
894 3704 1206 3777 quisquam
1240 3708 1368 3777 ejus
1423 3707 1688 3764 notitiam
1720 3708 1952 3762 subter-

305 3783 508 3856 fugiat.

381 3895 409 3923 ‹‹
443 3875 575 3931 Dies
607 3875 1037 3952 formabuntur,
1071 3885 1127 3937 et
1168 3899 1338 3938 nemo
1384 3885 1442 3939 in
1475 3886 1578 3940 eis.
1615 3908 1641 3934 ››
1674 3889 1837 3939 Hunc
1870 3883 1952 3939 lo-

313 3979 445 4018 cum
477 3964 865 4036 Symmachus
895 3969 977 4025 ita
1005 3970 1307 4026 transtulit
1341 3989 1353 4026 :
1389 3995 1416 4021 «
1451 3973 1583 4028 Dies
1614 3973 1830 4044 quibus
1848 3973 1956 4027 for-

289 4052 453 4107 ‘mati
485 4059 643 4120 sunt,
677 4072 750 4111 ne
803 4074 921 4114 una
950 4059 1184 4131 quidem
1219 4077 1284 4114 ex
1334 4061 1418 4116 eis
1449 4062 1626 4116 deest.
1689 4083 1717 4109 »
1750 4061 1819 4114 Et
1869 4063 1958 4115 est

315 4157 525 4199 sensus
561 4160 571 4198 :
607 4147 788 4201 Omne
820 4151 1054 4220 tempus
1109 4149 1293 4205 aetatis
1329 4150 1419 4205 cui
1465 4151 1590 4221 jam
1623 4149 1694 4204 ab
1725 4149 1956 4204 exordio

310 4231 440 4285 vitae
471 4231 642 4289 istius
673 4238 813 4290 sunt
842 4237 1133 4294 curricula
1161 4239 1459 4310 deputata,
1509 4242 1664 4294 certo
1713 4240 1825 4293 fine
1857 4238 1955 4292 de-

315 4319 514 4388 currit,
548 4338 653 4376 nec
685 4339 802 4378 una
842 4325 968 4380 dies
998 4332 1098 4382 aut
1127 4327 1260 4399 plus
1292 4332 1395 4383 aut
1425 4328 1622 4384 minus
1653 4331 1741 4383 est
1779 4343 1957 4398 quam

312 4410 375 4464 tu
409 4409 674 4465 conditor
703 4427 830 4468 esse
869 4414 1124 4470 voluisti.
1185 4417 1520 4472 Secundum
1581 4417 1961 4489 Septuaginta

315 4503 511 4554 autem
543 4499 889 4573 interpretes
919 4509 975 4558 et
1033 4503 1294 4561 altiorem
1327 4505 1795 4579 intelligentiam,
1827 4520 1958 4559 sen-

317 4605 421 4644 sus
454 4596 540 4645 est
576 4607 587 4645 :
619 4591 705 4645 Tu
736 4607 940 4648 omnes
969 4592 1028 4647 in
1061 4595 1154 4649 die
1212 4595 1453 4660 formas,
1511 4599 1573 4650 tu
1607 4599 1845 4650 cunctos
1874 4593 1959 4648 vis
1990 4592 2035 4657 D

317 4695 447 4735 esse
474 4679 624 4735 filios
652 4681 889 4748 Dei,sed
918 4681 1117 4738 nullus
1144 4688 1233 4738 est
1260 4683 1318 4738 in
1353 4684 1687 4740 hominibus
1718 4684 1818 4756 qui
1844 4700 1959 4738 non

316 4773 551 4842 peccato
583 4771 870 4827 obnoxius
903 4773 1022 4844 ﬁat,
1073 4778 1129 4827 et
1158 4788 1262 4844 per
1288 4773 1396 4829 hoc
1429 4772 1584 4828 filius
1617 4772 1803 4829 noctis
1835 4788 1962 4827 esse

315 4859 575 4931 incipiat,
611 4876 713 4915 nec
735 4860 1048 4933 quisquam
1081 4878 1281 4917 eorum
1326 4861 1453 4918 luce
1481 4861 1668 4933 ipsius
1700 4860 1812 4916 diei
1844 4864 1962 4915 toto

313 4949 440 5003 vitae
473 4967 590 5004 suae
629 4954 889 5021 tempore
946 4951 1123 5024 digna
1181 4952 1459 5023 perﬁciat.
1522 4950 1682 5005 Unde
1722 4953 1780 5004 et
1810 4954 1961 5020 Apo-

320 5038 508 5094 stolus
539 5040 608 5094 ad
643 5056 742 5095 eos
774 5040 875 5112 qui
907 5039 1007 5095 filii
1069 5041 1256 5096 noctis
1284 5056 1411 5095 esse
1460 5042 1849 5104 cessaverant,
1879 5037 1960 5092 lo-

322 5125 522 5195 quitur
554 5146 566 5184 :
601 5127 715 5185 Nos
745 5133 956 5194 autem,
979 5130 1207 5197 fratres,
1243 5145 1357 5183 non
1390 5143 1596 5183 sumus
1627 5125 1730 5181 ﬁlii
1753 5124 1962 5193 noctis,

322 5213 423 5268 sed
457 5214 562 5270 filii
593 5217 692 5273 Dei
725 5219 769 5290 (1
801 5219 972 5274 Thess.
1003 5236 1056 5283 v,
1086 5219 1160 5286 5).

806 5333 1134 5390 PSALMUS
1193 5332 1472 5389 CXXXIX.

391 5430 621 5502 «Eripe
653 5447 764 5498 me,
800 5433 1062 5498 Domine,
1124 5433 1197 5488 ab
1257 5432 1489 5488 homine
1543 5429 1717 5486 malo.
1779 5450 1805 5478 n
1854 5431 1962 5483 etc.

322 5522 448 5578 Non
473 5521 530 5576 in
561 5524 789 5576 tantum
824 5525 1011 5592 potest
1032 5539 1138 5576 nos
1167 5523 1430 5593 decipere
1460 5518 1748 5586 diabolus,
1783 5533 1966 5588 quan-

323 5615 448 5667 tum
482 5627 586 5682 per
640 5625 926 5682 organum
986 5608 1288 5666 hominis:
1331 5611 1403 5664 ab
1465 5609 1572 5664 hoc
1623 5607 1968 5683 deprecatur

322 5700 606 5774 propheta
633 5697 886 5756 liberari.

1769 337 2187 404 APPENDIX.

1953 478 2006 544 A

3531 333 3676 400 13w

2112 499 2139 525 «
2171 473 2277 540 Qui
2310 474 2707 548 cogitaverunt
2736 471 3074 545 iniquitates
3093 469 3153 530 in
3185 471 3380 529 corde.
3409 492 3440 520 ››
3470 469 3553 528 De
3575 471 3680 527 hie-

2036 565 2230 620 reticis
2261 566 2417 621 dicit.
3007 562 3010 563 ν

2111 679 2137 704 ις
2166 654 2466 710 Venenum
2499 656 2770 726 aspidum
2824 654 2933 710 sub
2983 653 3153 708 labiis
3212 668 3442 708 eorum.
3481 653 3686 716 nouo-

2038 743 2194 798 niam
2227 743 2494 799 videntur
2549 743 2819 798 amicitiai
2874 741 3050 796 verba
3094 739 3326 810 habere,
3379 740 3484 794 sed
3517 739 3688 811 plena

2038 837 2176 888 sunt
2205 849 2446 888 venemo
2479 833 2790 888 mortifero.

2116 945 2136 970 α
2187 923 2360 977 Juxta
2392 924 2501 978 iter
2529 921 2870 977 scandalum
2929 929 3249 992 posuerunt
3304 917 3475 972 mihi.
3513 940 3543 964 ιι
3577 916 3692 973 Hoc

2039 1016 2147 1080 est,
2180 1013 2251 1066 de
2281 1011 2597 1083 Scripturis
2620 1010 2975 1083 proferentes
2995 1007 3491 1079 testimoniaque
3522 1008 3691 1078 quasi

2042 1102 2392 1157 videbantur
2448 1101 2730 1156 rationem
2781 1098 3037 1170 aliquam
3097 1097 3332 1162 habere,
3374 1097 3698 1152 tentabant

2043 1207 2136 1246 me
2165 1192 2449 1262 decipere.

2117 1303 2144 1328 ‹‹
2177 1279 2301 1334 Dixi
2337 1279 2602 1346 Domino,
2634 1279 2786 1334 Deus
2838 1293 3005 1332 meus
3059 1294 3122 1332 es
3181 1281 3261 1331 tu.
3320 1295 3348 1327 ι
3389 1275 3454 1330 Si
3489 1291 3611 1329 non
3645 1291 3704 1330 es

2045 1372 2305 1435 sanctus,
2351 1386 2466 1423 non
2525 1373 2688 1440 potes
2745 1367 2901 1421 hunc
2956 1366 3306 1421 versiculum
3347 1365 3572 1419 dicere.
3608 1363 3705 1418 Cui

2046 1475 2160 1513 non
2193 1463 2395 1529 regnat
2423 1462 2748 1528 peccatum.
2784 1456 2891 1511 hoc
2923 1455 3062 1511 dicit
3121 1473 3133 1510 :
3192 1457 3330 1509 Pars
3359 1469 3489 1508 mea
3523 1454 3706 1507 Domi-

2045 1563 2151 1601 nus
2182 1547 2352 1614 (Psal.
2387 1563 2476 1614 xv,
2508 1547 2585 1618 5).

2121 1660 2148 1685 «
2180 1637 2305 1691 Non
2337 1635 2536 1690 tradas
2569 1651 2680 1705 me,
2713 1633 2976 1702 Domine,
3010 1651 3043 1688 a
3079 1631 3367 1688 desiderio
3401 1647 3540 1686 meo
3573 1646 3707 1703 pec-

2047 1725 2248 1780 catori.
2285 1747 2312 1774 »
2347 1724 2495 1780 Dicit
2523 1724 2820 1796 Scriptura
2853 1740 2864 1778 :
2899 1724 3051 1793 Quod
3079 1725 3129 1777 si
3165 1723 3290 1793 quis
3348 1721 3561 1775 viderit
3587 1736 3707 1774 mu-

1971 1853 2018 1918 Β
2050 1814 2335 1869 lieremad
2362 1813 2865 1883 concupiscendum,
2900 1816 3034 1884 jam
3090 1812 3386 1865 "aeoliam:
3450 1814 3534 1864 est
3588 1825 3708 1863 eam

2063 1905 2072 1914 .
2258 1904 2270 1918 .
2459 1903 2528 1918 ,..
2756 1904 2843 1918 ,πη
2903 1902 2942 1918 η
2990 1917 2999 1918 ,
3246 1899 3287 1918 π
3585 1898 3700 1918 κισ,

2049 1905 2106 1957 in
2133 1904 2300 1958 corde
2328 1919 2422 1957 suo
2455 1903 2659 1973 (Matth.
2695 1919 2729 1953 ν
2756 1904 2867 1972 28).
2903 1902 3049 1972 Ergo
3076 1899 3216 1955 dicit
3246 1899 3546 1970 Propheta
3579 1917 3596 1952 :
3626 1898 3703 1952 Ne

2048 1992 2118 2047 de
2151 1991 2622 2064 concupiscentia
2653 2007 2783 2046 mea
2812 1991 3009 2045 tradas
3041 2005 3133 2044 me
3161 1987 3393 2043 diabolo
3422 2005 3437 2052 ;
3478 1987 3580 2042 sed
3607 1987 3702 2041 be-

2048 2081 2121 2135 de
2152 2080 2292 2135 mihi
2326 2079 2502 2135 habet
2530 2079 2587 2134 in
2621 2079 3101 2151 operejudicare,
3136 2082 3192 2133 et
3217 2093 3333 2133 non
3383 2076 3450 2131 in
3484 2075 3700 2147 cogita-

2048 2169 2224 2224 tione.

2124 2280 2150 2305 ‹‹
2183 2258 2366 2329 Caput
2395 2257 2673 2313 circuitus
2720 2275 2943 2326 eorum,
2978 2257 3141 2312 labor
3199 2255 3498 2311 labiorum
3549 2254 3707 2325 ipso-

2051 2363 2180 2400 rum
2215 2346 2432 2418 operiet
2452 2363 2570 2403 eos.
2595 2369 2622 2396 »
2654 2347 3160 2412 Quemadmodum
3190 2360 3439 2416 serpens
3470 2341 3711 2413 quando

2050 2435 2256 2491 viderit
2286 2435 2541 2508 aliquem
2572 2436 2899 2491 venientem
2956 2439 3029 2490 ad
3087 2433 3564 2507 percutiendum,
3603 2431 3714 2485 cir-

2052 2517 2251 2580 culum
2286 2525 2425 2580 facit
2454 2525 2634 2580 totius
2687 2524 2946 2595 corporis
2977 2523 3087 2590 sui,
3122 2526 3178 2577 et
3215 2522 3273 2576 in
3333 2521 3531 2576 medio
3563 2518 3716 2574 celat

2054 2619 2250 2686 caput,
2284 2615 2383 2670 ubi
2416 2614 2526 2670 scit
2581 2614 2794 2669 habere
2839 2629 2900 2668 se
2929 2611 3107 2667 vitam
3143 2629 3155 2666 :
3191 2610 3271 2666 ita
3303 2614 3361 2665 et
3391 2609 3492 2664 isti
3524 2608 3717 2663 haere-

2054 2703 2152 2758 tici
2186 2720 2287 2775 per
2341 2719 2673 2758 sormonem
2707 2701 3218 2774 philosophorum,
3251 2703 3310 2754 et
3347 2696 3715 2764 Aristotelis,

2056 2797 2114 2848 et
2145 2797 2481 2848 caaterorum
2513 2792 2784 2848 videntur
2807 2808 2868 2847 se
2899 2791 3258 2846 abscondere
3288 2793 3344 2844 et
3372 2787 3541 2858 quasi
3566 2803 3717 2858 pro-

2055 2885 2247 2954 tegere
2276 2886 2364 2937 est
2393 2882 2718 2937 defendere.
2753 2879 2862 2936 Sed
2922 2878 3352 2936 ecclesiasticus
3404 2875 3493 2930 vir
3522 2874 3714 2947 quasi

2057 2971 2116 3025 in
2147 2971 2327 3043 virga,
2362 2971 2470 3026 hoc
2501 2975 2588 3025 est
2645 2970 2701 3024 in
2762 2985 2950 3038 cruce,
2984 2967 3157 3023 solvit
3187 2967 3496 3032 circulum,
3529 2969 3594 3019 et
3621 2965 3720 3018 in-

2058 3059 2212 3114 venit
2251 3064 2426 3131 caput
2454 3059 2662 3125 latens,
2699 3062 2755 3113 et
2811 3058 2890 3113 ibi
2922 3074 3056 3112 eum
3114 3055 3388 3128 percutit,
3433 3055 3543 3109 hoc
3609 3057 3723 3120 est,

2060 3148 2461 3202 testimonium
2497 3149 2713 3219 profert
2743 3148 2814 3202 de
2843 3146 3179 3219 Scripturis.

2137 3258 2164 3286 «
2197 3237 2554 3292 Habitabunt
2583 3237 2720 3291 recti
2753 3253 2888 3292 cum
2916 3235 3080 3291 vultu
3113 3239 3233 3291 tuo.
3293 3256 3320 3283 »
3365 3231 3591 3287 Vultus
3627 3231 3722 3287 Dei

2060 3326 2201 3397 quid
2233 3330 2322 3381 est
2351 3324 2465 3380 nisi
2495 3325 2761 3380 Christus
2783 3325 2812 3380 ?
2844 3347 2872 3374 »
2905 3326 3011 3392 Qui
3037 3342 3148 3380 non
3177 3325 3446 3395 rapinam
3477 3323 3725 3376 arbitra-

2059 3421 2145 3469 tus
2173 3418 2249 3470 est
2280 3430 2392 3470 esse
2419 3429 2476 3469 se
2502 3415 2774 3485 aequalem
2804 3418 2916 3470 Deo
2947 3414 3210 3485 (Philipp.
3245 3430 3304 3479 Il,
3344 3412 3424 3482 6).

2633 3548 2956 3604 PSALMUS
2987 3547 3136 3603 CXL.

2136 3669 2158 3696 ι
2195 3645 2461 3712 Domine;
2493 3645 2738 3701 clamavi
2770 3646 2841 3700 ad
2873 3648 2951 3715 te,
2983 3642 3186 3699 exaudi
3248 3659 3366 3697 me.
3427 3663 3458 3690 η
3492 3641 3722 3712 Moyses

2061 3736 2254 3792 stabat
2283 3752 2419 3790 cum
2451 3733 2686 3807 populo,
2719 3738 2776 3790 et
2806 3733 3027 3790 Pharao
3049 3732 3405 3804 sequebatur
3432 3735 3569 3803 post
3599 3737 3723 3785 ter-

2062 3841 2203 3897 gum
2235 3825 2383 3896 ejus,
2415 3828 2471 3879 et
2508 3823 2770 3895 undique
2827 3821 3102 3895 angustia
3155 3820 3241 3875 illi
3298 3826 3448 3876 erat.
3512 3821 3575 3875 In
3628 3818 3722 3874 illo

2061 3919 2322 3986 tempore
2350 3913 2708 3985 lacrymatus
2729 3916 2818 3968 est
2848 3913 2920 3967 ad
2943 3911 3225 3967 Deum.Et
3249 3911 3533 3965 continuo
3564 3909 3722 3964 Deus

2065 4004 2136 4058 ad
2172 4020 2306 4058 eum
2341 4019 2354 4058 :
2389 4003 2536 4068 Quid
2569 4001 2787 4057 clamas
2846 4001 2918 4056 ad
2948 4000 3084 4056 me?
3118 4001 3264 4055 Dum
3316 4015 3452 4054 cum
3484 3997 3724 4054 silentio

2067 4093 2289 4159 orabat,
2323 4093 2562 4147 auditus
2593 4095 2701 4146 est.
2733 4091 3032 4162 Scriptura
3061 4093 3258 4145 autem
3299 4104 3408 4144 non
3438 4085 3724 4142 meminit

2068 4181 2222 4251 quod
2251 4179 2480 4236 locutus
2512 4179 2609 4245 sit,
2643 4179 2745 4234 sed
2779 4184 3004 4234 tantum
3035 4179 3192 4250 quod
3225 4178 3570 4248 lacrytnatus
3603 4175 3718 4229 sit.

2070 4273 2135 4324 Et
2165 4268 2407 4341 sanguis
2438 4273 2761 4340 martyrum
2786 4283 3016 4339 semper
3037 4265 3256 4324 clamat
3282 4267 3352 4322 ad
3369 4264 3724 4331 Dominum,

2051 4358 2128 4413 et
2158 4357 2487 4413 exauditur.
2523 4358 2594 4413 Et
2621 4357 2908 4412 Dominus
2934 4355 3169 4411 locutus
3217 4359 3308 4410 est
3337 4354 3480 4410 Cain
3517 4371 3532 4408 :
3564 4354 3724 4409 San-

2057 4449 2190 4516 guis
2219 4447 2411 4518 fratris
2441 4451 2526 4500 tui
2556 4446 2755 4500 clamat
2794 4445 2870 4501 ad
2898 4461 2986 4500 me
3015 4443 3165 4515 (Gen.
3224 4461 3300 4513 1v,
3364 4444 3478 4514 10).
3537 4446 3606 4496 Et
3666 4444 3725 4496 in

2067 4534 2413 4608 Apocalypsi
2444 4535 2707 4601 Joannis,
2737 4535 2946 4590 animae
2968 4535 3270 4606 justorum
3300 4531 3414 4587 sub
3445 4529 3621 4587 altari
3639 4530 3727 4585 di-

2068 4626 2276 4680 cebant
2305 4625 2376 4679 ad
2407 4623 2718 4679 Dominum
2755 4639 2768 4677 :
2804 4625 3103 4694 Usquequo,
3162 4622 3412 4692 Domine,
3469 4636 3586 4675 non
3631 4635 3727 4675 nos

2071 4713 2314 4785 defendis
2359 4714 2558 4784 (Apoc.
2604 4728 2681 4777 v1,
2732 4712 2866 4780 10)?
2909 4710 3091 4766 Simul
3140 4715 3338 4765 autem
3388 4709 3728 4765 consider-er-

2074 4820 2208 4859 mus
2238 4803 2376 4874 quia
2405 4802 2615 4857 animaa
2667 4801 2964 4872 justorum
3024 4799 3234 4856 altaria
3275 4802 3418 4854 sunt
3463 4797 3726 4854 Domini.

2079 4915 2099 4941 α
2137 4892 2377 4948 Intende
2404 4891 2528 4947 voci
2561 4907 2723 4956 meae,
2779 4905 2912 4944 cum
2971 4887 3293 4944 clamavero
3324 4888 3400 4943 ad
3429 4892 3514 4942 te.
3548 4910 3580 4937 ν
3614 4887 3729 4942 Hoc

2075 4985 2188 5051 est,
2224 4980 2354 5036 vide
2375 4983 2432 5035 et
2464 4979 2788 5044 considera,
2820 4995 2853 5034 ο
2884 4977 3152 5045 Domine,
3200 4976 3342 5047 quid
3369 4980 3508 5048 peto
3539 4994 3554 5032 :
3582 4991 3729 5048 quo-

2076 5071 2233 5125 niam
2267 5086 2382 5125 non
2413 5072 2544 5141 peto
2569 5065 2852 5140 corporali
2887 5065 3196 5134 desiderio,
3225 5069 3329 5121 aut
3356 5081 3602 5134 aurum,
3635 5067 3730 5121 aut

2074 5159 2190 5214 tale
2208 5156 2429 5230 aliquid
2451 5155 2826 5229 hujusmodi:
2853 5155 2954 5211 sed
2976 5158 3043 5210 ut
3070 5153 3544 5210 misericordiam
3569 5159 3729 5210 tuam

2076 5262 2419 5317 consequar.
2480 5245 2787 5317 Propterea
2839 5243 3003 5313 dicit,
3033 5243 3280 5310 intende,
3314 5242 3424 5299 hoc
3452 5248 3570 5308 est,
3593 5241 3730 5297 dili-

2076 5338 2278 5408 genter
2308 5333 2464 5402 audi,
2496 5334 2635 5406 quia
2665 5332 2812 5389 nihil
2842 5331 3096 5388 alienum
3127 5336 3284 5404 peto.

2150 5446 2177 5472 «
2213 5423 2501 5494 Dirigatur
2531 5423 2712 5478 oratio
2744 5439 2893 5493 mea,
2937 5421 3087 5477 sicut
3138 5421 3448 5476 incensum
3506 5420 3573 5476 in
3605 5436 3728 5477 con-

2079 5516 2280 5583 spectu
2311 5518 2432 5566 tuo.
2468 5534 2496 5561 »
2527 5515 2645 5566 Hoc
2674 5515 2780 5580 est,
2815 5513 2972 5567 recta
3008 5511 3080 5565 ad
3113 5513 3168 5566 te
3197 5509 3505 5582 perveniat
3550 5511 3723 5567 oratio

2079 5617 2232 5668 mea,
2290 5617 2406 5657 non
2437 5600 2659 5657 habens
2687 5599 2914 5672 aliquas
2972 5600 3195 5670 sordes,
3254 5604 3357 5656 aut
3413 5599 3583 5671 vitia,
3630 5600 3722 5655 aut

2077 5690 2458 5763 cogitationes
2491 5688 2826 5750 diabolicae.
2858 5690 3170 5748 Incensum
3199 5691 3399 5747 autem
3431 5686 3722 5748 orationéo
