3992 6194
286 436 443 505 1309

1461 437 1956 503 BREVIARIUM
1997 438 2077 502 IN
2124 439 2507 505 PSALMOS.

3532 434 3691 501 1310

282 576 627 632 sanctorum
660 576 822 632 sunt.
857 575 977 631 Hoc
1005 578 1199 632 autem
1240 573 1652 648 cognoscimus
1691 574 1763 631 de
1782 574 1931 645 Apo-
1961 572 2018 642 Α
2047 573 2259 631 mulier
2284 574 2442 631 venit
2469 575 2543 631 ad
2571 589 2686 646 me,
2710 572 2841 647 ipsa
2861 573 3040 643 misit,
3064 574 3193 648 ipsa
3216 590 3308 632 me
3328 572 3540 647 tetigit,
3561 572 3694 646 ipsa

284 662 527 735 calypsi,
560 664 795 735 quando
826 664 1033 737 viginti
1078 668 1327 737 quatuor
1372 663 1630 720 seniores
1660 662 1937 719 tenebant

284 750 606 821 thuribula,
640 757 696 808 et
725 753 1033 810 dicebant:
1079 755 1202 812 Haec
1244 762 1371 810 sunt
1416 755 1684 810 orationes
1720 755 1931 807 sancto-

288 859 412 898 rum
438 842 620 914 (Apoc.
652 859 708 913 v,
739 844 816 913 8).
855 864 877 894 ι
921 842 1171 900 Elevatio
1215 859 1502 900 manuum
1549 858 1816 899 mearum
1846 857 1936 897 sa-

286 930 573 988 crificium
632 932 1054 1004 vespertinum.
1103 955 1123 981 ι
1174 932 1431 990 Elevatio
1483 947 1767 989 manuum
1825 935 1936 986 Do-

288 1019 518 1077 minum
576 1020 962 1085 demonstrat,
1022 1026 1080 1078 et
1135 1022 1194 1077 in
1270 1021 1591 1078 elevations
1649 1035 1933 1076 manuum

288 1109 614 1165 Creatorem
645 1109 939 1166 videmus.
971 1110 1115 1166 Vide
1163 1116 1381 1179 autem,
1433 1110 1574 1183 quia
1621 1126 1735 1165 non
1767 1108 1934 1176 dixit,

287 1198 549 1255 extensio
580 1215 864 1255 manuum
896 1216 1180 1256 mearum.
1214 1200 1482 1257 Extensio
1511 1199 1668 1256 enim
1701 1215 1815 1255 non
1849 1200 1940 1255 est

287 1286 548 1342 elevatio.
602 1288 715 1356 Sed
764 1289 1024 1345 extendit
1069 1288 1308 1362 aliquis,
1336 1294 1394 1345 et
1439 1293 1573 1362 post
1595 1293 1849 1360 tergum,
1880 1290 1939 1343 et

288 1374 348 1430 in
401 1374 579 1444 latus,
629 1376 739 1433 hoc
780 1382 889 1447 est,
922 1378 981 1434 in
1036 1378 1213 1435 vitia:
1268 1378 1765 1450 quemadmodum
1797 1376 1938 1431 dicit

285 1464 608 1522 Dominus:
641 1468 704 1522 Et
734 1468 954 1539 quando
982 1469 1344 1525 extenderitis
1387 1468 1458 1524 ad
1504 1483 1593 1523 me
1628 1482 1826 1522 manus
1848 1480 1937 1521 ve-

284 1561 446 1625 stras,
476 1571 588 1611 non
632 1555 933 1612 exaudiam
990 1574 1082 1613 vos
1137 1558 1266 1627 (Isa.
1299 1575 1339 1624 ι,
1375 1558 1482 1628 15).
1516 1580 1543 1607 ‹‹
1574 1554 1937 1612 Sacrificium

285 1645 711 1716 vespertinum,
755 1668 785 1693 ››
843 1646 1156 1702 undecima
1186 1646 1348 1714 hora,
1410 1648 1465 1702 id
1526 1651 1615 1702 est
1664 1645 1722 1699 in
1753 1644 1937 1699 Evano

287 1732 457 1807 gelio,
489 1732 612 1791 levo
639 1752 851 1792 manus
883 1751 1064 1792 meas.
1099 1739 1166 1791 Et
1202 1737 1416 1792 iterum
1447 1734 1797 1808 Apostolus:
1832 1734 1940 1789 Le-

288 1831 412 1879 vate
440 1840 637 1880 manus
684 1834 885 1881 vestras
938 1826 1009 1881 ad
1064 1828 1342 1882 orationes
1392 1828 1442 1894 (Ι
1500 1827 1633 1881 Tim.
1667 1841 1729 1891 ιι,
1763 1824 1839 1894 8).
1873 1826 1940 1876 Et

2044 662 2189 719 mihi
2219 661 2363 718 illud
2398 662 2562 733 dixit,
2602 662 2732 734 ipsa
2760 680 2852 719 me
2897 663 3142 735 vocavit,
3190 668 3249 720 et
3296 681 3399 737 pro
3444 678 3559 736 quo
3588 663 3688 718 de-

2044 754 2361 810 bueramus
2392 752 2793 825 paenitentiam
2835 768 3005 826 agere
3053 757 3111 808 et
3161 754 3386 810 dicere:
3420 752 3686 819 Domine,

2043 841 2295 914 peccavi,
2327 858 2698 907 excusemus,
2730 846 2787 897 et
2807 842 3119 916 jungimus
3150 846 3385 914 peccata
3408 840 3684 914 peccatis.

2043 931 2284 1003 Equale
2330 948 2542 1003 corpus
2598 931 2885 987 habemus
2943 947 3148 987 omnes
3204 929 3462 986 diversos
3492 934 3688 985 autem

2044 1019 2295 1076 labores.
2328 1023 2450 1076 Non
2480 1024 2559 1076 est
2587 1036 2944 1092 personan
2990 1028 3241 1091 acceptor
3291 1020 3430 1075 Deus
3460 1018 3595 1089 (Act.
3628 1035 3685 1084 x,

2046 1111 2157 1179 34).
2190 1109 2293 1164 Vis
2325 1125 2460 1182 ergo
2486 1108 2634 1164 scire
2663 1108 2815 1180 quod
2850 1108 3072 1180 aequale
3101 1108 3389 1164 habemus
3417 1111 3476 1162 et
3506 1122 3613 1162 nos
3634 1110 3692 1161 et

2046 1199 2236 1256 sancti
2265 1202 2521 1271 corpus?
2565 1197 2784 1254 Paulus
2834 1196 3148 1270 Apostolus
3193 1196 3372 1252 dicit:
3411 1194 3567 1252 Video
3595 1210 3693 1249 au-

2043 1291 2151 1345 tem
2196 1289 2372 1344 aliam
2419 1288 2592 1358 legem
2636 1291 3033 1359 repugnantem
3081 1288 3194 1356 legi
3226 1287 3424 1341 mentis
3451 1298 3612 1350 meae,
3642 1290 3694 1339 et

2043 1379 2411 1449 captivantem
2465 1392 2553 1432 me
2608 1378 2669 1430 in
2726 1377 2843 1445 lege
2886 1378 3093 1448 peccati
3121 1376 3297 1447 (Rom.
3347 1389 3445 1443 vn,
3476 1374 3590 1441 23).
3622 1373 3693 1427 Et

2046 1468 2258 1523 iterum
2290 1470 2423 1539 post
2460 1465 2619 1521 hinc:
2667 1467 2966 1537 Propterea
3011 1467 3220 1534 castigo
3262 1478 3457 1535 corpus
3504 1478 3691 1516 meum

2046 1560 2100 1610 et
2120 1557 2183 1610 in
2236 1555 2557 1611 servitutem
2600 1556 2851 1624 subiicio,
2905 1572 2977 1609 ne
3039 1556 3169 1609 aliis
3215 1553 3548 1625 praedicans,
3579 1552 3695 1622 ipse

2049 1645 2309 1717 reprobus
2338 1646 2593 1699 inveniar
2623 1646 2671 1710 (I
2697 1644 2817 1700 Cor.
2878 1660 2955 1711 ix,
3003 1645 3118 1714 27).
3177 1646 3245 1697 Bt
3297 1642 3513 1698 iterum
3542 1657 3554 1695 :
3587 1640 3691 1695 Mi-

2046 1750 2135 1791 ser
2169 1750 2263 1805 ego
2294 1734 2471 1805 homo,
2501 1735 2625 1805 quis
2664 1749 2756 1789 me
2809 1733 3069 1788 liberabit
3127 1732 3199 1787 de
3253 1745 3475 1801 corpore
3504 1729 3694 1783 mortis

2046 1822 2210 1887 huius
2239 1824 2417 1894 (Rom.
2457 1839 2557 1888 vn,
2583 1822 2723 1891 21:)?
2770 1821 3037 1877 Diversos
3067 1832 3204 1893 ergo
3234 1818 3465 1875 labores
3521 1816 3695 1873 habe-

289 1911 518 1984 Moyses
565 1914 801 1985 quando
858 1912 1086 1970 levabat
1140 1931 1375 1979 manus,
1431 1914 1699 1970 vincebat
1723 1913 1935 1969 Jesus:
1968 1946 2016 2012 Β
2049 1928 2202 1967 mus.
2234 1912 2304 1966 Et
2357 1916 2645 1982 quantum
2703 1911 2834 1982 quis
2890 1910 3135 1976 laborat,
3195 1912 3425 1964 tantum
3454 1909 3513 1962 et
3542 1920 3689 1977 pre-

288 2002 526 2072 quando
555 2002 901 2074 deponebat,
932 2003 1273 2060 vincebatur
1302 2003 1496 2074 (Exod.
1545 2019 1684 2071 xvn,
1719 2001 1834 2072 11).
1874 2000 1934 2056 Si

289 2086 554 2160 intelligo
610 2090 946 2161 Scripturas
1003 2091 1330 2148 secundum
1390 2090 1692 2146 historiam
1756 2093 1815 2145 et
1844 2104 1934 2144 se-

287 2178 550 2233 cundum
607 2178 886 2246 litteram,
943 2178 1171 2251 Moyses
1225 2179 1501 2234 deorsum
1577 2177 1753 2233 habet
1809 2194 1935 2234 ma-

286 2282 418 2323 nus.
451 2266 509 2320 Si
540 2270 740 2322 autem
773 2266 1179 2338 spiritualiter,
1218 2266 1405 2323 elevat
1454 2283 1666 2323 manus
1714 2280 1853 2325 suas
1877 2267 1936 2322 in

288 2352 498 2412 altum.

359 2483 388 2511 ‹‹
421 2465 594 2529 Pone,
646 2462 909 2528 Domine,
961 2462 1289 2518 custodiam
1340 2463 1427 2518 ori
1480 2478 1629 2519 meo.
1661 2482 1691 2515 ι
1726 2462 1864 2518 Mors
1890 2465 1941 2517 et

286 2551 402 2606 vita
423 2552 484 2607 in
504 2551 763 2606 manibus
791 2552 1012 2624 lingua:
1040 2552 1221 2617 (Prov.
1253 2568 1416 2623 xvm,
1450 2553 1562 2622 22).
1589 2552 1660 2606 Et
1684 2551 1897 2607 iterum
1924 2568 1938 2606 :

288 2640 461 2696 Amen
506 2638 626 2695 dico
682 2640 874 2702 vobis;
932 2642 1194 2711 quoniam
1251 2640 1319 2696 de
1377 2641 1529 2695 omni
1573 2642 1740 2697 otioso
1782 2639 1941 2695 verba

295 2728 434 2800 quod
464 2729 637 2785 locuti
659 2730 899 2799 fueritis,
930 2728 1170 2784 reddetis
1217 2731 1491 2785 rationem
1538 2731 1599 2784 in
1628 2728 1717 2784 die
1736 2727 1943 2800 judicii

292 2816 506 2889 (Matth.
539 2833 637 2883 xu,
668 2818 779 2884 36).
814 2817 932 2872 Hoc
951 2831 1087 2889 ergo
1109 2816 1368 2889 postulat
1398 2818 1704 2890 Propheta,
1737 2821 1802 2872 ut
1823 2832 1943 2873 om-

290 2921 368 2962 ne
389 2905 543 2977 quod
561 2904 840 2978 loquitur,
856 2922 970 2962 non
994 2905 1072 2961 sit
1092 2906 1367 2973 otiosum,
1386 2908 1484 2963 sed
1505 2911 1773 2963 sanctum
1788 2904 1943 2962 etdiv

297 3010 480 3066 gnum
509 3000 639 3050 Deo.
673 3018 700 3044 «
726 2995 795 3050 Et
816 2994 1028 3050 ostium
1054 2995 1508 3051 circumstantiae
1529 2995 1700 3051 labiis
1719 2994 1887 3049 meis.
1916 3014 1943 3041 »

300 3083 530 3139 Ostium
580 3082 1036 3139 circumstantiae
1094 3083 1261 3155 quasi
1323 3100 1557 3139 murum
1606 3083 1664 3138 in
1696 3082 1944 3139 circuitu

301 3172 476 3227 istius
506 3173 719 3228 domus
745 3170 1025 3244 postulat,
1056 3175 1123 3228 ut
1170 3172 1231 3227 in
1281 3172 1441 3228 nullo
1483 3172 1769 3228 vincatur.
1801 3172 1949 3227 Dicit

2048 1999 2232 2056 mium
2260 2000 2526 2071 accipiet.

2124 2128 2145 2156 α
2181 2110 2248 2162 Et
2276 2123 2409 2162 cum
2442 2106 2783 2162 hominibus
2808 2105 3189 2178 operantibus
3236 2102 3630 2175 iniquitatem.
3662 2122 3692 2152 »

2046 2199 2126 2251 Ex
2157 2196 2458 2252 communi
2484 2194 2874 2251 subauditur:
2911 2210 3023 2249 non
3076 2191 3330 2249 declines
3368 2207 3466 2247 cor
3495 2207 3693 2246 meum

2048 2301 2182 2341 cum
2214 2284 2554 2340 hominibus
2585 2283 2964 2355 operantibus
2991 2281 3383 2354 iniquitatem.
3419 2302 3447 2329 «
3477 2280 3550 2335 Et
3579 2295 3695 2335 non

2048 2372 2498 2431 communicabo
2528 2389 2661 2428 cum
2695 2372 2893 2428 electis
2918 2388 3143 2427 eorum.
3179 2391 3209 2420 »
3228 2370 3391 2426 Sicut
3415 2368 3697 2425 Dominus

2048 2463 2227 2519 habet
2254 2462 2469 2518 electos
2491 2465 2747 2529 sanctos,
2772 2461 2853 2516 ita
2873 2464 2930 2515 et
2963 2458 3229 2515 diabolus
3275 2458 3451 2514 habet
3482 2456 3697 2512 electos

2050 2569 2210 2609 suos.
2244 2550 2506 2622 Intellige
2538 2549 2683 2605 mihi
2713 2550 3006 2622 principes
3043 2548 3471 2616 haereticorum,
3505 2549 3562 2601 et
3590 2556 3697 2601 nos

2052 2639 2348 2696 dubitabis
2379 2640 2450 2694 de
2480 2638 2679 2695 electis
2709 2652 2933 2694 eorum.
2976 2637 3037 2693 Si
3094 2637 3250 2693 enim
3308 2630 3550 2693 dixisset
3579 2633 3701 2690 sle-

2051 2733 2197 2797 ctos,
2230 2732 2287 2785 et
2316 2744 2432 2783 non
2482 2744 2616 2782 cum
2671 2726 3181 2794 subdistinctione,
3241 2740 3467 2795 eorum,
3500 2722 3700 2779 exclu-

2052 2817 2229 2874 sisset
2256 2816 2470 2872 electos
2500 2816 2623 2871 Dei.
2659 2816 3082 2871 Communicabo
3130 2812 3438 2885 dupliciter
3482 2810 3698 2867 intelli-

2051 2906 2210 2980 gitur
2234 2924 2247 2961 :
2270 2910 2373 2960 aut
2396 2904 2781 2973 consentiam,
2819 2908 2920 2959 aut
2956 2903 3251 2959 secundus
3275 2901 3432 2972 liam,
3455 2900 3565 2955 hoc
3589 2903 3698 2968 est,

2052 2994 2417 3050 immundus.
2450 2992 2623 3049 Scitis
2652 2991 2809 3048 enim
2842 2991 3204 3063 Scripturam
3242 2990 3359 3046 duo
3388 2988 3699 3045 immunda

2052 3100 2274 3140 vocare.
2306 3082 2457 3137 Dicit
2486 3080 2843 3154 Apostolus:
2905 3082 2968 3138 Ut
3019 3079 3325 3153 confundat
3379 3081 3696 3150 utrumque,

2054 3171 2165 3227 hoc
2194 3176 2305 3241 est,
2361 3171 2495 3227 duos
2550 3172 2795 3227 homines
2852 3172 2915 3225 in
2949 3186 3124 3225 unum
3172 3184 3375 3224 novum
3422 3167 3699 3225 hominem

303 3261 457 3316 enim
488 3260 816 3317 Jeremias:
862 3265 1009 3319 Mors
1057 3263 1293 3316 intravit
1315 3278 1418 3333 per
1443 3264 1712 3333 fenestras
1744 3269 1945 3317 vestras
1976 3310 2018 3333 η
2056 3262 2274 3333 (Ephes.
2309 3278 2370 3328 ιι,
2407 3261 2493 3329 14,
2530 3261 2636 3329 15).
2670 3260 2828 3315 Duos
2869 3258 3207 3315 interiorem
3249 3262 3309 3314 et
3335 3257 3704 3327 exteriorem,

307 3310 457 3316 ”“’“”“
489 3310 776 3317 ⁷“”“”“““’”“’
803 3310 816 3315 ⁷
862 3310 1005 3319 ⁸⁵⁸⁵⁷⁷⁷
1059 3310 1152 3315 ’⁷⁷⁷⁷
1177 3310 1287 3316 ⁷⁷⁷⁷⁷
1315 3310 1398 3333 Γ’“
1443 3310 1629 3333 I"""'
1651 3310 1707 3317 "'
1745 3310 1863 3317 "'""
1884 3310 1941 3317 "'
2059 3310 2274 3333 \_r""'
2310 3310 2370 3328 "'
2410 3310 2493 3329 "3
2533 3310 2635 3329 "l'
2670 3310 2825 3315 *τ’*
2873 3310 3207 3315 '""""""
3255 3310 3305 3314 "
3340 3310 3703 3327 """""""

299 3351 526 3409 (Jerem.
572 3366 652 3419 Ix,
700 3350 812 3418 21).
867 3349 1175 3405 Fenestras
1222 3354 1416 3406 autem
1457 3350 1745 3406 habemus
1770 3351 1944 3423 quin-
1976 3310 2019 3378 θ
2056 3351 2166 3407 hoc
2196 3354 2307 3415 est,
2339 3349 2715 3405 immundum
2766 3348 2977 3404 faciam
3029 3350 3321 3404 sanctum.
3356 3348 3423 3403 Et
3450 3349 3703 3402 iterum:

302 3454 439 3509 que,
472 3438 581 3494 hoc
637 3441 747 3506 est,
774 3438 991 3507 visum,
1019 3438 1309 3510 auditum,
1342 3443 1603 3512 gustum,
1637 3440 1944 3495 odoratum

293 3530 352 3581 et
374 3530 619 3582 tactum.
654 3527 708 3581 Si
733 3542 869 3599 ergo
889 3526 1087 3582 videro
1109 3526 1417 3584 mulierem
1440 3529 1513 3584 ad
1536 3528 1947 3601 concupiscen-

290 3615 431 3670 dum
466 3631 616 3682 eam,
638 3616 765 3687 jam
798 3615 1125 3671 moechatus
1169 3632 1302 3672 sum
1350 3632 1479 3672 eam
1510 3614 1569 3672 in
1612 3618 1785 3672 corde
1815 3632 1944 3673 meo

287 3704 498 3773 (Matth.
558 3722 615 3772 v,
670 3705 783 3775 28),
843 3709 901 3760 et
953 3704 1198 3760 intravit
1253 3722 1417 3761 mors
1468 3723 1571 3778 per
1629 3708 1944 3762 fenestram

289 3806 505 3871 meam,
534 3791 645 3847 hoc
673 3797 762 3847 est
791 3809 893 3864 per
934 3793 1148 3847 visum.
1182 3793 1242 3847 Si
1291 3794 1456 3863 tibia,
1498 3798 1599 3849 aut
1627 3809 1936 3865 organum,

290 3883 393 3935 aut
422 3879 688 3934 calamus
718 3882 889 3952 quasi
920 3879 1204 3937 dissolvat
1225 3898 1338 3949 me,
1372 3898 1530 3938 mors
1569 3883 1808 3939 intravit
1838 3898 1941 3956 per

291 3967 559 4023 auditum
592 3983 811 4023 meum.
843 3968 901 4022 Si
934 3973 1130 4025 autem
1160 3969 1381 4041 aliquid
1406 3968 1579 4025 molle
1604 3974 1865 4043 tangam,
1889 3977 1947 4028 et

292 4057 484 4112 solvar
511 4056 772 4128 corporis
804 4056 1066 4123 mollitie,
1101 4073 1261 4113 mors
1313 4058 1554 4113 intravit
1597 4074 1699 4132 per
1724 4064 1943 4115 tactum

292 4159 511 4212 meum,
543 4149 603 4201 et
629 4150 841 4200 caetera
891 4145 1185 4201 similiter.
1236 4148 1386 4220 Ergo
1438 4147 1781 4219 deprecatur
1808 4153 1947 4205 Pro-

289 4234 465 4307 pheta
493 4234 712 4290 ostium
745 4235 1221 4302 circumstantiaa,
1254 4236 1363 4292 hoc
1394 4241 1500 4305 est,
1547 4241 1614 4291 ut
1643 4237 1946 4294 muniatur

288 4326 412 4377 tota
439 4322 569 4392 ejus
598 4323 833 4391 domus,
863 4328 921 4378 et
964 4339 1079 4379 non
1124 4324 1337 4380 habent
1386 4325 1757 4380 adversarius
1790 4326 1943 4381 unde

290 4408 660 4483 ingrediatur
686 4412 746 4464 et
774 4410 1110 4466 dominetur
1139 4412 1500 4468 hominibus.
1533 4413 1759 4468 Dicitur
1781 4412 1940 4467 enim

290 4498 351 4554 in
382 4496 642 4571 Epistula
671 4498 857 4553 sancti
900 4497 1049 4553 Petri
1078 4514 1090 4552 :
1142 4500 1501 4555 Adversarius
1547 4508 1727 4556 noster
1752 4500 1941 4556 diabo-

292 4589 379 4643 lus
404 4589 548 4643 sicut
577 4587 658 4642 leo
714 4588 935 4658 rugiens
989 4588 1207 4658 circuit,
1261 4603 1513 4659 querens
1541 4604 1699 4660 quem
1727 4589 1941 4644 devoret

2052 3440 2172 3496 Noe
2191 3442 2250 3494 in
2274 3455 2432 3505 area,
2460 3438 2684 3494 munda
2715 3441 2956 3509 septena
2979 3436 3306 3513 introduxit
3326 3451 3527 3493 secum
3553 3452 3565 3488 :
3590 3434 3700 3490 im-

2055 3529 2278 3585 munda
2308 3531 2502 3583 autem
2534 3527 2651 3583 duo
2682 3530 2739 3582 et
2765 3526 2882 3583 duo
2911 3525 3068 3598 (Gen.
3100 3541 3198 3591 vn,
3229 3524 3309 3595 2).

2126 3658 2153 3685 ‹‹
2187 3632 2475 3706 Corripiet
2504 3649 2598 3689 me
2625 3634 2827 3705 justus
2858 3633 2917 3688 in
2958 3630 3378 3698 misericordia,
3416 3634 3473 3686 et
3514 3629 3702 3685 incre-

2055 3724 2218 3797 pabit
2248 3739 2361 3778 me.
2392 3745 2420 3774 »
2457 3724 2626 3791 Quem
2677 3723 2864 3793 diligit
2905 3720 3185 3789 Dominus,
3234 3721 3500 3791 corripit:
3533 3721 3703 3775 casti-

2052 3822 2145 3886 gat
2173 3818 2359 3868 autem
2384 3827 2603 3869 omnem
2634 3813 2814 3877 ﬁlium
2840 3827 3001 3882 quem
3029 3811 3224 3882 recipit
3271 3810 3453 3881 (Hebr.
3488 3826 3588 3876 xu,
3621 3809 3700 3879 6).

2054 3902 2268 3957 Beatus
2300 3904 2391 3957 est
2420 3901 2521 3974 qui
2563 3899 2895 3974 corripitur,
2937 3914 3053 3955 non
3108 3898 3391 3954 retribuet
3419 3896 3703 3953 Dominus

2053 3990 2145 4046 bis
2176 3991 2235 4045 in
2267 3989 2525 4061 idipsum
2557 3989 2821 4059 (Nahum,
2857 3990 2907 4058 1,
2961 3986 3039 4058 9).
3099 3984 3309 4058 Magna
3364 3988 3453 4040 est
3486 3984 3573 4039 ira
3601 3982 3705 4040 Dei

2054 4078 2288 4150 quando
2322 4094 2435 4133 non
2468 4077 2637 4133 nobis
2668 4076 2959 4133 irascitur.
2975 4075 3250 4131 Reservat
3280 4072 3437 4129 enim
3462 4089 3568 4128 nos
3588 4073 3702 4129 sic-

2054 4174 2121 4222 ut
2145 4166 2393 4223 vitulum
2418 4166 2476 4221 in
2499 4165 2877 4221 occisionem.
2922 4164 3008 4219 Ad
3052 4160 3378 4218 Jerusalem
3424 4161 3582 4217 enim
3613 4161 3702 4217 di-

2052 4255 2166 4311 cit:
2199 4254 2380 4310 Multa
2410 4256 2550 4309 sunt
2579 4257 2815 4324 peccata
2844 4256 2966 4318 tua,
2998 4255 3058 4307 et
3092 4249 3290 4305 multa:
3322 4250 3701 4322 iniquitates:

2053 4346 2356 4416 propterea
2411 4358 2527 4396 non
2585 4341 2808 4396 irascor
2864 4339 2971 4395 tibi
3028 4341 3246 4407 (Jerem.
3310 4356 3394 4410 ιιι,
3453 4339 3561 4412 12),
3594 4338 3705 4396 hoc

2062 4436 2170 4496 est,
2195 4430 2429 4500 quando
2452 4427 2717 4485 adultera
2737 4445 2867 4484 eras
2893 4432 3139 4495 tantum,
3180 4428 3439 4483 zelabam
3463 4432 3518 4484 te
3535 4428 3704 4500 quasi

2056 4519 2310 4591 diligens
2339 4523 2433 4573 te:
2467 4518 2702 4590 quando
2752 4523 2951 4574 autem
3006 4516 3225 4580 multos
3255 4516 3514 4573 habuisti
3547 4533 3706 4573 ama-

2052 4614 2226 4676 tores,
2286 4606 2609 4680 contempsi
2665 4612 2742 4672 te,
2774 4612 2832 4662 et
2889 4622 3005 4662 non
3065 4606 3283 4661 irascor
3342 4604 3449 4660 tibi
3481 4603 3699 4675 (Ezech.

292 4676 343 4747 (Ι
368 4677 516 4731 Petr.
539 4692 597 4742 v,
628 4677 706 4741 8).
740 4674 1022 4731 Diabolus
1054 4690 1167 4731 non
1208 4680 1433 4749 pugnat
1460 4678 1573 4732 cito
1603 4682 1805 4733 contra
1834 4677 1941 4733 ali-

2054 4716 2168 4768 xw,
2200 4699 2309 4766 42).
2361 4696 2868 4763 Quemadmodum
2924 4696 3013 4750 vir
3069 4693 3217 4751 zelat
3263 4674 3503 4749 uxorem
3534 4709 3706 4750 suam

293 4780 469 4835 quem
501 4779 604 4836 per
632 4763 878 4835 grandia
906 4764 1067 4832 vitia,
1121 4765 1220 4820 sed
1274 4781 1377 4837 per
1425 4781 1621 4837 parva,
1661 4772 1727 4821 ut
1760 4767 1946 4838 possit

294 4853 826 4925 quomodocunque
874 4853 1095 4909 intrare
1151 4858 1209 4909 et
1263 4854 1552 4911 dominari
1610 4855 1857 4923 homini,
1888 4861 1948 4911 et

296 4945 498 5013 postea
525 4956 660 4997 eum
691 4942 751 4996 in
782 4943 1009 5013 majora
1036 4941 1179 4998 vitia
1226 4942 1496 5015 impellit.
1544 4944 1669 4998 Non
1701 4960 1805 5015 per
1833 4945 1946 5000 for-

296 5030 670 5096 nicationem,
732 5046 848 5087 non
904 5046 1008 5103 per
1065 5032 1391 5099 avaritiam,
1446 5032 1547 5088 sed
1591 5046 1695 5105 per
1724 5033 1949 5089 minora

294 5117 433 5175 vitia
461 5118 807 5191 ingreditur.

296 5228 299 5233 '
367 5248 395 5274 ‹‹
428 5225 556 5281 Non
588 5224 845 5282 declines
892 5243 990 5281 cor
1032 5242 1228 5282 meum
1280 5226 1338 5281 in
1390 5227 1565 5283 verba
1612 5227 1844 5284 malitiae
1875 5228 1948 5283 ad

294 5315 663 5371 excusandas
693 5314 1100 5371 excusationes
1132 5313 1189 5370 in
1222 5316 1499 5387 peccatis.
1538 5340 1564 5364 ››
1596 5315 1640 5371 0
1670 5316 1948 5373 infelicis-

294 5402 514 5460 simum
548 5404 877 5461 humanum
907 5418 1113 5476 genus,
1147 5404 1246 5476 qui
1292 5409 1530 5477 peccata
1576 5422 1948 5477 excusemus,

297 5491 595 5548 dicentes:
628 5491 831 5548 Victus
864 5509 994 5549 sum
1026 5510 1060 5549 a
1090 5497 1300 5549 natura
1327 5511 1340 5548 :
1392 5511 1525 5549 cum
1572 5495 1629 5550 in
1666 5498 1952 5568 potestate

303 5583 502 5635 nostra
532 5580 630 5646 sit,
662 5584 720 5635 et
750 5596 1010 5652 peccare,
1062 5586 1119 5638 et
1168 5582 1415 5639 Domino
1467 5584 1801 5654 adjuvante,
1835 5601 1950 5640 non

305 5683 565 5744 peccare.
606 5669 849 5742 Semper
893 5686 1244 5728 excusemus
1286 5671 1679 5745 nosmetipsos
1723 5677 1783 5729 et
1810 5673 1951 5730 dici-

308 5776 477 5817 mus:
537 5758 656 5832 Ego
712 5758 978 5819 nolebam
1033 5775 1309 5833 peccare:
1343 5776 1477 5819 caro
1527 5778 1620 5820 me
1656 5761 1810 5819 vicit.
1847 5762 1953 5822 Illa

2055 4787 2291 4859 quando
2311 4801 2440 4841 eam
2476 4783 2707 4857 diligit;
2734 4785 2782 4840 si
2805 4788 3002 4840 autem
3047 4801 3162 4840 non
3202 4782 3370 4850 zelat,
3399 4783 3523 4838 odit
3551 4797 3707 4854 eam,

2056 4881 2113 4932 et
2129 4893 2243 4931 non
2267 4873 2654 4945 consequitur
2684 4872 2843 4929 illius
2864 4888 3165 4928 sermones
3194 4872 3294 4944 qui
3341 4871 3527 4927 dicet:
3567 4872 3708 4927 Visi-

2059 4965 2181 5021 tabo
2214 4967 2275 5020 in
2300 4966 2463 5035 virga
2499 4964 2823 5034 iniquitates
2851 4978 3038 5018 eorum
3072 4961 3247 5029 (Psal.
3297 4977 3562 5031 uxxvm,
3593 4960 3705 5032 33).

2056 5054 2125 5109 Et
2158 5054 2369 5109 iterum
2397 5070 2410 5109 :
2445 5054 2507 5108 Et
2538 5067 2647 5108 non
2682 5051 2914 5107 visitabo
2940 5050 3087 5120 ﬁlias
3116 5065 3303 5106 eorum
3336 5049 3550 5121 quando
3587 5050 3707 5120 for-

2056 5144 2258 5201 nimia:
2284 5144 2497 5214 fuerint
2524 5142 2671 5211 (Ose,
2706 5157 2782 5210 ιν,
2834 5140 2944 5213 lli).
2995 5164 3021 5188 ‹‹
3056 5137 3342 5211 Corripiet
3389 5154 3482 5193 me
3505 5138 3707 5210 justus

2062 5231 2118 5286 in
2152 5230 2573 5298 misericordia,
2605 5233 2665 5285 et
2695 5228 3019 5301 increpabit
3049 5244 3162 5284 me.
3201 5250 3228 5275 ››
3273 5231 3428 5283 Pone
3458 5226 3553 5283 hic
3582 5243 3707 5283 ma-

2059 5318 2310 5392 gistrum
2333 5319 2612 5391 aliquem,
2658 5322 2759 5373 aut
2787 5321 3009 5389 patrem
3055 5321 3157 5373 aut
3186 5316 3499 5373 medicum.
3532 5315 3591 5372 Si
3617 5314 3707 5371 vi—

2061 5407 2209 5464 derit
2237 5407 2502 5463 medicus
2531 5407 2590 5461 in
2621 5422 2861 5478 corpore
2893 5422 3098 5461 carnes
3129 5405 3417 5477 putridas,
3448 5408 3505 5461 et
3524 5404 3702 5473 dicat,

2062 5495 2207 5564 Quid
2241 5496 2311 5551 ad
2344 5513 2437 5552 me
2469 5494 2806 5569 pertinent?
2834 5494 2988 5550 scias
3035 5495 3173 5567 quia
3220 5493 3472 5551 crudelis
3503 5495 3609 5549 est.
3646 5490 3707 5546 Si

2062 5589 2255 5640 autem
2281 5584 2577 5656 prmcidat,
2600 5588 2658 5637 et
2687 5582 3012 5638 cauterium
3047 5581 3329 5656 imponat,
3370 5580 3708 5637 misericors

2061 5678 2183 5731 est:
2217 5673 2355 5746 quia
2386 5677 2556 5729 sanat
2583 5672 2902 5729 hominem.
2935 5672 3221 5729 Similiter
3247 5676 3305 5729 et
3351 5668 3631 5742 magister
3653 5668 3705 5724 si

2064 5763 2307 5821 dimittit
2335 5779 2605 5837 puerum,
2636 5766 2695 5819 et
2724 5779 2839 5819 non
2871 5761 2944 5820 ab
2972 5778 3040 5820 eo
3086 5761 3264 5835 exigit
3308 5757 3709 5835 disciplinam,
