  <div class='ocr_page' id='page_1' title='image "/cluster/home/n/w/nwhite01/storage/ocr_20150623/26/hvd.32044052772472/699.png"; bbox 0 0 3992 6194; ppageno 0'>
   <div class='ocr_carea' id='block_1_1' title="bbox 301 392 464 470">
    <p class='ocr_par' dir='ltr' id='par_1_1' title="bbox 301 392 464 470">
     <span class='ocr_line' id='line_1_1' title="bbox 301 392 464 470; baseline 0 -13"><span class='ocrx_word' id='word_1_1' title='bbox 301 392 464 470; x_wconf 45' lang='grc'>⁴,1311</span> 
     </span>
    </p>
   </div>
   <div class='ocr_carea' id='block_1_2' title="bbox 1812 405 2235 468">
    <p class='ocr_par' dir='ltr' id='par_1_2' title="bbox 1812 405 2235 468">
     <span class='ocr_line' id='line_1_2' title="bbox 1812 405 2235 468; baseline -0.005 0"><span class='ocrx_word' id='word_1_2' title='bbox 1812 405 2235 468; x_wconf 84' lang='lat' dir='ltr'>APPENDIX.</span> 
     </span>
    </p>
   </div>
   <div class='ocr_carea' id='block_1_3' title="bbox 3569 403 3709 466">
    <p class='ocr_par' dir='ltr' id='par_1_3' title="bbox 3569 403 3709 466">
     <span class='ocr_line' id='line_1_3' title="bbox 3569 403 3709 466; baseline 0.021 -3"><span class='ocrx_word' id='word_1_3' title='bbox 3569 403 3709 466; x_wconf 70' lang='grc'>1319</span> 
     </span>
    </p>
   </div>
   <div class='ocr_carea' id='block_1_4' title="bbox 303 536 3712 617">
    <p class='ocr_par' dir='ltr' id='par_1_4' title="bbox 303 536 3712 617">
     <span class='ocr_line' id='line_1_4' title="bbox 303 536 3712 617; baseline 0 -22"><span class='ocrx_word' id='word_1_4' title='bbox 303 539 424 596; x_wconf 87' lang='lat' dir='ltr'>odit</span> <span class='ocrx_word' id='word_1_5' title='bbox 456 556 612 598; x_wconf 90' lang='lat' dir='ltr'>eum.</span> <span class='ocrx_word' id='word_1_6' title='bbox 647 540 705 600; x_wconf 89' lang='lat' dir='ltr'>Si</span> <span class='ocrx_word' id='word_1_7' title='bbox 739 546 933 601; x_wconf 89' lang='lat' dir='ltr'>autem</span> <span class='ocrx_word' id='word_1_8' title='bbox 964 541 1174 617; x_wconf 81' lang='lat' dir='ltr'>exigat,</span> <span class='ocrx_word' id='word_1_9' title='bbox 1207 543 1264 598; x_wconf 90' lang='lat' dir='ltr'>et</span> <span class='ocrx_word' id='word_1_10' title='bbox 1295 541 1555 599; x_wconf 90' lang='lat' dir='ltr'>medicus</span> <span class='ocrx_word' id='word_1_11' title='bbox 1595 549 1790 613; x_wconf 87' lang='lat' dir='ltr'>curet;</span> <span class='ocrx_word' id='word_1_12' title='bbox 1817 563 1943 617; x_wconf 83' lang='lat' dir='ltr'>quae</span> <span class='ocrx_word' id='word_1_13' title='bbox 1974 545 2027 613; x_wconf 80' lang='grc' dir='ltr'><strong>Α</strong></span> <span class='ocrx_word' id='word_1_14' title='bbox 2056 549 2120 600; x_wconf 91' lang='lat' dir='ltr'>In</span> <span class='ocrx_word' id='word_1_15' title='bbox 2165 543 2442 600; x_wconf 90' lang='lat' dir='ltr'>vicesimo</span> <span class='ocrx_word' id='word_1_16' title='bbox 2498 540 2686 614; x_wconf 89' lang='lat' dir='ltr'>primo</span> <span class='ocrx_word' id='word_1_17' title='bbox 2737 537 2962 611; x_wconf 85' lang='lat' dir='ltr'>psalmo</span> <span class='ocrx_word' id='word_1_18' title='bbox 3020 536 3200 595; x_wconf 81' lang='lat' dir='ltr'>dicit:</span> <span class='ocrx_word' id='word_1_19' title='bbox 3262 536 3546 611; x_wconf 82' lang='lat' dir='ltr'>Dissipata</span> <span class='ocrx_word' id='word_1_20' title='bbox 3598 547 3712 595; x_wconf 75' lang='lat' dir='ltr'>sunt</span> 
     </span>
    </p>
   </div>
   <div class='ocr_carea' id='block_1_5' title="bbox 304 637 1946 714">
    <p class='ocr_par' dir='ltr' id='par_1_5' title="bbox 304 637 1946 714">
     <span class='ocr_line' id='line_1_5' title="bbox 304 637 1946 714; baseline 0.009 -27"><span class='ocrx_word' id='word_1_21' title='bbox 304 637 545 703; x_wconf 79' lang='lat' dir='ltr'>putatur</span> <span class='ocrx_word' id='word_1_22' title='bbox 620 654 747 695; x_wconf 90' lang='lat' dir='ltr'>esse</span> <span class='ocrx_word' id='word_1_23' title='bbox 823 640 1125 714; x_wconf 80' lang='lat' dir='ltr'>asperitas,</span> <span class='ocrx_word' id='word_1_24' title='bbox 1205 639 1514 699; x_wconf 84' lang='lat' dir='ltr'>clementia</span> <span class='ocrx_word' id='word_1_25' title='bbox 1588 649 1694 698; x_wconf 90' lang='lat' dir='ltr'>est.</span> <span class='ocrx_word' id='word_1_26' title='bbox 1749 645 1946 701; x_wconf 86' lang='lat' dir='ltr'>Achab</span> 
     </span>
    </p>
   </div>
   <div class='ocr_carea' id='block_1_6' title="bbox 305 726 1949 804">
    <p class='ocr_par' dir='ltr' id='par_1_6' title="bbox 305 726 1949 804">
     <span class='ocr_line' id='line_1_6' title="bbox 305 726 1949 804; baseline 0.007 -26"><span class='ocrx_word' id='word_1_27' title='bbox 305 726 570 797; x_wconf 81' lang='lat' dir='ltr'>arguitur</span> <span class='ocrx_word' id='word_1_28' title='bbox 601 744 633 782; x_wconf 90' lang='lat' dir='ltr'>a</span> <span class='ocrx_word' id='word_1_29' title='bbox 662 729 908 785; x_wconf 90' lang='lat' dir='ltr'>Domino</span> <span class='ocrx_word' id='word_1_30' title='bbox 929 731 1000 786; x_wconf 89' lang='lat' dir='ltr'>de</span> <span class='ocrx_word' id='word_1_31' title='bbox 1023 731 1274 801; x_wconf 89' lang='lat' dir='ltr'>Naboth,</span> <span class='ocrx_word' id='word_1_32' title='bbox 1301 734 1536 804; x_wconf 86' lang='lat' dir='ltr'>quando</span> <span class='ocrx_word' id='word_1_33' title='bbox 1558 733 1772 789; x_wconf 89' lang='lat' dir='ltr'>occidit</span> <span class='ocrx_word' id='word_1_34' title='bbox 1793 752 1949 802; x_wconf 90' lang='lat' dir='ltr'>eum,</span> 
     </span>
    </p>
   </div>
   <div class='ocr_carea' id='block_1_7' title="bbox 303 816 1950 896">
    <p class='ocr_par' dir='ltr' id='par_1_7' title="bbox 303 816 1950 896">
     <span class='ocr_line' id='line_1_7' title="bbox 303 816 1950 896; baseline 0.007 -28"><span class='ocrx_word' id='word_1_35' title='bbox 303 819 361 869; x_wconf 93' lang='lat' dir='ltr'>et</span> <span class='ocrx_word' id='word_1_36' title='bbox 391 816 611 887; x_wconf 86' lang='lat' dir='ltr'>accepit</span> <span class='ocrx_word' id='word_1_37' title='bbox 637 817 864 873; x_wconf 89' lang='lat' dir='ltr'>vineam</span> <span class='ocrx_word' id='word_1_38' title='bbox 905 820 1053 890; x_wconf 86' lang='lat' dir='ltr'>ejus,</span> <span class='ocrx_word' id='word_1_39' title='bbox 1115 824 1170 875; x_wconf 88' lang='lat' dir='ltr'>et</span> <span class='ocrx_word' id='word_1_40' title='bbox 1226 821 1430 877; x_wconf 80' lang='lat' dir='ltr'>effudit</span> <span class='ocrx_word' id='word_1_41' title='bbox 1481 824 1829 896; x_wconf 88' lang='lat' dir='ltr'>sanguinem</span> <span class='ocrx_word' id='word_1_42' title='bbox 1852 825 1950 895; x_wconf 87' lang='lat' dir='ltr'>ju-</span> 
     </span>
    </p>
   </div>
   <div class='ocr_carea' id='block_1_8' title="bbox 305 904 1945 984">
    <p class='ocr_par' dir='ltr' id='par_1_8' title="bbox 305 904 1945 984">
     <span class='ocr_line' id='line_1_8' title="bbox 305 904 1945 984; baseline 0.007 -27"><span class='ocrx_word' id='word_1_43' title='bbox 305 905 484 958; x_wconf 88' lang='lat' dir='ltr'>stum.</span> <span class='ocrx_word' id='word_1_44' title='bbox 504 904 657 960; x_wconf 88' lang='lat' dir='ltr'>Elias</span> <span class='ocrx_word' id='word_1_45' title='bbox 684 909 966 979; x_wconf 82' lang='lat' dir='ltr'>propheta</span> <span class='ocrx_word' id='word_1_46' title='bbox 986 909 1205 966; x_wconf 80' lang='lat' dir='ltr'>missus</span> <span class='ocrx_word' id='word_1_47' title='bbox 1245 915 1334 966; x_wconf 90' lang='lat' dir='ltr'>est</span> <span class='ocrx_word' id='word_1_48' title='bbox 1373 914 1444 967; x_wconf 90' lang='lat' dir='ltr'>ad</span> <span class='ocrx_word' id='word_1_49' title='bbox 1479 930 1612 968; x_wconf 90' lang='lat' dir='ltr'>eum</span> <span class='ocrx_word' id='word_1_50' title='bbox 1637 915 1734 984; x_wconf 91' lang='lat' dir='ltr'>qui</span> <span class='ocrx_word' id='word_1_51' title='bbox 1761 914 1906 969; x_wconf 88' lang='lat' dir='ltr'>dixit</span> <span class='ocrx_word' id='word_1_52' title='bbox 1934 931 1945 968; x_wconf 94' lang='lat'>:</span> 
     </span>
    </p>
   </div>
   <div class='ocr_carea' id='block_1_9' title="bbox 306 992 1950 1072">
    <p class='ocr_par' dir='ltr' id='par_1_9' title="bbox 306 992 1950 1072">
     <span class='ocr_line' id='line_1_9' title="bbox 306 992 1950 1072; baseline 0.007 -24"><span class='ocrx_word' id='word_1_53' title='bbox 306 992 578 1062; x_wconf 79' lang='lat' dir='ltr'>Occidisti,</span> <span class='ocrx_word' id='word_1_54' title='bbox 637 1002 688 1052; x_wconf 86' lang='lat' dir='ltr'>et</span> <span class='ocrx_word' id='word_1_55' title='bbox 739 999 1020 1066; x_wconf 77' lang='lat' dir='ltr'>possedisti</span> <span class='ocrx_word' id='word_1_56' title='bbox 1076 1001 1176 1071; x_wconf 86' lang='lat' dir='ltr'>(III</span> <span class='ocrx_word' id='word_1_57' title='bbox 1228 1004 1354 1070; x_wconf 83' lang='lat' dir='ltr'>Reg.</span> <span class='ocrx_word' id='word_1_58' title='bbox 1411 1021 1527 1069; x_wconf 70' lang='lat' dir='ltr'>xxx,</span> <span class='ocrx_word' id='word_1_59' title='bbox 1591 1005 1716 1072; x_wconf 78' lang='lat'>19):</span> <span class='ocrx_word' id='word_1_60' title='bbox 1753 1003 1950 1060; x_wconf 84' lang='lat' dir='ltr'>statim</span> 
     </span>
    </p>
   </div>
   <div class='ocr_carea' id='block_1_10' title="bbox 305 1084 1948 1157">
    <p class='ocr_par' dir='ltr' id='par_1_10' title="bbox 305 1084 1948 1157">
     <span class='ocr_line' id='line_1_10' title="bbox 305 1084 1948 1157; baseline 0.008 -21"><span class='ocrx_word' id='word_1_61' title='bbox 305 1084 662 1139; x_wconf 84' lang='lat' dir='ltr'>conscientia</span> <span class='ocrx_word' id='word_1_62' title='bbox 711 1103 1026 1157; x_wconf 90' lang='lat' dir='ltr'>percussus</span> <span class='ocrx_word' id='word_1_63' title='bbox 1087 1091 1363 1148; x_wconf 87' lang='lat' dir='ltr'>submisit</span> <span class='ocrx_word' id='word_1_64' title='bbox 1419 1093 1695 1148; x_wconf 83' lang='lat' dir='ltr'>cervicem</span> <span class='ocrx_word' id='word_1_65' title='bbox 1728 1099 1784 1150; x_wconf 89' lang='lat' dir='ltr'>et</span> <span class='ocrx_word' id='word_1_66' title='bbox 1814 1111 1948 1149; x_wconf 92' lang='lat' dir='ltr'>ocu-</span> 
     </span>
    </p>
   </div>
   <div class='ocr_carea' id='block_1_11' title="bbox 302 1169 1953 1254">
    <p class='ocr_par' dir='ltr' id='par_1_11' title="bbox 302 1169 1953 1254">
     <span class='ocr_line' id='line_1_11' title="bbox 302 1169 1953 1254; baseline 0.008 -29"><span class='ocrx_word' id='word_1_67' title='bbox 302 1169 412 1236; x_wconf 88' lang='lat' dir='ltr'>los,</span> <span class='ocrx_word' id='word_1_68' title='bbox 470 1177 526 1228; x_wconf 88' lang='lat' dir='ltr'>et</span> <span class='ocrx_word' id='word_1_69' title='bbox 581 1173 690 1229; x_wconf 91' lang='lat' dir='ltr'>hoc</span> <span class='ocrx_word' id='word_1_70' title='bbox 747 1176 986 1246; x_wconf 88' lang='lat' dir='ltr'>impius,</span> <span class='ocrx_word' id='word_1_71' title='bbox 1043 1183 1100 1233; x_wconf 87' lang='lat' dir='ltr'>et</span> <span class='ocrx_word' id='word_1_72' title='bbox 1149 1196 1247 1235; x_wconf 86' lang='lat' dir='ltr'>rex</span> <span class='ocrx_word' id='word_1_73' title='bbox 1302 1179 1545 1237; x_wconf 89' lang='lat' dir='ltr'>indutus</span> <span class='ocrx_word' id='word_1_74' title='bbox 1577 1200 1854 1254; x_wconf 88' lang='lat' dir='ltr'>purpura.</span> <span class='ocrx_word' id='word_1_75' title='bbox 1886 1184 1953 1238; x_wconf 90' lang='lat' dir='ltr'>Et</span> 
     </span>
    </p>
   </div>
   <div class='ocr_carea' id='block_1_12' title="bbox 287 1263 1948 1339">
    <p class='ocr_par' dir='ltr' id='par_1_12' title="bbox 287 1263 1948 1339">
     <span class='ocr_line' id='line_1_12' title="bbox 287 1263 1948 1339; baseline 0.007 -24"><span class='ocrx_word' id='word_1_76' title='bbox 287 1265 506 1330; x_wconf 41' lang='lat' dir='ltr'>,postea</span> <span class='ocrx_word' id='word_1_77' title='bbox 535 1263 676 1318; x_wconf 89' lang='lat' dir='ltr'>dicit</span> <span class='ocrx_word' id='word_1_78' title='bbox 707 1264 1009 1336; x_wconf 89' lang='lat' dir='ltr'>Scriptura</span> <span class='ocrx_word' id='word_1_79' title='bbox 1043 1283 1055 1322; x_wconf 90' lang='lat'>:</span> <span class='ocrx_word' id='word_1_80' title='bbox 1103 1267 1262 1339; x_wconf 84' lang='lat' dir='ltr'>quod</span> <span class='ocrx_word' id='word_1_81' title='bbox 1317 1270 1560 1326; x_wconf 90' lang='lat' dir='ltr'>audiens</span> <span class='ocrx_word' id='word_1_82' title='bbox 1609 1271 1800 1326; x_wconf 89' lang='lat' dir='ltr'>induit</span> <span class='ocrx_word' id='word_1_83' title='bbox 1826 1271 1948 1326; x_wconf 92' lang='lat' dir='ltr'>cili-</span> 
     </span>
    </p>
   </div>
   <div class='ocr_carea' id='block_1_13' title="bbox 304 1343 1952 1429">
    <p class='ocr_par' dir='ltr' id='par_1_13' title="bbox 304 1343 1952 1429">
     <span class='ocr_line' id='line_1_13' title="bbox 304 1343 1952 1429; baseline 0.008 -27"><span class='ocrx_word' id='word_1_84' title='bbox 304 1349 459 1404; x_wconf 88' lang='lat' dir='ltr'>cium</span> <span class='ocrx_word' id='word_1_85' title='bbox 494 1351 703 1407; x_wconf 89' lang='lat' dir='ltr'>subtus</span> <span class='ocrx_word' id='word_1_86' title='bbox 734 1343 1076 1426; x_wconf 85' lang='lat' dir='ltr'>purpuram.</span> <span class='ocrx_word' id='word_1_87' title='bbox 1112 1359 1178 1411; x_wconf 88' lang='lat' dir='ltr'>Et</span> <span class='ocrx_word' id='word_1_88' title='bbox 1208 1357 1410 1414; x_wconf 88' lang='lat' dir='ltr'>videns</span> <span class='ocrx_word' id='word_1_89' title='bbox 1441 1359 1592 1414; x_wconf 86' lang='lat' dir='ltr'>Deus</span> <span class='ocrx_word' id='word_1_90' title='bbox 1625 1361 1769 1415; x_wconf 86' lang='lat' dir='ltr'>dixit</span> <span class='ocrx_word' id='word_1_91' title='bbox 1793 1363 1952 1429; x_wconf 80' lang='lat' dir='ltr'>:Quia</span> 
     </span>
    </p>
   </div>
   <div class='ocr_carea' id='block_1_14' title="bbox 301 1441 1952 1506">
    <p class='ocr_par' dir='ltr' id='par_1_14' title="bbox 301 1441 1952 1506">
     <span class='ocr_line' id='line_1_14' title="bbox 301 1441 1952 1506; baseline 0.008 -15"><span class='ocrx_word' id='word_1_92' title='bbox 301 1441 576 1496; x_wconf 78' lang='lat' dir='ltr'>reveritus</span> <span class='ocrx_word' id='word_1_93' title='bbox 606 1447 682 1497; x_wconf 88' lang='lat' dir='ltr'>est</span> <span class='ocrx_word' id='word_1_94' title='bbox 711 1447 790 1498; x_wconf 87' lang='lat' dir='ltr'>est</span> <span class='ocrx_word' id='word_1_95' title='bbox 836 1461 922 1499; x_wconf 86' lang='lat' dir='ltr'>me</span> <span class='ocrx_word' id='word_1_96' title='bbox 976 1446 1196 1501; x_wconf 83' lang='lat' dir='ltr'>Achab:</span> <span class='ocrx_word' id='word_1_97' title='bbox 1253 1464 1362 1503; x_wconf 83' lang='lat' dir='ltr'>non</span> <span class='ocrx_word' id='word_1_98' title='bbox 1414 1450 1674 1504; x_wconf 85' lang='lat' dir='ltr'>inducam</span> <span class='ocrx_word' id='word_1_99' title='bbox 1713 1452 1861 1506; x_wconf 86' lang='lat' dir='ltr'>mala</span> <span class='ocrx_word' id='word_1_100' title='bbox 1891 1452 1952 1504; x_wconf 87' lang='lat' dir='ltr'>in</span> 
     </span>
    </p>
   </div>
   <div class='ocr_carea' id='block_1_15' title="bbox 301 1529 1948 1606">
    <p class='ocr_par' dir='ltr' id='par_1_15' title="bbox 301 1529 1948 1606">
     <span class='ocr_line' id='line_1_15' title="bbox 301 1529 1948 1606; baseline 0.007 -24"><span class='ocrx_word' id='word_1_101' title='bbox 301 1545 432 1583; x_wconf 85' lang='lat' dir='ltr'>eum</span> <span class='ocrx_word' id='word_1_102' title='bbox 459 1529 620 1600; x_wconf 83' lang='lat' dir='ltr'>(Ibid.</span> <span class='ocrx_word' id='word_1_103' title='bbox 652 1533 763 1602; x_wconf 80' lang='grc'>29).</span> <span class='ocrx_word' id='word_1_104' title='bbox 795 1533 939 1589; x_wconf 90' lang='lat' dir='ltr'>Vide</span> <span class='ocrx_word' id='word_1_105' title='bbox 965 1550 1102 1606; x_wconf 90' lang='lat' dir='ltr'>ergo</span> <span class='ocrx_word' id='word_1_106' title='bbox 1133 1541 1421 1606; x_wconf 90' lang='lat' dir='ltr'>quantum</span> <span class='ocrx_word' id='word_1_107' title='bbox 1461 1539 1642 1593; x_wconf 90' lang='lat' dir='ltr'>valuit</span> <span class='ocrx_word' id='word_1_108' title='bbox 1673 1539 1948 1604; x_wconf 88' lang='lat' dir='ltr'>cilicium,</span> 
     </span>
    </p>
   </div>
   <div class='ocr_carea' id='block_1_16' title="bbox 301 1618 1949 1697">
    <p class='ocr_par' dir='ltr' id='par_1_16' title="bbox 301 1618 1949 1697">
     <span class='ocr_line' id='line_1_16' title="bbox 301 1618 1949 1697; baseline 0.007 -26"><span class='ocrx_word' id='word_1_109' title='bbox 301 1621 358 1672; x_wconf 89' lang='lat' dir='ltr'>et</span> <span class='ocrx_word' id='word_1_110' title='bbox 380 1618 697 1688; x_wconf 87' lang='lat' dir='ltr'>jejunium,</span> <span class='ocrx_word' id='word_1_111' title='bbox 733 1625 790 1674; x_wconf 93' lang='lat' dir='ltr'>et</span> <span class='ocrx_word' id='word_1_112' title='bbox 839 1622 1067 1678; x_wconf 90' lang='lat' dir='ltr'>modica</span> <span class='ocrx_word' id='word_1_113' title='bbox 1099 1624 1356 1697; x_wconf 79' lang='lat' dir='ltr'>lacryma</span> <span class='ocrx_word' id='word_1_114' title='bbox 1397 1633 1680 1696; x_wconf 89' lang='lat' dir='ltr'>quantum</span> <span class='ocrx_word' id='word_1_115' title='bbox 1715 1628 1949 1694; x_wconf 78' lang='lat' dir='ltr'>sangui-</span> 
     </span>
    </p>
   </div>
   <div class='ocr_carea' id='block_1_17' title="bbox 306 1706 1946 1787">
    <p class='ocr_par' dir='ltr' id='par_1_17' title="bbox 306 1706 1946 1787">
     <span class='ocr_line' id='line_1_17' title="bbox 306 1706 1946 1787; baseline 0.009 -28"><span class='ocrx_word' id='word_1_116' title='bbox 306 1721 441 1761; x_wconf 91' lang='lat' dir='ltr'>nem</span> <span class='ocrx_word' id='word_1_117' title='bbox 468 1706 629 1761; x_wconf 91' lang='lat' dir='ltr'>lavit.</span> <span class='ocrx_word' id='word_1_118' title='bbox 662 1708 746 1763; x_wconf 90' lang='lat' dir='ltr'>Ita</span> <span class='ocrx_word' id='word_1_119' title='bbox 775 1726 910 1780; x_wconf 88' lang='lat' dir='ltr'>ergo</span> <span class='ocrx_word' id='word_1_120' title='bbox 959 1716 1186 1784; x_wconf 82' lang='lat' dir='ltr'>oportet</span> <span class='ocrx_word' id='word_1_121' title='bbox 1232 1714 1426 1769; x_wconf 88' lang='lat' dir='ltr'>vestiri</span> <span class='ocrx_word' id='word_1_122' title='bbox 1477 1715 1663 1772; x_wconf 90' lang='lat' dir='ltr'>cilicio</span> <span class='ocrx_word' id='word_1_123' title='bbox 1711 1722 1769 1771; x_wconf 91' lang='lat' dir='ltr'>et</span> <span class='ocrx_word' id='word_1_124' title='bbox 1792 1718 1946 1787; x_wconf 86' lang='lat' dir='ltr'>jeju-</span> 
     </span>
    </p>
   </div>
   <div class='ocr_carea' id='block_1_18' title="bbox 303 1799 1945 1875">
    <p class='ocr_par' dir='ltr' id='par_1_18' title="bbox 303 1799 1945 1875">
     <span class='ocr_line' id='line_1_18' title="bbox 303 1799 1945 1875; baseline 0.008 -28"><span class='ocrx_word' id='word_1_125' title='bbox 303 1810 464 1862; x_wconf 88' lang='lat' dir='ltr'>nare,</span> <span class='ocrx_word' id='word_1_126' title='bbox 497 1804 559 1849; x_wconf 90' lang='lat' dir='ltr'>ut</span> <span class='ocrx_word' id='word_1_127' title='bbox 590 1813 759 1852; x_wconf 88' lang='lat' dir='ltr'>nemo</span> <span class='ocrx_word' id='word_1_128' title='bbox 784 1799 996 1855; x_wconf 86' lang='lat' dir='ltr'>videat.</span> <span class='ocrx_word' id='word_1_129' title='bbox 1049 1804 1330 1874; x_wconf 80' lang='lat' dir='ltr'>Corripiet</span> <span class='ocrx_word' id='word_1_130' title='bbox 1374 1803 1686 1875; x_wconf 86' lang='lat' dir='ltr'>dupliciter</span> <span class='ocrx_word' id='word_1_131' title='bbox 1731 1806 1945 1862; x_wconf 90' lang='lat' dir='ltr'>intelli-</span> 
     </span>
    </p>
   </div>
   <div class='ocr_carea' id='block_1_19' title="bbox 299 1882 2028 1984">
    <p class='ocr_par' dir='ltr' id='par_1_19' title="bbox 299 1882 2028 1984">
     <span class='ocr_line' id='line_1_19' title="bbox 299 1882 2028 1984; baseline 0.009 -48"><span class='ocrx_word' id='word_1_132' title='bbox 299 1882 462 1982; x_wconf 74' lang='lat' dir='ltr'>gitur</span> <span class='ocrx_word' id='word_1_133' title='bbox 481 1901 494 1938; x_wconf 88' lang='lat'>:</span> <span class='ocrx_word' id='word_1_134' title='bbox 529 1889 630 1984; x_wconf 82' lang='lat' dir='ltr'>aut</span> <span class='ocrx_word' id='word_1_135' title='bbox 661 1892 890 1984; x_wconf 75' lang='lat' dir='ltr'>arguet,</span> <span class='ocrx_word' id='word_1_136' title='bbox 918 1894 1018 1984; x_wconf 89' lang='lat' dir='ltr'>aut</span> <span class='ocrx_word' id='word_1_137' title='bbox 1047 1892 1293 1947; x_wconf 88' lang='lat' dir='ltr'>docebit.</span> <span class='ocrx_word' id='word_1_138' title='bbox 1335 1913 1356 1939; x_wconf 77' lang='grc' dir='ltr'><strong><em>α</em></strong></span> <span class='ocrx_word' id='word_1_139' title='bbox 1393 1893 1595 1949; x_wconf 90' lang='lat' dir='ltr'>Oleum</span> <span class='ocrx_word' id='word_1_140' title='bbox 1628 1896 1948 1966; x_wconf 85' lang='lat' dir='ltr'>peccatoris</span> <span class='ocrx_word' id='word_1_141' title='bbox 1980 1920 2028 1984; x_wconf 79' lang='grc' dir='ltr'><strong>Β</strong></span> 
     </span>
    </p>
   </div>
   <div class='ocr_carea' id='block_1_20' title="bbox 303 1971 1947 2056">
    <p class='ocr_par' dir='ltr' id='par_1_20' title="bbox 303 1971 1947 2056">
     <span class='ocr_line' id='line_1_20' title="bbox 303 1971 1947 2056; baseline 0.009 -32"><span class='ocrx_word' id='word_1_142' title='bbox 303 1987 416 2026; x_wconf 90' lang='lat' dir='ltr'>non</span> <span class='ocrx_word' id='word_1_143' title='bbox 448 1971 777 2044; x_wconf 86' lang='lat' dir='ltr'>impinguet</span> <span class='ocrx_word' id='word_1_144' title='bbox 805 1982 978 2048; x_wconf 90' lang='lat' dir='ltr'>caput</span> <span class='ocrx_word' id='word_1_145' title='bbox 1011 1996 1227 2035; x_wconf 89' lang='lat' dir='ltr'>meum.</span> <span class='ocrx_word' id='word_1_146' title='bbox 1266 2004 1292 2030; x_wconf 85' lang='lat'>»</span> <span class='ocrx_word' id='word_1_147' title='bbox 1325 1983 1583 2054; x_wconf 87' lang='lat' dir='ltr'>Populus</span> <span class='ocrx_word' id='word_1_148' title='bbox 1627 2001 1812 2055; x_wconf 90' lang='lat' dir='ltr'>meus,</span> <span class='ocrx_word' id='word_1_149' title='bbox 1847 1985 1947 2056; x_wconf 89' lang='lat' dir='ltr'>qui</span> 
     </span>
    </p>
   </div>
   <div class='ocr_carea' id='block_1_21' title="bbox 298 2061 1946 2145">
    <p class='ocr_par' dir='ltr' id='par_1_21' title="bbox 298 2061 1946 2145">
     <span class='ocr_line' id='line_1_21' title="bbox 298 2061 1946 2145; baseline 0.01 -32"><span class='ocrx_word' id='word_1_150' title='bbox 298 2076 402 2114; x_wconf 89' lang='lat' dir='ltr'>vos</span> <span class='ocrx_word' id='word_1_151' title='bbox 461 2061 794 2120; x_wconf 85' lang='lat' dir='ltr'>beatiﬁcant</span> <span class='ocrx_word' id='word_1_152' title='bbox 851 2067 1139 2124; x_wconf 91' lang='lat' dir='ltr'>seducunt</span> <span class='ocrx_word' id='word_1_153' title='bbox 1201 2087 1302 2126; x_wconf 88' lang='lat' dir='ltr'>vos</span> <span class='ocrx_word' id='word_1_154' title='bbox 1361 2073 1488 2141; x_wconf 90' lang='lat' dir='ltr'>(lsa.</span> <span class='ocrx_word' id='word_1_155' title='bbox 1543 2091 1616 2143; x_wconf 83' lang='lat' dir='ltr'>1x,</span> <span class='ocrx_word' id='word_1_156' title='bbox 1652 2075 1759 2145; x_wconf 90' lang='grc'>16).</span> <span class='ocrx_word' id='word_1_157' title='bbox 1795 2076 1946 2130; x_wconf 90' lang='lat' dir='ltr'>Laus</span> 
     </span>
    </p>
   </div>
   <div class='ocr_carea' id='block_1_22' title="bbox 299 2149 1949 2235">
    <p class='ocr_par' dir='ltr' id='par_1_22' title="bbox 299 2149 1949 2235">
     <span class='ocr_line' id='line_1_22' title="bbox 299 2149 1949 2235; baseline 0.008 -31"><span class='ocrx_word' id='word_1_158' title='bbox 299 2149 725 2223; x_wconf 74' lang='lat' dir='ltr'>haereticorum,</span> <span class='ocrx_word' id='word_1_159' title='bbox 750 2161 805 2210; x_wconf 90' lang='lat' dir='ltr'>et</span> <span class='ocrx_word' id='word_1_160' title='bbox 825 2155 1015 2212; x_wconf 91' lang='lat' dir='ltr'>oleum</span> <span class='ocrx_word' id='word_1_161' title='bbox 1039 2159 1327 2231; x_wconf 90' lang='lat' dir='ltr'>ipsorum,</span> <span class='ocrx_word' id='word_1_162' title='bbox 1350 2179 1466 2233; x_wconf 92' lang='lat' dir='ltr'>quo</span> <span class='ocrx_word' id='word_1_163' title='bbox 1498 2166 1728 2234; x_wconf 88' lang='lat' dir='ltr'>ungunt</span> <span class='ocrx_word' id='word_1_164' title='bbox 1756 2163 1949 2235; x_wconf 89' lang='lat' dir='ltr'>capita</span> 
     </span>
    </p>
   </div>
   <div class='ocr_carea' id='block_1_23' title="bbox 301 2237 1945 2322">
    <p class='ocr_par' dir='ltr' id='par_1_23' title="bbox 301 2237 1945 2322">
     <span class='ocr_line' id='line_1_23' title="bbox 301 2237 1945 2322; baseline 0.009 -29"><span class='ocrx_word' id='word_1_165' title='bbox 301 2237 631 2308; x_wconf 88' lang='lat' dir='ltr'>hominum,</span> <span class='ocrx_word' id='word_1_166' title='bbox 655 2247 712 2298; x_wconf 88' lang='lat' dir='ltr'>ct</span> <span class='ocrx_word' id='word_1_167' title='bbox 734 2247 1149 2315; x_wconf 89' lang='lat' dir='ltr'>repromittunt</span> <span class='ocrx_word' id='word_1_168' title='bbox 1197 2250 1280 2304; x_wconf 90' lang='lat' dir='ltr'>eis</span> <span class='ocrx_word' id='word_1_169' title='bbox 1321 2251 1489 2322; x_wconf 90' lang='lat' dir='ltr'>signa</span> <span class='ocrx_word' id='word_1_170' title='bbox 1510 2251 1810 2321; x_wconf 63' lang='lat' dir='ltr'>caelorum,</span> <span class='ocrx_word' id='word_1_171' title='bbox 1837 2252 1945 2308; x_wconf 92' lang='lat' dir='ltr'>im&#39;-</span> 
     </span>
    </p>
   </div>
   <div class='ocr_carea' id='block_1_24' title="bbox 299 2329 1943 2412">
    <p class='ocr_par' dir='ltr' id='par_1_24' title="bbox 299 2329 1943 2412">
     <span class='ocr_line' id='line_1_24' title="bbox 299 2329 1943 2412; baseline 0.009 -30"><span class='ocrx_word' id='word_1_172' title='bbox 299 2329 547 2400; x_wconf 88' lang='lat' dir='ltr'>pinguat</span> <span class='ocrx_word' id='word_1_173' title='bbox 576 2331 660 2386; x_wconf 90' lang='lat' dir='ltr'>eis</span> <span class='ocrx_word' id='word_1_174' title='bbox 687 2340 880 2404; x_wconf 88' lang='lat' dir='ltr'>caput.</span> <span class='ocrx_word' id='word_1_175' title='bbox 915 2335 1098 2391; x_wconf 89' lang='lat' dir='ltr'>Omne</span> <span class='ocrx_word' id='word_1_176' title='bbox 1129 2342 1324 2394; x_wconf 90' lang='lat' dir='ltr'>autem</span> <span class='ocrx_word' id='word_1_177' title='bbox 1377 2340 1592 2411; x_wconf 79' lang='lat' dir='ltr'>pingue</span> <span class='ocrx_word' id='word_1_178' title='bbox 1634 2342 1943 2412; x_wconf 90' lang='lat' dir='ltr'>reprehen-</span> 
     </span>
    </p>
   </div>
   <div class='ocr_carea' id='block_1_25' title="bbox 301 2415 1944 2498">
    <p class='ocr_par' dir='ltr' id='par_1_25' title="bbox 301 2415 1944 2498">
     <span class='ocr_line' id='line_1_25' title="bbox 301 2415 1944 2498; baseline 0.01 -28"><span class='ocrx_word' id='word_1_179' title='bbox 301 2415 388 2471; x_wconf 90' lang='lat' dir='ltr'>dit</span> <span class='ocrx_word' id='word_1_180' title='bbox 415 2418 737 2489; x_wconf 83' lang='lat' dir='ltr'>Scriptura,</span> <span class='ocrx_word' id='word_1_181' title='bbox 772 2422 924 2477; x_wconf 86' lang='lat' dir='ltr'>sicut</span> <span class='ocrx_word' id='word_1_182' title='bbox 981 2425 1158 2482; x_wconf 89' lang='lat' dir='ltr'>dicit:</span> <span class='ocrx_word' id='word_1_183' title='bbox 1219 2430 1284 2482; x_wconf 85' lang='lat' dir='ltr'>Et</span> <span class='ocrx_word' id='word_1_184' title='bbox 1333 2429 1624 2484; x_wconf 78' lang='lat' dir='ltr'>mandavit</span> <span class='ocrx_word' id='word_1_185' title='bbox 1678 2432 1860 2498; x_wconf 89' lang='lat' dir='ltr'>Jacob,</span> <span class='ocrx_word' id='word_1_186' title='bbox 1892 2441 1944 2486; x_wconf 82' lang='lat' dir='ltr'>et</span> 
     </span>
    </p>
   </div>
   <div class='ocr_carea' id='block_1_26' title="bbox 297 2510 1944 2575">
    <p class='ocr_par' dir='ltr' id='par_1_26' title="bbox 297 2510 1944 2575">
     <span class='ocr_line' id='line_1_26' title="bbox 297 2510 1944 2575; baseline 0.011 -18"><span class='ocrx_word' id='word_1_187' title='bbox 297 2510 574 2560; x_wconf 76' lang='lat' dir='ltr'>saturatas</span> <span class='ocrx_word' id='word_1_188' title='bbox 646 2513 724 2562; x_wconf 86' lang='lat' dir='ltr'>est</span> <span class='ocrx_word' id='word_1_189' title='bbox 780 2518 832 2564; x_wconf 89' lang='lat' dir='ltr'>et</span> <span class='ocrx_word' id='word_1_190' title='bbox 899 2513 1256 2570; x_wconf 83' lang='lat' dir='ltr'>calcitravit:</span> <span class='ocrx_word' id='word_1_191' title='bbox 1316 2517 1545 2573; x_wconf 87' lang='lat' dir='ltr'>dilectus</span> <span class='ocrx_word' id='word_1_192' title='bbox 1602 2521 1944 2575; x_wconf 81' lang='lat' dir='ltr'>incrassatus</span> 
     </span>
    </p>
   </div>
   <div class='ocr_carea' id='block_1_27' title="bbox 295 2595 1946 2675">
    <p class='ocr_par' dir='ltr' id='par_1_27' title="bbox 295 2595 1946 2675">
     <span class='ocr_line' id='line_1_27' title="bbox 295 2595 1946 2675; baseline 0.008 -27"><span class='ocrx_word' id='word_1_193' title='bbox 295 2595 826 2666; x_wconf 84' lang='lat' dir='ltr'>est:impinguatus,</span> <span class='ocrx_word' id='word_1_194' title='bbox 876 2600 1140 2657; x_wconf 86' lang='lat' dir='ltr'>dilatatus</span> <span class='ocrx_word' id='word_1_195' title='bbox 1199 2611 1276 2658; x_wconf 83' lang='lat' dir='ltr'>est</span> <span class='ocrx_word' id='word_1_196' title='bbox 1334 2605 1511 2675; x_wconf 88' lang='lat' dir='ltr'>(Deut.</span> <span class='ocrx_word' id='word_1_197' title='bbox 1568 2624 1729 2674; x_wconf 85' lang='lat' dir='ltr'>xxm,</span> <span class='ocrx_word' id='word_1_198' title='bbox 1774 2608 1859 2674; x_wconf 86' lang='grc'>15,</span> <span class='ocrx_word' id='word_1_199' title='bbox 1891 2613 1946 2662; x_wconf 86' lang='lat' dir='ltr'>et</span> 
     </span>
    </p>
   </div>
   <div class='ocr_carea' id='block_1_28' title="bbox 295 2683 1947 2766">
    <p class='ocr_par' dir='ltr' id='par_1_28' title="bbox 295 2683 1947 2766">
     <span class='ocr_line' id='line_1_28' title="bbox 295 2683 1947 2766; baseline 0.008 -30"><span class='ocrx_word' id='word_1_200' title='bbox 295 2683 410 2736; x_wconf 86' lang='lat' dir='ltr'>Jer.</span> <span class='ocrx_word' id='word_1_201' title='bbox 439 2699 492 2750; x_wconf 85' lang='grc' dir='ltr'>ν,</span> <span class='ocrx_word' id='word_1_202' title='bbox 524 2685 614 2750; x_wconf 83' lang='grc'>20,</span> <span class='ocrx_word' id='word_1_203' title='bbox 645 2685 756 2755; x_wconf 86' lang='grc'>28).</span> <span class='ocrx_word' id='word_1_204' title='bbox 791 2688 1005 2745; x_wconf 89' lang='lat' dir='ltr'>Monna</span> <span class='ocrx_word' id='word_1_205' title='bbox 1036 2695 1231 2747; x_wconf 91' lang='lat' dir='ltr'>autem</span> <span class='ocrx_word' id='word_1_206' title='bbox 1283 2693 1623 2766; x_wconf 88' lang='lat' dir='ltr'>angelorum</span> <span class='ocrx_word' id='word_1_207' title='bbox 1654 2699 1828 2752; x_wconf 90' lang='lat' dir='ltr'>tenue</span> <span class='ocrx_word' id='word_1_208' title='bbox 1857 2701 1947 2752; x_wconf 90' lang='lat' dir='ltr'>est</span> 
     </span>
    </p>
   </div>
   <div class='ocr_carea' id='block_1_29' title="bbox 295 2771 1008 2845">
    <p class='ocr_par' dir='ltr' id='par_1_29' title="bbox 295 2771 1008 2845">
     <span class='ocr_line' id='line_1_29' title="bbox 295 2771 1008 2845; baseline 0.007 -20"><span class='ocrx_word' id='word_1_209' title='bbox 295 2771 487 2838; x_wconf 72' lang='lat' dir='ltr'>(Exod.</span> <span class='ocrx_word' id='word_1_210' title='bbox 520 2791 635 2841; x_wconf 85' lang='lat' dir='ltr'>xv1,</span> <span class='ocrx_word' id='word_1_211' title='bbox 671 2776 778 2845; x_wconf 78' lang='grc'>14).</span> <span class='ocrx_word' id='word_1_212' title='bbox 1005 2781 1008 2784; x_wconf 82' lang='grc'><strong>’</strong></span> 
     </span>
    </p>
   </div>
   <div class='ocr_carea' id='block_1_30' title="bbox 367 2881 1944 2963">
    <p class='ocr_par' dir='ltr' id='par_1_30' title="bbox 367 2881 1944 2963">
     <span class='ocr_line' id='line_1_30' title="bbox 367 2881 1944 2963; baseline 0.01 -30"><span class='ocrx_word' id='word_1_213' title='bbox 367 2901 396 2927; x_wconf 93' lang='grc'>‹‹</span> <span class='ocrx_word' id='word_1_214' title='bbox 429 2881 714 2945; x_wconf 87' lang='lat' dir='ltr'>Quoniam</span> <span class='ocrx_word' id='word_1_215' title='bbox 747 2884 959 2947; x_wconf 90' lang='lat' dir='ltr'>adhuc.</span> <span class='ocrx_word' id='word_1_216' title='bbox 993 2891 1050 2942; x_wconf 87' lang='lat' dir='ltr'>et</span> <span class='ocrx_word' id='word_1_217' title='bbox 1080 2889 1262 2945; x_wconf 88' lang='lat' dir='ltr'>oratio</span> <span class='ocrx_word' id='word_1_218' title='bbox 1293 2907 1424 2946; x_wconf 88' lang='lat' dir='ltr'>mea</span> <span class='ocrx_word' id='word_1_219' title='bbox 1469 2892 1527 2946; x_wconf 92' lang='lat' dir='ltr'>in</span> <span class='ocrx_word' id='word_1_220' title='bbox 1562 2892 1944 2963; x_wconf 89' lang='lat' dir='ltr'>beneplacitis</span> 
     </span>
    </p>
   </div>
   <div class='ocr_carea' id='block_1_31' title="bbox 297 2971 1942 3053">
    <p class='ocr_par' dir='ltr' id='par_1_31' title="bbox 297 2971 1942 3053">
     <span class='ocr_line' id='line_1_31' title="bbox 297 2971 1942 3053; baseline 0.009 -30"><span class='ocrx_word' id='word_1_221' title='bbox 297 2985 521 3025; x_wconf 90' lang='lat' dir='ltr'>eorum.</span> <span class='ocrx_word' id='word_1_222' title='bbox 560 2993 588 3019; x_wconf 87' lang='grc'><strong>››</strong></span> <span class='ocrx_word' id='word_1_223' title='bbox 618 2971 735 3030; x_wconf 85' lang='lat' dir='ltr'>Hoc</span> <span class='ocrx_word' id='word_1_224' title='bbox 762 2974 904 3030; x_wconf 86' lang='lat' dir='ltr'>dicit</span> <span class='ocrx_word' id='word_1_225' title='bbox 935 2993 946 3029; x_wconf 87' lang='lat'>:</span> <span class='ocrx_word' id='word_1_226' title='bbox 1003 2978 1117 3047; x_wconf 89' lang='lat' dir='ltr'>Ipsi</span> <span class='ocrx_word' id='word_1_227' title='bbox 1169 2979 1408 3050; x_wconf 90' lang='lat' dir='ltr'>quidem</span> <span class='ocrx_word' id='word_1_228' title='bbox 1457 2980 1803 3052; x_wconf 75' lang='lat' dir='ltr'>sepiebant:</span> <span class='ocrx_word' id='word_1_229' title='bbox 1838 2997 1942 3053; x_wconf 92' lang='lat' dir='ltr'>ego</span> 
     </span>
    </p>
   </div>
   <div class='ocr_carea' id='block_1_32' title="bbox 299 3061 1942 3132">
    <p class='ocr_par' dir='ltr' id='par_1_32' title="bbox 299 3061 1942 3132">
     <span class='ocr_line' id='line_1_32' title="bbox 299 3061 1942 3132; baseline 0.008 -19"><span class='ocrx_word' id='word_1_230' title='bbox 299 3061 494 3113; x_wconf 90' lang='lat' dir='ltr'>autem</span> <span class='ocrx_word' id='word_1_231' title='bbox 529 3076 631 3129; x_wconf 92' lang='lat' dir='ltr'>pro</span> <span class='ocrx_word' id='word_1_232' title='bbox 660 3061 806 3132; x_wconf 90' lang='lat' dir='ltr'>ipsis</span> <span class='ocrx_word' id='word_1_233' title='bbox 837 3065 1075 3120; x_wconf 87' lang='lat' dir='ltr'>orabam</span> <span class='ocrx_word' id='word_1_234' title='bbox 1111 3072 1172 3121; x_wconf 90' lang='lat' dir='ltr'>ut</span> <span class='ocrx_word' id='word_1_235' title='bbox 1201 3072 1634 3124; x_wconf 86' lang='lat' dir='ltr'>convertantur.</span> <span class='ocrx_word' id='word_1_236' title='bbox 1676 3093 1697 3119; x_wconf 79' lang='grc' dir='ltr'>α</span> <span class='ocrx_word' id='word_1_237' title='bbox 1725 3071 1942 3126; x_wconf 86' lang='lat' dir='ltr'>Absor-</span> 
     </span>
    </p>
   </div>
   <div class='ocr_carea' id='block_1_33' title="bbox 298 3145 1942 3224">
    <p class='ocr_par' dir='ltr' id='par_1_33' title="bbox 298 3145 1942 3224">
     <span class='ocr_line' id='line_1_33' title="bbox 298 3145 1942 3224; baseline 0.01 -26"><span class='ocrx_word' id='word_1_238' title='bbox 298 3145 379 3216; x_wconf 88' lang='lat' dir='ltr'>pii</span> <span class='ocrx_word' id='word_1_239' title='bbox 410 3151 550 3202; x_wconf 89' lang='lat' dir='ltr'>sunt</span> <span class='ocrx_word' id='word_1_240' title='bbox 571 3149 763 3219; x_wconf 74' lang='lat' dir='ltr'>juncti</span> <span class='ocrx_word' id='word_1_241' title='bbox 795 3157 970 3223; x_wconf 67' lang='lat' dir='ltr'>petra:</span> <span class='ocrx_word' id='word_1_242' title='bbox 1017 3155 1249 3224; x_wconf 87' lang='lat' dir='ltr'>judices</span> <span class='ocrx_word' id='word_1_243' title='bbox 1294 3174 1517 3213; x_wconf 89' lang='lat' dir='ltr'>eorum.</span> <span class='ocrx_word' id='word_1_244' title='bbox 1555 3180 1582 3206; x_wconf 85' lang='lat'><strong>»</strong></span> <span class='ocrx_word' id='word_1_245' title='bbox 1614 3158 1776 3214; x_wconf 90' lang='lat' dir='ltr'>Sicut</span> <span class='ocrx_word' id='word_1_246' title='bbox 1804 3158 1942 3214; x_wconf 87' lang='lat' dir='ltr'>alibi</span> 
     </span>
    </p>
   </div>
   <div class='ocr_carea' id='block_1_34' title="bbox 298 3231 1942 3317">
    <p class='ocr_par' dir='ltr' id='par_1_34' title="bbox 298 3231 1942 3317">
     <span class='ocr_line' id='line_1_34' title="bbox 298 3231 1942 3317; baseline 0.009 -30"><span class='ocrx_word' id='word_1_247' title='bbox 298 3231 440 3288; x_wconf 84' lang='lat' dir='ltr'>dicit</span> <span class='ocrx_word' id='word_1_248' title='bbox 465 3251 478 3288; x_wconf 89' lang='lat'>:</span> <span class='ocrx_word' id='word_1_249' title='bbox 510 3239 708 3293; x_wconf 78' lang='lat' dir='ltr'>Beatus</span> <span class='ocrx_word' id='word_1_250' title='bbox 737 3241 834 3310; x_wconf 87' lang='lat' dir='ltr'>qui</span> <span class='ocrx_word' id='word_1_251' title='bbox 861 3244 1065 3298; x_wconf 87' lang='lat' dir='ltr'>tenebit</span> <span class='ocrx_word' id='word_1_252' title='bbox 1091 3248 1144 3298; x_wconf 88' lang='lat' dir='ltr'>et</span> <span class='ocrx_word' id='word_1_253' title='bbox 1173 3246 1377 3300; x_wconf 84' lang='lat' dir='ltr'>allidet</span> <span class='ocrx_word' id='word_1_254' title='bbox 1424 3245 1688 3317; x_wconf 81' lang='lat' dir='ltr'>parvulos</span> <span class='ocrx_word' id='word_1_255' title='bbox 1716 3263 1842 3302; x_wconf 86' lang='lat' dir='ltr'>suos</span> <span class='ocrx_word' id='word_1_256' title='bbox 1873 3248 1942 3302; x_wconf 89' lang='lat' dir='ltr'>ad</span> 
     </span>
    </p>
   </div>
   <div class='ocr_carea' id='block_1_35' title="bbox 292 3324 1942 3402">
    <p class='ocr_par' dir='ltr' id='par_1_35' title="bbox 292 3324 1942 3402">
     <span class='ocr_line' id='line_1_35' title="bbox 292 3324 1942 3402; baseline 0.008 -26"><span class='ocrx_word' id='word_1_257' title='bbox 292 3327 511 3393; x_wconf 80' lang='lat' dir='ltr'>petram</span> <span class='ocrx_word' id='word_1_258' title='bbox 540 3324 720 3394; x_wconf 88' lang='lat' dir='ltr'>(Psal.</span> <span class='ocrx_word' id='word_1_259' title='bbox 765 3345 982 3396; x_wconf 74' lang='lat' dir='ltr'>cxxxvr,</span> <span class='ocrx_word' id='word_1_260' title='bbox 1015 3332 1091 3402; x_wconf 62' lang='lat'>9).</span> <span class='ocrx_word' id='word_1_261' title='bbox 1154 3337 1322 3388; x_wconf 91' lang='lat' dir='ltr'>Petra</span> <span class='ocrx_word' id='word_1_262' title='bbox 1377 3338 1572 3390; x_wconf 90' lang='lat' dir='ltr'>autem</span> <span class='ocrx_word' id='word_1_263' title='bbox 1627 3339 1751 3390; x_wconf 89' lang='lat' dir='ltr'>erat</span> <span class='ocrx_word' id='word_1_264' title='bbox 1780 3335 1942 3391; x_wconf 88' lang='lat' dir='ltr'>Chri-</span> 
     </span>
    </p>
   </div>
   <div class='ocr_carea' id='block_1_36' title="bbox 297 3412 1942 3495">
    <p class='ocr_par' dir='ltr' id='par_1_36' title="bbox 297 3412 1942 3495">
     <span class='ocr_line' id='line_1_36' title="bbox 297 3412 1942 3495; baseline 0.007 -30"><span class='ocrx_word' id='word_1_265' title='bbox 297 3413 425 3466; x_wconf 84' lang='lat' dir='ltr'>stus</span> <span class='ocrx_word' id='word_1_266' title='bbox 456 3412 505 3481; x_wconf 89' lang='lat' dir='ltr'>(I</span> <span class='ocrx_word' id='word_1_267' title='bbox 532 3413 652 3469; x_wconf 84' lang='lat' dir='ltr'>Cor.</span> <span class='ocrx_word' id='word_1_268' title='bbox 686 3432 743 3481; x_wconf 89' lang='lat' dir='ltr'>x,</span> <span class='ocrx_word' id='word_1_269' title='bbox 773 3417 847 3488; x_wconf 87' lang='grc'>4).</span> <span class='ocrx_word' id='word_1_270' title='bbox 889 3419 1112 3474; x_wconf 90' lang='lat' dir='ltr'>Parvuli</span> <span class='ocrx_word' id='word_1_271' title='bbox 1163 3426 1358 3477; x_wconf 89' lang='lat' dir='ltr'>autem</span> <span class='ocrx_word' id='word_1_272' title='bbox 1411 3423 1688 3488; x_wconf 89' lang='lat' dir='ltr'>minores,</span> <span class='ocrx_word' id='word_1_273' title='bbox 1723 3427 1780 3479; x_wconf 90' lang='lat' dir='ltr'>et</span> <span class='ocrx_word' id='word_1_274' title='bbox 1810 3441 1942 3495; x_wconf 89' lang='lat' dir='ltr'>par-</span> 
     </span>
    </p>
   </div>
   <div class='ocr_carea' id='block_1_37' title="bbox 295 3501 1942 3584">
    <p class='ocr_par' dir='ltr' id='par_1_37' title="bbox 295 3501 1942 3584">
     <span class='ocr_line' id='line_1_37' title="bbox 295 3501 1942 3584; baseline 0.007 -32"><span class='ocrx_word' id='word_1_275' title='bbox 295 3515 376 3553; x_wconf 71' lang='lat' dir='ltr'>vae</span> <span class='ocrx_word' id='word_1_276' title='bbox 408 3501 791 3572; x_wconf 88' lang='lat' dir='ltr'>cogitationes</span> <span class='ocrx_word' id='word_1_277' title='bbox 824 3510 1136 3579; x_wconf 87' lang='lat' dir='ltr'>antequam</span> <span class='ocrx_word' id='word_1_278' title='bbox 1188 3515 1470 3566; x_wconf 88' lang='lat' dir='ltr'>crescant.</span> <span class='ocrx_word' id='word_1_279' title='bbox 1522 3513 1592 3566; x_wconf 92' lang='lat' dir='ltr'>Et</span> <span class='ocrx_word' id='word_1_280' title='bbox 1641 3529 1798 3567; x_wconf 91' lang='lat' dir='ltr'>nunc</span> <span class='ocrx_word' id='word_1_281' title='bbox 1830 3512 1942 3584; x_wconf 89' lang='lat' dir='ltr'>ipsi</span> 
     </span>
    </p>
   </div>
   <div class='ocr_carea' id='block_1_38' title="bbox 296 3585 1944 3664">
    <p class='ocr_par' dir='ltr' id='par_1_38' title="bbox 296 3585 1944 3664">
     <span class='ocr_line' id='line_1_38' title="bbox 296 3585 1944 3664; baseline 0.009 -24"><span class='ocrx_word' id='word_1_282' title='bbox 296 3585 571 3659; x_wconf 64' lang='lat' dir='ltr'>haeretici,</span> <span class='ocrx_word' id='word_1_283' title='bbox 597 3589 730 3645; x_wconf 89' lang='lat' dir='ltr'>licet</span> <span class='ocrx_word' id='word_1_284' title='bbox 759 3609 862 3664; x_wconf 90' lang='lat' dir='ltr'>per</span> <span class='ocrx_word' id='word_1_285' title='bbox 889 3596 1259 3654; x_wconf 85' lang='lat' dir='ltr'>Aristotelem</span> <span class='ocrx_word' id='word_1_286' title='bbox 1293 3603 1350 3654; x_wconf 91' lang='lat' dir='ltr'>et</span> <span class='ocrx_word' id='word_1_287' title='bbox 1379 3599 1676 3655; x_wconf 88' lang='lat' dir='ltr'>Platonem</span> <span class='ocrx_word' id='word_1_288' title='bbox 1709 3600 1944 3656; x_wconf 88' lang='lat' dir='ltr'>videan-</span> 
     </span>
    </p>
   </div>
   <div class='ocr_carea' id='block_1_39' title="bbox 298 3675 1945 3758">
    <p class='ocr_par' dir='ltr' id='par_1_39' title="bbox 298 3675 1945 3758">
     <span class='ocr_line' id='line_1_39' title="bbox 298 3675 1945 3758; baseline 0.01 -32"><span class='ocrx_word' id='word_1_289' title='bbox 298 3677 395 3728; x_wconf 91' lang='lat' dir='ltr'>tur</span> <span class='ocrx_word' id='word_1_290' title='bbox 451 3675 888 3747; x_wconf 88' lang='lat' dir='ltr'>simplicitatem</span> <span class='ocrx_word' id='word_1_291' title='bbox 961 3685 1228 3742; x_wconf 72' lang='lat' dir='ltr'>Ecclesiaa</span> <span class='ocrx_word' id='word_1_292' title='bbox 1304 3696 1692 3758; x_wconf 89' lang='lat' dir='ltr'>conlemnere,</span> <span class='ocrx_word' id='word_1_293' title='bbox 1747 3693 1945 3744; x_wconf 90' lang='lat' dir='ltr'>tamen</span> 
     </span>
    </p>
   </div>
   <div class='ocr_carea' id='block_1_40' title="bbox 298 3763 1947 3845">
    <p class='ocr_par' dir='ltr' id='par_1_40' title="bbox 298 3763 1947 3845">
     <span class='ocr_line' id='line_1_40' title="bbox 298 3763 1947 3845; baseline 0.011 -31"><span class='ocrx_word' id='word_1_294' title='bbox 298 3763 534 3832; x_wconf 88' lang='lat' dir='ltr'>quando</span> <span class='ocrx_word' id='word_1_295' title='bbox 558 3767 822 3823; x_wconf 87' lang='lat' dir='ltr'>venerint</span> <span class='ocrx_word' id='word_1_296' title='bbox 851 3771 921 3825; x_wconf 91' lang='lat' dir='ltr'>ad</span> <span class='ocrx_word' id='word_1_297' title='bbox 954 3773 1305 3845; x_wconf 87' lang='lat' dir='ltr'>Scripturas,</span> <span class='ocrx_word' id='word_1_298' title='bbox 1329 3777 1528 3833; x_wconf 89' lang='lat' dir='ltr'>statim</span> <span class='ocrx_word' id='word_1_299' title='bbox 1551 3778 1947 3834; x_wconf 77' lang='lat' dir='ltr'>absorbeban-</span> 
     </span>
    </p>
   </div>
   <div class='ocr_carea' id='block_1_41' title="bbox 298 3853 1948 3932">
    <p class='ocr_par' dir='ltr' id='par_1_41' title="bbox 298 3853 1948 3932">
     <span class='ocr_line' id='line_1_41' title="bbox 298 3853 1948 3932; baseline 0.01 -28"><span class='ocrx_word' id='word_1_300' title='bbox 298 3853 455 3906; x_wconf 89' lang='lat' dir='ltr'>tura</span> <span class='ocrx_word' id='word_1_301' title='bbox 503 3857 688 3925; x_wconf 86' lang='lat' dir='ltr'>petra,</span> <span class='ocrx_word' id='word_1_302' title='bbox 721 3855 828 3911; x_wconf 91' lang='lat' dir='ltr'>hoc</span> <span class='ocrx_word' id='word_1_303' title='bbox 881 3863 993 3925; x_wconf 92' lang='lat' dir='ltr'>est,</span> <span class='ocrx_word' id='word_1_304' title='bbox 1027 3877 1060 3915; x_wconf 92' lang='lat' dir='ltr'>a</span> <span class='ocrx_word' id='word_1_305' title='bbox 1114 3862 1366 3932; x_wconf 88' lang='lat' dir='ltr'>Christo,</span> <span class='ocrx_word' id='word_1_306' title='bbox 1425 3870 1484 3919; x_wconf 92' lang='lat' dir='ltr'>et</span> <span class='ocrx_word' id='word_1_307' title='bbox 1541 3870 1948 3922; x_wconf 87' lang='lat' dir='ltr'>convertentur</span> 
     </span>
    </p>
   </div>
   <div class='ocr_carea' id='block_1_42' title="bbox 300 3941 1950 4020">
    <p class='ocr_par' dir='ltr' id='par_1_42' title="bbox 300 3941 1950 4020">
     <span class='ocr_line' id='line_1_42' title="bbox 300 3941 1950 4020; baseline 0.008 -26"><span class='ocrx_word' id='word_1_308' title='bbox 300 3941 370 3995; x_wconf 90' lang='lat' dir='ltr'>ad</span> <span class='ocrx_word' id='word_1_309' title='bbox 403 3957 561 4004; x_wconf 91' lang='lat' dir='ltr'>eum,</span> <span class='ocrx_word' id='word_1_310' title='bbox 594 3944 905 4016; x_wconf 87' lang='lat' dir='ltr'>Absorptio</span> <span class='ocrx_word' id='word_1_311' title='bbox 927 3948 1082 4004; x_wconf 90' lang='lat' dir='ltr'>enim</span> <span class='ocrx_word' id='word_1_312' title='bbox 1106 3966 1208 4020; x_wconf 91' lang='lat' dir='ltr'>pro</span> <span class='ocrx_word' id='word_1_313' title='bbox 1229 3951 1471 4007; x_wconf 88' lang='lat' dir='ltr'>victoria</span> <span class='ocrx_word' id='word_1_314' title='bbox 1513 3953 1762 4009; x_wconf 88' lang='lat' dir='ltr'>dicitur:</span> <span class='ocrx_word' id='word_1_315' title='bbox 1797 3955 1950 4010; x_wconf 89' lang='lat' dir='ltr'>sicut</span> 
     </span>
    </p>
   </div>
   <div class='ocr_carea' id='block_1_43' title="bbox 299 4030 1950 4108">
    <p class='ocr_par' dir='ltr' id='par_1_43' title="bbox 299 4030 1950 4108">
     <span class='ocr_line' id='line_1_43' title="bbox 299 4030 1950 4108; baseline 0.008 -26"><span class='ocrx_word' id='word_1_316' title='bbox 299 4030 619 4101; x_wconf 84' lang='lat' dir='ltr'>Apostolus</span> <span class='ocrx_word' id='word_1_317' title='bbox 653 4033 832 4090; x_wconf 88' lang='lat' dir='ltr'>dicit:</span> <span class='ocrx_word' id='word_1_318' title='bbox 865 4036 1128 4108; x_wconf 83' lang='lat' dir='ltr'>Absorpta</span> <span class='ocrx_word' id='word_1_319' title='bbox 1159 4047 1238 4094; x_wconf 87' lang='lat' dir='ltr'>est</span> <span class='ocrx_word' id='word_1_320' title='bbox 1269 4056 1418 4095; x_wconf 87' lang='lat' dir='ltr'>mors</span> <span class='ocrx_word' id='word_1_321' title='bbox 1458 4043 1518 4095; x_wconf 89' lang='lat' dir='ltr'>in</span> <span class='ocrx_word' id='word_1_322' title='bbox 1563 4043 1809 4096; x_wconf 82' lang='lat' dir='ltr'>victoria.</span> <span class='ocrx_word' id='word_1_323' title='bbox 1848 4042 1950 4098; x_wconf 85' lang='lat' dir='ltr'>Ubi</span> 
     </span>
    </p>
   </div>
   <div class='ocr_carea' id='block_1_44' title="bbox 301 4123 1947 4198">
    <p class='ocr_par' dir='ltr' id='par_1_44' title="bbox 301 4123 1947 4198">
     <span class='ocr_line' id='line_1_44' title="bbox 301 4123 1947 4198; baseline 0.007 -25"><span class='ocrx_word' id='word_1_324' title='bbox 301 4123 405 4182; x_wconf 86' lang='lat' dir='ltr'>est,</span> <span class='ocrx_word' id='word_1_325' title='bbox 434 4135 602 4190; x_wconf 84' lang='lat' dir='ltr'>mors,</span> <span class='ocrx_word' id='word_1_326' title='bbox 641 4123 870 4178; x_wconf 89' lang='lat' dir='ltr'>victoria</span> <span class='ocrx_word' id='word_1_327' title='bbox 904 4128 1038 4179; x_wconf 80' lang='lat' dir='ltr'>tua?</span> <span class='ocrx_word' id='word_1_328' title='bbox 1088 4127 1204 4198; x_wconf 84' lang='lat' dir='ltr'>Ubi,</span> <span class='ocrx_word' id='word_1_329' title='bbox 1239 4129 1493 4197; x_wconf 79' lang='lat' dir='ltr'>infermc,</span> <span class='ocrx_word' id='word_1_330' title='bbox 1532 4131 1790 4184; x_wconf 86' lang='lat' dir='ltr'>stimulus</span> <span class='ocrx_word' id='word_1_331' title='bbox 1822 4134 1947 4184; x_wconf 83' lang='lat' dir='ltr'>tuus</span> 
     </span>
    </p>
   </div>
   <div class='ocr_carea' id='block_1_45' title="bbox 297 4205 1946 4290">
    <p class='ocr_par' dir='ltr' id='par_1_45' title="bbox 297 4205 1946 4290">
     <span class='ocr_line' id='line_1_45' title="bbox 297 4205 1946 4290; baseline 0.008 -31"><span class='ocrx_word' id='word_1_332' title='bbox 297 4206 344 4273; x_wconf 86' lang='grc' dir='ltr'>(Ι</span> <span class='ocrx_word' id='word_1_333' title='bbox 377 4205 497 4261; x_wconf 83' lang='lat' dir='ltr'>Cor.</span> <span class='ocrx_word' id='word_1_334' title='bbox 525 4225 615 4276; x_wconf 85' lang='lat' dir='ltr'>xv,</span> <span class='ocrx_word' id='word_1_335' title='bbox 667 4210 759 4277; x_wconf 81' lang='grc'>54,</span> <span class='ocrx_word' id='word_1_336' title='bbox 791 4211 932 4283; x_wconf 84' lang='lat'>55)?</span> <span class='ocrx_word' id='word_1_337' title='bbox 973 4214 1287 4271; x_wconf 90' lang='lat' dir='ltr'>Victoriam</span> <span class='ocrx_word' id='word_1_338' title='bbox 1346 4223 1544 4273; x_wconf 88' lang='lat' dir='ltr'>autem</span> <span class='ocrx_word' id='word_1_339' title='bbox 1586 4218 1727 4273; x_wconf 91' lang='lat' dir='ltr'>dicit</span> <span class='ocrx_word' id='word_1_340' title='bbox 1756 4219 1946 4290; x_wconf 89' lang='lat' dir='ltr'>ipsam</span> 
     </span>
    </p>
   </div>
   <div class='ocr_carea' id='block_1_46' title="bbox 299 4293 1944 4371">
    <p class='ocr_par' dir='ltr' id='par_1_46' title="bbox 299 4293 1944 4371">
     <span class='ocr_line' id='line_1_46' title="bbox 299 4293 1944 4371; baseline 0.01 -24"><span class='ocrx_word' id='word_1_341' title='bbox 299 4293 758 4368; x_wconf 88' lang='lat' dir='ltr'>absorptionem,</span> <span class='ocrx_word' id='word_1_342' title='bbox 794 4316 970 4371; x_wconf 88' lang='lat' dir='ltr'>quam</span> <span class='ocrx_word' id='word_1_343' title='bbox 1021 4303 1325 4362; x_wconf 89' lang='lat' dir='ltr'>victoriam</span> <span class='ocrx_word' id='word_1_344' title='bbox 1371 4305 1625 4362; x_wconf 87' lang='lat' dir='ltr'>habebat</span> <span class='ocrx_word' id='word_1_345' title='bbox 1655 4307 1712 4361; x_wconf 91' lang='lat' dir='ltr'>in</span> <span class='ocrx_word' id='word_1_346' title='bbox 1745 4307 1944 4363; x_wconf 90' lang='lat' dir='ltr'>absor-</span> 
     </span>
    </p>
   </div>
   <div class='ocr_carea' id='block_1_47' title="bbox 297 4381 510 4438">
    <p class='ocr_par' dir='ltr' id='par_1_47' title="bbox 297 4381 510 4438">
     <span class='ocr_line' id='line_1_47' title="bbox 297 4381 510 4438; baseline 0.005 -1"><span class='ocrx_word' id='word_1_347' title='bbox 297 4381 510 4438; x_wconf 87' lang='lat' dir='ltr'>bendo.</span> 
     </span>
    </p>
   </div>
   <div class='ocr_carea' id='block_1_48' title="bbox 374 4472 1946 4556">
    <p class='ocr_par' dir='ltr' id='par_1_48' title="bbox 374 4472 1946 4556">
     <span class='ocr_line' id='line_1_48' title="bbox 374 4472 1946 4556; baseline 0.009 -31"><span class='ocrx_word' id='word_1_348' title='bbox 374 4495 401 4520; x_wconf 74' lang='grc' dir='ltr'>ι(</span> <span class='ocrx_word' id='word_1_349' title='bbox 435 4472 691 4530; x_wconf 87' lang='lat' dir='ltr'>Audient</span> <span class='ocrx_word' id='word_1_350' title='bbox 718 4476 893 4532; x_wconf 89' lang='lat' dir='ltr'>verba</span> <span class='ocrx_word' id='word_1_351' title='bbox 922 4495 1070 4545; x_wconf 88' lang='lat' dir='ltr'>mea,</span> <span class='ocrx_word' id='word_1_352' title='bbox 1097 4481 1372 4550; x_wconf 88' lang='lat' dir='ltr'>quoniam</span> <span class='ocrx_word' id='word_1_353' title='bbox 1397 4487 1731 4553; x_wconf 91' lang='lat' dir='ltr'>potuerunt.</span> <span class='ocrx_word' id='word_1_354' title='bbox 1767 4506 1794 4532; x_wconf 86' lang='grc'>››</span> <span class='ocrx_word' id='word_1_355' title='bbox 1818 4484 1946 4556; x_wconf 82' lang='lat' dir='ltr'>ipse</span> 
     </span>
    </p>
   </div>
   <div class='ocr_carea' id='block_1_49' title="bbox 301 4560 1943 4638">
    <p class='ocr_par' dir='ltr' id='par_1_49' title="bbox 301 4560 1943 4638">
     <span class='ocr_line' id='line_1_49' title="bbox 301 4560 1943 4638; baseline 0.007 -23"><span class='ocrx_word' id='word_1_356' title='bbox 301 4560 587 4617; x_wconf 87' lang='lat' dir='ltr'>Dominus</span> <span class='ocrx_word' id='word_1_357' title='bbox 618 4563 798 4620; x_wconf 88' lang='lat' dir='ltr'>dicit:</span> <span class='ocrx_word' id='word_1_358' title='bbox 833 4567 979 4630; x_wconf 88' lang='lat' dir='ltr'>Quia</span> <span class='ocrx_word' id='word_1_359' title='bbox 1008 4568 1078 4623; x_wconf 92' lang='lat' dir='ltr'>ad</span> <span class='ocrx_word' id='word_1_360' title='bbox 1121 4586 1213 4624; x_wconf 90' lang='lat' dir='ltr'>me</span> <span class='ocrx_word' id='word_1_361' title='bbox 1257 4575 1564 4638; x_wconf 89' lang='lat' dir='ltr'>venerunt,</span> <span class='ocrx_word' id='word_1_362' title='bbox 1616 4572 1749 4626; x_wconf 89' lang='lat' dir='ltr'>victi</span> <span class='ocrx_word' id='word_1_363' title='bbox 1783 4577 1943 4638; x_wconf 90' lang='lat' dir='ltr'>sunt,</span> 
     </span>
    </p>
   </div>
   <div class='ocr_carea' id='block_1_50' title="bbox 2059 629 3711 704">
    <p class='ocr_par' dir='ltr' id='par_1_50' title="bbox 2059 629 3711 704">
     <span class='ocr_line' id='line_1_50' title="bbox 2059 629 3711 704; baseline -0.005 -12"><span class='ocrx_word' id='word_1_364' title='bbox 2059 639 2320 692; x_wconf 85' lang='lat' dir='ltr'>universa</span> <span class='ocrx_word' id='word_1_365' title='bbox 2348 652 2469 690; x_wconf 86' lang='lat' dir='ltr'>ossa</span> <span class='ocrx_word' id='word_1_366' title='bbox 2511 650 2634 689; x_wconf 86' lang='lat' dir='ltr'>mea</span> <span class='ocrx_word' id='word_1_367' title='bbox 2692 631 2859 704; x_wconf 89' lang='lat' dir='ltr'>(Psal.</span> <span class='ocrx_word' id='word_1_368' title='bbox 2920 648 3035 701; x_wconf 74' lang='lat' dir='ltr'>xxx,</span> <span class='ocrx_word' id='word_1_369' title='bbox 3098 630 3207 700; x_wconf 84' lang='grc'>15),</span> <span class='ocrx_word' id='word_1_370' title='bbox 3264 629 3325 684; x_wconf 91' lang='lat' dir='ltr'>Si</span> <span class='ocrx_word' id='word_1_371' title='bbox 3389 629 3711 684; x_wconf 88' lang='lat' dir='ltr'>secundum</span> 
     </span>
    </p>
   </div>
   <div class='ocr_carea' id='block_1_51' title="bbox 2059 718 3714 795">
    <p class='ocr_par' dir='ltr' id='par_1_51' title="bbox 2059 718 3714 795">
     <span class='ocr_line' id='line_1_51' title="bbox 2059 718 3714 795; baseline -0.004 -16"><span class='ocrx_word' id='word_1_372' title='bbox 2059 725 2311 781; x_wconf 87' lang='lat' dir='ltr'>litteram</span> <span class='ocrx_word' id='word_1_373' title='bbox 2343 723 2747 795; x_wconf 90' lang='lat' dir='ltr'>intelligimus,</span> <span class='ocrx_word' id='word_1_374' title='bbox 2797 738 2910 776; x_wconf 92' lang='lat' dir='ltr'>non</span> <span class='ocrx_word' id='word_1_375' title='bbox 2951 725 3086 775; x_wconf 91' lang='lat' dir='ltr'>stat.</span> <span class='ocrx_word' id='word_1_376' title='bbox 3139 719 3448 791; x_wconf 87' lang='lat' dir='ltr'>Siquidem</span> <span class='ocrx_word' id='word_1_377' title='bbox 3482 718 3714 774; x_wconf 84' lang='lat' dir='ltr'>cruciﬁ-</span> 
     </span>
    </p>
   </div>
   <div class='ocr_carea' id='block_1_52' title="bbox 2061 809 3712 878">
    <p class='ocr_par' dir='ltr' id='par_1_52' title="bbox 2061 809 3712 878">
     <span class='ocr_line' id='line_1_52' title="bbox 2061 809 3712 878; baseline -0.005 -7"><span class='ocrx_word' id='word_1_378' title='bbox 2061 833 2168 871; x_wconf 89' lang='lat' dir='ltr'>xus</span> <span class='ocrx_word' id='word_1_379' title='bbox 2235 820 2324 870; x_wconf 89' lang='lat' dir='ltr'>est</span> <span class='ocrx_word' id='word_1_380' title='bbox 2377 819 2649 869; x_wconf 89' lang='lat' dir='ltr'>tantum..</span> <span class='ocrx_word' id='word_1_381' title='bbox 2689 813 2930 878; x_wconf 90' lang='lat' dir='ltr'>Quando</span> <span class='ocrx_word' id='word_1_382' title='bbox 2982 809 3195 864; x_wconf 91' lang='lat' dir='ltr'>videris</span> <span class='ocrx_word' id='word_1_383' title='bbox 3255 809 3492 876; x_wconf 77' lang='lat' dir='ltr'>Arium,</span> <span class='ocrx_word' id='word_1_384' title='bbox 3525 809 3712 863; x_wconf 78' lang='lat' dir='ltr'>Euno~</span> 
     </span>
    </p>
   </div>
   <div class='ocr_carea' id='block_1_53' title="bbox 2062 898 3706 971">
    <p class='ocr_par' dir='ltr' id='par_1_53' title="bbox 2062 898 3706 971">
     <span class='ocr_line' id='line_1_53' title="bbox 2062 898 3706 971; baseline -0.004 -11"><span class='ocrx_word' id='word_1_385' title='bbox 2062 906 2245 961; x_wconf 91' lang='lat' dir='ltr'>mium</span> <span class='ocrx_word' id='word_1_386' title='bbox 2303 908 2465 960; x_wconf 83' lang='lat' dir='ltr'>extra</span> <span class='ocrx_word' id='word_1_387' title='bbox 2523 903 2881 968; x_wconf 88' lang='lat' dir='ltr'>Ecclesiam;</span> <span class='ocrx_word' id='word_1_388' title='bbox 2943 899 3203 971; x_wconf 89' lang='lat' dir='ltr'>intellige</span> <span class='ocrx_word' id='word_1_389' title='bbox 3261 898 3562 969; x_wconf 86' lang='lat' dir='ltr'>dissipata</span> <span class='ocrx_word' id='word_1_390' title='bbox 3593 913 3706 953; x_wconf 75' lang='lat' dir='ltr'>esse</span> 
     </span>
    </p>
   </div>
   <div class='ocr_carea' id='block_1_54' title="bbox 2061 988 3713 1059">
    <p class='ocr_par' dir='ltr' id='par_1_54' title="bbox 2061 988 3713 1059">
     <span class='ocr_line' id='line_1_54' title="bbox 2061 988 3713 1059; baseline -0.006 -10"><span class='ocrx_word' id='word_1_391' title='bbox 2061 1012 2194 1050; x_wconf 87' lang='lat' dir='ltr'>ossa</span> <span class='ocrx_word' id='word_1_392' title='bbox 2225 993 2456 1049; x_wconf 89' lang='lat' dir='ltr'>Domini</span> <span class='ocrx_word' id='word_1_393' title='bbox 2490 1009 2657 1048; x_wconf 90' lang='lat' dir='ltr'>secus</span> <span class='ocrx_word' id='word_1_394' title='bbox 2714 990 3031 1046; x_wconf 83' lang='lat' dir='ltr'>infernum.</span> <span class='ocrx_word' id='word_1_395' title='bbox 3093 989 3168 1042; x_wconf 91' lang='lat' dir='ltr'>Os</span> <span class='ocrx_word' id='word_1_396' title='bbox 3227 988 3383 1059; x_wconf 91' lang='lat' dir='ltr'>quod</span> <span class='ocrx_word' id='word_1_397' title='bbox 3432 988 3584 1041; x_wconf 82' lang='lat' dir='ltr'>forte</span> <span class='ocrx_word' id='word_1_398' title='bbox 3613 993 3713 1056; x_wconf 75' lang='lat' dir='ltr'>est,</span> 
     </span>
    </p>
   </div>
   <div class='ocr_carea' id='block_1_55' title="bbox 2062 1076 3719 1154">
    <p class='ocr_par' dir='ltr' id='par_1_55' title="bbox 2062 1076 3719 1154">
     <span class='ocr_line' id='line_1_55' title="bbox 2062 1076 3719 1154; baseline -0.004 -18"><span class='ocrx_word' id='word_1_399' title='bbox 2062 1083 2171 1154; x_wconf 88' lang='lat' dir='ltr'>ipsi</span> <span class='ocrx_word' id='word_1_400' title='bbox 2206 1085 2456 1152; x_wconf 85' lang='lat' dir='ltr'>majores</span> <span class='ocrx_word' id='word_1_401' title='bbox 2487 1087 2626 1137; x_wconf 89' lang='lat' dir='ltr'>sunt</span> <span class='ocrx_word' id='word_1_402' title='bbox 2669 1081 2770 1152; x_wconf 90' lang='lat' dir='ltr'>qui</span> <span class='ocrx_word' id='word_1_403' title='bbox 2821 1080 3091 1134; x_wconf 89' lang='lat' dir='ltr'>videntur</span> <span class='ocrx_word' id='word_1_404' title='bbox 3136 1076 3358 1148; x_wconf 86' lang='lat' dir='ltr'>aliquid</span> <span class='ocrx_word' id='word_1_405' title='bbox 3412 1092 3587 1130; x_wconf 84' lang='lat' dir='ltr'>esse:</span> <span class='ocrx_word' id='word_1_406' title='bbox 3627 1092 3719 1146; x_wconf 81' lang='lat' dir='ltr'>per</span> 
     </span>
    </p>
   </div>
   <div class='ocr_carea' id='block_1_56' title="bbox 2061 1165 3721 1244">
    <p class='ocr_par' dir='ltr' id='par_1_56' title="bbox 2061 1165 3721 1244">
     <span class='ocr_line' id='line_1_56' title="bbox 2061 1165 3721 1244; baseline -0.004 -17"><span class='ocrx_word' id='word_1_407' title='bbox 2061 1172 2500 1244; x_wconf 87' lang='lat' dir='ltr'>multiloquium</span> <span class='ocrx_word' id='word_1_408' title='bbox 2561 1172 2845 1243; x_wconf 90' lang='lat' dir='ltr'>ipsorum,</span> <span class='ocrx_word' id='word_1_409' title='bbox 2906 1174 2963 1224; x_wconf 88' lang='lat' dir='ltr'>et</span> <span class='ocrx_word' id='word_1_410' title='bbox 3022 1184 3122 1240; x_wconf 91' lang='lat' dir='ltr'>per</span> <span class='ocrx_word' id='word_1_411' title='bbox 3176 1165 3624 1238; x_wconf 88' lang='lat' dir='ltr'>philos0phiam</span> <span class='ocrx_word' id='word_1_412' title='bbox 3668 1170 3721 1220; x_wconf 85' lang='lat' dir='ltr'>et</span> 
     </span>
    </p>
   </div>
   <div class='ocr_carea' id='block_1_57' title="bbox 2061 1255 3319 1317">
    <p class='ocr_par' dir='ltr' id='par_1_57' title="bbox 2061 1255 3319 1317">
     <span class='ocr_line' id='line_1_57' title="bbox 2061 1255 3319 1317; baseline -0.006 -1"><span class='ocrx_word' id='word_1_413' title='bbox 2061 1263 2492 1317; x_wconf 89' lang='lat' dir='ltr'>contentionem</span> <span class='ocrx_word' id='word_1_414' title='bbox 2523 1260 2885 1316; x_wconf 89' lang='lat' dir='ltr'>inducuntur</span> <span class='ocrx_word' id='word_1_415' title='bbox 2909 1258 2982 1313; x_wconf 85' lang='lat' dir='ltr'>ab</span> <span class='ocrx_word' id='word_1_416' title='bbox 3013 1255 3319 1312; x_wconf 66' lang='lat' dir='ltr'>haereticis.</span> 
     </span>
    </p>
   </div>
   <div class='ocr_carea' id='block_1_58' title="bbox 2139 1343 3724 1420">
    <p class='ocr_par' dir='ltr' id='par_1_58' title="bbox 2139 1343 3724 1420">
     <span class='ocr_line' id='line_1_58' title="bbox 2139 1343 3724 1420; baseline -0.007 -15"><span class='ocrx_word' id='word_1_417' title='bbox 2139 1371 2160 1398; x_wconf 73' lang='grc' dir='ltr'>α</span> <span class='ocrx_word' id='word_1_418' title='bbox 2196 1350 2434 1406; x_wconf 87' lang='lat' dir='ltr'>Custodi</span> <span class='ocrx_word' id='word_1_419' title='bbox 2465 1367 2558 1404; x_wconf 87' lang='lat' dir='ltr'>me</span> <span class='ocrx_word' id='word_1_420' title='bbox 2589 1368 2621 1404; x_wconf 92' lang='lat' dir='ltr'>a</span> <span class='ocrx_word' id='word_1_421' title='bbox 2652 1349 2859 1420; x_wconf 89' lang='lat' dir='ltr'>laqueo</span> <span class='ocrx_word' id='word_1_422' title='bbox 2888 1363 3062 1418; x_wconf 89' lang='lat' dir='ltr'>quem</span> <span class='ocrx_word' id='word_1_423' title='bbox 3109 1348 3452 1401; x_wconf 89' lang='lat' dir='ltr'>statuerunt</span> <span class='ocrx_word' id='word_1_424' title='bbox 3488 1343 3664 1397; x_wconf 86' lang='lat' dir='ltr'>mihi.</span> <span class='ocrx_word' id='word_1_425' title='bbox 3699 1369 3724 1392; x_wconf 59' lang='grc' dir='ltr'>ιθ</span> 
     </span>
    </p>
   </div>
   <div class='ocr_carea' id='block_1_59' title="bbox 2061 1432 3727 1510">
    <p class='ocr_par' dir='ltr' id='par_1_59' title="bbox 2061 1432 3727 1510">
     <span class='ocr_line' id='line_1_59' title="bbox 2061 1432 3727 1510; baseline -0.005 -16"><span class='ocrx_word' id='word_1_426' title='bbox 2061 1441 2302 1510; x_wconf 90' lang='lat' dir='ltr'>Semper</span> <span class='ocrx_word' id='word_1_427' title='bbox 2348 1439 2516 1494; x_wconf 89' lang='lat' dir='ltr'>nobis</span> <span class='ocrx_word' id='word_1_428' title='bbox 2563 1438 2804 1510; x_wconf 84' lang='lat' dir='ltr'>laqueos</span> <span class='ocrx_word' id='word_1_429' title='bbox 2852 1437 3102 1493; x_wconf 89' lang='lat' dir='ltr'>tendunt</span> <span class='ocrx_word' id='word_1_430' title='bbox 3155 1438 3254 1489; x_wconf 90' lang='lat' dir='ltr'>aut</span> <span class='ocrx_word' id='word_1_431' title='bbox 3297 1432 3596 1502; x_wconf 59' lang='lat' dir='ltr'>haeretici,</span> <span class='ocrx_word' id='word_1_432' title='bbox 3632 1441 3727 1487; x_wconf 82' lang='lat' dir='ltr'>ant</span> 
     </span>
    </p>
   </div>
   <div class='ocr_carea' id='block_1_60' title="bbox 2060 1522 3728 1584">
    <p class='ocr_par' dir='ltr' id='par_1_60' title="bbox 2060 1522 3728 1584">
     <span class='ocr_line' id='line_1_60' title="bbox 2060 1522 3728 1584; baseline -0.004 -1"><span class='ocrx_word' id='word_1_433' title='bbox 2060 1530 2374 1584; x_wconf 65' lang='lat' dir='ltr'>daemones.</span> <span class='ocrx_word' id='word_1_434' title='bbox 2407 1527 2562 1582; x_wconf 92' lang='lat' dir='ltr'>Vitia</span> <span class='ocrx_word' id='word_1_435' title='bbox 2591 1527 2747 1582; x_wconf 89' lang='lat' dir='ltr'>enim</span> <span class='ocrx_word' id='word_1_436' title='bbox 2787 1527 2979 1581; x_wconf 88' lang='lat' dir='ltr'>vicina</span> <span class='ocrx_word' id='word_1_437' title='bbox 3036 1529 3174 1579; x_wconf 90' lang='lat' dir='ltr'>sunt</span> <span class='ocrx_word' id='word_1_438' title='bbox 3230 1523 3584 1578; x_wconf 85' lang='lat' dir='ltr'>virtutibus.</span> <span class='ocrx_word' id='word_1_439' title='bbox 3619 1522 3728 1577; x_wconf 84' lang='lat' dir='ltr'>La-</span> 
     </span>
    </p>
   </div>
   <div class='ocr_carea' id='block_1_61' title="bbox 2060 1611 3724 1688">
    <p class='ocr_par' dir='ltr' id='par_1_61' title="bbox 2060 1611 3724 1688">
     <span class='ocr_line' id='line_1_61' title="bbox 2060 1611 3724 1688; baseline -0.004 -16"><span class='ocrx_word' id='word_1_440' title='bbox 2060 1634 2276 1688; x_wconf 88' lang='lat' dir='ltr'>queum</span> <span class='ocrx_word' id='word_1_441' title='bbox 2301 1616 2445 1671; x_wconf 90' lang='lat' dir='ltr'>mihi</span> <span class='ocrx_word' id='word_1_442' title='bbox 2472 1620 2795 1688; x_wconf 90' lang='lat' dir='ltr'>posuerunt</span> <span class='ocrx_word' id='word_1_443' title='bbox 2817 1615 2876 1670; x_wconf 88' lang='lat' dir='ltr'>in</span> <span class='ocrx_word' id='word_1_444' title='bbox 2900 1613 3286 1685; x_wconf 86' lang='lat' dir='ltr'>eleemosyna,</span> <span class='ocrx_word' id='word_1_445' title='bbox 3331 1612 3379 1667; x_wconf 91' lang='lat' dir='ltr'>si</span> <span class='ocrx_word' id='word_1_446' title='bbox 3402 1611 3724 1666; x_wconf 78' lang='lat' dir='ltr'>extendere</span> 
     </span>
    </p>
   </div>
   <div class='ocr_carea' id='block_1_62' title="bbox 2060 1700 3720 1772">
    <p class='ocr_par' dir='ltr' id='par_1_62' title="bbox 2060 1700 3720 1772">
     <span class='ocr_line' id='line_1_62' title="bbox 2060 1700 3720 1772; baseline -0.004 -11"><span class='ocrx_word' id='word_1_447' title='bbox 2060 1723 2301 1762; x_wconf 89' lang='lat' dir='ltr'>manum</span> <span class='ocrx_word' id='word_1_448' title='bbox 2327 1709 2608 1771; x_wconf 88' lang='lat' dir='ltr'>meam,ut</span> <span class='ocrx_word' id='word_1_449' title='bbox 2628 1704 2863 1760; x_wconf 87' lang='lat' dir='ltr'>videant</span> <span class='ocrx_word' id='word_1_450' title='bbox 2887 1703 3154 1758; x_wconf 91' lang='lat' dir='ltr'>homines</span> <span class='ocrx_word' id='word_1_451' title='bbox 3178 1718 3190 1757; x_wconf 93' lang='lat'>:</span> <span class='ocrx_word' id='word_1_452' title='bbox 3218 1704 3274 1756; x_wconf 89' lang='lat' dir='ltr'>et</span> <span class='ocrx_word' id='word_1_453' title='bbox 3293 1700 3476 1772; x_wconf 87' lang='lat' dir='ltr'>quasi</span> <span class='ocrx_word' id='word_1_454' title='bbox 3502 1700 3720 1755; x_wconf 89' lang='lat' dir='ltr'>bonum</span> 
     </span>
    </p>
   </div>
   <div class='ocr_carea' id='block_1_63' title="bbox 2059 1790 3722 1863">
    <p class='ocr_par' dir='ltr' id='par_1_63' title="bbox 2059 1790 3722 1863">
     <span class='ocr_line' id='line_1_63' title="bbox 2059 1790 3722 1863; baseline -0.004 -14"><span class='ocrx_word' id='word_1_455' title='bbox 2059 1796 2299 1863; x_wconf 85' lang='lat' dir='ltr'>faciens,</span> <span class='ocrx_word' id='word_1_456' title='bbox 2329 1795 2498 1849; x_wconf 90' lang='lat' dir='ltr'>venio</span> <span class='ocrx_word' id='word_1_457' title='bbox 2531 1795 2591 1849; x_wconf 90' lang='lat' dir='ltr'>in</span> <span class='ocrx_word' id='word_1_458' title='bbox 2620 1795 2828 1848; x_wconf 88' lang='lat' dir='ltr'>vitium</span> <span class='ocrx_word' id='word_1_459' title='bbox 2869 1798 2926 1848; x_wconf 92' lang='lat' dir='ltr'>et</span> <span class='ocrx_word' id='word_1_460' title='bbox 2956 1793 3015 1847; x_wconf 85' lang='lat' dir='ltr'>in</span> <span class='ocrx_word' id='word_1_461' title='bbox 3061 1794 3386 1863; x_wconf 89' lang='lat' dir='ltr'>peccatum.</span> <span class='ocrx_word' id='word_1_462' title='bbox 3423 1790 3488 1844; x_wconf 88' lang='lat' dir='ltr'>Si</span> <span class='ocrx_word' id='word_1_463' title='bbox 3523 1794 3722 1844; x_wconf 85' lang='lat' dir='ltr'>autem</span> 
     </span>
    </p>
   </div>
   <div class='ocr_carea' id='block_1_64' title="bbox 2058 1878 3722 1949">
    <p class='ocr_par' dir='ltr' id='par_1_64' title="bbox 2058 1878 3722 1949">
     <span class='ocr_line' id='line_1_64' title="bbox 2058 1878 3722 1949; baseline -0.004 -10"><span class='ocrx_word' id='word_1_464' title='bbox 2058 1885 2270 1940; x_wconf 88' lang='lat' dir='ltr'>dedero</span> <span class='ocrx_word' id='word_1_465' title='bbox 2313 1883 2574 1938; x_wconf 89' lang='lat' dir='ltr'>tunicam</span> <span class='ocrx_word' id='word_1_466' title='bbox 2629 1883 2817 1949; x_wconf 85' lang='lat' dir='ltr'>fratri,</span> <span class='ocrx_word' id='word_1_467' title='bbox 2879 1885 2943 1936; x_wconf 88' lang='lat' dir='ltr'>ut</span> <span class='ocrx_word' id='word_1_468' title='bbox 2993 1882 3139 1936; x_wconf 87' lang='lat' dir='ltr'>alter</span> <span class='ocrx_word' id='word_1_469' title='bbox 3189 1879 3403 1946; x_wconf 86' lang='lat' dir='ltr'>videat,</span> <span class='ocrx_word' id='word_1_470' title='bbox 3441 1878 3722 1949; x_wconf 84' lang='lat' dir='ltr'>laqueum</span> 
     </span>
    </p>
   </div>
   <div class='ocr_carea' id='block_1_65' title="bbox 2060 1968 3724 2043">
    <p class='ocr_par' dir='ltr' id='par_1_65' title="bbox 2060 1968 3724 2043">
     <span class='ocr_line' id='line_1_65' title="bbox 2060 1968 3724 2043; baseline -0.002 -17"><span class='ocrx_word' id='word_1_471' title='bbox 2060 1972 2205 2027; x_wconf 91' lang='lat' dir='ltr'>mihi</span> <span class='ocrx_word' id='word_1_472' title='bbox 2236 1975 2577 2043; x_wconf 90' lang='lat' dir='ltr'>posuerunt.</span> <span class='ocrx_word' id='word_1_473' title='bbox 2612 1972 2851 2042; x_wconf 86' lang='lat' dir='ltr'>Semper</span> <span class='ocrx_word' id='word_1_474' title='bbox 2881 1970 3062 2025; x_wconf 86' lang='lat' dir='ltr'>cervis</span> <span class='ocrx_word' id='word_1_475' title='bbox 3102 1969 3436 2024; x_wconf 89' lang='lat' dir='ltr'>tenduntur</span> <span class='ocrx_word' id='word_1_476' title='bbox 3467 1968 3634 2032; x_wconf 83' lang='lat' dir='ltr'>retia,</span> <span class='ocrx_word' id='word_1_477' title='bbox 3666 1973 3724 2022; x_wconf 86' lang='lat' dir='ltr'>et</span> 
     </span>
    </p>
   </div>
   <div class='ocr_carea' id='block_1_66' title="bbox 2057 2055 3722 2132">
    <p class='ocr_par' dir='ltr' id='par_1_66' title="bbox 2057 2055 3722 2132">
     <span class='ocr_line' id='line_1_66' title="bbox 2057 2055 3722 2132; baseline -0.004 -17"><span class='ocrx_word' id='word_1_478' title='bbox 2057 2060 2248 2132; x_wconf 89' lang='lat' dir='ltr'>laquei</span> <span class='ocrx_word' id='word_1_479' title='bbox 2280 2060 2365 2116; x_wconf 89' lang='lat' dir='ltr'>eis</span> <span class='ocrx_word' id='word_1_480' title='bbox 2399 2065 2718 2130; x_wconf 87' lang='lat' dir='ltr'>ponuntur,</span> <span class='ocrx_word' id='word_1_481' title='bbox 2753 2059 2849 2114; x_wconf 90' lang='lat' dir='ltr'>ubi</span> <span class='ocrx_word' id='word_1_482' title='bbox 2881 2058 3125 2131; x_wconf 89' lang='lat' dir='ltr'>vestigia</span> <span class='ocrx_word' id='word_1_483' title='bbox 3155 2073 3360 2112; x_wconf 89' lang='lat' dir='ltr'>eorum</span> <span class='ocrx_word' id='word_1_484' title='bbox 3394 2055 3722 2128; x_wconf 86' lang='lat' dir='ltr'>deprehen-</span> 
     </span>
    </p>
   </div>
   <div class='ocr_carea' id='block_1_67' title="bbox 2057 2145 3719 2218">
    <p class='ocr_par' dir='ltr' id='par_1_67' title="bbox 2057 2145 3719 2218">
     <span class='ocr_line' id='line_1_67' title="bbox 2057 2145 3719 2218; baseline -0.003 -14"><span class='ocrx_word' id='word_1_485' title='bbox 2057 2151 2204 2205; x_wconf 90' lang='lat' dir='ltr'>derit</span> <span class='ocrx_word' id='word_1_486' title='bbox 2234 2152 2492 2205; x_wconf 88' lang='lat' dir='ltr'>venator.</span> <span class='ocrx_word' id='word_1_487' title='bbox 2528 2151 2741 2204; x_wconf 88' lang='lat' dir='ltr'>Cervus</span> <span class='ocrx_word' id='word_1_488' title='bbox 2793 2152 2987 2204; x_wconf 88' lang='lat' dir='ltr'>autem</span> <span class='ocrx_word' id='word_1_489' title='bbox 3041 2146 3324 2218; x_wconf 85' lang='lat' dir='ltr'>accipitur</span> <span class='ocrx_word' id='word_1_490' title='bbox 3372 2145 3438 2200; x_wconf 90' lang='lat' dir='ltr'>in</span> <span class='ocrx_word' id='word_1_491' title='bbox 3475 2150 3676 2200; x_wconf 81' lang='lat' dir='ltr'>saneto</span> <span class='ocrx_word' id='word_1_492' title='bbox 3707 2162 3719 2198; x_wconf 91' lang='lat'>:</span> 
     </span>
    </p>
   </div>
   <div class='ocr_carea' id='block_1_68' title="bbox 2055 2233 3719 2310">
    <p class='ocr_par' dir='ltr' id='par_1_68' title="bbox 2055 2233 3719 2310">
     <span class='ocr_line' id='line_1_68' title="bbox 2055 2233 3719 2310; baseline -0.004 -16"><span class='ocrx_word' id='word_1_493' title='bbox 2055 2239 2194 2310; x_wconf 87' lang='lat' dir='ltr'>quia</span> <span class='ocrx_word' id='word_1_494' title='bbox 2225 2238 2376 2294; x_wconf 88' lang='lat' dir='ltr'>altus</span> <span class='ocrx_word' id='word_1_495' title='bbox 2407 2244 2517 2303; x_wconf 90' lang='lat' dir='ltr'>est,</span> <span class='ocrx_word' id='word_1_496' title='bbox 2555 2244 2611 2294; x_wconf 91' lang='lat' dir='ltr'>et</span> <span class='ocrx_word' id='word_1_497' title='bbox 2655 2255 2874 2293; x_wconf 90' lang='lat' dir='ltr'>cornua</span> <span class='ocrx_word' id='word_1_498' title='bbox 2915 2237 3162 2310; x_wconf 86' lang='lat' dir='ltr'>grandia</span> <span class='ocrx_word' id='word_1_499' title='bbox 3210 2235 3412 2303; x_wconf 90' lang='lat' dir='ltr'>habet,</span> <span class='ocrx_word' id='word_1_500' title='bbox 3449 2240 3510 2289; x_wconf 89' lang='lat' dir='ltr'>et</span> <span class='ocrx_word' id='word_1_501' title='bbox 3543 2233 3719 2288; x_wconf 79' lang='lat' dir='ltr'>inter-</span> 
     </span>
    </p>
   </div>
   <div class='ocr_carea' id='block_1_69' title="bbox 2055 2324 3720 2399">
    <p class='ocr_par' dir='ltr' id='par_1_69' title="bbox 2055 2324 3720 2399">
     <span class='ocr_line' id='line_1_69' title="bbox 2055 2324 3720 2399; baseline -0.004 -17"><span class='ocrx_word' id='word_1_502' title='bbox 2055 2328 2176 2382; x_wconf 82' lang='lat' dir='ltr'>ﬁcit</span> <span class='ocrx_word' id='word_1_503' title='bbox 2205 2332 2525 2399; x_wconf 87' lang='lat' dir='ltr'>serpentes.</span> <span class='ocrx_word' id='word_1_504' title='bbox 2578 2331 2889 2398; x_wconf 88' lang='lat' dir='ltr'>Propterea</span> <span class='ocrx_word' id='word_1_505' title='bbox 2939 2326 3080 2382; x_wconf 91' lang='lat' dir='ltr'>dicit</span> <span class='ocrx_word' id='word_1_506' title='bbox 3126 2324 3302 2380; x_wconf 88' lang='lat' dir='ltr'>alibi:</span> <span class='ocrx_word' id='word_1_507' title='bbox 3339 2325 3459 2393; x_wconf 83' lang='lat' dir='ltr'>Qui</span> <span class='ocrx_word' id='word_1_508' title='bbox 3487 2325 3720 2394; x_wconf 77' lang='lat' dir='ltr'>perfecit</span> 
     </span>
    </p>
   </div>
   <div class='ocr_carea' id='block_1_70' title="bbox 2053 2413 3725 2488">
    <p class='ocr_par' dir='ltr' id='par_1_70' title="bbox 2053 2413 3725 2488">
     <span class='ocr_line' id='line_1_70' title="bbox 2053 2413 3725 2488; baseline -0.002 -18"><span class='ocrx_word' id='word_1_509' title='bbox 2053 2416 2212 2488; x_wconf 81' lang='lat' dir='ltr'>pedes</span> <span class='ocrx_word' id='word_1_510' title='bbox 2241 2433 2388 2471; x_wconf 86' lang='lat' dir='ltr'>meos</span> <span class='ocrx_word' id='word_1_511' title='bbox 2418 2421 2679 2487; x_wconf 82' lang='lat' dir='ltr'>tanquam</span> <span class='ocrx_word' id='word_1_512' title='bbox 2733 2432 3017 2472; x_wconf 84' lang='lat' dir='ltr'>cervorum</span> <span class='ocrx_word' id='word_1_513' title='bbox 3066 2415 3235 2485; x_wconf 86' lang='lat' dir='ltr'>(Psal.</span> <span class='ocrx_word' id='word_1_514' title='bbox 3283 2429 3419 2478; x_wconf 77' lang='lat' dir='ltr'>xvii,</span> <span class='ocrx_word' id='word_1_515' title='bbox 3459 2413 3580 2482; x_wconf 65' lang='grc'>31).</span> <span class='ocrx_word' id='word_1_516' title='bbox 3617 2413 3725 2466; x_wconf 82' lang='lat' dir='ltr'>Ta-</span> 
     </span>
    </p>
   </div>
   <div class='ocr_carea' id='block_1_71' title="bbox 2057 2501 3724 2575">
    <p class='ocr_par' dir='ltr' id='par_1_71' title="bbox 2057 2501 3724 2575">
     <span class='ocr_line' id='line_1_71' title="bbox 2057 2501 3724 2575; baseline -0.002 -17"><span class='ocrx_word' id='word_1_517' title='bbox 2057 2503 2130 2560; x_wconf 90' lang='lat' dir='ltr'>lis</span> <span class='ocrx_word' id='word_1_518' title='bbox 2189 2505 2345 2560; x_wconf 89' lang='lat' dir='ltr'>enim</span> <span class='ocrx_word' id='word_1_519' title='bbox 2406 2505 2621 2560; x_wconf 89' lang='lat' dir='ltr'>dicitur</span> <span class='ocrx_word' id='word_1_520' title='bbox 2650 2522 2779 2561; x_wconf 90' lang='lat' dir='ltr'>esse</span> <span class='ocrx_word' id='word_1_521' title='bbox 2810 2504 3063 2575; x_wconf 89' lang='lat' dir='ltr'>virtutis,</span> <span class='ocrx_word' id='word_1_522' title='bbox 3105 2507 3171 2558; x_wconf 92' lang='lat' dir='ltr'>ut</span> <span class='ocrx_word' id='word_1_523' title='bbox 3218 2501 3432 2574; x_wconf 89' lang='lat' dir='ltr'>spiritu</span> <span class='ocrx_word' id='word_1_524' title='bbox 3487 2501 3724 2555; x_wconf 87' lang='lat' dir='ltr'>narium</span> 
     </span>
    </p>
   </div>
   <div class='ocr_carea' id='block_1_72' title="bbox 2056 2589 3724 2667">
    <p class='ocr_par' dir='ltr' id='par_1_72' title="bbox 2056 2589 3724 2667">
     <span class='ocr_line' id='line_1_72' title="bbox 2056 2589 3724 2667; baseline -0.003 -18"><span class='ocrx_word' id='word_1_525' title='bbox 2056 2611 2297 2649; x_wconf 90' lang='lat' dir='ltr'>suarum</span> <span class='ocrx_word' id='word_1_526' title='bbox 2366 2595 2705 2667; x_wconf 82' lang='lat' dir='ltr'>protrahere</span> <span class='ocrx_word' id='word_1_527' title='bbox 2763 2598 3060 2666; x_wconf 88' lang='lat' dir='ltr'>serpentes</span> <span class='ocrx_word' id='word_1_528' title='bbox 3117 2593 3187 2648; x_wconf 89' lang='lat' dir='ltr'>de</span> <span class='ocrx_word' id='word_1_529' title='bbox 3252 2590 3523 2646; x_wconf 88' lang='lat' dir='ltr'>cavernis</span> <span class='ocrx_word' id='word_1_530' title='bbox 3553 2595 3613 2645; x_wconf 87' lang='lat' dir='ltr'>et</span> <span class='ocrx_word' id='word_1_531' title='bbox 3641 2589 3724 2645; x_wconf 85' lang='lat' dir='ltr'>sic</span> 
     </span>
    </p>
   </div>
   <div class='ocr_carea' id='block_1_73' title="bbox 2056 2680 3722 2756">
    <p class='ocr_par' dir='ltr' id='par_1_73' title="bbox 2056 2680 3722 2756">
     <span class='ocr_line' id='line_1_73' title="bbox 2056 2680 3722 2756; baseline -0.002 -19"><span class='ocrx_word' id='word_1_532' title='bbox 2056 2685 2358 2739; x_wconf 89' lang='lat' dir='ltr'>comedere</span> <span class='ocrx_word' id='word_1_533' title='bbox 2383 2684 2588 2740; x_wconf 89' lang='lat' dir='ltr'>valeat.</span> <span class='ocrx_word' id='word_1_534' title='bbox 2623 2683 2739 2756; x_wconf 90' lang='lat' dir='ltr'>Ipsi</span> <span class='ocrx_word' id='word_1_535' title='bbox 2769 2701 2905 2756; x_wconf 89' lang='lat' dir='ltr'>ergo</span> <span class='ocrx_word' id='word_1_536' title='bbox 2950 2686 3249 2754; x_wconf 87' lang='lat' dir='ltr'>serpentes</span> <span class='ocrx_word' id='word_1_537' title='bbox 3281 2685 3518 2753; x_wconf 89' lang='lat' dir='ltr'>ponunt</span> <span class='ocrx_word' id='word_1_538' title='bbox 3549 2680 3722 2734; x_wconf 87' lang='lat' dir='ltr'>nobis</span> 
     </span>
    </p>
   </div>
   <div class='ocr_carea' id='block_1_74' title="bbox 2054 2768 3722 2844">
    <p class='ocr_par' dir='ltr' id='par_1_74' title="bbox 2054 2768 3722 2844">
     <span class='ocr_line' id='line_1_74' title="bbox 2054 2768 3722 2844; baseline -0.002 -18"><span class='ocrx_word' id='word_1_539' title='bbox 2054 2772 2351 2844; x_wconf 89' lang='lat' dir='ltr'>scandala,</span> <span class='ocrx_word' id='word_1_540' title='bbox 2384 2773 2492 2828; x_wconf 87' lang='lat' dir='ltr'>hoc</span> <span class='ocrx_word' id='word_1_541' title='bbox 2524 2779 2632 2842; x_wconf 88' lang='lat' dir='ltr'>est,</span> <span class='ocrx_word' id='word_1_542' title='bbox 2667 2774 2962 2828; x_wconf 71' lang='lat' dir='ltr'>daemones</span> <span class='ocrx_word' id='word_1_543' title='bbox 3013 2772 3071 2826; x_wconf 92' lang='lat' dir='ltr'>in</span> <span class='ocrx_word' id='word_1_544' title='bbox 3127 2770 3272 2842; x_wconf 90' lang='lat' dir='ltr'>ipsis</span> <span class='ocrx_word' id='word_1_545' title='bbox 3317 2768 3588 2840; x_wconf 84' lang='lat' dir='ltr'>vestigiis</span> <span class='ocrx_word' id='word_1_546' title='bbox 3623 2785 3722 2823; x_wconf 90' lang='lat' dir='ltr'>no-</span> 
     </span>
    </p>
   </div>
   <div class='ocr_carea' id='block_1_75' title="bbox 2055 2859 3716 2933">
    <p class='ocr_par' dir='ltr' id='par_1_75' title="bbox 2055 2859 3716 2933">
     <span class='ocr_line' id='line_1_75' title="bbox 2055 2859 3716 2933; baseline -0.003 -17"><span class='ocrx_word' id='word_1_547' title='bbox 2055 2861 2195 2916; x_wconf 88' lang='lat' dir='ltr'>stris</span> <span class='ocrx_word' id='word_1_548' title='bbox 2234 2862 2334 2918; x_wconf 90' lang='lat' dir='ltr'>ubi</span> <span class='ocrx_word' id='word_1_549' title='bbox 2366 2863 2708 2933; x_wconf 89' lang='lat' dir='ltr'>gradimur:</span> <span class='ocrx_word' id='word_1_550' title='bbox 2741 2863 2802 2917; x_wconf 88' lang='lat' dir='ltr'>in</span> <span class='ocrx_word' id='word_1_551' title='bbox 2839 2861 3177 2928; x_wconf 90' lang='lat' dir='ltr'>virtutibus,</span> <span class='ocrx_word' id='word_1_552' title='bbox 3212 2859 3272 2914; x_wconf 90' lang='lat' dir='ltr'>in</span> <span class='ocrx_word' id='word_1_553' title='bbox 3313 2859 3716 2929; x_wconf 84' lang='lat' dir='ltr'>eleemosyna,</span> 
     </span>
    </p>
   </div>
   <div class='ocr_carea' id='block_1_76' title="bbox 2056 2946 3722 3021">
    <p class='ocr_par' dir='ltr' id='par_1_76' title="bbox 2056 2946 3722 3021">
     <span class='ocr_line' id='line_1_76' title="bbox 2056 2946 3722 3021; baseline -0.002 -16"><span class='ocrx_word' id='word_1_554' title='bbox 2056 2954 2120 3005; x_wconf 89' lang='lat' dir='ltr'>ut</span> <span class='ocrx_word' id='word_1_555' title='bbox 2148 2967 2343 3006; x_wconf 90' lang='lat' dir='ltr'>coram</span> <span class='ocrx_word' id='word_1_556' title='bbox 2374 2951 2715 3008; x_wconf 91' lang='lat' dir='ltr'>hominibus</span> <span class='ocrx_word' id='word_1_557' title='bbox 2747 2951 3031 3006; x_wconf 89' lang='lat' dir='ltr'>faciamus</span> <span class='ocrx_word' id='word_1_558' title='bbox 3063 2952 3300 3021; x_wconf 87' lang='lat' dir='ltr'>propter</span> <span class='ocrx_word' id='word_1_559' title='bbox 3338 2962 3548 3001; x_wconf 84' lang='lat' dir='ltr'>venam</span> <span class='ocrx_word' id='word_1_560' title='bbox 3583 2946 3722 3018; x_wconf 79' lang='lat' dir='ltr'>glo-</span> 
     </span>
    </p>
   </div>
   <div class='ocr_carea' id='block_1_77' title="bbox 2054 3035 3718 3110">
    <p class='ocr_par' dir='ltr' id='par_1_77' title="bbox 2054 3035 3718 3110">
     <span class='ocr_line' id='line_1_77' title="bbox 2054 3035 3718 3110; baseline -0.002 -17"><span class='ocrx_word' id='word_1_561' title='bbox 2054 3039 2222 3094; x_wconf 91' lang='lat' dir='ltr'>riam.</span> <span class='ocrx_word' id='word_1_562' title='bbox 2250 3041 2313 3094; x_wconf 91' lang='lat' dir='ltr'>In</span> <span class='ocrx_word' id='word_1_563' title='bbox 2332 3040 2579 3110; x_wconf 82' lang='lat' dir='ltr'>jejunio,</span> <span class='ocrx_word' id='word_1_564' title='bbox 2604 3039 2662 3094; x_wconf 92' lang='lat' dir='ltr'>in</span> <span class='ocrx_word' id='word_1_565' title='bbox 2686 3040 2968 3108; x_wconf 88' lang='lat' dir='ltr'>oratione,</span> <span class='ocrx_word' id='word_1_566' title='bbox 2994 3039 3054 3092; x_wconf 89' lang='lat' dir='ltr'>in</span> <span class='ocrx_word' id='word_1_567' title='bbox 3077 3037 3382 3092; x_wconf 88' lang='lat' dir='ltr'>vestiendo</span> <span class='ocrx_word' id='word_1_568' title='bbox 3407 3035 3678 3090; x_wconf 78' lang='lat' dir='ltr'>cilicium</span> <span class='ocrx_word' id='word_1_569' title='bbox 3705 3052 3718 3090; x_wconf 75' lang='grc' dir='ltr'>ε</span> 
     </span>
    </p>
   </div>
   <div class='ocr_carea' id='block_1_78' title="bbox 2053 3124 3718 3192">
    <p class='ocr_par' dir='ltr' id='par_1_78' title="bbox 2053 3124 3718 3192">
     <span class='ocr_line' id='line_1_78' title="bbox 2053 3124 3718 3192; baseline -0.002 -10"><span class='ocrx_word' id='word_1_570' title='bbox 2053 3131 2109 3182; x_wconf 83' lang='grc'>01</span> <span class='ocrx_word' id='word_1_571' title='bbox 2139 3128 2446 3183; x_wconf 89' lang='lat' dir='ltr'>ostendere</span> <span class='ocrx_word' id='word_1_572' title='bbox 2478 3127 2838 3184; x_wconf 59' lang='lat' dir='ltr'>heminibus.</span> <span class='ocrx_word' id='word_1_573' title='bbox 2873 3128 2980 3192; x_wconf 91' lang='lat' dir='ltr'>Qui</span> <span class='ocrx_word' id='word_1_574' title='bbox 3011 3126 3170 3182; x_wconf 89' lang='lat' dir='ltr'>enim</span> <span class='ocrx_word' id='word_1_575' title='bbox 3219 3125 3473 3181; x_wconf 81' lang='lat' dir='ltr'>vestitur</span> <span class='ocrx_word' id='word_1_576' title='bbox 3502 3124 3718 3192; x_wconf 82' lang='lat' dir='ltr'>cilicio,</span> 
     </span>
    </p>
   </div>
   <div class='ocr_carea' id='block_1_79' title="bbox 2053 3214 3721 3289">
    <p class='ocr_par' dir='ltr' id='par_1_79' title="bbox 2053 3214 3721 3289">
     <span class='ocr_line' id='line_1_79' title="bbox 2053 3214 3721 3289; baseline -0.002 -18"><span class='ocrx_word' id='word_1_577' title='bbox 2053 3217 2225 3271; x_wconf 89' lang='lat' dir='ltr'>debet</span> <span class='ocrx_word' id='word_1_578' title='bbox 2253 3217 2450 3289; x_wconf 87' lang='lat' dir='ltr'>lugere</span> <span class='ocrx_word' id='word_1_579' title='bbox 2482 3234 2590 3272; x_wconf 91' lang='lat' dir='ltr'>sua</span> <span class='ocrx_word' id='word_1_580' title='bbox 2638 3221 2912 3289; x_wconf 90' lang='lat' dir='ltr'>peccata:</span> <span class='ocrx_word' id='word_1_581' title='bbox 2962 3233 3076 3272; x_wconf 90' lang='lat' dir='ltr'>non</span> <span class='ocrx_word' id='word_1_582' title='bbox 3117 3214 3381 3288; x_wconf 90' lang='lat' dir='ltr'>gloriari,</span> <span class='ocrx_word' id='word_1_583' title='bbox 3432 3217 3496 3268; x_wconf 85' lang='lat' dir='ltr'>et</span> <span class='ocrx_word' id='word_1_584' title='bbox 3523 3219 3721 3269; x_wconf 84' lang='lat' dir='ltr'>osten-</span> 
     </span>
    </p>
   </div>
   <div class='ocr_carea' id='block_1_80' title="bbox 1979 3287 3718 3376">
    <p class='ocr_par' dir='ltr' id='par_1_80' title="bbox 1979 3287 3718 3376">
     <span class='ocr_line' id='line_1_80' title="bbox 1979 3287 3718 3376; baseline -0.003 -15"><span class='ocrx_word' id='word_1_585' title='bbox 1979 3287 2020 3352; x_wconf 69' lang='grc' dir='ltr'>Ο</span> <span class='ocrx_word' id='word_1_586' title='bbox 2058 3306 2193 3361; x_wconf 90' lang='lat' dir='ltr'>dere</span> <span class='ocrx_word' id='word_1_587' title='bbox 2221 3287 2582 3362; x_wconf 87' lang='lat' dir='ltr'>hominibus.</span> <span class='ocrx_word' id='word_1_588' title='bbox 2617 3287 2654 3356; x_wconf 62' lang='grc' dir='ltr'>(ἶ</span> <span class='ocrx_word' id='word_1_589' title='bbox 2679 3308 2748 3361; x_wconf 86' lang='grc' dir='ltr'>Ε1</span> <span class='ocrx_word' id='word_1_590' title='bbox 2786 3324 2820 3361; x_wconf 90' lang='lat' dir='ltr'>a</span> <span class='ocrx_word' id='word_1_591' title='bbox 2870 3287 3163 3362; x_wconf 86' lang='lat' dir='ltr'>scandalis</span> <span class='ocrx_word' id='word_1_592' title='bbox 3193 3302 3577 3376; x_wconf 84' lang='lat' dir='ltr'>operantium</span> <span class='ocrx_word' id='word_1_593' title='bbox 3608 3303 3718 3357; x_wconf 86' lang='lat' dir='ltr'>ini-</span> 
     </span>
    </p>
   </div>
   <div class='ocr_carea' id='block_1_81' title="bbox 2049 3394 3306 3466">
    <p class='ocr_par' dir='ltr' id='par_1_81' title="bbox 2049 3394 3306 3466">
     <span class='ocr_line' id='line_1_81' title="bbox 2049 3394 3306 3466; baseline -0.001 -17"><span class='ocrx_word' id='word_1_594' title='bbox 2049 3395 2354 3466; x_wconf 91' lang='lat' dir='ltr'>quitatem.</span> <span class='ocrx_word' id='word_1_595' title='bbox 2390 3417 2417 3444; x_wconf 84' lang='lat'>»</span> <span class='ocrx_word' id='word_1_596' title='bbox 2451 3399 2570 3450; x_wconf 88' lang='lat' dir='ltr'>Hoc</span> <span class='ocrx_word' id='word_1_597' title='bbox 2603 3401 2716 3466; x_wconf 88' lang='lat' dir='ltr'>est,</span> <span class='ocrx_word' id='word_1_598' title='bbox 2749 3399 2814 3451; x_wconf 90' lang='lat' dir='ltr'>ut</span> <span class='ocrx_word' id='word_1_599' title='bbox 2845 3412 2961 3450; x_wconf 92' lang='lat' dir='ltr'>non</span> <span class='ocrx_word' id='word_1_600' title='bbox 2993 3394 3306 3451; x_wconf 76' lang='lat' dir='ltr'>offendam.</span> 
     </span>
    </p>
   </div>
   <div class='ocr_carea' id='block_1_82' title="bbox 2125 3481 3714 3556">
    <p class='ocr_par' dir='ltr' id='par_1_82' title="bbox 2125 3481 3714 3556">
     <span class='ocr_line' id='line_1_82' title="bbox 2125 3481 3714 3556; baseline -0.001 -18"><span class='ocrx_word' id='word_1_601' title='bbox 2125 3505 2152 3534; x_wconf 86' lang='grc'>‹‹</span> <span class='ocrx_word' id='word_1_602' title='bbox 2183 3484 2404 3539; x_wconf 89' lang='lat' dir='ltr'>Cadent</span> <span class='ocrx_word' id='word_1_603' title='bbox 2432 3484 2490 3538; x_wconf 93' lang='lat' dir='ltr'>in</span> <span class='ocrx_word' id='word_1_604' title='bbox 2520 3484 2798 3540; x_wconf 90' lang='lat' dir='ltr'>retiaculo</span> <span class='ocrx_word' id='word_1_605' title='bbox 2830 3486 2958 3556; x_wconf 91' lang='lat' dir='ltr'>ejus</span> <span class='ocrx_word' id='word_1_606' title='bbox 2989 3487 3343 3556; x_wconf 87' lang='lat' dir='ltr'>peccatores.</span> <span class='ocrx_word' id='word_1_607' title='bbox 3374 3504 3403 3530; x_wconf 84' lang='lat'>»</span> <span class='ocrx_word' id='word_1_608' title='bbox 3425 3481 3714 3553; x_wconf 84' lang='lat' dir='ltr'>Superius</span> 
     </span>
    </p>
   </div>
   <div class='ocr_carea' id='block_1_83' title="bbox 1959 3571 3714 3644">
    <p class='ocr_par' dir='ltr' id='par_1_83' title="bbox 1959 3571 3714 3644">
     <span class='ocr_line' id='line_1_83' title="bbox 1959 3571 3714 3644; baseline -0.002 -17"><span class='ocrx_word' id='word_1_609' title='bbox 1959 3587 1964 3592; x_wconf 86' lang='lat'><strong>&#39;</strong></span> <span class='ocrx_word' id='word_1_610' title='bbox 2053 3572 2217 3638; x_wconf 87' lang='lat' dir='ltr'>dixit,</span> <span class='ocrx_word' id='word_1_611' title='bbox 2253 3573 2474 3628; x_wconf 84' lang='lat' dir='ltr'>Custodi</span> <span class='ocrx_word' id='word_1_612' title='bbox 2514 3589 2601 3628; x_wconf 85' lang='lat' dir='ltr'>me</span> <span class='ocrx_word' id='word_1_613' title='bbox 2645 3591 2678 3627; x_wconf 89' lang='lat' dir='ltr'>a</span> <span class='ocrx_word' id='word_1_614' title='bbox 2747 3575 2940 3643; x_wconf 84' lang='lat' dir='ltr'>laqueo</span> <span class='ocrx_word' id='word_1_615' title='bbox 3006 3589 3162 3644; x_wconf 86' lang='lat' dir='ltr'>quem</span> <span class='ocrx_word' id='word_1_616' title='bbox 3213 3574 3536 3626; x_wconf 86' lang='lat' dir='ltr'>statuerunt</span> <span class='ocrx_word' id='word_1_617' title='bbox 3567 3571 3714 3625; x_wconf 74' lang='lat' dir='ltr'>mihi</span> 
     </span>
    </p>
   </div>
   <div class='ocr_carea' id='block_1_84' title="bbox 2052 3659 3713 3731">
    <p class='ocr_par' dir='ltr' id='par_1_84' title="bbox 2052 3659 3713 3731">
     <span class='ocr_line' id='line_1_84' title="bbox 2052 3659 3713 3731; baseline -0.001 -17"><span class='ocrx_word' id='word_1_618' title='bbox 2052 3661 2226 3731; x_wconf 86' lang='lat' dir='ltr'>(Vers.</span> <span class='ocrx_word' id='word_1_619' title='bbox 2258 3662 2335 3728; x_wconf 87' lang='lat'>9).</span> <span class='ocrx_word' id='word_1_620' title='bbox 2368 3661 2439 3716; x_wconf 90' lang='lat' dir='ltr'>de</span> <span class='ocrx_word' id='word_1_621' title='bbox 2469 3661 2692 3728; x_wconf 90' lang='lat' dir='ltr'>multis,</span> <span class='ocrx_word' id='word_1_622' title='bbox 2727 3679 2884 3717; x_wconf 91' lang='lat' dir='ltr'>nunc</span> <span class='ocrx_word' id='word_1_623' title='bbox 2915 3666 3107 3717; x_wconf 90' lang='lat' dir='ltr'>autem</span> <span class='ocrx_word' id='word_1_624' title='bbox 3139 3661 3210 3715; x_wconf 90' lang='lat' dir='ltr'>de</span> <span class='ocrx_word' id='word_1_625' title='bbox 3241 3676 3363 3714; x_wconf 91' lang='lat' dir='ltr'>uno</span> <span class='ocrx_word' id='word_1_626' title='bbox 3391 3678 3405 3714; x_wconf 76' lang='grc' dir='ltr'>ε</span> <span class='ocrx_word' id='word_1_627' title='bbox 3439 3682 3468 3708; x_wconf 77' lang='grc' dir='ltr'>α</span> <span class='ocrx_word' id='word_1_628' title='bbox 3492 3659 3713 3714; x_wconf 76' lang='lat' dir='ltr'>Cadent</span> 
     </span>
    </p>
   </div>
   <div class='ocr_carea' id='block_1_85' title="bbox 2052 3749 3709 3822">
    <p class='ocr_par' dir='ltr' id='par_1_85' title="bbox 2052 3749 3709 3822">
     <span class='ocr_line' id='line_1_85' title="bbox 2052 3749 3709 3822; baseline -0.002 -18"><span class='ocrx_word' id='word_1_629' title='bbox 2052 3750 2112 3804; x_wconf 91' lang='lat' dir='ltr'>in</span> <span class='ocrx_word' id='word_1_630' title='bbox 2145 3749 2422 3806; x_wconf 90' lang='lat' dir='ltr'>retiaculo</span> <span class='ocrx_word' id='word_1_631' title='bbox 2445 3751 2572 3821; x_wconf 88' lang='lat' dir='ltr'>ejus</span> <span class='ocrx_word' id='word_1_632' title='bbox 2603 3754 2954 3822; x_wconf 84' lang='lat' dir='ltr'>peccatores.</span> <span class='ocrx_word' id='word_1_633' title='bbox 2990 3772 3019 3800; x_wconf 85' lang='lat'>»</span> <span class='ocrx_word' id='word_1_634' title='bbox 3049 3749 3566 3812; x_wconf 89' lang='lat' dir='ltr'>Quemadmodum</span> <span class='ocrx_word' id='word_1_635' title='bbox 3597 3751 3709 3800; x_wconf 87' lang='lat' dir='ltr'>Do-</span> 
     </span>
    </p>
   </div>
   <div class='ocr_carea' id='block_1_86' title="bbox 2054 3836 3706 3910">
    <p class='ocr_par' dir='ltr' id='par_1_86' title="bbox 2054 3836 3706 3910">
     <span class='ocr_line' id='line_1_86' title="bbox 2054 3836 3706 3910; baseline -0.002 -17"><span class='ocrx_word' id='word_1_636' title='bbox 2054 3838 2254 3893; x_wconf 90' lang='lat' dir='ltr'>minus</span> <span class='ocrx_word' id='word_1_637' title='bbox 2284 3838 2466 3894; x_wconf 88' lang='lat' dir='ltr'>mittit</span> <span class='ocrx_word' id='word_1_638' title='bbox 2495 3845 2638 3907; x_wconf 89' lang='lat' dir='ltr'>rete,</span> <span class='ocrx_word' id='word_1_639' title='bbox 2670 3843 2729 3894; x_wconf 88' lang='lat' dir='ltr'>et</span> <span class='ocrx_word' id='word_1_640' title='bbox 2776 3837 3217 3910; x_wconf 87' lang='lat' dir='ltr'>comprehendit</span> <span class='ocrx_word' id='word_1_641' title='bbox 3256 3836 3706 3892; x_wconf 85' lang='lat' dir='ltr'>multitudinem</span> 
     </span>
    </p>
   </div>
   <div class='ocr_carea' id='block_1_87' title="bbox 2055 3924 3711 4001">
    <p class='ocr_par' dir='ltr' id='par_1_87' title="bbox 2055 3924 3711 4001">
     <span class='ocr_line' id='line_1_87' title="bbox 2055 3924 3711 4001; baseline -0.002 -19"><span class='ocrx_word' id='word_1_642' title='bbox 2055 3927 2329 3998; x_wconf 88' lang='lat' dir='ltr'>piscium,</span> <span class='ocrx_word' id='word_1_643' title='bbox 2363 3932 2420 3982; x_wconf 89' lang='lat' dir='ltr'>et</span> <span class='ocrx_word' id='word_1_644' title='bbox 2456 3927 2631 3984; x_wconf 88' lang='lat' dir='ltr'>habet</span> <span class='ocrx_word' id='word_1_645' title='bbox 2677 3926 2975 4001; x_wconf 88' lang='lat' dir='ltr'>apostolos</span> <span class='ocrx_word' id='word_1_646' title='bbox 3022 3926 3339 3998; x_wconf 82' lang='lat' dir='ltr'>piscatores</span> <span class='ocrx_word' id='word_1_647' title='bbox 3371 3924 3711 3996; x_wconf 81' lang='lat' dir='ltr'>colligentes</span> 
     </span>
    </p>
   </div>
   <div class='ocr_carea' id='block_1_88' title="bbox 2056 4014 3711 4088">
    <p class='ocr_par' dir='ltr' id='par_1_88' title="bbox 2056 4014 3711 4088">
     <span class='ocr_line' id='line_1_88' title="bbox 2056 4014 3711 4088; baseline -0.004 -16"><span class='ocrx_word' id='word_1_648' title='bbox 2056 4021 2114 4072; x_wconf 88' lang='lat' dir='ltr'>et</span> <span class='ocrx_word' id='word_1_649' title='bbox 2154 4017 2460 4072; x_wconf 74' lang='lat' dir='ltr'>afferentes</span> <span class='ocrx_word' id='word_1_650' title='bbox 2491 4017 2563 4071; x_wconf 91' lang='lat' dir='ltr'>ad</span> <span class='ocrx_word' id='word_1_651' title='bbox 2586 4033 2742 4085; x_wconf 87' lang='lat' dir='ltr'>eum,</span> <span class='ocrx_word' id='word_1_652' title='bbox 2767 4017 2874 4072; x_wconf 91' lang='lat' dir='ltr'>hos</span> <span class='ocrx_word' id='word_1_653' title='bbox 2901 4016 3060 4088; x_wconf 90' lang='lat' dir='ltr'>ipsos</span> <span class='ocrx_word' id='word_1_654' title='bbox 3081 4015 3182 4087; x_wconf 92' lang='lat' dir='ltr'>qui</span> <span class='ocrx_word' id='word_1_655' title='bbox 3205 4031 3308 4086; x_wconf 91' lang='lat' dir='ltr'>per</span> <span class='ocrx_word' id='word_1_656' title='bbox 3321 4030 3421 4069; x_wconf 89' lang='lat' dir='ltr'>eos</span> <span class='ocrx_word' id='word_1_657' title='bbox 3437 4014 3711 4076; x_wconf 88' lang='lat' dir='ltr'>credunt,</span> 
     </span>
    </p>
   </div>
   <div class='ocr_carea' id='block_1_89' title="bbox 2059 4102 3698 4176">
    <p class='ocr_par' dir='ltr' id='par_1_89' title="bbox 2059 4102 3698 4176">
     <span class='ocr_line' id='line_1_89' title="bbox 2059 4102 3698 4176; baseline -0.003 -18"><span class='ocrx_word' id='word_1_658' title='bbox 2059 4105 2139 4160; x_wconf 91' lang='lat' dir='ltr'>ita</span> <span class='ocrx_word' id='word_1_659' title='bbox 2160 4112 2218 4160; x_wconf 88' lang='lat' dir='ltr'>et</span> <span class='ocrx_word' id='word_1_660' title='bbox 2241 4104 2510 4160; x_wconf 88' lang='lat' dir='ltr'>diabolus</span> <span class='ocrx_word' id='word_1_661' title='bbox 2535 4105 2712 4160; x_wconf 91' lang='lat' dir='ltr'>habet</span> <span class='ocrx_word' id='word_1_662' title='bbox 2733 4106 3025 4160; x_wconf 63' lang='lat' dir='ltr'>daemones</span> <span class='ocrx_word' id='word_1_663' title='bbox 3046 4104 3150 4176; x_wconf 89' lang='lat' dir='ltr'>qui</span> <span class='ocrx_word' id='word_1_664' title='bbox 3189 4104 3240 4159; x_wconf 90' lang='lat' dir='ltr'>ei</span> <span class='ocrx_word' id='word_1_665' title='bbox 3266 4102 3508 4172; x_wconf 83' lang='lat' dir='ltr'>subjecti</span> <span class='ocrx_word' id='word_1_666' title='bbox 3531 4103 3698 4164; x_wconf 85' lang='lat' dir='ltr'>sunt,</span> 
     </span>
    </p>
   </div>
   <div class='ocr_carea' id='block_1_90' title="bbox 2063 4187 3702 4271">
    <p class='ocr_par' dir='ltr' id='par_1_90' title="bbox 2063 4187 3702 4271">
     <span class='ocr_line' id='line_1_90' title="bbox 2063 4187 3702 4271; baseline -0.003 -25"><span class='ocrx_word' id='word_1_667' title='bbox 2063 4193 2161 4263; x_wconf 91' lang='lat' dir='ltr'>qui</span> <span class='ocrx_word' id='word_1_668' title='bbox 2192 4196 2249 4247; x_wconf 91' lang='lat' dir='ltr'>et</span> <span class='ocrx_word' id='word_1_669' title='bbox 2277 4193 2578 4265; x_wconf 89' lang='lat' dir='ltr'>decipiunt</span> <span class='ocrx_word' id='word_1_670' title='bbox 2605 4193 2873 4249; x_wconf 88' lang='lat' dir='ltr'>homines</span> <span class='ocrx_word' id='word_1_671' title='bbox 2902 4199 2958 4248; x_wconf 91' lang='lat' dir='ltr'>et</span> <span class='ocrx_word' id='word_1_672' title='bbox 3004 4193 3259 4271; x_wconf 78' lang='lat' dir='ltr'>afferunt</span> <span class='ocrx_word' id='word_1_673' title='bbox 3289 4189 3382 4244; x_wconf 90' lang='lat' dir='ltr'>illi.</span> <span class='ocrx_word' id='word_1_674' title='bbox 3420 4208 3445 4239; x_wconf 78' lang='grc' dir='ltr'>ι</span> <span class='ocrx_word' id='word_1_675' title='bbox 3474 4187 3702 4258; x_wconf 88' lang='lat' dir='ltr'>Singu-</span> 
     </span>
    </p>
   </div>
   <div class='ocr_carea' id='block_1_91' title="bbox 2065 4276 3706 4354">
    <p class='ocr_par' dir='ltr' id='par_1_91' title="bbox 2065 4276 3706 4354">
     <span class='ocr_line' id='line_1_91' title="bbox 2065 4276 3706 4354; baseline -0.003 -20"><span class='ocrx_word' id='word_1_676' title='bbox 2065 4279 2265 4336; x_wconf 90' lang='lat' dir='ltr'>lariter</span> <span class='ocrx_word' id='word_1_677' title='bbox 2285 4299 2416 4335; x_wconf 91' lang='lat' dir='ltr'>sum</span> <span class='ocrx_word' id='word_1_678' title='bbox 2447 4299 2552 4354; x_wconf 86' lang='lat' dir='ltr'>ego</span> <span class='ocrx_word' id='word_1_679' title='bbox 2582 4282 2764 4338; x_wconf 90' lang='lat' dir='ltr'>donec</span> <span class='ocrx_word' id='word_1_680' title='bbox 2793 4287 3110 4337; x_wconf 89' lang='lat' dir='ltr'>transeam.</span> <span class='ocrx_word' id='word_1_681' title='bbox 3147 4302 3175 4330; x_wconf 86' lang='lat'>»</span> <span class='ocrx_word' id='word_1_682' title='bbox 3198 4278 3347 4336; x_wconf 90' lang='lat' dir='ltr'>Dicit</span> <span class='ocrx_word' id='word_1_683' title='bbox 3374 4276 3666 4333; x_wconf 80' lang='lat' dir='ltr'>Jersmias</span> <span class='ocrx_word' id='word_1_684' title='bbox 3691 4293 3706 4330; x_wconf 90' lang='lat'>:</span> 
     </span>
    </p>
   </div>
   <div class='ocr_carea' id='block_1_92' title="bbox 2064 4366 3713 4442">
    <p class='ocr_par' dir='ltr' id='par_1_92' title="bbox 2064 4366 3713 4442">
     <span class='ocr_line' id='line_1_92' title="bbox 2064 4366 3713 4442; baseline -0.003 -16"><span class='ocrx_word' id='word_1_685' title='bbox 2064 4371 2219 4426; x_wconf 86' lang='lat' dir='ltr'>Solus</span> <span class='ocrx_word' id='word_1_686' title='bbox 2247 4371 2517 4442; x_wconf 86' lang='lat' dir='ltr'>sedebam,</span> <span class='ocrx_word' id='word_1_687' title='bbox 2559 4372 2937 4426; x_wconf 84' lang='lat' dir='ltr'>amaritudine</span> <span class='ocrx_word' id='word_1_688' title='bbox 2973 4372 3122 4426; x_wconf 87' lang='lat' dir='ltr'>enim</span> <span class='ocrx_word' id='word_1_689' title='bbox 3150 4370 3387 4440; x_wconf 80' lang='lat' dir='ltr'>repletus</span> <span class='ocrx_word' id='word_1_690' title='bbox 3416 4383 3579 4422; x_wconf 82' lang='lat' dir='ltr'>eram</span> <span class='ocrx_word' id='word_1_691' title='bbox 3605 4366 3713 4436; x_wconf 80' lang='lat' dir='ltr'>(Je-</span> 
     </span>
    </p>
   </div>
   <div class='ocr_carea' id='block_1_93' title="bbox 2065 4455 3708 4532">
    <p class='ocr_par' dir='ltr' id='par_1_93' title="bbox 2065 4455 3708 4532">
     <span class='ocr_line' id='line_1_93' title="bbox 2065 4455 3708 4532; baseline -0.002 -18"><span class='ocrx_word' id='word_1_692' title='bbox 2065 4475 2198 4515; x_wconf 81' lang='lat' dir='ltr'>rem.</span> <span class='ocrx_word' id='word_1_693' title='bbox 2232 4479 2323 4522; x_wconf 87' lang='lat' dir='ltr'>xv,</span> <span class='ocrx_word' id='word_1_694' title='bbox 2384 4462 2494 4532; x_wconf 83' lang='grc'>17).</span> <span class='ocrx_word' id='word_1_695' title='bbox 2553 4461 2670 4516; x_wconf 87' lang='grc' dir='ltr'>Ηο0</span> <span class='ocrx_word' id='word_1_696' title='bbox 2737 4464 2844 4531; x_wconf 88' lang='grc'>081,</span> <span class='ocrx_word' id='word_1_697' title='bbox 2901 4460 2958 4514; x_wconf 91' lang='lat' dir='ltr'>in</span> <span class='ocrx_word' id='word_1_698' title='bbox 3016 4457 3379 4531; x_wconf 65' lang='lat' dir='ltr'>paenitentia,</span> <span class='ocrx_word' id='word_1_699' title='bbox 3412 4455 3708 4525; x_wconf 75' lang='lat' dir='ltr'>solusego</span> 
     </span>
    </p>
   </div>
   <div class='ocr_carea' id='block_1_94' title="bbox 2062 4543 3712 4620">
    <p class='ocr_par' dir='ltr' id='par_1_94' title="bbox 2062 4543 3712 4620">
     <span class='ocr_line' id='line_1_94' title="bbox 2062 4543 3712 4620; baseline -0.007 -13"><span class='ocrx_word' id='word_1_700' title='bbox 2062 4551 2169 4607; x_wconf 90' lang='lat' dir='ltr'>hos</span> <span class='ocrx_word' id='word_1_701' title='bbox 2199 4549 2362 4606; x_wconf 92' lang='lat' dir='ltr'>dolos</span> <span class='ocrx_word' id='word_1_702' title='bbox 2409 4565 2602 4604; x_wconf 90' lang='lat' dir='ltr'>caveo.</span> <span class='ocrx_word' id='word_1_703' title='bbox 2664 4549 2730 4604; x_wconf 88' lang='lat' dir='ltr'>Et</span> <span class='ocrx_word' id='word_1_704' title='bbox 2783 4551 3006 4620; x_wconf 82' lang='lat' dir='ltr'>Moyses</span> <span class='ocrx_word' id='word_1_705' title='bbox 3061 4546 3246 4601; x_wconf 90' lang='lat' dir='ltr'>dicit:</span> <span class='ocrx_word' id='word_1_706' title='bbox 3307 4545 3595 4601; x_wconf 63' lang='lat' dir='ltr'>Transierit</span> <span class='ocrx_word' id='word_1_707' title='bbox 3624 4543 3712 4596; x_wconf 73' lang='lat' dir='ltr'>vi-</span> 
     </span>
    </p>
   </div>
   <div class='ocr_carea' id='block_1_95' title="bbox 301 4628 1946 4725">
    <p class='ocr_par' dir='ltr' id='par_1_95' title="bbox 301 4649 1944 4725">
     <span class='ocr_line' id='line_1_95' title="bbox 301 4649 1944 4725; baseline 0.007 -20"><span class='ocrx_word' id='word_1_708' title='bbox 301 4653 358 4705; x_wconf 90' lang='lat' dir='ltr'>et</span> <span class='ocrx_word' id='word_1_709' title='bbox 389 4649 660 4707; x_wconf 87' lang='lat' dir='ltr'>delectati</span> <span class='ocrx_word' id='word_1_710' title='bbox 693 4658 833 4709; x_wconf 92' lang='lat' dir='ltr'>sunt</span> <span class='ocrx_word' id='word_1_711' title='bbox 863 4656 1008 4711; x_wconf 90' lang='lat' dir='ltr'>meis</span> <span class='ocrx_word' id='word_1_712' title='bbox 1045 4657 1259 4725; x_wconf 87' lang='lat' dir='ltr'>verbis,</span> <span class='ocrx_word' id='word_1_713' title='bbox 1310 4662 1367 4713; x_wconf 91' lang='lat' dir='ltr'>et</span> <span class='ocrx_word' id='word_1_714' title='bbox 1413 4661 1674 4715; x_wconf 86' lang='lat' dir='ltr'>conversi</span> <span class='ocrx_word' id='word_1_715' title='bbox 1707 4666 1846 4715; x_wconf 92' lang='lat' dir='ltr'>sunt</span> <span class='ocrx_word' id='word_1_716' title='bbox 1873 4662 1944 4716; x_wconf 86' lang='lat' dir='ltr'>ad</span> 
     </span>
    </p>
   </div>
   <div class='ocr_carea' id='block_1_96' title="bbox 2069 4628 3711 4725">
    <p class='ocr_par' dir='ltr' id='par_1_96' title="bbox 2069 4628 3711 4708">
     <span class='ocr_line' id='line_1_96' title="bbox 2069 4628 3711 4708; baseline -0.005 -13"><span class='ocrx_word' id='word_1_717' title='bbox 2069 4641 2187 4695; x_wconf 76' lang='lat' dir='ltr'>tebo</span> <span class='ocrx_word' id='word_1_718' title='bbox 2237 4639 2377 4692; x_wconf 86' lang='lat' dir='ltr'>hanc</span> <span class='ocrx_word' id='word_1_719' title='bbox 2421 4639 2688 4694; x_wconf 87' lang='lat' dir='ltr'>visionem</span> <span class='ocrx_word' id='word_1_720' title='bbox 2733 4654 2994 4708; x_wconf 85' lang='lat' dir='ltr'>magnam</span> <span class='ocrx_word' id='word_1_721' title='bbox 3036 4635 3224 4708; x_wconf 69' lang='lat' dir='ltr'>(Exod.</span> <span class='ocrx_word' id='word_1_722' title='bbox 3273 4652 3361 4699; x_wconf 86' lang='lat' dir='ltr'>III,</span> <span class='ocrx_word' id='word_1_723' title='bbox 3395 4635 3473 4702; x_wconf 89' lang='lat'>3).</span> <span class='ocrx_word' id='word_1_724' title='bbox 3499 4632 3563 4688; x_wconf 89' lang='lat' dir='ltr'>Si</span> <span class='ocrx_word' id='word_1_725' title='bbox 3594 4628 3711 4686; x_wconf 79' lang='lat' dir='ltr'>non</span> 
     </span>
    </p>
   </div>
   <div class='ocr_carea' id='block_1_97' title="bbox 302 4742 1947 4806">
    <p class='ocr_par' dir='ltr' id='par_1_97' title="bbox 302 4742 1947 4806">
     <span class='ocr_line' id='line_1_97' title="bbox 302 4742 1947 4806; baseline 0.008 -14"><span class='ocrx_word' id='word_1_726' title='bbox 302 4753 416 4806; x_wconf 90' lang='lat' dir='ltr'>me,</span> <span class='ocrx_word' id='word_1_727' title='bbox 447 4743 504 4795; x_wconf 89' lang='lat' dir='ltr'>et</span> <span class='ocrx_word' id='word_1_728' title='bbox 561 4746 699 4798; x_wconf 88' lang='lat' dir='ltr'>sunt</span> <span class='ocrx_word' id='word_1_729' title='bbox 749 4742 808 4797; x_wconf 91' lang='lat' dir='ltr'>in</span> <span class='ocrx_word' id='word_1_730' title='bbox 855 4743 1107 4801; x_wconf 90' lang='lat' dir='ltr'>Ecclesia</span> <span class='ocrx_word' id='word_1_731' title='bbox 1157 4763 1303 4803; x_wconf 91' lang='lat' dir='ltr'>mea.</span> <span class='ocrx_word' id='word_1_732' title='bbox 1331 4770 1360 4797; x_wconf 84' lang='lat'><strong><em>«</em></strong></span> <span class='ocrx_word' id='word_1_733' title='bbox 1412 4748 1575 4804; x_wconf 90' lang='lat' dir='ltr'>Sicut</span> <span class='ocrx_word' id='word_1_734' title='bbox 1619 4750 1947 4805; x_wconf 91' lang='lat' dir='ltr'>crassitudo</span> 
     </span>
    </p>
   </div>
   <div class='ocr_carea' id='block_1_98' title="bbox 300 4824 1946 4892">
    <p class='ocr_par' dir='ltr' id='par_1_98' title="bbox 300 4824 1946 4892">
     <span class='ocr_line' id='line_1_98' title="bbox 300 4824 1946 4892; baseline 0.007 -12"><span class='ocrx_word' id='word_1_735' title='bbox 300 4824 502 4881; x_wconf 59' lang='lat' dir='ltr'>terrae.</span> <span class='ocrx_word' id='word_1_736' title='bbox 525 4851 554 4876; x_wconf 84' lang='lat'>»</span> <span class='ocrx_word' id='word_1_737' title='bbox 585 4829 769 4886; x_wconf 90' lang='lat' dir='ltr'>Omne</span> <span class='ocrx_word' id='word_1_738' title='bbox 800 4847 1062 4888; x_wconf 89' lang='lat' dir='ltr'>crassum</span> <span class='ocrx_word' id='word_1_739' title='bbox 1096 4834 1353 4890; x_wconf 91' lang='lat' dir='ltr'>vicinum</span> <span class='ocrx_word' id='word_1_740' title='bbox 1383 4840 1473 4892; x_wconf 90' lang='lat' dir='ltr'>est</span> <span class='ocrx_word' id='word_1_741' title='bbox 1506 4845 1684 4892; x_wconf 81' lang='lat' dir='ltr'>terrae.</span> <span class='ocrx_word' id='word_1_742' title='bbox 1721 4841 1787 4892; x_wconf 89' lang='lat' dir='ltr'>Et</span> <span class='ocrx_word' id='word_1_743' title='bbox 1818 4838 1946 4892; x_wconf 83' lang='lat' dir='ltr'>ani-</span> 
     </span>
    </p>
   </div>
   <div class='ocr_carea' id='block_1_99' title="bbox 305 4923 1948 4989">
    <p class='ocr_par' dir='ltr' id='par_1_99' title="bbox 305 4923 1948 4989">
     <span class='ocr_line' id='line_1_99' title="bbox 305 4923 1948 4989; baseline 0.007 -19"><span class='ocrx_word' id='word_1_744' title='bbox 305 4931 402 4970; x_wconf 89' lang='lat' dir='ltr'>ma</span> <span class='ocrx_word' id='word_1_745' title='bbox 430 4932 558 4988; x_wconf 60' lang='lat' dir='ltr'>qua</span> <span class='ocrx_word' id='word_1_746' title='bbox 590 4923 807 4989; x_wconf 88' lang='lat' dir='ltr'>peccat,</span> <span class='ocrx_word' id='word_1_747' title='bbox 869 4924 1032 4977; x_wconf 69' lang='lat' dir='ltr'>terra:</span> <span class='ocrx_word' id='word_1_748' title='bbox 1091 4923 1290 4979; x_wconf 75' lang='lat' dir='ltr'>haeret.</span> <span class='ocrx_word' id='word_1_749' title='bbox 1349 4925 1634 4981; x_wconf 89' lang='lat' dir='ltr'>Dominus</span> <span class='ocrx_word' id='word_1_750' title='bbox 1691 4926 1847 4980; x_wconf 88' lang='lat' dir='ltr'>enim</span> <span class='ocrx_word' id='word_1_751' title='bbox 1881 4943 1948 4982; x_wconf 87' lang='lat' dir='ltr'>ex</span> 
     </span>
    </p>
   </div>
   <div class='ocr_carea' id='block_1_100' title="bbox 306 5003 1951 5087">
    <p class='ocr_par' dir='ltr' id='par_1_100' title="bbox 306 5003 1951 5087">
     <span class='ocr_line' id='line_1_100' title="bbox 306 5003 1951 5087; baseline 0.008 -29"><span class='ocrx_word' id='word_1_752' title='bbox 306 5003 473 5060; x_wconf 88' lang='lat' dir='ltr'>initio</span> <span class='ocrx_word' id='word_1_753' title='bbox 505 5008 704 5063; x_wconf 90' lang='lat' dir='ltr'>omnia</span> <span class='ocrx_word' id='word_1_754' title='bbox 731 5011 932 5065; x_wconf 90' lang='lat' dir='ltr'>tenuia</span> <span class='ocrx_word' id='word_1_755' title='bbox 964 5011 1116 5067; x_wconf 87' lang='lat' dir='ltr'>fecit.</span> <span class='ocrx_word' id='word_1_756' title='bbox 1152 5013 1270 5069; x_wconf 93' lang='lat' dir='ltr'>Suo</span> <span class='ocrx_word' id='word_1_757' title='bbox 1299 5029 1435 5087; x_wconf 89' lang='lat' dir='ltr'>ergo</span> <span class='ocrx_word' id='word_1_758' title='bbox 1466 5014 1602 5070; x_wconf 89' lang='lat' dir='ltr'>vitio</span> <span class='ocrx_word' id='word_1_759' title='bbox 1635 5016 1951 5086; x_wconf 89' lang='lat' dir='ltr'>unusquis-</span> 
     </span>
    </p>
   </div>
   <div class='ocr_carea' id='block_1_101' title="bbox 303 5093 1946 5165">
    <p class='ocr_par' dir='ltr' id='par_1_101' title="bbox 303 5093 1946 5165">
     <span class='ocr_line' id='line_1_101' title="bbox 303 5093 1946 5165; baseline 0.008 -18"><span class='ocrx_word' id='word_1_760' title='bbox 303 5108 416 5162; x_wconf 89' lang='lat' dir='ltr'>que</span> <span class='ocrx_word' id='word_1_761' title='bbox 447 5093 828 5165; x_wconf 89' lang='lat' dir='ltr'>incrassatur,</span> <span class='ocrx_word' id='word_1_762' title='bbox 875 5103 931 5154; x_wconf 91' lang='lat' dir='ltr'>et</span> <span class='ocrx_word' id='word_1_763' title='bbox 985 5101 1299 5157; x_wconf 68' lang='lat' dir='ltr'>deducitur</span> <span class='ocrx_word' id='word_1_764' title='bbox 1343 5102 1404 5157; x_wconf 91' lang='lat' dir='ltr'>in</span> <span class='ocrx_word' id='word_1_765' title='bbox 1460 5110 1696 5159; x_wconf 89' lang='lat' dir='ltr'>terram.</span> <span class='ocrx_word' id='word_1_766' title='bbox 1730 5104 1946 5161; x_wconf 90' lang='lat' dir='ltr'>Demus</span> 
     </span>
    </p>
   </div>
   <div class='ocr_carea' id='block_1_102' title="bbox 303 5183 1946 5266">
    <p class='ocr_par' dir='ltr' id='par_1_102' title="bbox 303 5183 1946 5266">
     <span class='ocr_line' id='line_1_102' title="bbox 303 5183 1946 5266; baseline 0.009 -31"><span class='ocrx_word' id='word_1_767' title='bbox 303 5183 671 5253; x_wconf 86' lang='lat' dir='ltr'>exemplum:</span> <span class='ocrx_word' id='word_1_768' title='bbox 705 5187 858 5242; x_wconf 89' lang='lat' dir='ltr'>sicut</span> <span class='ocrx_word' id='word_1_769' title='bbox 904 5189 1115 5246; x_wconf 90' lang='lat' dir='ltr'>vulnus</span> <span class='ocrx_word' id='word_1_770' title='bbox 1170 5192 1506 5264; x_wconf 76' lang='lat' dir='ltr'>incorpore</span> <span class='ocrx_word' id='word_1_771' title='bbox 1562 5197 1795 5249; x_wconf 89' lang='lat' dir='ltr'>tumens</span> <span class='ocrx_word' id='word_1_772' title='bbox 1827 5193 1946 5266; x_wconf 88' lang='lat' dir='ltr'>ple—</span> 
     </span>
    </p>
   </div>
   <div class='ocr_carea' id='block_1_103' title="bbox 302 5276 1949 5351">
    <p class='ocr_par' dir='ltr' id='par_1_103' title="bbox 302 5276 1949 5351">
     <span class='ocr_line' id='line_1_103' title="bbox 302 5276 1949 5351; baseline 0.009 -27"><span class='ocrx_word' id='word_1_773' title='bbox 302 5286 443 5324; x_wconf 90' lang='lat' dir='ltr'>num</span> <span class='ocrx_word' id='word_1_774' title='bbox 475 5276 562 5326; x_wconf 88' lang='lat' dir='ltr'>est</span> <span class='ocrx_word' id='word_1_775' title='bbox 591 5289 877 5345; x_wconf 88' lang='lat' dir='ltr'>crassum,</span> <span class='ocrx_word' id='word_1_776' title='bbox 926 5283 984 5334; x_wconf 89' lang='lat' dir='ltr'>et</span> <span class='ocrx_word' id='word_1_777' title='bbox 1025 5282 1260 5351; x_wconf 86' lang='lat' dir='ltr'>quando</span> <span class='ocrx_word' id='word_1_778' title='bbox 1307 5281 1525 5338; x_wconf 87' lang='lat' dir='ltr'>venerit</span> <span class='ocrx_word' id='word_1_779' title='bbox 1569 5283 1833 5338; x_wconf 90' lang='lat' dir='ltr'>medicus</span> <span class='ocrx_word' id='word_1_780' title='bbox 1865 5299 1949 5338; x_wconf 92' lang='lat' dir='ltr'>se-</span> 
     </span>
    </p>
   </div>
   <div class='ocr_carea' id='block_1_104' title="bbox 301 5359 1946 5445">
    <p class='ocr_par' dir='ltr' id='par_1_104' title="bbox 301 5359 1946 5445">
     <span class='ocr_line' id='line_1_104' title="bbox 301 5359 1946 5445; baseline 0.007 -29"><span class='ocrx_word' id='word_1_781' title='bbox 301 5362 395 5416; x_wconf 87' lang='lat' dir='ltr'>cat</span> <span class='ocrx_word' id='word_1_782' title='bbox 422 5359 640 5432; x_wconf 91' lang='lat' dir='ltr'>ipsum,</span> <span class='ocrx_word' id='word_1_783' title='bbox 673 5369 730 5418; x_wconf 90' lang='lat' dir='ltr'>et</span> <span class='ocrx_word' id='word_1_784' title='bbox 754 5371 922 5421; x_wconf 88' lang='lat' dir='ltr'>sanat</span> <span class='ocrx_word' id='word_1_785' title='bbox 953 5372 1010 5424; x_wconf 90' lang='lat' dir='ltr'>et</span> <span class='ocrx_word' id='word_1_786' title='bbox 1043 5373 1211 5425; x_wconf 90' lang='lat' dir='ltr'>tenue</span> <span class='ocrx_word' id='word_1_787' title='bbox 1243 5371 1402 5440; x_wconf 85' lang='lat' dir='ltr'>facit,</span> <span class='ocrx_word' id='word_1_788' title='bbox 1452 5375 1509 5425; x_wconf 90' lang='lat' dir='ltr'>et</span> <span class='ocrx_word' id='word_1_789' title='bbox 1558 5374 1700 5427; x_wconf 91' lang='lat' dir='ltr'>tunc</span> <span class='ocrx_word' id='word_1_790' title='bbox 1732 5371 1946 5445; x_wconf 91' lang='lat' dir='ltr'>redigi-</span> 
     </span>
    </p>
   </div>
   <div class='ocr_carea' id='block_1_105' title="bbox 301 5448 1944 5530">
    <p class='ocr_par' dir='ltr' id='par_1_105' title="bbox 301 5448 1944 5530">
     <span class='ocr_line' id='line_1_105' title="bbox 301 5448 1944 5530; baseline 0.007 -25"><span class='ocrx_word' id='word_1_791' title='bbox 301 5454 403 5505; x_wconf 89' lang='lat' dir='ltr'>tur</span> <span class='ocrx_word' id='word_1_792' title='bbox 433 5448 494 5504; x_wconf 89' lang='lat' dir='ltr'>in</span> <span class='ocrx_word' id='word_1_793' title='bbox 524 5465 689 5506; x_wconf 90' lang='lat' dir='ltr'>suam</span> <span class='ocrx_word' id='word_1_794' title='bbox 751 5457 1042 5525; x_wconf 87' lang='lat' dir='ltr'>naturam,</span> <span class='ocrx_word' id='word_1_795' title='bbox 1093 5460 1384 5530; x_wconf 91' lang='lat' dir='ltr'>quomodo</span> <span class='ocrx_word' id='word_1_796' title='bbox 1443 5463 1500 5514; x_wconf 90' lang='lat' dir='ltr'>et</span> <span class='ocrx_word' id='word_1_797' title='bbox 1548 5464 1806 5516; x_wconf 89' lang='lat' dir='ltr'>creatum</span> <span class='ocrx_word' id='word_1_798' title='bbox 1837 5466 1944 5517; x_wconf 84' lang='lat' dir='ltr'>est.</span> 
     </span>
    </p>
   </div>
   <div class='ocr_carea' id='block_1_106' title="bbox 302 5538 1949 5621">
    <p class='ocr_par' dir='ltr' id='par_1_106' title="bbox 302 5538 1949 5621">
     <span class='ocr_line' id='line_1_106' title="bbox 302 5538 1949 5621; baseline 0.009 -29"><span class='ocrx_word' id='word_1_799' title='bbox 302 5538 435 5594; x_wconf 89' lang='lat' dir='ltr'>Ideo</span> <span class='ocrx_word' id='word_1_800' title='bbox 466 5538 646 5595; x_wconf 88' lang='lat' dir='ltr'>dicit:</span> <span class='ocrx_word' id='word_1_801' title='bbox 703 5562 729 5589; x_wconf 83' lang='lat'><strong>«</strong></span> <span class='ocrx_word' id='word_1_802' title='bbox 791 5541 954 5598; x_wconf 89' lang='lat' dir='ltr'>Sicut</span> <span class='ocrx_word' id='word_1_803' title='bbox 1012 5547 1340 5602; x_wconf 88' lang='lat' dir='ltr'>ccassitudo</span> <span class='ocrx_word' id='word_1_804' title='bbox 1400 5553 1564 5604; x_wconf 83' lang='lat' dir='ltr'>terrae</span> <span class='ocrx_word' id='word_1_805' title='bbox 1625 5554 1830 5621; x_wconf 86' lang='lat' dir='ltr'>erupta</span> <span class='ocrx_word' id='word_1_806' title='bbox 1861 5555 1949 5606; x_wconf 89' lang='lat' dir='ltr'>est</span> 
     </span>
    </p>
   </div>
   <div class='ocr_carea' id='block_1_107' title="bbox 302 5631 1199 5698">
    <p class='ocr_par' dir='ltr' id='par_1_107' title="bbox 302 5631 1199 5698">
     <span class='ocr_line' id='line_1_107' title="bbox 302 5631 1199 5698; baseline 0.003 -17"><span class='ocrx_word' id='word_1_807' title='bbox 302 5643 481 5698; x_wconf 87' lang='lat' dir='ltr'>super</span> <span class='ocrx_word' id='word_1_808' title='bbox 506 5632 746 5696; x_wconf 88' lang='lat' dir='ltr'>terram,</span> <span class='ocrx_word' id='word_1_809' title='bbox 778 5634 835 5686; x_wconf 90' lang='lat' dir='ltr'>et</span> <span class='ocrx_word' id='word_1_810' title='bbox 863 5631 1140 5689; x_wconf 90' lang='lat' dir='ltr'>salvatur.</span> <span class='ocrx_word' id='word_1_811' title='bbox 1171 5656 1199 5684; x_wconf 89' lang='grc'><strong>››</strong></span> 
     </span>
    </p>
   </div>
   <div class='ocr_carea' id='block_1_108' title="bbox 382 5733 1945 5807">
    <p class='ocr_par' dir='ltr' id='par_1_108' title="bbox 382 5733 1945 5807">
     <span class='ocr_line' id='line_1_108' title="bbox 382 5733 1945 5807; baseline 0.005 -18"><span class='ocrx_word' id='word_1_812' title='bbox 382 5751 404 5780; x_wconf 71' lang='grc' dir='ltr'><strong>α</strong></span> <span class='ocrx_word' id='word_1_813' title='bbox 437 5733 732 5807; x_wconf 89' lang='lat' dir='ltr'>Dissipata</span> <span class='ocrx_word' id='word_1_814' title='bbox 763 5741 900 5799; x_wconf 89' lang='lat' dir='ltr'>sunt</span> <span class='ocrx_word' id='word_1_815' title='bbox 929 5755 1065 5798; x_wconf 88' lang='lat' dir='ltr'>ossa</span> <span class='ocrx_word' id='word_1_816' title='bbox 1107 5745 1308 5799; x_wconf 86' lang='lat' dir='ltr'>nostra</span> <span class='ocrx_word' id='word_1_817' title='bbox 1348 5759 1517 5800; x_wconf 87' lang='lat' dir='ltr'>secus</span> <span class='ocrx_word' id='word_1_818' title='bbox 1567 5745 1881 5802; x_wconf 86' lang='lat' dir='ltr'>infernum.</span> <span class='ocrx_word' id='word_1_819' title='bbox 1916 5767 1945 5797; x_wconf 86' lang='lat'><strong>»</strong></span> 
     </span>
    </p>
   </div>
   <div class='ocr_carea' id='block_1_109' title="bbox 2057 4722 3710 4797">
    <p class='ocr_par' dir='ltr' id='par_1_109' title="bbox 2057 4722 3710 4797">
     <span class='ocr_line' id='line_1_109' title="bbox 2057 4722 3710 4797; baseline -0.004 -14"><span class='ocrx_word' id='word_1_820' title='bbox 2057 4728 2377 4797; x_wconf 85' lang='lat' dir='ltr'>transierit,</span> <span class='ocrx_word' id='word_1_821' title='bbox 2405 4727 2516 4782; x_wconf 89' lang='lat' dir='ltr'>hoc</span> <span class='ocrx_word' id='word_1_822' title='bbox 2545 4731 2655 4796; x_wconf 91' lang='lat' dir='ltr'>est,</span> <span class='ocrx_word' id='word_1_823' title='bbox 2687 4727 2886 4781; x_wconf 90' lang='lat' dir='ltr'>omnia</span> <span class='ocrx_word' id='word_1_824' title='bbox 2914 4725 3075 4792; x_wconf 90' lang='lat' dir='ltr'>vitia,</span> <span class='ocrx_word' id='word_1_825' title='bbox 3124 4740 3241 4780; x_wconf 91' lang='lat' dir='ltr'>non</span> <span class='ocrx_word' id='word_1_826' title='bbox 3287 4727 3486 4796; x_wconf 87' lang='lat' dir='ltr'>potest</span> <span class='ocrx_word' id='word_1_827' title='bbox 3514 4722 3710 4776; x_wconf 79' lang='lat' dir='ltr'>videre</span> 
     </span>
    </p>
   </div>
   <div class='ocr_carea' id='block_1_110' title="bbox 2058 4811 3712 4890">
    <p class='ocr_par' dir='ltr' id='par_1_110' title="bbox 2058 4811 3712 4890">
     <span class='ocr_line' id='line_1_110' title="bbox 2058 4811 3712 4890; baseline -0.005 -18"><span class='ocrx_word' id='word_1_828' title='bbox 2058 4833 2331 4890; x_wconf 88' lang='lat' dir='ltr'>magnam</span> <span class='ocrx_word' id='word_1_829' title='bbox 2361 4816 2665 4871; x_wconf 86' lang='lat' dir='ltr'>visionem.</span> <span class='ocrx_word' id='word_1_830' title='bbox 2695 4819 2904 4888; x_wconf 87' lang='lat' dir='ltr'>Magna</span> <span class='ocrx_word' id='word_1_831' title='bbox 2927 4820 3123 4870; x_wconf 89' lang='lat' dir='ltr'>autem</span> <span class='ocrx_word' id='word_1_832' title='bbox 3142 4812 3292 4870; x_wconf 90' lang='lat' dir='ltr'>visio</span> <span class='ocrx_word' id='word_1_833' title='bbox 3318 4829 3330 4867; x_wconf 91' lang='lat'>:</span> <span class='ocrx_word' id='word_1_834' title='bbox 3355 4811 3499 4883; x_wconf 83' lang='lat' dir='ltr'>quia</span> <span class='ocrx_word' id='word_1_835' title='bbox 3525 4811 3712 4866; x_wconf 86' lang='lat' dir='ltr'>rubus</span> 
     </span>
    </p>
   </div>
   <div class='ocr_carea' id='block_1_111' title="bbox 2057 4899 3712 4973">
    <p class='ocr_par' dir='ltr' id='par_1_111' title="bbox 2057 4899 3712 4973">
     <span class='ocr_line' id='line_1_111' title="bbox 2057 4899 3712 4973; baseline -0.005 -11"><span class='ocrx_word' id='word_1_836' title='bbox 2057 4907 2319 4973; x_wconf 89' lang='lat' dir='ltr'>ardebat,</span> <span class='ocrx_word' id='word_1_837' title='bbox 2377 4910 2435 4961; x_wconf 88' lang='lat' dir='ltr'>et</span> <span class='ocrx_word' id='word_1_838' title='bbox 2493 4921 2607 4960; x_wconf 88' lang='lat' dir='ltr'>non</span> <span class='ocrx_word' id='word_1_839' title='bbox 2665 4904 3122 4961; x_wconf 87' lang='lat' dir='ltr'>incendebatur:</span> <span class='ocrx_word' id='word_1_840' title='bbox 3183 4901 3469 4958; x_wconf 86' lang='lat' dir='ltr'>ardebant</span> <span class='ocrx_word' id='word_1_841' title='bbox 3499 4899 3712 4971; x_wconf 71' lang='lat' dir='ltr'>spinae,</span> 
     </span>
    </p>
   </div>
   <div class='ocr_carea' id='block_1_112' title="bbox 2060 4989 3710 5065">
    <p class='ocr_par' dir='ltr' id='par_1_112' title="bbox 2060 4989 3710 5065">
     <span class='ocr_line' id='line_1_112' title="bbox 2060 4989 3710 5065; baseline -0.005 -15"><span class='ocrx_word' id='word_1_842' title='bbox 2060 4995 2165 5050; x_wconf 91' lang='lat' dir='ltr'>hoc</span> <span class='ocrx_word' id='word_1_843' title='bbox 2221 4998 2312 5050; x_wconf 90' lang='lat' dir='ltr'>est</span> <span class='ocrx_word' id='word_1_844' title='bbox 2371 5000 2624 5065; x_wconf 87' lang='lat' dir='ltr'>peccata.</span> <span class='ocrx_word' id='word_1_845' title='bbox 2684 4997 2802 5049; x_wconf 89' lang='lat' dir='ltr'>Hoc</span> <span class='ocrx_word' id='word_1_846' title='bbox 2852 4992 2986 5064; x_wconf 88' lang='lat' dir='ltr'>igne</span> <span class='ocrx_word' id='word_1_847' title='bbox 3044 4991 3364 5046; x_wconf 90' lang='lat' dir='ltr'>mundatur</span> <span class='ocrx_word' id='word_1_848' title='bbox 3392 4993 3451 5045; x_wconf 85' lang='lat' dir='ltr'>et</span> <span class='ocrx_word' id='word_1_849' title='bbox 3481 4989 3710 5044; x_wconf 83' lang='lat' dir='ltr'>Isaias:</span> 
     </span>
    </p>
   </div>
   <div class='ocr_carea' id='block_1_113' title="bbox 2056 5077 3713 5155">
    <p class='ocr_par' dir='ltr' id='par_1_113' title="bbox 2056 5077 3713 5155">
     <span class='ocr_line' id='line_1_113' title="bbox 2056 5077 3713 5155; baseline -0.005 -16"><span class='ocrx_word' id='word_1_850' title='bbox 2056 5084 2167 5139; x_wconf 89' lang='lat' dir='ltr'>iste</span> <span class='ocrx_word' id='word_1_851' title='bbox 2196 5086 2286 5138; x_wconf 87' lang='lat' dir='ltr'>est</span> <span class='ocrx_word' id='word_1_852' title='bbox 2310 5082 2465 5138; x_wconf 90' lang='lat' dir='ltr'>enim</span> <span class='ocrx_word' id='word_1_853' title='bbox 2492 5083 2663 5138; x_wconf 88' lang='lat' dir='ltr'>carbo</span> <span class='ocrx_word' id='word_1_854' title='bbox 2686 5082 2784 5155; x_wconf 91' lang='lat' dir='ltr'>qui</span> <span class='ocrx_word' id='word_1_855' title='bbox 2805 5081 2998 5154; x_wconf 87' lang='lat' dir='ltr'>tetigit</span> <span class='ocrx_word' id='word_1_856' title='bbox 3047 5079 3202 5136; x_wconf 91' lang='lat' dir='ltr'>labia</span> <span class='ocrx_word' id='word_1_857' title='bbox 3226 5079 3389 5150; x_wconf 88' lang='lat' dir='ltr'>ejus:</span> <span class='ocrx_word' id='word_1_858' title='bbox 3440 5077 3548 5148; x_wconf 88' lang='lat' dir='ltr'>qui</span> <span class='ocrx_word' id='word_1_859' title='bbox 3592 5079 3713 5132; x_wconf 84' lang='lat' dir='ltr'>erat</span> 
     </span>
    </p>
   </div>
   <div class='ocr_carea' id='block_1_114' title="bbox 2058 5164 3710 5244">
    <p class='ocr_par' dir='ltr' id='par_1_114' title="bbox 2058 5164 3710 5244">
     <span class='ocr_line' id='line_1_114' title="bbox 2058 5164 3710 5244; baseline -0.006 -16"><span class='ocrx_word' id='word_1_860' title='bbox 2058 5188 2235 5244; x_wconf 91' lang='lat' dir='ltr'>super</span> <span class='ocrx_word' id='word_1_861' title='bbox 2263 5170 2443 5227; x_wconf 89' lang='lat' dir='ltr'>altare</span> <span class='ocrx_word' id='word_1_862' title='bbox 2474 5172 2598 5243; x_wconf 86' lang='lat' dir='ltr'>(Isa.</span> <span class='ocrx_word' id='word_1_863' title='bbox 2625 5188 2701 5237; x_wconf 85' lang='lat' dir='ltr'>v1,</span> <span class='ocrx_word' id='word_1_864' title='bbox 2733 5172 2788 5241; x_wconf 85' lang='lat'>6,</span> <span class='ocrx_word' id='word_1_865' title='bbox 2819 5169 2899 5242; x_wconf 92' lang='lat'>7).</span> <span class='ocrx_word' id='word_1_866' title='bbox 2952 5171 3137 5241; x_wconf 83' lang='lat' dir='ltr'>Hujus</span> <span class='ocrx_word' id='word_1_867' title='bbox 3189 5167 3464 5224; x_wconf 85' lang='lat' dir='ltr'>carbonis</span> <span class='ocrx_word' id='word_1_868' title='bbox 3496 5164 3710 5221; x_wconf 80' lang='lat' dir='ltr'>memi-</span> 
     </span>
    </p>
   </div>
   <div class='ocr_carea' id='block_1_115' title="bbox 2057 5260 3710 5334">
    <p class='ocr_par' dir='ltr' id='par_1_115' title="bbox 2057 5260 3710 5334">
     <span class='ocr_line' id='line_1_115' title="bbox 2057 5260 3710 5334; baseline -0.003 -18"><span class='ocrx_word' id='word_1_869' title='bbox 2057 5263 2144 5316; x_wconf 90' lang='lat' dir='ltr'>nit</span> <span class='ocrx_word' id='word_1_870' title='bbox 2173 5267 2228 5317; x_wconf 88' lang='lat' dir='ltr'>et</span> <span class='ocrx_word' id='word_1_871' title='bbox 2248 5260 2532 5334; x_wconf 90' lang='lat' dir='ltr'>propheta</span> <span class='ocrx_word' id='word_1_872' title='bbox 2558 5260 2730 5315; x_wconf 90' lang='lat' dir='ltr'>David</span> <span class='ocrx_word' id='word_1_873' title='bbox 2759 5278 2771 5315; x_wconf 90' lang='lat'>:</span> <span class='ocrx_word' id='word_1_874' title='bbox 2797 5260 3022 5328; x_wconf 58' lang='lat' dir='ltr'>Sagitta</span> <span class='ocrx_word' id='word_1_875' title='bbox 3057 5261 3296 5331; x_wconf 76' lang='lat' dir='ltr'>potentis</span> <span class='ocrx_word' id='word_1_876' title='bbox 3342 5264 3550 5323; x_wconf 60' lang='lat' dir='ltr'>acute,</span> <span class='ocrx_word' id='word_1_877' title='bbox 3580 5271 3710 5310; x_wconf 77' lang='lat' dir='ltr'>cum</span> 
     </span>
    </p>
   </div>
   <div class='ocr_carea' id='block_1_116' title="bbox 2055 5345 3712 5421">
    <p class='ocr_par' dir='ltr' id='par_1_116' title="bbox 2055 5345 3712 5421">
     <span class='ocr_line' id='line_1_116' title="bbox 2055 5345 3712 5421; baseline -0.003 -15"><span class='ocrx_word' id='word_1_878' title='bbox 2055 5350 2381 5407; x_wconf 83' lang='lat' dir='ltr'>carbonibus</span> <span class='ocrx_word' id='word_1_879' title='bbox 2410 5349 2758 5405; x_wconf 81' lang='lat' dir='ltr'>desolatoriis</span> <span class='ocrx_word' id='word_1_880' title='bbox 2788 5350 2958 5421; x_wconf 88' lang='lat' dir='ltr'>(Psal.</span> <span class='ocrx_word' id='word_1_881' title='bbox 2983 5365 3129 5420; x_wconf 80' lang='lat' dir='ltr'><strong>CXIX,</strong></span> <span class='ocrx_word' id='word_1_882' title='bbox 3154 5348 3230 5419; x_wconf 77' lang='grc'>4).</span> <span class='ocrx_word' id='word_1_883' title='bbox 3260 5349 3370 5403; x_wconf 88' lang='lat' dir='ltr'>[ste</span> <span class='ocrx_word' id='word_1_884' title='bbox 3406 5346 3583 5402; x_wconf 86' lang='lat' dir='ltr'>carbo</span> <span class='ocrx_word' id='word_1_885' title='bbox 3608 5345 3712 5401; x_wconf 84' lang='lat' dir='ltr'>de-</span> 
     </span>
    </p>
   </div>
   <div class='ocr_carea' id='block_1_117' title="bbox 2057 5438 3713 5510">
    <p class='ocr_par' dir='ltr' id='par_1_117' title="bbox 2057 5438 3713 5510">
     <span class='ocr_line' id='line_1_117' title="bbox 2057 5438 3713 5510; baseline -0.005 -13"><span class='ocrx_word' id='word_1_886' title='bbox 2057 5443 2276 5497; x_wconf 92' lang='lat' dir='ltr'>solotor</span> <span class='ocrx_word' id='word_1_887' title='bbox 2294 5443 2404 5506; x_wconf 89' lang='lat' dir='ltr'>est,</span> <span class='ocrx_word' id='word_1_888' title='bbox 2428 5438 2800 5495; x_wconf 89' lang='lat' dir='ltr'>solitudinem</span> <span class='ocrx_word' id='word_1_889' title='bbox 2823 5438 2980 5507; x_wconf 83' lang='lat' dir='ltr'>facit,</span> <span class='ocrx_word' id='word_1_890' title='bbox 3003 5443 3060 5494; x_wconf 88' lang='lat' dir='ltr'>et</span> <span class='ocrx_word' id='word_1_891' title='bbox 3081 5441 3447 5510; x_wconf 86' lang='lat' dir='ltr'>peccatorem</span> <span class='ocrx_word' id='word_1_892' title='bbox 3471 5440 3713 5508; x_wconf 85' lang='lat' dir='ltr'>purgat.</span> 
     </span>
    </p>
   </div>
   <div class='ocr_carea' id='block_1_118' title="bbox 2589 5561 3160 5620">
    <p class='ocr_par' dir='ltr' id='par_1_118' title="bbox 2589 5561 3160 5620">
     <span class='ocr_line' id='line_1_118' title="bbox 2589 5561 3160 5620; baseline 0.007 -4"><span class='ocrx_word' id='word_1_893' title='bbox 2589 5561 2918 5619; x_wconf 87' lang='lat' dir='ltr'>PSALMUS</span> <span class='ocrx_word' id='word_1_894' title='bbox 2971 5562 3160 5620; x_wconf 79' lang='lat' dir='ltr'>CXLI.</span> 
     </span>
    </p>
   </div>
   <div class='ocr_carea' id='block_1_119' title="bbox 2056 5652 3709 5724">
    <p class='ocr_par' dir='ltr' id='par_1_119' title="bbox 2056 5652 3709 5724">
     <span class='ocr_line' id='line_1_119' title="bbox 2056 5652 3709 5724; baseline -0.003 -13"><span class='ocrx_word' id='word_1_895' title='bbox 2056 5655 2365 5711; x_wconf 80' lang='lat' dir='ltr'>Intellectus</span> <span class='ocrx_word' id='word_1_896' title='bbox 2419 5654 2615 5710; x_wconf 88' lang='lat' dir='ltr'>David.</span> <span class='ocrx_word' id='word_1_897' title='bbox 2675 5670 2800 5709; x_wconf 87' lang='lat' dir='ltr'>cum</span> <span class='ocrx_word' id='word_1_898' title='bbox 2863 5661 2996 5710; x_wconf 86' lang='lat' dir='ltr'>esset</span> <span class='ocrx_word' id='word_1_899' title='bbox 3051 5656 3111 5709; x_wconf 88' lang='lat' dir='ltr'>in</span> <span class='ocrx_word' id='word_1_900' title='bbox 3168 5652 3449 5724; x_wconf 84' lang='lat' dir='ltr'>spelunca,</span> <span class='ocrx_word' id='word_1_901' title='bbox 3505 5654 3709 5708; x_wconf 78' lang='lat' dir='ltr'>oratio.</span> 
     </span>
    </p>
   </div>
   <div class='ocr_carea' id='block_1_120' title="bbox 2130 5739 3708 5802">
    <p class='ocr_par' dir='ltr' id='par_1_120' title="bbox 2130 5739 3708 5802">
     <span class='ocr_line' id='line_1_120' title="bbox 2130 5739 3708 5802; baseline -0.003 -2"><span class='ocrx_word' id='word_1_902' title='bbox 2130 5743 2527 5801; x_wconf 85' lang='lat' dir='ltr'>Praescribitur</span> <span class='ocrx_word' id='word_1_903' title='bbox 2582 5743 2693 5801; x_wconf 88' lang='lat' dir='ltr'>iste</span> <span class='ocrx_word' id='word_1_904' title='bbox 2749 5745 2956 5802; x_wconf 90' lang='lat' dir='ltr'>titulus</span> <span class='ocrx_word' id='word_1_905' title='bbox 3016 5743 3341 5802; x_wconf 87' lang='lat' dir='ltr'>secundum</span> <span class='ocrx_word' id='word_1_906' title='bbox 3389 5739 3708 5800; x_wconf 82' lang='lat' dir='ltr'>historiam</span> 
     </span>
    </p>
   </div>
  </div>
