3992 6194
283 277 442 338 1313
491 325 494 328 .

358 411 594 492 quidem
619 413 1147 492 quandofugiebat
1177 418 1354 473 David
1387 436 1422 474 a
1451 419 1593 477 facie
1654 426 1815 492 Saul,
1873 429 1932 483 in

358 483 591 568 deserto
619 483 882 568 Epgaddi
913 483 980 539 iri
1004 486 1280 568 spelunca
1321 491 1642 568 absconsus
1665 566 1676 568 _
1700 499 1746 567 (I
1804 483 1929 568 Reg.

357 572 507 619 xxxv,
541 555 616 625 4).
649 555 1052 649 Etningressus
1081 560 1484 649 estLig‘norans
1543 555 1714 648 Saul,‘
1764 555 1932 649 quasi

358 643 466 720 sua
489 642 694 720 'causa.
715 627 1136 720 ﬁedquojnipm
1171 627 1442 720 habetin
1472 627 1930 720 pr‘mnscriptione,

356 697 677 774 Intellectus
708 697 923 774 David:
961 700 1241 774 debemus
1282 697 1666 774 spiritualiter
1717 697 1932 768 intelli:

357 767 839 844 gere_psa_l_mum‘.
874 772 1168 844 Accipitur
1197 767 1434 844 quidem
1468 778 1525 832 in
1558 767 1931 839 Dominorve-

356 833 459 914 rus
490 833 689 906 D'avid,
726 833 1156 914 etintelligitur
1185 833 1322 899 s‘auI
1356 847 1414 901 in
1467 833 1933 914 Diabbldi'sbé-

358 910 532 990 lunca
560 913 844 990 autemin
868 912 976 990 hoc
1002 910 1283 990 'mundo:
1343 924 1400 972 et
1457 923 1608 990 quod
1665 910 1934 981 diabolus

358 998 471 1064 non
507 981 771 1064 immittit
792 983 850 1037 in
883 983 1363 1064 huncmundum
1394 981 1617 1064 aliquid
1651 995 1810 1064 boni,
1831 997 1933 1052 sed

357 1058 604 1136 stercus,
629 1053 936 1136 etsiquid
971 1057 1268 1136 putridum
1321 1067 1427 1116 est.
1482 1053 1769 1136 Spelunca
1798 1053 1932 1123 'au-

362 1131 474 1208 tem
526 1122 1031 1208 intelligitur‘is'te
1080 1132 1371 1208 mundus,
1421 1122 1558 1204 quia
1612 1122 1933 1208 perfectum

362 1141 474 1179 tem
526 1141 872 1250 Intemgpur
921 1141 1031 1182 Iste
1080 1141 1359 1195 mundus,
1421 1141 1558 1204 quia
1612 1141 1933 1208 perfectum

359 1195 558 1288 lumen
590 1211 706 1288 non
741 1197 1250 1288 gabataquantum
1305 1204 1392 1288 ad‘
1434 1211 1933 1288 comparationem

362 1267 565 1334 futuri,
601 1267 701 1322 sed
735 1269 902 1338 quasi
930 1267 1128 1326 lumen
1160 1271 1394 1377 aliquod
1431 1267 1660 1334 induxit
1689 1283 1933 1337 Domino

362 1338 597 1377 vanian
621 1338 675 1377 in
713 1338 866 1377 hnnn
900 1343 1185 1377 mnnAnm
1248 1345 1268 1377 Ι
1293 1350 1548 1377 "Anth"...
1591 1352 1731 1377 h:..u
1795 1358 1900 1377 Α..-

358 1338 677 1426 v'eniensin
704 1338 867 1426 hunc
899 1343 1212 1426 mundum.
1248 1338 1735 1426 Dropt_erea__l)icit
1783 1358 1931 1426 Apo-

359 1408 544 1493 stolus
569 1425 584 1490 ξ
607 1410 856 1493 ριέὶἢεδε.
882 1414 1103 1493 iumen.
1131 1416 1323 1493 gloria:
1357 1408 1490 1493 .ej_us'
1537 1421 1719 1492 (Hebr.
1775 1442 1812 1489 ι,
1834 1408 1930 1493 ι3).

359 1486 505 1560 largo
539 1481 1192 1560 sicut‘Davidintroivit
1220 1487 1278 1542 in
1311 1481 1650 1560 speluncam
1684 1481 1928 1550 abscon-

360 1552 505 1635 dens
537 1569 598 1607 se
622 1569 655 1606 a
687 1552 823 1635 S.aul
857 1572 869 1608 :
905 1554 986 1635 ita
1005 1562 1062 1610 et
1095 1552 1374 1635 Dominus
1405 1561 1709 1635 ingressus
1739 1571 1828 1622 est
1875 1568 1932 1621 in

361 1623 516 1678 hunc
547 1625 858 1692 mundum,
894 1630 950 1680 et
984 1631 1449 1698 persecutionem
1470 1623 1693 1706 passus
1725 1644 1832 1694 est.

366 1736 385 1761 «ι
421 1716 572 1768 Voce
604 1730 734 1769 mea
765 1715 836 1769 ad
868 1715 1181 1774 Dominum
1216 1721 1459 1778 clamavi
1491 1742 1662 1781 :voce
1694 1743 1825 1782 mea
1862 1728 1932 1783 ad

1454 286 1950 357 BREVIARIUM
1997 298 2075 359 IN
2127 304 2507 369 PSALMOS.

3532 332 3690 396 1314

1963 445 2015 510 Α
2117 439 2522 528 suusiAbsolo-n.
2566 443 2679 499 Iste
2711 446 2972 528 psalmus
3002 470 3208 528 vocem
3239 464 3496 520 continet
3530 467 3692 528 illius

2121 508 2363 603 qui-Apro
2414 512 2672 603 humana
2711 508 3687 603 'redemptione'seips'umwex‘ilnaj

2116 579 2280 668 nivit,
2315 584 2604 668 accipiens
2635 588 2882 668 formam
2907 579 3078 664 servi,
3111 605 3174 655 ut
3205 579 3688 668 n02"é?ue"£§t”a

2115 652 2394 708 servitute
2426 652 2691 730 (Philipp.
2726 664 2810 733 II).

2118 815 2144 841 ‹‹
2177 793 2441 864 Domine,
2478 803 2687 856 exaudi
2719 807 3039 865 orationem
3090 829 3302 872 meam.
3335 844 3362 869 »
3433 827 3691 885 Humilia

2043 882 2221 937 verba
2251 889 2306 938 et
2337 885 2508 956 plena
2532 888 2881 950 humilitatis
2905 903 2961 953 et
2992 901 3419 965 misericordiae.
3481 937 3507 963 ‹‹

2044 970 2207 1024 ribus
2242 973 2470 1046 percipe
2491 977 2950 1041 obsecrationem
2983 1005 3172 1046 meam
3203 994 3259 1049 in
3283 999 3687 1062 veritatetua.»

2043 1058 2400 1118 Confidentis
2440 1067 2613 1121 verba
2661 1077 2817 1125 sunt.
2853 1097 2878 1121 «
2942 1078 3002 1130 In
3055 1080 3295 1140 veritate
3349 1091 3467 1158 tua,
3494 1115 3522 1139 ››
3573 1058 3689 1150 hoc

2044 1152 2151 1214 est,
2190 1150 2243 1203 in
2276 1151 2502 1209 Christo
2553 1163 2671 1212 tuo.
2721 1161 2829 1230 Ego
2879 1179 3001 1219 sum
3047 1170 3155 1237 via,
3216 1175 3337 1230 vita
3393 1150 3688 1239 et'veritas

2045 1236 2223 1332 {Jour}.
2257 1258 2363 1309 Iuv,
2397 1243 2474 1312 6).
2516 1263 2536 1291 ι
2561 1245 2628 1300 Et
2659 1251 2864 1305 exaudi
2900 1270 2991 1309 me
3022 1255 3078 1310 in
3112 1236 3212 1313 tua
3255 1263 3508 1332 justitia.
3545 1294 3574 1319 ››

2043 1325 2102 1378 in
2135 1326 2366 1383 Christo
2397 1335 2516 1386 tuo.
2569 1333 2686 1389 Hoc
2736 1343 2844 1406 est,
2906 1359 3020 1398 non
3070 1325 3296 1406 confido
3355 1355 3520 1424 mihi,
3583 1325 3684 1416 sed

2043 1430 2148 1485 ego
2179 1417 2480 1476 veritatem
2514 1427 2570 1476 et
2592 1424 2886 1493 justitiam
2920 1437 3080 1489 tuam
3108 1442 3260 1509 peto,
3294 1445 3358 1495 ut
3385 1417 3517 1515 ipsa
3572 1451 3685 1504 mei

2044 1502 2410 1561 misereatur.

2116 1632 2141 1657 ‹‹
2177 1611 2242 1664 Et
2265 1629 2379 1667 non
2414 1614 2593 1672 intres
2653 1620 2710 1674 in
2753 1623 3046 1692 judicium
3097 1647 3230 1688 cum
3279 1652 3442 1693 servo
3501 1645 3622 1699 tuo.
3661 1669 3688 1695 »

2042 1697 2185 1753 Ecce
2236 1703 2719 1763 manifestissime
2767 1713 3207 1785 demonstravit,
3268 1727 3405 1796 quia
3458 1731 3684 1789 miseri-

289 1801 604 1857 Dominum
629 1803 973 1874 deprecatus
1006 1824 1160 1864 sum.
1215 1810 1460 1867 Etfundo
1514 1813 1570 1868 in
1619 1821 1935 1888 conspectu
1968 1814 2014 1878 B
2045 1787 2311 1888 Ῠθῐξάίῗξῃ,
2336 1791 2434 1846 Dei
2469 1797 2858 1870 prmtomtura
2891 1803 3128 1862 dicens:
3168 1831 3195 1861 α
3338 1832 3448 1871 non
3509 1820 3691 1880 intres

289 1891 416 1959 ejus
447 1892 766 1948 orationem
791 1910 1003 1950 meam.
1040 1921 1060 1948 ι
1094 1897 1302 1954 Omnia
1332 1900 1452 1956 haec
1491 1902 1550 1957 in
1601 1903 1932 1961 humilitate

288 1994 562 2052 corporea
590 1980 868 2053 loquitur,
928 1989 992 2039 ut
1047 2003 1108 2041 se
1152 2005 1352 2043 verum
1399 1990 1719 2058 hominem,
1778 1994 1933 2049 sicut

289 2084 441 2142 saepe
471 2070 747 2136 diximus,
781 2073 1135 2129 manifestet.
1169 2098 1197 2126 «
1231 2078 1692 2136 Tribulationem
1740 2099 1929 2137 meam

284 2162 418 2212 ante
447 2157 641 2230 ipsum
670 2161 1006 2230 pronuntio,
1038 2162 1097 2216 in
1137 2164 1456 2221 deﬁciendo
1506 2168 1566 2223 in
1617 2186 1710 2225 me
1758 2171 1930 2241 spiri-

282 2249 410 2300 tum
443 2262 661 2303 meum.
698 2270 727 2295 ››
757 2249 956 2319 Neque
978 2250 1280 2308 tribulatio
1311 2271 1589 2325 praesens,
1613 2275 1801 2330 neque
1833 2260 1929 2315 de-

282 2333 455 2389 fectio
487 2334 732 2406 spiritus
766 2336 1006 2408 impedit
1034 2355 1047 2392 :
1073 2341 1407 2414 sedjugiter
1427 2345 1752 2416 spiritualis
1774 2349 1929 2404 vocis

283 2423 539 2478 oratione
569 2423 823 2480 clamare
856 2443 970 2482 non
1003 2427 1236 2484 desinit.
1277 2455 1305 2481 «
1364 2433 1433 2487 Et
1489 2439 1550 2488 tu
1609 2436 1929 2509 cognovisti

283 2512 524 2568 semitas
557 2530 737 2569 meas.
774 2537 802 2564 ››
833 2514 1136 2572 Doctrinas
1165 2536 1312 2590 quas
1347 2521 1542 2578 doceo.

355 2624 382 2649 ‹‹
415 2601 478 2655 1n
507 2601 600 2656 via
632 2601 740 2658 hac
761 2620 878 2674 qua
924 2606 1320 2678 ambulabam,
1377 2611 1811 2670 absconderunt
1836 2632 1931 2670 su-

279 2689 443 2760 perbi
464 2689 703 2760 laqueos
726 2691 1157 2766 mihi.»Sapius
1178 2697 1285 2752 eia
1314 2700 1535 2756 Judazis
1557 2703 1928 2760 absconditos

280 2778 670 2834 tentationum
697 2779 938 2851 laqueos
971 2783 1028 2836 in
1062 2784 1154 2839 via
1181 2790 1509 2856 praesentis,
1541 2791 1694 2862 vitae,
1754 2797 1811 2847 et
1867 2793 1927 2848 in

281 2866 413 2920 aliis
443 2866 870 2924 declaravimus
901 2870 1167 2941 psalmis.

351 2978 379 3004 «
411 2954 865 3013 Considerabam
898 2976 930 3012 a
959 2960 1199 3017 dextris.
1237 2984 1264 3013 »
1313 2968 1386 3018 Ut
1443 2967 1512 3021 de
1562 2967 1803 3024 sinistra
1854 2971 1926 3025 ad

282 3045 576 3100 dexteram
621 3046 1068 3103 adducerentur.
1104 3072 1132 3097 ››
1192 3052 1260 3106 Et
1310 3053 1596 3124 videbam,
1637 3057 1775 3128 quia
1812 3075 1927 3113 non

279 3138 405 3190 erat
433 3134 532 3204 qui
555 3141 926 3206 cognosceret
955 3154 1064 3193 me.
1111 3162 1139 3186 »
1163 3139 1345 3196 Deum
1369 3159 1540 3199 carne
1569 3150 1922 3204 contectum.

2044 1877 2102 1928 in
2127 1877 2419 1944 judicium
2453 1898 2585 1938 cum
2619 1902 2781 1942 servo
2813 1894 2933 1946 tuo.
2970 1917 2998 1942 ››
3021 1894 3122 1951 Hic
3152 1902 3321 1969 quasi
3355 1904 3570 1978 aliquis
3592 1913 3692 1982 ju-

2051 1963 2190 1982 J,'_-l
2221 1965 2230 1974 '
2285 1970 2294 1982 ι
2401 1969 2436 1982 "
2653 1978 2661 1982 ‘
2696 1975 2730 1982 ”“
2848 1977 2861 1982 ’

2042 1963 2196 2018 dicet
2218 1965 2368 2021 inter
2401 1969 2580 2026 Deum
2613 1978 2670 2028 et
2695 1975 3064 2052 PrOphetam,
3087 1963 3241 2043 sic-ut
3287 1996 3344 2045 et
3401 1963 3471 2049 in‘
3515 1963 3685 2068 quin-

2043 2054 2386 2124 quagesimo
2418 2059 2643 2128 psalmo
2676 2066 2958 2137 scriptum
2987 2077 3113 2128 est:
3152 2077 3216 2131 Ut
3246 2054 3572 2151 justiﬁceris
3628 2054 3689 2142 in

2041 2145 2390 2198 sermonibus
2419 2149 2549 2214 tuis,
2583 2153 2632 2204 et
2665 2154 2848 2210 vincas
2874 2171 3002 2213 cum
3030 2145 3304 2230 judicaris
3354 2145 3464 2239 (Ds.
3523 2191 3572 2243 L,
3605 2178 3682 2247 6).

2041 2233 2107 2284 Et
2128 2236 2433 2303 propterea
2465 2236 3023 2312 intratinjudicium
3055 2249 3227 2322 Deus,
3264 2261 3327 2311 ut
3356 2233 3517 2328 juste
3559 2233 3684 2335 ’pul-

2040 2318 2182 2410 piat.
2235 2321 2370 2377 Tale
2420 2326 2557 2396 quid
2613 2328 2747 2385 fecit
2803 2337 2860 2388 et
2887 2335 3088 2407 Cyrus,
3123 2318 3221 2396 rex
3267 2318 3691 2410 Persarum‘et

2041 2407 2368 2478 Medorum,
2397 2414 2514 2486 regi
2545 2418 2978 2494 Armeniorum,
3011 2432 3244 2498 quando
3276 2439 3684 2511 transgressus

2041 2500 2130 2550 est
2158 2499 2443 2556 amicitias
2473 2504 2622 2572 ejus.
2656 2507 2807 2563 Vicit
2836 2526 2969 2567 eum
3003 2520 3059 2570 et
3089 2521 3381 2590 captivum
3418 2499 3640 2602 accepit
3673 2549 3686 2587 :

2038 2588 2094 2683 et
2130 2587 2396 2657 proprios
2455 2589 2614 2647 illius
2650 2603 2946 2670 cognatos,
3009 2609 3066 2659 et
3125 2587 3383 2683 uxorem,
3445 2621 3504 2672 et
3536 2587 3688 2676 filios

2038 2671 2459 2745 fecitjudicare
2486 2680 2637 2736 inter
2666 2683 2797 2740 illos
2823 2704 2834 2742 :
2861 2694 2924 2742 ut
2946 2692 3106 2760 juste
3158 2703 3260 2752 aut
3312 2671 3682 2775 misereatur:

2038 2767 2140 2816 aut
2159 2765 2380 2835 puniat.
2417 2790 2437 2816 οι
2472 2768 2616 2831 Quia
2647 2790 2760 2828 non
2783 2776 3210 2844 justificabitur
3250 2788 3308 2843 in
3368 2765 3684 2866 conspectu

2038 2854 2138 2904 tuo
2188 2853 2380 2909 omnis
2426 2856 2709 2914 vivens.»
2759 2864 2900 2920 Deus
2955 2869 3251 2942 Abraham,
3306 2878 3445 2935 Deus
3509 2853 3682 2953 lsaac,

2037 2943 2180 2994 Deus
2235 2943 2395 2998 Jacob
2426 2965 2445 2998 :
2504 2947 2644 3002 Deus
2698 2953 3018 3024 viventium,
3057 2969 3108 3016 et
3162 2980 3272 3019 non
3344 2943 3685 3030 mortuorum

2039 3030 2188 3130 ειυς.
2220 3029 2339 3130 XX,
2371 3033 2461 3130 3:7,
2492 3037 2604 3105 38).
2644 3038 2792 3112 Ergo
2851 3061 2955 3101 nec
2986 3047 3097 3119 ipsi
3130 3054 3470 3123 patriarchae
3501 3062 3681 3130 justi-

2037 3116 2372 3175 ficabuntur
2401 3121 2458 3176 in
2491 3134 2801 3198 conspectu
2837 3133 2958 3189 Dei.
2993 3116 3180 3194 ἑιθιιὲε
3221 3143 3377 3200 enim
3416 3116 3524 3204 nor:
3553 3116 3681 3207 sunt

352 3181 404 3190 ..ν
436 3181 532 3204 Ἰ--
558 3181 855 3206 -νο--νυνν-
871 3181 926 3191 vv
955 3181 1064 3193 ιιιν-
1111 3181 1136 3186 ’ν
1163 3181 1345 3196 υυμιιιι
1370 3181 1456 3198 νυνι
1472 3181 1540 3199 ιιν
1569 3181 1922 3204 υυιιιῠυιιυιυ.
2304 3211 2314 3220 0
2635 3181 2653 3198 ³
2683 3181 2801 3229 ':'—
2837 3181 2958 3189 -νη
2993 3181 3180 3194 ν’ν¹⁸“¹
3222 3181 3235 3198 ⁸

352 3245 382 3272 ‹‹
413 3223 591 3278 Periit
621 3224 808 3295 fugaa
838 3241 950 3281 me.
985 3249 1012 3276 »
1048 3229 1225 3283 Periit
1253 3229 1390 3302 fuga
1427 3233 1575 3302 ejus,
1629 3250 1761 3289 cum
1822 3237 1926 3291 de-
1958 3181 2001 3248 C
2037 3207 2262 3264 munda”
2292 3227 2351 3263 m
2370 3219 2653 3284 compca“
2682 3235 2798 3288 31'”
2828 3222 2962 3291 (λοθο
2995 3243 3122 3296 XXV:
3154 3230 3235 3302 5ο)

279 3309 434 3366 latus
465 3329 499 3367 a
525 3311 764 3380 Judaeis,
798 3313 1012 3385 saepius
1044 3315 1195 3372 ultro
1219 3317 1430 3374 iterum
1464 3337 1525 3376 se
1555 3321 1788 3390 obtulit,
1823 3342 1927 3380 nec

279 3404 368 3454 est
397 3401 631 3471 agnitus
664 3401 736 3455 ab
767 3401 906 3456 eis.-
932 3403 1002 3458 Et
1024 3421 1138 3459 non
1169 3410 1257 3460 est
1286 3408 1385 3478 qui
1417 3415 1637 3480 quierat
1667 3413 1926 3468 animam

280 3503 490 3542 meam.
533 3511 554 3536 ι
591 3491 813 3561 Corpus
846 3491 1142 3562 accipiunt
1175 3495 1245 3548 ad
1279 3496 1737 3569 cruciﬁgendum
1765 3519 1777 3567 ;
1803 3502 1925 3556 ani-

279 3593 436 3630 mam
469 3581 664 3631 autem
697 3595 810 3632 non
846 3579 1236 3651 requirunt,id
1272 3588 1503 3651 est,non
1536 3589 1851 3660 attingunt.

349 3665 644 3722 «Clamavi
678 3667 748 3722 ad
782 3669 1166 3735 te,Domine.»
1201 3671 1280 3726 De
1302 3689 1492 3730 cruce.
1528 3677 1710 3747 «Dixi,
1744 3680 1831 3734 Tu
1864 3696 1926 3735 es

277 3772 409 3826 spes
444 3759 1064 3814 meauCommendans
1097 3760 1153 3814 in
1198 3762 1471 3819 manibus
1499 3765 1618 3820 tuis
1652 3767 1924 3836 spiritum

277 3843 644 3912 meum(Lac.
677 3847 976 3914 xum/16).
1012 3870 1041 3896 ››
1102 3848 1291 3904 Portio
1351 3868 1478 3906 mea
1528 3854 1585 3906 in
1635 3859 1787 3909 terra
1843 3856 1922 3910 vi-

277 3932 608 3986 ventium.»
643 3931 705 3984 In
729 3934 949 3988 sanctis
1007 3936 1106 4005 qui
1165 3937 1222 3990 in
1281 3955 1410 3994 eam
1467 3943 1920 4011 transferuntur,

278 4019 430 4075 sicut
457 4023 514 4074 et
560 4021 771 4075 latroni
820 4022 943 4076 ait:
1009 4025 1175 4080 Amen
1230 4027 1351 4083 dico
1399 4029 1519 4095 tibi,
1577 4034 1710 4101 quia
1767 4033 1925 4090 hodie

274 4125 486 4163 mecum
536 4111 644 4163 eris
665 4111 719 4163 in
751 4111 1028 4179 paradiso.

353 4222 372 4246 α
409 4197 649 4253 Intende
680 4199 738 4253 in
771 4201 1093 4258 orationem
1120 4220 1309 4260 meam
1346 4224 1356 4261 :
1385 4208 1524 4278 quia
1572 4208 1920 4268 humiliatus

275 4303 408 4341 sum
440 4287 638 4342 nimis.
665 4288 871 4344 Libera
900 4307 992 4346 me
1023 4309 1056 4347 a
1084 4298 1573 4367 persequentibus
1605 4315 1735 4355 me:
1783 4301 1923 4372 quia

274 4374 585 4429 confortati
617 4381 948 4448 suntsuper
977 4396 1089 4445 me,
1123 4403 1149 4430 ››
1182 4389 1288 4438 etc.
1322 4387 1368 4439 A
1417 4387 1583 4442 Patre
1640 4405 1702 4444 se
1751 4391 1918 4445 educi

275 4463 348 4517 de
377 4463 592 4517 inferni
619 4462 893 4518 claustris
927 4469 1204 4540 postulat,
1269 4477 1330 4526 ut
1391 4477 1738 4532 resurrectio
1790 4479 1920 4549 ejus

275 4551 501 4623 paterni
533 4552 788 4607 nominis
821 4552 1005 4609 honor
1035 4556 1128 4610 sit.
1159 4559 1292 4620 Quae
1313 4562 1600 4618 confessio
1623 4581 1653 4618 a
1705 4566 1920 4635 quibus

274 4641 352 4696 sit
380 4642 996 4715 confitendaostendit,
1045 4645 1281 4703 dicens:
1343 4673 1370 4699 «
1433 4651 1522 4706 Me
1586 4661 1922 4725 exspectant

265 4730 433 4801 justi.
454 4753 482 4779 »
514 4732 775 4802 Apostoli
806 4732 890 4788 vel
923 4733 1126 4805 reliqui
1159 4739 1364 4805 sancti,
1410 4756 1660 4812 quorum
1714 4760 1919 4816 exspe-

275 4819 534 4890 ctationi,
565 4837 696 4875 cum
732 4838 1122 4891 resurrexero,
1155 4827 1472 4883 satisfacio.
1505 4853 1532 4878 «
1583 4836 1769 4888 Donec
1827 4852 1921 4890 re-

278 4908 508 4964 tribuas
539 4910 727 4964 mihii.
767 4933 786 4959 ι
817 4913 1132 4968 Claritatcm
1167 4916 1324 4970 illam
1343 4934 1508 4986 quam
1530 4921 1716 4987 habui,
1744 4925 1922 4992 prius-

275 5013 440 5068 quam
493 5001 729 5054 m-undus
749 5001 901 5070 ﬁeret
922 5002 1066 5072 apud
1093 5007 1144 5057 te
1172 5005 1348 5071 (Joan.
1382 5023 1516 5075 xvu,
1576 5010 1650 5079 5).
1698 5011 1766 5064 Et
1816 5028 1920 5066 nos

273 5085 578 5142 humiliter
625 5089 1009 5160 deprecamur
1077 5109 1141 5147 ac
1228 5095 1505 5165 petimus,
1585 5104 1647 5152 ut
1722 5117 1919 5156 susce-

271 5179 371 5247 pta
400 5192 537 5231 voce
573 5176 845 5234 clamoris
876 5181 1082 5248 nostri,
1105 5183 1344 5238 eductos
1401 5201 1469 5240 ex
1530 5187 1738 5243 inferni
1795 5207 1914 5245 car-

273 5280 420 5335 cere,
454 5264 592 5319 illuc
655 5283 760 5322 nos
811 5269 1024 5338 jubeas
1061 5273 1364 5328 transferri
1417 5275 1487 5330 de
1541 5283 1748 5348 morte,
1821 5280 1919 5335 ubi

278 5355 553 5424 pendenti
577 5354 784 5411 latroni
809 5360 1350 5430 praeparastilocum
1374 5362 1635 5421 lucidum
1660 5384 1724 5422 ac
1764 5369 1921 5440 quie-

270 5443 436 5497 tem:
489 5443 629 5514 quia
685 5445 790 5500 tibi
849 5454 937 5502 est
985 5449 1170 5506 honor
1221 5457 1277 5506 et
1323 5452 1508 5523 gloria
1565 5472 1696 5511 cum
1754 5457 1919 5516 Patre

273 5531 563 5604 etSpiritu
598 5540 798 5590 sancto
832 5536 888 5591 in
923 5539 1135 5595 saecula
1165 5542 1531 5598 saeculorum.
1565 5550 1773 5602 Amen.

809 5626 932 5682 PSA
945 5628 1136 5684 LMUS
1184 5631 1390 5688 CXCII.

265 5714 523 5780 Paulinus
577 5715 749 5775 David
804 5717 1020 5798 quando
1075 5724 1505 5802 persequebatur
1569 5743 1696 5788 cum
1768 5731 1922 5810 ﬁlius

2110 3336 2135 3362 ‹‹
2170 3315 2315 3379 Quia
2346 3327 2690 3389 persecutus
2721 3331 2811 3382 est
2842 3329 3115 3390 inimicus
3137 3338 3396 3398 animam
3429 3361 3681 3404 meam.»

2040 3401 2153 3495 Hoc
2213 3403 2692 3495 interpretatione
2743 3433 2855 3471 non
2915 3419 3162 3495 indiget.
3225 3427 3381 3484 Nulli
3430 3401 3681 3493 dubium

2037 3489 2176 3559 quin
2208 3491 2474 3551 diabolus
2504 3515 2559 3553 :«
2595 3500 2935 3562 Humiliavit
2963 3489 3196 3568 interra
3217 3517 3396 3574 vitam
3428 3537 3680 3582 meam.»

2035 3580 2153 3675 Dec
2180 3585 2288 3647 est,
2321 3585 2473 3653 quod
2509 3587 2666 3644 dicit.
2692 3593 2833 3648 Ante
2889 3595 3012 3653 alas
3051 3599 3358 3675 habebam,
3423 3615 3480 3666 et
3532 3580 3683 3670 vola-

2036 3667 2404 3727 ham:nunc
2427 3681 2619 3732 autem
2673 3690 3016 3751 persecutus
3074 3696 3162 3746 est
3220 3693 3494 3755 inimicus
3554 3703 3679 3758 ani-

2037 3771 2193 3861 mam
2227 3775 2446 3816 meam:
2479 3770 2534 3819 et
2565 3769 2968 3842 apprehendit,
2996 3782 3052 3832 et
3080 3777 3279 3852 ligavit
3310 3785 3454 3841 mihi
3505 3791 3682 3861 pedes

2035 3848 2091 3899 et
2121 3863 2352 3915 manus,
2383 3856 2879 3922 quemadmodum
2911 3848 3226 3926 volatile'ab
3259 3848 3678 3935 homine‘com-

2033 3935 2435 4006 prehenditur,
2489 3948 2552 3997 ut
2608 3950 2778 4016 quasi
2838 3951 3104 4010 videatur
3152 3967 3449 4018 mortuum
3517 3983 3676 4025 esse:

2034 4024 2171 4094 quia
2192 4042 2305 4080 non
2330 4027 2506 4086 habet
2537 4032 2830 4093 licentiam
2855 4039 3078 4098 alarum
3109 4063 3348 4104 suarum
3384 4057 3448 4106 ut
3504 4055 3675 4113 volet.

2033 4113 2116 4168 Ita
2136 4120 2194 4170 et
2224 4133 2336 4186 me,
2362 4118 2573 4191 inquit,
2607 4123 2881 4183 inimicus
2913 4129 3112 4202 ligavit
3143 4139 3497 4198 conscientia
3541 4160 3676 4216 pec-

2032 4207 2292 4260 catorum
2318 4223 2604 4266 meorum.

2109 4334 2127 4357 ει
2158 4311 2472 4369 Collocavit
2498 4332 2589 4371 me
2621 4318 2677 4372 in
2712 4320 2998 4393 obscuris,
3051 4328 3202 4387 sicut
3249 4341 3513 4397 mortuos
3565 4359 3676 4399 saa-

2031 4397 2221 4466 culi,»
2256 4401 2314 4456 Si
2373 4403 2525 4459 sicut
2581 4413 2842 4466 mortuos
2902 4416 3118 4489 smculi,
3172 4423 3362 4481 adhuc
3427 4432 3675 4488 necdum

2031 4493 2320 4560 mortuus,
2353 4493 2491 4562 quia
2538 4497 2877 4566 poenitentia
2906 4507 3039 4572 stat,
3075 4509 3123 4562 si
3155 4512 3289 4581 quis
3318 4521 3511 4577 autem
3543 4536 3677 4591 pec-

2029 4592 2168 4631 cans
2200 4595 2313 4633 non
2363 4581 2484 4653 agit
2539 4583 2596 4638 in
2657 4589 3076 4663 pcenitentiam,
3127 4597 3221 4654 hic
3276 4581 3562 4662 mortuus.
3591 4614 3679 4665 est

2032 4665 2246 4736 saeculi,
2271 4673 2328 4722 et
2357 4686 2493 4738 non,
2538 4673 2691 4730 sicut
2748 4685 3036 4750 mortuus,
3087 4687 3188 4742 sed
3238 4692 3478 4761 perfecit
3521 4712 3674 4752 mor-

2032 4759 2189 4809 tuus.
2225 4756 2339 4812 Hoc
2357 4775 2492 4832 ergo
2525 4765 2747 4833 patavit
2780 4767 3074 4841 inimicus,
3107 4756 3388 4845 quianon
3420 4799 3528 4856 ago
3561 4803 3678 4857 pce-

2032 4843 2337 4901 nitentiam
2364 4865 2468 4918 peo
2491 4854 2742 4921 peccatis
2781 4873 2907 4927 qum
2941 4861 3065 4932 ipse
3089 4843 3233 4920 mihi
3256 4843 3578 4942 suggessit‘
3613 4880 3677 4930 ut

2031 4932 2263 4988 faciam.
2299 4960 2323 4983 ‹‹
2351 4937 2419 4991 Et
2449 4941 2717 4998 anxiatus
2748 4952 2836 5001 est
2877 4965 3054 5020 super
3088 4970 3179 5010 me
3213 4932 3455 5028 spiritus
3484 4978 3671 5020 meus.

2034 5022 2105 5077 Tu
2129 5024 2225 5079 die
2261 5027 2420 5095 prius
2466 5035 2684 5098 peccata
2730 5037 2844 5103 tua,
2876 5045 2928 5092 et
2961 5041 3145 5097 salvus
3200 5047 3309 5100 eris
3329 5048 3454 5118 (Isa.
3513 5068 3671 5121 XLIII,

2031 5111 2148 5182 26.)
2181 5113 2248 5167 Et
2279 5113 2492 5170 iterum
2520 5135 2538 5171 :
2563 5119 2624 5173 Si
2649 5122 2830 5177 solum
2877 5130 3242 5198 suspiraveris
3289 5111 3392 5206 pro
3433 5111 3675 5210 peccatis

2029 5203 2162 5271 tuis,
2184 5203 2370 5258 salvus
2398 5208 2514 5261 eris
2538 5209 2761 5278 (Ezech.
2785 5230 2946 5284 xvm,
2990 5219 3101 5290 21).
3156 5245 3182 5270 ‹‹
3219 5203 3302 5278 1η-
3333 5203 3449 5280 ωε-
3471 5229 3672 5285 turba-

2030 5293 2153 5344 tum
2187 5297 2276 5347 est
2306 5310 2404 5348 cor
2434 5312 2651 5353 meum.
2691 5323 2716 5347 ››
2741 5301 2979 5374 Propter
3008 5310 3422 5371 conscientiam
3456 5333 3671 5388 meam,

2033 5379 2168 5450 quia
2190 5384 2438 5452 peccavi.

2103 5493 2129 5518 ‹‹
2195 5469 2415 5528 Memor
2465 5474 2544 5528 fui
2622 5477 2848 5535 dierum
2892 5485 3346 5558 antiquorum.»
3435 5494 3669 5550 Dierum

2031 5574 2292 5615 meorum
2317 5563 2580 5632 priorum
2647 5583 2872 5625 memor
2925 5574 3030 5644 fui,
3091 5582 3325 5649 quando
3386 5581 3670 5639 habebam

2029 5650 2440 5706 confidentiam
2468 5669 2480 5706 :
2516 5671 2671 5710 nunc
2703 5664 2895 5716 autem
2927 5664 3070 5720 mihi
3104 5684 3215 5723 nox
3245 5674 3352 5724 est.

2099 5760 2128 5792 ι(
2157 5740 2418 5816 Expandi
2457 5757 2671 5807 manus
2700 5763 2862 5810 meas
2887 5753 2960 5812 ad
3002 5758 3076 5815 te.
3116 5777 3146 5808 »
3179 5755 3506 5831 Ligatusab
3557 5758 3670 5846 ini:
