3992 6194
321 295 476 358 1315

1813 279 2205 342 APPENDIX
2220 324 2233 339 .

3576 274 3721 336 1316

317 429 490 494 mico,
524 425 672 483 nihil
694 424 851 480 aliud
883 437 1125 495 possum
1153 420 1341 476 facere
1388 417 1500 473 nisi
1556 413 1957 488 pmnitentiam
1986 413 2042 479 Α
2074 427 2286 466 manus
2317 426 2476 465 meas
2507 409 2578 465 ad
2607 407 2888 481 praelium,
2922 411 2977 462 et
3007 406 3219 479 digitos
3268 421 3436 462 meos
3493 407 3566 462 ad
3608 408 3718 463 bel—

321 535 512 591 agere,
539 520 594 572 et
625 531 836 570 manus
867 528 1026 567 meas
1058 509 1247 564 levare
1306 507 1375 562 ad
1434 510 1509 561 te.
1567 505 1778 558 Anima
1834 518 1963 556 mea

320 608 472 664 sicut
499 609 654 661 terra
683 605 809 660 sine
840 618 991 673 aqua
1020 599 1146 654 tibi.
1179 619 1207 649 »
1241 597 1404 651 Sicut
1424 599 1578 649 terra
1628 593 1754 648 sine
1813 605 1964 661 aqua

319 697 443 754 sitit
472 700 529 750 et
559 693 764 766 quaerit
790 690 1040 745 imbrem
1066 687 1174 743 :ita
1197 697 1251 741 et
1281 685 1478 741 anima
1507 699 1637 738 mea
1677 680 1964 735 desiderat

321 790 378 842 et
406 785 528 842 sitit
547 789 623 849 te,
656 788 837 837 Deum
872 794 1069 835 suum.

395 898 421 923 ‹‹
446 872 732 930 Velociter
759 868 967 925 exaudi
992 882 1105 932 me,
1141 864 1381 920 Domine
1412 881 1424 918 :
1463 859 1670 917 defecit
1708 856 1962 930 Spiritus

321 981 506 1020 meus.
545 985 565 1014 ι
601 960 815 1016 Anima
847 974 976 1013 mea
1021 954 1248 1019 defecit,
1309 957 1366 1009 et
1403 968 1534 1007 caro
1579 965 1709 1005 mea
1756 945 1964 1003 defecit

322 1053 568 1124 spiritus
613 1053 844 1105 tantum
875 1044 1159 1101 remansit
1189 1043 1247 1097 in
1282 1059 1396 1112 me,
1427 1044 1485 1096 et
1534 1039 1660 1110 ipse
1713 1035 1960 1101 defecit;

321 1143 444 1212 sed,
483 1163 504 1189 α
533 1139 803 1196 velociter
833 1133 1039 1191 exaudi
1070 1149 1182 1197 me,
1213 1129 1475 1193 Domine,
1513 1151 1540 1177 »
1581 1131 1637 1181 et
1689 1124 1963 1180 miserere

319 1231 456 1289 mei.

390 1345 417 1371 «
453 1324 659 1375 Notam
695 1318 780 1371 fac
802 1314 944 1370 mihi
977 1313 1130 1368 viam
1164 1311 1222 1365 in
1255 1326 1371 1381 qua
1393 1305 1710 1363 ambulem.
1751 1326 1776 1352 »
1807 1301 1965 1358 Chri-

317 1416 475 1467 stum
507 1414 674 1464 tuum
715 1409 917 1460 notum
952 1403 1037 1458 fac
1081 1399 1247 1467 mihi,
1299 1397 1396 1470 qui
1440 1396 1582 1451 dixit
1618 1412 1628 1449 :
1688 1395 1793 1462 Ego
1843 1406 1964 1444 sum

318 1503 412 1554 via
439 1500 616 1568 (Joan.
650 1513 764 1563 xxv,
790 1496 874 1559 6).

396 1610 421 1637 ‹‹
456 1585 708 1658 Spiritus
741 1590 876 1637 tuus
933 1581 1123 1635 bonus
1177 1577 1427 1631 deducet
1475 1590 1565 1628 me
1631 1572 1689 1624 in
1752 1575 1964 1624 terram

320 1655 556 1731 rectam.
586 1696 613 1721 ››
648 1671 749 1726 Ilic
779 1667 1117 1740 impiissimi
1147 1665 1342 1720 Ariani
1385 1664 1719 1734 proponunt
1773 1655 1962 1722 nobis,

319 1769 375 1820 et
405 1764 608 1818 dicunt
641 1778 654 1815 :
684 1759 954 1830 Magister
982 1757 1150 1820 bone,
1184 1753 1323 1824 quid
1356 1751 1564 1807 faciam
1595 1747 1729 1803 boni
1763 1751 1826 1800 ut
1855 1743 1965 1800 sal-

316 1870 424 1907 vus
457 1851 592 1904 ﬁam
622 1849 649 1902 ?
683 1847 830 1912 Quid
863 1845 1004 1900 dicit
1036 1861 1049 1898 :
1087 1842 1223 1912 Quid
1256 1857 1342 1896 me
1369 1839 1504 1894 dicis
1531 1839 1733 1894 bonum
1759 1834 1962 1890 γένειηο

317 1949 395 1996 est
427 1943 596 1994 bonus
626 1937 739 1991 nisi
772 1951 914 1990 unus
950 1938 1095 1988 Deus
1144 1932 1294 2002 (Luc.
1327 1947 1481 1996 xvm,
1538 1926 1648 1996 19).
1710 1925 1857 1994 Ergo
1913 1922 1961 1976 si

317 2028 496 2085 Filius
519 2044 633 2082 non
666 2029 754 2081 est
780 2025 988 2092 bonus,
1015 2021 1114 2077 sed
1149 2023 1314 2074 Pater
1348 2037 1360 2073 :
1421 2017 1609 2087 major
1663 2018 1750 2069 est
1797 2013 1965 2066 Pater

320 2117 482 2172 Filio.
519 2120 667 2187 Ergo
691 2111 1017 2169 secundum
1066 2114 1238 2164 tuum
1293 2122 1557 2172 sensum,
1616 2099 1964 2174 impiissime

319 2205 552 2270 Ariane,
587 2186 718 2274 quis
745 2199 978 2272 major?
1024 2197 1225 2263 Filius,
1258 2213 1330 2252 an
1363 2194 1617 2266 Spiritus
1670 2193 1909 2246 sanctus
1936 2186 1964 2241 ?

321 2295 531 2366 Utique
565 2292 731 2358 dicis,
786 2289 984 2346 Filius.
1049 2287 1151 2342 Hic
1201 2302 1336 2358 ergo
1397 2283 1570 2338 dicit:
1625 2302 1653 2332 ‹‹
1711 2277 1964 2350 Spiritus

321 2388 458 2440 tuus
489 2366 678 2437 bonus
696 2379 938 2433 deducet
973 2375 1139 2430 mein
1190 2378 1405 2428 terram
1468 2376 1704 2426 rectam.
1744 2390 1764 2416 υ
1819 2367 1965 2436 Ergo

321 2471 371 2526 si
402 2469 654 2541 Spiritus
676 2467 864 2521 bonus
890 2468 996 2531 est,
1031 2463 1130 2533 qui
1164 2462 1354 2515 minor
1377 2464 1483 2527 est,
1517 2459 1673 2513 sicut
1701 2461 1764 2510 tu
1795 2455 1962 2509 dicis:

323 2557 505 2612 multo
536 2555 726 2627 magis
756 2551 937 2607 Filius
969 2552 1159 2605 bonus
1191 2555 1298 2616 est,
1335 2563 1506 2618 quem
1561 2553 1624 2600 tu
1686 2546 1965 2614 majorem

320 2646 488 2702 dicis.
517 2646 579 2699 In
612 2640 920 2714 Evangelio
953 2644 1150 2695 autem
1193 2638 1276 2692 ita
1311 2636 1486 2691 habet
1519 2654 1530 2690 :
1592 2638 1655 2690 Et
1709 2633 1965 2688 accedens

321 2751 465 2792 unus
509 2734 574 2790 de
615 2733 813 2789 scribis
863 2734 1079 2786 tentans
1117 2743 1266 2794 eum,
1317 2728 1435 2781 ait:
1485 2726 1740 2794 Magister
1800 2724 1962 2794 bone,

320 2829 369 2881 et
399 2826 518 2879 ait:
553 2821 693 2891 Quid
723 2835 810 2875 me
838 2819 975 2873 dicis
1001 2818 1220 2887 bonum,
1253 2821 1311 2870 et
1343 2830 1456 2868 non
1491 2811 1784 2868 conﬁteris
1804 2811 1961 2882 (Ibid.

324 2916 412 2983 18,
450 2913 530 2983 19)
550 2912 578 2966 ‘?
609 2910 772 2966 Sicut
801 2909 850 2964 si
882 2907 1097 2978 aliquis
1127 2908 1358 2960 tentans
1379 2903 1717 2974 epiSOOpum
1767 2917 1963 2972 suum,

321 3018 498 3075 quem
531 2997 874 3064 contemnit,
898 2994 1202 3050 dicatilli:
1258 2991 1557 3065 Episcope,
1610 2994 1664 3044 et
1723 2990 1819 3043 ille
1876 3005 1962 3046 re-

321 3090 570 3164 spondet
601 3107 613 3144 :
644 3087 773 3142 Tibi
807 3101 920 3140 non
953 3099 1092 3138 sum
1148 3081 1478 3154 episcopus,
1505 3079 1707 3134 recede
1765 3095 1799 3132 a
1847 3094 1959 3134 me.

318 3149 468 3235 Alibi
504 3182 700 3233 autem
732 3191 848 3230 non
892 3172 1148 3244 legistis:
1184 3149 1376 3225 Bonus
1430 3173 1620 3240 pastor
1647 3168 1801 3238 ponit
1839 3168 1963 3221 ani-
1996 3149 2038 3216 C

316 3285 472 3325 mam
500 3283 669 3323 suam
691 3281 792 3336 pro
814 3263 1002 3319 ovibus
1029 3263 1146 3315 suis
1181 3261 1356 3330 (Joan.
1380 3275 1435 3324 Χ,
1495 3256 1618 3327 11)?
1659 3255 1806 3322 Quid
1861 3272 1962 3310 au-

307 3362 430 3415 tem
463 3355 680 3412 melius
711 3353 876 3418 Filio,
909 3350 1009 3422 qui
1043 3364 1278 3404 carnem
1309 3347 1502 3402 induit
1545 3350 1780 3416 propter
1835 3360 1961 3415 nos,

309 3453 365 3504 et
397 3462 609 3519 passus
641 3448 754 3510 est,
808 3447 865 3496 et
932 3439 1294 3494 descendens
1353 3438 1424 3492 de
1485 3451 1592 3490 sua
1642 3434 1963 3504 majestate,

314 3551 523 3592 novem
551 3549 786 3589 menses
816 3531 874 3586 in
900 3535 1061 3585 utero
1094 3525 1351 3598 Virginis
1390 3526 1451 3578 in
1494 3522 1778 3594 sanguine
1836 3521 1963 3589 fuit,

313 3626 375 3680 in
407 3622 718 3680 cunabulis
741 3621 868 3688 fuit,
894 3635 1104 3691 passus
1136 3621 1225 3672 est
1253 3632 1355 3687 per
1383 3616 1682 3669 momenta
1711 3625 1967 3665 crescere

317 3716 372 3767 et
405 3708 714 3776 verberari,
747 3714 803 3764 st
833 3706 1181 3779 calaphizari
1211 3711 1269 3760 et
1294 3701 1555 3774 cruciﬁgi
1587 3705 1608 3756 Ρ
1665 3699 1812 3763 Quid
1857 3699 1966 3753 hoc

317 3797 535 3855 melius
560 3798 588 3853 ?

861 3936 1190 3992 PSALMUS
1221 3934 1436 3990 CXLIII

321 4062 566 4132 Propter
595 4074 693 4132 eos
724 4055 823 4128 qui
869 4055 1142 4132 ignorant
1178 4050 1443 4132 Latinam
1485 4049 1769 4132 linguam,
1835 4046 1968 4132 licet

397 4119 583 4187 multa
614 4131 682 4184 de
713 4119 1016 4196 EvangVeIiO
1048 4123 1589 4196 dixerimus,tamen
1620 4119 1970 4196 debemus-et

397 4204 468 4257 de
498 4199 776 4256 Psalterio
825 4189 1086 4270 quaedam
1124 4196 1315 4270 dicere
1339 4199 1446 4270 :_ut
1476 4191 1606 4270 aliis
1664 4189 1964 4270 satyratis,

395 4273 490 4328 alii
515 4272 702 4344 jejuni
747 4260 860 4326 non
894 4270 1153 4344 redeant.
1173 4265 1484 4344 Quoniam
1512 4268 1707 4344 autem
1758 4260 1966 4342 longus

395 4349 481 4400 est
515 4331 869 4415 "psalmus,et
887 4340 935 4415 si
967 4331 1413 4415 voluerimusjn
1439 4332 1688 4415 singulis
1719 4331 1968 4415 versicu:

394 4415 468 4470 lis
497 4401 817 4479 immorari,
845 4412 969 4467 dies
1000 4409 1253 4482 praeterit
1285 4401 1604 4482 :_debemus
1634 4401 1965 4482 breviterad

318 4532 324 4535 .
392 4486 627 4558 singula
645 4474 890 4556 quaeque
923 4474 1132 4538 sensus
1163 4479 1351 4551 magis
1377 4494 1553 4550 quam
1587 4476 1760 4531 verba
1789 4474 1962 4546 repli-

394 4575 546 4615 care.

397 4718 808 4776 «Benedictus
861 4714 1146 4770 Dominus
1207 4717 1355 4767 Deus
1413 4725 1600 4778 meus,
1656 4705 1759 4778 qui
1807 4706 1975 4760 docet

323 4826 540 4865 manus
569 4823 730 4863 meas
761 4806 829 4861 ad
862 4803 1149 4876 praelium,
1175 4805 1230 4857 et
1260 4799 1472 4872 digitos
1520 4812 1679 4851 meos
1728 4795 1798 4850 ad
1844 4793 1966 4850 bel-

322 4897 470 4953 lum.
498 4920 525 4947 »
556 4895 663 4961 Qui
693 4894 948 4950 breviter
970 4891 1405 4963 interpretatur,
1439 4887 1547 4942 hoc
1571 4885 1971 4957 consequitur,

319 4987 387 5042 ut
405 4987 532 5059 ipse
564 4985 800 5041 laudem
830 5000 943 5038 non
971 4981 1203 5046 habeat,
1237 4983 1293 5034 et
1327 4982 1518 5032 tamen
1581 4974 1974 5046 quodcunque

322 5073 381 5128 in
413 5073 890 5146 interpretatione
921 5075 1030 5136 est,
1056 5065 1443 5125 retineantilli
1504 5065 1604 5136 qui
1664 5061 1973 5117 audierunt

397 5185 423 5214 α
451 5163 793 5218 Benedictus
816 5163 1097 5216 Dominus
1119 5163 1267 5212 Deus
1303 5171 1489 5222 meus,
1524 5152 1623 5226 qui
1655 5153 1820 5207 docet
1847 5167 1971 5205 ma-

326 5268 439 5307 nus
470 5268 629 5306 meas
661 5253 731 5308 ad
765 5249 1048 5324 praelium,
1079 5251 1134 5303 et
1163 5246 1377 5318 digitos
1396 5260 1557 5298 meos
1589 5242 1658 5297 ad
1693 5239 1967 5296 bellum.»

321 5341 602 5398 Levemus
630 5357 842 5395 manus
869 5339 927 5393 in
961 5341 1164 5394 sancta
1211 5336 1337 5390 sine
1419 5330 1872 5404 cogitationibus
1915 5335 1972 5384 et

325 5428 849 5503 disceptationibus
887 5453 900 5496 ;
932 5429 1195 5483 levemus
1226 5425 1284 5480 in
1317 5422 1476 5478 omni
1513 5421 1658 5477 loco.
1706 5421 1777 5475 Et
1835 5435 1968 5474 cum

329 5517 713 5580 levaverimus
736 5533 946 5572 manus
978 5521 1228 5584 nostras,
1286 5513 1575 5570 orationes
1632 5513 1842 5568 nostra
1896 5509 1969 5565 ad

329 5614 517 5674 Deum
547 5625 712 5669 arma
750 5610 890 5666 sunt
943 5611 1144 5665 contra
1183 5604 1504 5667 diabolum.
1548 5626 1576 5658 ‹‹
1639 5601 1748 5672 Qui
1801 5600 1970 5660 docet

2072 499 2276 554 lum.»
2315 500 2438 553 Haec
2467 503 2554 555 est
2578 497 2702 569 lyra
2749 502 2971 568 nostra,
3021 496 3141 551 haec
3187 495 3436 551 cithara.
3495 495 3562 550 In
3619 495 3718 552 hac

2072 593 2380 644 cantamus
2415 587 2682 656 Domino,

2143 719 2171 747 «
2205 695 2601 750 Misericordia
2634 709 2760 750 mea
2791 697 2850 749 et
2879 691 3172 765 refugium
3196 708 3419 760 meum,
3486 707 3720 762 suscep-

2071 787 2163 839 tor
2192 800 2357 840 meus
2389 788 2445 839 et
2474 783 2748 839 liberator
2781 799 2966 837 meus.
3002 781 3301 837 Protector
3332 797 3526 847 meus,
3563 786 3620 836 et
3666 781 3717 834 in

2071 872 2198 945 ipso
2257 872 2501 945 speravi.
2563 896 2587 921 »
2643 873 2706 928 In
2788 871 2970 926 tantis
3049 869 3387 926 nominibus
3470 869 3721 942 appella-

2071 965 2167 1017 tur
2190 962 2363 1017 Deus.
2393 963 2541 1026 Quot
2569 961 2868 1029 beneﬁcia,
2892 964 2974 1014 tot
3003 959 3263 1015 nomina.
3298 982 3327 1008 «
3356 959 3471 1023 Qui
3521 961 3723 1016 subdis

2073 1050 2355 1123 populum
2389 1067 2582 1105 meum
2599 1050 2707 1105 sub
2742 1064 2853 1104 me.
2887 1070 2915 1098 »
2941 1048 3057 1103 Hoc
3106 1051 3294 1119 potest
3350 1065 3421 1103 ex
3476 1065 3724 1119 persona

2073 1139 2286 1195 Christi
2319 1139 2454 1206 dici,
2477 1138 2584 1193 hoc
2613 1143 2722 1206 est,
2755 1155 2823 1193 ex
2851 1142 3156 1209 assumpto
3213 1136 3476 1191 homine.
3537 1137 3727 1194 Potest

2074 1233 2269 1284 autem
2300 1245 2369 1284 ex
2399 1244 2647 1300 persona
2675 1225 3072 1299 apostolorum
3107 1225 3241 1292 dici,
3271 1225 3414 1296 quia
3464 1226 3686 1281 dicitur
3714 1247 3726 1282 :

2074 1341 2102 1368 «
2123 1319 2228 1381 Qui
2259 1317 2462 1374 subdis
2493 1316 2776 1388 populum
2809 1331 3002 1372 meum
3033 1315 3142 1370 sub
3174 1331 3284 1371 me.
3348 1337 3376 1365 »
3428 1316 3579 1369 Dicit
3628 1317 3730 1371 hoc

2074 1412 2130 1463 et
2153 1411 2391 1463 sanctus
2422 1407 2589 1461 Pater
2614 1406 2671 1460 in
2705 1404 3079 1473 monasterio,
3113 1408 3167 1458 et
3197 1405 3423 1475 gratias
3472 1405 3733 1460 referens

2078 1501 2188 1550 Deo
2219 1495 2395 1550 dicit:
2431 1495 2777 1550 Benedictus
2806 1492 3090 1548 Dominus
3115 1492 3267 1548 Deus
3301 1508 3500 1560 meus,
3558 1517 3590 1541 ι(
3639 1495 3736 1564 qui

2075 1585 2280 1640 subdis
2310 1584 2593 1656 populum
2626 1599 2821 1661 meum
2854 1583 2963 1637 sub
2998 1598 3108 1636 me.
3145 1604 3171 1629 ››
3200 1581 3326 1636 Non
3358 1581 3528 1636 enim
3594 1583 3734 1637 mihi

2075 1673 2385 1744 subjicitur
2421 1673 2560 1739 ;sed
2589 1671 2692 1726 tibi
2721 1672 3061 1743 ,subjicitur.
3125 1670 3254 1725 Ideo
3315 1670 3471 1725 mihi
3533 1673 3736 1737 servit,

1996 1782 2043 1846 Β
2079 1768 2140 1818 ut
2170 1763 2384 1818 serviat
2412 1761 2538 1826 tibi,

2145 1876 2171 1900 ‹‹
2210 1851 2466 1920 Domine,
2501 1850 2642 1921 quid
2672 1852 2759 1906 est
2803 1849 2998 1917 homo,
3060 1848 3197 1921 quia
3251 1849 3576 1904 innotuisti
3642 1849 3734 1904 ei:

2074 1946 2174 1997 aut
2197 1940 2352 1994 ﬁlius
2374 1939 2797 2010 hominis,quia
2819 1943 3053 2010 reputas
3071 1955 3202 1993 eum
3224 1937 3414 1993 ‘InHoc
3451 1937 3654 2010 ipsum
3682 1944 3735 1994 et

2073 2031 2132 2085 in
2181 2033 2378 2084 octavo
2428 2027 2656 2100 psalmo
2714 2027 2971 2082 dicitur:
3033 2027 3171 2095 Quid
3227 2032 3306 2080 est
3367 2027 3538 2082 homo
3590 2027 3734 2103 quod

2071 2134 2278 2174 memor
2304 2134 2358 2172 es
2387 2117 2505 2186 ejus
2535 2135 2556 2180 ;
2575 2119 2671 2170 aut
2699 2116 2851 2186 ﬁlius
2908 2115 3163 2186 hominis,
3221 2117 3495 2184 quoniam
3549 2120 3734 2171 rimas

2073 2225 2200 2263 eum
2231 2208 2403 2276 (Psal.
2466 2224 2586 2276 Vlll,
2643 2205 2746 2273 .5)?
2809 2229 2828 2254 υ
2895 2204 3154 2275 Domine,
3198 2205 3339 2276 quid
3393 2210 3493 2260 est
3541 2206 3734 2272 homo,

2075 2297 2212 2369 quia
2243 2295 2548 2351 innotuisti
2581 2294 2630 2350 ei
2653 2294 2680 2348 Ἰ
2712 2316 2738 2345 ››
2769 2296 2841 2349 De
2865 2293 3177 2365 fragilitate
3209 2294 3482 2364 corporis
3509 2301 3568 2349 et
3627 2295 3736 2348 hu-

2075 2403 2247 2441 mana
2279 2385 2606 2440 conditione
2641 2381 2921 2453 loquitur.
2957 2383 3024 2437 Et
3056 2382 3192 2453 quid
3226 2382 3372 2437 dicit
3400 2383 3429 2437 ‘?
3495 2383 3558 2436 Si
3612 2400 3736 2438 car-

2076 2491 2209 2529 nem
2241 2471 2656 2544 aspicias,quid
2688 2476 2776 2526 est
2806 2470 2982 2524 homo
3012 2470 3040 2523 ?
3069 2471 3126 2524 Si
3148 2471 3450 2542 spiritum,
3517 2473 3738 2542 grande

2075 2563 2355 2634 quiddam
2388 2565 2476 2616 est
2505 2561 2698 2614 homo.
2725 2560 2850 2614 Non
2882 2559 3274 2630 despiciamus
3298 2576 3573 2627 carnem,
3634 2563 3730 2616 sed

2075 2651 2270 2706 carnis
2303 2666 2478 2721 opera
2508 2653 2974 2704 contemnamus.
3013 2647 3139 2705 Non
3170 2648 3581 2719 despiciamus
3611 2667 3734 2704 ear—

2075 2757 2229 2804 nem,
2263 2754 2545 2809 quaecum
2605 2737 2833 2792 Christo
2883 2741 3086 2808 regnat
3143 2736 3201 2792 in
3261 2736 3425 2793 caelo.
3481 2740 3626 2793 Caro
3683 2745 3736 2793 et

2074 2829 2301 2897 sanguis
2332 2843 2559 2897 regnum
2592 2828 2694 2881 Dei
2723 2843 2831 2881 non
2853 2825 3209 2897 possidebunt
3256 2827 3298 2896 (Ι
3324 2826 3441 2880 Cor.
3477 2844 3575 2891 xv,
3611 2827 3730 2894 58).

2075 2917 2198 2972 Non
2233 2932 2362 2972 caro
2386 2919 2442 2971 et
2483 2915 2744 2986 sanguis,
2805 2916 2905 2970 sed
2966 2914 3158 2970 carnis
3218 2931 3404 2986 Opera.
3462 2915 3612 2969 Caro
3667 2923 3730 2971 et

2076 3005 2317 3077 sanguis
2348 3021 2592 3076 regnum
2626 3003 2720 3058 Dei
2752 3019 2870 3058 non
2901 3002 3305 3074 possidebunt,
3338 3008 3396 3059 et
3425 3005 3731 3076 quomodo

2079 3094 2138 3148 in
2197 3093 2425 3148 Christo
2483 3095 2748 3164 regnant,
2810 3095 2866 3146 et
2923 3091 3214 3162 quomodo
3246 3092 3528 3147 sedemus
3597 3110 3734 3148 cum

2079 3181 2305 3237 Christo
2339 3181 2395 3235 in
2429 3179 2761 3236 coelestibus
2791 3179 2818 3234 ‘I
2849 3203 2875 3230 «
2909 3179 3331 3251 Domine,lquid
3383 3185 3475 3235 est
3533 3181 3735 3247 homo,

2075 3270 2213 3342 quia
2245 3269 2549 3325 innotuisti
2581 3269 2630 3323 ei
2667 3286 2679 3325 ε
2715 3273 2816 3323 aut
2848 3267 3001 3324 ﬁlius
3033 3268 3308 3334 hominis,
3330 3269 3472 3341 quia
3496 3275 3736 3342 reputas

2075 3377 2208 3415 eum
2237 3359 2263 3413 ?
2291 3380 2318 3410 ιο
2348 3358 2576 3414 Gratias
2602 3357 2720 3430 agit
2751 3362 2887 3424 Deo,
2921 3362 2977 3412 et
3008 3358 3160 3429 quod
3209 3357 3370 3428 dicit,
3429 3357 3546 3412 hoc
3605 3364 3695 3414 est
3727 3374 3739 3413 :

2076 3450 2372 3514 Quantum
2398 3449 2468 3502 ad
2502 3447 2825 3502 humanam
2855 3446 3276 3512 conditionem,
3337 3446 3520 3502 homo
3591 3446 3742 3502 nihil

2075 3542 2181 3593 est.
2250 3538 2464 3592 Vanitas
2517 3537 2846 3600 vanitatum,
2908 3538 2958 3590 et
3015 3536 3199 3589 omnia
3275 3537 3516 3602 vanitas,
3601 3534 3745 3589 dicit

2077 3625 2456 3682 Ecclesiastes
2487 3624 2684 3695 (Eccle,
2719 3640 2757 3692 1,
2789 3623 2865 3694 2).
2921 3623 2977 3677 Si
3027 3624 3226 3678 omnia
3281 3624 3537 3689 vanitas,
3588 3639 3730 3696 ergo

2076 3719 2133 3769 et
2181 3712 2414 3780 coelum,
2475 3728 2611 3784 ergo
2668 3717 2724 3766 et
2780 3711 2989 3784 angeli.
3051 3710 3110 3766 Si
3155 3708 3370 3766 coelum
3439 3717 3499 3765 et
3542 3711 3734 3783 angeli

2074 3803 2340 3859 vanitas:
2374 3802 2548 3856 homo
2581 3805 2799 3872 quanto
2832 3800 3058 3855 vanitas
3093 3799 3104 3852 l
3136 3800 3203 3854 Et
3249 3799 3300 3854 si
3349 3800 3584 3855 vanitas
3635 3817 3736 3855 an-

2077 3891 2212 3964 geli,
2248 3887 2296 3947 si
2319 3890 2531 3946 emlum
2561 3888 2824 3944 vanitas:
2862 3888 3015 3944 Deus
3072 3903 3207 3959 ergo
3265 3904 3447 3959 quare
3503 3889 3732 3945 vanita-

2077 3985 2194 4035 tem
2226 3984 2498 4051 operatus
2530 3978 2666 4035 est?
2697 3977 2937 4032 Vanitas
2967 3977 3038 4032 ad
3073 3977 3578 4048 comparationem
3611 3976 3735 4034 Dei:

2076 4073 2345 4124 caeterum
2380 4084 2483 4139 per
2511 4084 2573 4123 se
2604 4084 2720 4122 non
2751 4067 2999 4122 vanitas.
3033 4090 3060 4115 ‹‹
3113 4065 3379 4131 Domine,
3438 4066 3582 4136 quid
3646 4071 3740 4121 est

2077 4158 2270 4226 homo,
2304 4157 2442 4229 quia
2473 4154 2781 4212 innotuisti
2806 4154 2906 4210 ei?
2932 4177 2952 4204 ι»
2999 4154 3249 4210 Grandis
3283 4153 3522 4208 hominis
3548 4153 3733 4207 felici-

2075 4250 2164 4302 tas
2198 4247 2344 4300 scire
2374 4250 2701 4300 Creatorem
2733 4260 2930 4299 suum.
2966 4244 3082 4298 Hoc
3113 4260 3147 4299 a
3178 4243 3372 4300 bestiis
3407 4242 3734 4306 distamus,

2076 4335 2215 4406 quia
2244 4351 2349 4389 nos
2381 4333 2762 4406 intelligimus
2793 4333 3120 4388 Creatorem
3157 4338 3446 4402 nostrum,
3474 4330 3581 4386 illa
3609 4347 3730 4388 non

2075 4423 2551 4496 intelligunt.Sed
2583 4426 2638 4478 et
2667 4422 2793 4494 ipse
2823 4425 3012 4478 status
3035 4421 3295 4493 corporis
3326 4437 3502 4476 suum
3525 4421 3735 4491 quan-it

1996 4517 2043 4584 D
2076 4512 2381 4568 artiﬁcem.
2419 4513 2636 4567 Caetera
2657 4510 2934 4566 animalia
2988 4516 3206 4566 terram
3265 4509 3608 4582 respiciunt,
3671 4515 3728 4564 et

2084 4600 2184 4656 ubi
2213 4605 2429 4671 venter,
2461 4600 2542 4655 ibi
2575 4604 2632 4656 et
2663 4599 2836 4656 oculi.
2871 4600 3151 4655 Caeterum
3207 4597 3357 4654 oculi
3422 4598 3608 4654 nostri
3662 4599 3738 4654 ad

2085 4689 2295 4746 coelum
2321 4688 2495 4744 erecti
2538 4693 2696 4758 sunt,
2747 4693 2804 4744 et
2863 4688 2911 4743 si
2970 4704 3136 4743 mens
3190 4687 3365 4742 fuerit
3423 4687 3737 4753 obczeeata,

2083 4784 2282 4836 tamen
2315 4777 2545 4835 invictis
2574 4777 2759 4833 oculis
2777 4775 2986 4832 cmlum
3020 4776 3339 4832 videamus.

2159 4911 2184 4938 ‹‹
2213 4888 2396 4944 Homo
2425 4885 2667 4942 vanitati
2699 4883 2908 4941 similis
2939 4884 3128 4940 factus
3150 4883 3393 4951 est,dies
3426 4885 3560 4954 ejus
3593 4883 3741 4940 sicut

2087 4977 2295 5032 umbra
2327 4978 2692 5047 praetereunt.
2730 4974 2900 5028 bVere
2933 4972 3058 5028 dies
3090 4972 3273 5027 nostri
3306 4971 3475 5044 quasi
3501 4973 3737 5028 umbra.

2086 5065 2187 5120 Fui
2221 5062 2657 5130 infantulus,fui
2690 5077 2856 5134 puer,
2879 5061 2959 5115 fui
2992 5060 3489 5129 adolescentulus,
3527 5062 3612 5117 fui
3639 5062 3742 5132 ju-

2081 5153 2354 5221 venis,fui
2388 5151 2815 5221 vir,hocest,fui
2853 5149 3041 5206 astatis
3080 5150 3368 5222 perfectae,
3404 5150 3485 5205 fui
3511 5151 3744 5206 medias.

2084 5249 2230 5300 Dum
2253 5242 2652 5306 nescio,senex
2684 5257 2838 5296 sum.
2871 5239 3162 5295 Senectuti
3215 5256 3374 5296 mors
3430 5239 3726 5310 subrepit.

2084 5334 2276 5389 Mutor
2299 5330 2643 5402 quotidie,et
2673 5328 2928 5383 nihilme
2956 5343 3082 5384 esse
3116 5344 3232 5383 non
3256 5328 3477 5384 sentio.
3509 5333 3595 5384 Ne
3625 5344 3742 5383 uno

2085 5422 2321 5495 quidem
2354 5423 2649 5475 momento
2679 5418 2833 5474 horae
2861 5421 3088 5474 stamus
3116 5415 3176 5471 in
3210 5421 3368 5472 statu
3401 5417 3739 5485 nostro,sed

2083 5527 2315 5584 semper
2371 5512 2471 5565 aut
2521 5506 2864 5576 crescimus,
2938 5510 3041 5562 aut
3109 5505 3533 5562 decrescimus.
3586 5510 3735 5582 Ergo

2082 5603 2258 5662 homo
2288 5616 2391 5676 per
2417 5601 2715 5658 momenta
2734 5599 3021 5670 mutatur,
3072 5600 3131 5656 et
3181 5596 3326 5655 dum
3375 5596 3593 5671 nescit,
3649 5597 3735 5657 in-
