3992 6194
309 323 465 383 1317

1487 329 1980 392 BREVIARIUM
2027 333 2104 394 ΙΝ
2148 334 2292 396 PSA
2306 336 2534 402 LMOS.

3551 363 3707 425 1318

304 457 460 513 terit.
485 456 631 530 Ergo
664 473 859 525 senex,
882 459 1152 516 recordor
1180 460 1508 518 infantulus
1539 464 1679 535 quid
1714 464 1945 529 fuerim,
1977 468 2033 534 Α
2062 465 2407 526 alienorum.
2439 495 2458 521 υ
2496 474 2618 529 Non
2651 479 2790 531 sunt
2809 477 2964 534 enim
2988 480 3091 537 ﬁlii
3121 484 3226 552 tui,
3251 488 3350 560 qui
3380 501 3705 552 nascuntur

309 546 450 618 quid
499 546 756 612 fecerim,
789 550 1080 619 quomodo
1113 548 1380 618 luserim,
1413 554 1707 624 quomodo
1739 553 1855 608 huc
1884 553 1951 608 il-

306 634 520 706 lucque
542 636 920 693 discurrerim
945 656 958 693 :
993 656 1147 694 nunc
1181 656 1272 696 me
1301 640 1465 697 video
1497 642 1678 698 nimio
1701 644 1954 714 pondere

310 730 758 796 praegravatum.
779 749 806 776 ‹‹
824 726 958 782 Dies
978 729 1104 798 ejus
1128 729 1280 784 sicut
1302 731 1511 786 umbra
1533 736 1904 803 praetereunt.
1923 752 1949 784 ιο

310 812 442 868 Vita
489 818 687 869 nostra
734 815 943 870 umbra
990 833 1117 872 esse
1164 817 1410 885 videtur,
1459 824 1515 874 et
1562 821 1954 877 substantiam

312 919 427 958 non
480 901 674 958 habet.
708 905 869 968 Quod
919 910 1115 960 autem
1165 907 1554 963 substantiam
1601 927 1713 964 non
1758 910 1949 977 habet,

311 991 426 1045 cito
465 991 632 1063 perit.
668 991 811 1057 Quia
855 1009 990 1065 ergo
1034 993 1208 1051 homo
1253 999 1372 1052 tam
1418 997 1770 1054 miserabilis
1819 1003 1953 1054 est:

311 1081 451 1151 quia
497 1080 579 1135 sic
628 1085 716 1137 est
757 1081 1048 1153 inﬁrmus,
1083 1083 1222 1155 quid
1265 1085 1399 1140 inde
1429 1088 1782 1158 precamur?
1814 1087 1953 1157 quid

309 1186 584 1242 rogamus
605 1171 632 1225 ‘I
676 1171 817 1243 quid
848 1172 942 1228 hic
972 1172 1111 1228 dicit
1142 1174 1475 1246 Propheta?
1505 1176 1645 1246 quid
1679 1180 1768 1231 est
1797 1177 1952 1248 quod

309 1263 578 1330 precatur
597 1259 625 1314 ?

379 1385 698 1453 «Domine,
751 1387 1193 1443 inclina'coelos
1253 1394 1406 1456 tuos,
1465 1395 1522 1445 et
1568 1391 1873 1446 descende.
1929 1415 1949 1442 ι

306 1473 430 1528 Non
463 1475 678 1545 poteris
729 1491 958 1530 servare
1000 1476 1173 1531 istam
1215 1477 1471 1532 hominis
1501 1478 1804 1547 vilitatem,
1841 1479 1952 1535 nisi

191 1627 205 1635 δ
306 1562 432 1633 ipse
458 1579 585 1617 eam
615 1561 897 1619 indueris.
933 1588 959 1613 ‹‹
985 1564 1247 1630 Domine,
1273 1566 1490 1622 inclina
1515 1569 1690 1623 ccelos
1721 1573 1873 1639 tuos,
1898 1574 1954 1623 et

309 1651 614 1707 descende.
650 1675 676 1699 ››
728 1652 861 1708 Ovis
909 1657 1009 1708 tua
1057 1671 1298 1710 erronea
1338 1657 1530 1712 sanari
1575 1674 1686 1711 non
1721 1657 1948 1728 poterit,

310 1740 425 1795 nisi
455 1742 572 1796 tuis
605 1741 865 1797 humeris
898 1747 1223 1814 reportetur
1261 1746 1410 1815 (Luc.
1444 1762 1533 1812 xv,
1565 1746 1641 1817 5).
1695 1769 1723 1796 ‹‹
1758 1747 1952 1817 Tange

307 1834 559 1899 montes,
593 1835 648 1885 et
679 1831 1069 1902 fumigabunt.
1100 1852 1125 1882 η
1166 1835 1357 1898 Amen,
1389 1851 1547 1890 amen
1589 1834 1706 1890 dico
1755 1835 1903 1889 vobis
1932 1851 1950 1887 :
1981 1845 2028 1910 B

305 1919 358 1972 si
388 1917 688 1975 habueritis
727 1919 897 1988 ﬁdem
943 1929 1004 1976 ut
1039 1938 1278 1992 granum
1319 1924 1558 1994 sinapis,
1586 1925 1835 1994 poterit—is
1864 1923 1947 1977 di-

305 2022 425 2061 cere
476 2009 654 2062 monti
705 2010 831 2063 huic
871 2030 890 2063 .-
942 2011 1150 2076 Transi,
1206 2014 1256 2064 et
1311 2013 1674 2081 transferetur
1725 2012 1944 2082 (Matth.

304 2111 442 2161 xvn,
479 2097 585 2164 19).
620 2097 703 2150 Ibi
739 2097 808 2150 de
845 2097 1104 2152 lunatico
1136 2097 1458 2165 dicebatur,
1495 2100 1566 2153 de
1597 2099 1694 2154 illo
1727 2105 1948 2167 monte,

221 2190 226 2195 '
306 2183 406 2255 qui
439 2184 509 2238 ab
541 2183 660 2238 illis
690 2185 994 2239 transferri
1026 2202 1140 2240 non
1173 2191 1415 2256 poterat.
1443 2186 1736 2258 Scriptum
1768 2193 1858 2242 est
1889 2190 1947 2243 in

304 2271 602 2326 Jeremia:
655 2272 788 2326 Date
834 2273 1061 2328 Domino
1113 2274 1217 2328 Deo
1261 2283 1445 2329 nostra
1492 2275 1744 2343 gloriam,
1796 2280 1947 2332 ante-

307 2375 472 2428 quam
517 2359 794 2429 offendant
836 2361 1000 2430 pedes
1044 2364 1213 2416 vestri
1261 2363 1329 2417 ad
1373 2367 1580 2419 montes
1641 2366 1949 2420 tenebrosos

306 2448 521 2518 (Jerem.
556 2465 678 2515 xm,
728 2449 835 2520 16).
882 2454 999 2504 Hoc
1039 2455 1224 2506 totum
1257 2468 1435 2522 quare
1464 2453 1766 2509 diximus?
1798 2455 1948 2517 Quo-

308 2535 465 2590 niam
497 2541 556 2590 et
586 2554 740 2592 nunc
772 2538 1074 2610 sequitur:
1111 2562 1138 2588 «
1173 2541 1368 2612 Tange
1401 2545 1648 2610 montes,
1682 2547 1739 2598 et
1769 2542 1947 2598 fumi-

305 2625 551 2696 gabunt.
585 2649 614 2676 »
653 2626 879 2682 Montes
910 2627 1007 2698 qui
1041 2633 1286 2700 regnant
1317 2646 1329 2684 :
1383 2636 1609 2686 montes
1643 2632 1741 2702 qui
1773 2632 1947 2687 erecti

305 2717 446 2768 sunt
470 2730 572 2785 per
591 2716 925 2786 superbiam
951 2733 963 2770 :
997 2716 1095 2786 qui
1130 2717 1331 2772 dicunt
1355 2735 1368 2772 :
1403 2718 1514 2773 Mea
1542 2723 1672 2773 sunt
1691 2719 1944 2789 ﬂumina,

303 2809 358 2856 et
385 2819 478 2873 ego
507 2801 618 2875 feci
645 2820 711 2858 ea
755 2804 966 2874 (Ezech.
999 2821 1146 2875 xxxx,
1177 2807 1254 2873 9).
1305 2829 1333 2855 «
1366 2807 1560 2880 Tange
1609 2814 1858 2875 montes,
1891 2811 1949 2862 et

304 2891 696 2962 fumigabunt.
732 2914 760 2941 »
807 2891 932 2947 Non
983 2893 1147 2965 dixit,
1202 2895 1766 2963 inﬂammabuntur;
1819 2897 1943 2963 sed,

301 2981 670 3050 fumigabunt.
704 2981 964 3036 Habeant
997 2987 1224 3038 montes
1253 3000 1433 3054 pcenze
1467 2984 1748 3039 indicium
1780 3003 1792 3040 :
1828 3003 1942 3040 non

301 3066 566 3140 fulgoris,
601 3085 714 3123 non
748 3068 1095 3140 splendoris.

372 3224 400 3252 «
435 3201 692 3274 Fulgura
747 3205 1211 3273 coruscationes,
1272 3211 1329 3261 et
1387 3207 1701 3280 dissipabis
1757 3225 1875 3264 eos.
1912 3232 1940 3260 ››
1975 3208 2018 3275 ρ

300 3290 442 3346 Vide
473 3290 614 3362 quid
647 3292 821 3347 dicat.
854 3293 979 3347 Non
1011 3293 1174 3360 dixit,
1210 3295 1430 3351 delebis
1459 3313 1595 3353 eos:
1629 3298 1752 3368 sed,
1783 3299 1946 3354 dissi-

298 3380 456 3451 pabis
503 3396 612 3436 eos.
667 3380 938 3452 Legimus
977 3382 1034 3436 in
1066 3383 1296 3454 Genesi,
1327 3401 1392 3440 eo
1423 3389 1682 3456 tempore
1713 3404 1827 3458 quo
1860 3388 1944 3444 fa-

301 3467 606 3524 bricabant
635 3473 877 3540 turrem,
910 3471 1055 3525 dixit
1084 3471 1238 3527 Deus
1273 3489 1284 3528 :
1326 3474 1525 3545 Venite,
1559 3477 1945 3532 descendemus

302 3561 354 3612 et
399 3558 796 3628 confundamus
845 3560 1064 3630 linguas
1100 3576 1308 3628 eorum,
1340 3579 1407 3617 ne
1453 3565 1752 3634 aliquando
1791 3568 1849 3621 in
1888 3584 1947 3622 se

299 3661 623 3702 consensum
670 3648 928 3716 habeant,
965 3649 1058 3704 sed
1106 3649 1489 3722 disperguntur
1535 3654 1687 3726 (Gen.
1739 3673 1816 3723 x1,
1868 3657 1942 3727 4).

302 3734 548 3791 Prodest
579 3735 716 3791 illis.

374 3890 401 3916 ‹‹
437 3866 647 3922 Emitte
690 3885 929 3924 manum
978 3877 1139 3927 tuam
1187 3879 1255 3929 de
1300 3874 1433 3929 alto.
1471 3897 1499 3923 »
1548 3876 1790 3943 Domine,
1823 3881 1945 3948 quis

297 3955 533 4010 credidit
587 3957 810 4011 auditui
865 3963 1069 4029 nostro,
1130 3964 1180 4015 et
1237 3963 1520 4017 brachium
1574 3965 1800 4020 Domini
1855 3970 1947 4022 cui

296 4043 597 4099 revelatum
633 4049 711 4099 est
755 4047 888 4118 (Isa.
925 4062 1020 4118 ιιι,
1053 4050 1104 4116 1)
1127 4050 1154 4103 ‘I
1205 4071 1234 4100 «
1267 4050 1476 4106 Emitte
1507 4068 1747 4108 manum
1780 4059 1941 4111 tuam

295 4131 365 4188 de
396 4131 531 4189 alto.
567 4133 831 4202 Domine,
867 4136 1085 4193 inclina
1117 4138 1290 4194 caelos
1322 4144 1454 4195 tuos
1484 4144 1540 4195 et
1571 4142 1874 4198 descende.
1911 4166 1938 4194 ››

293 4221 410 4276 Hoc
462 4223 534 4278 ad
588 4223 796 4280 Filium
848 4226 1107 4282 dicitur:
1165 4251 1192 4277 ·‹
1230 4228 1450 4284 Inclina
1494 4229 1670 4286 coelos
1713 4235 1844 4288 tuos
1887 4238 1943 4289 et

291 4310 598 4367 descende.
634 4333 662 4360 »
712 4314 782 4368 Et
822 4317 1114 4385 quomodo
1145 4318 1292 4373 dixit
1324 4335 1336 4372 :
1390 4343 1417 4368 ‹‹
1453 4320 1663 4376 Emitte
1697 4338 1939 4378 manum

293 4399 456 4452 tuam
507 4399 577 4453 de
625 4398 789 4455 alto?
822 4423 842 4448 ιι
897 4401 956 4457 Si
997 4404 1318 4472 descendit,
1351 4411 1642 4478 quomodo
1697 4427 1939 4466 manum

298 4486 479 4541 mittit
525 4487 594 4542 de
645 4486 806 4543 alto?
855 4489 964 4544 Sed
1015 4490 1148 4546 licet
1191 4494 1248 4548 in
1292 4499 1448 4550 terra
1489 4497 1585 4565 sit,
1628 4504 1824 4552 tamen
1870 4499 1940 4554 de

2066 554 2124 610 in
2157 557 2358 614 multis
2388 562 2595 632 aquis;
2630 565 2731 620 sed
2764 564 2933 622 alieni
2965 568 3068 625 filii
3101 579 3258 630 sunt.

2142 666 2168 697 α
2196 650 2451 709 Quorum
2477 667 2540 706 os
2562 651 2822 710 locutum
2846 660 2935 711 est
2963 659 3302 723 vanitatem.
3330 691 3350 717 ι»
3387 670 3700 732 Scientiam

2065 733 2176 788 sibi
2209 738 2643 806 repromittunt,
2677 746 2732 796 et
2768 744 3002 816 erigunt
3031 765 3095 803 os
3126 760 3326 810 contra
3371 757 3698 820 Creatorem

2066 838 2260 878 suum.
2299 825 2618 883 Posucrunt
2666 830 2724 884 in
2770 833 2910 888 coelo
2950 851 3014 890 os
3044 853 3238 894 suum.
3291 866 3317 891 ‹‹
3352 845 3607 908 Quorum
3639 869 3704 908 os

2066 909 2324 967 locutum
2347 919 2438 970 est
2466 917 2803 974 vanitatem.
2835 943 2854 971 ι
2892 923 3145 982 Scientia
3174 928 3408 988 illorum
3437 939 3706 997 vanitatis

2065 1000 2311 1056 scientia
2339 1006 2446 1057 est.
2495 1026 2523 1055 «
2555 1008 2623 1060 Et
2652 1006 2886 1064 dextera
2913 1027 3137 1085 eorum,
3169 1017 3403 1077 dextera
3431 1023 3704 1098 iniquita-

2063 1087 2161 1144 tis.
2197 1111 2224 1137 ››
2279 1089 2598 1164 Utrumque
2641 1097 3080 1170 condemnatur,
3116 1109 3174 1161 et
3203 1123 3267 1162 os
3299 1115 3356 1164 et
3387 1087 3618 1183 manus,
3653 1122 3713 1173 et

2064 1178 2308 1235 scientia
2337 1185 2391 1234 et
2420 1198 2612 1253 opera.
2650 1207 2677 1236 «
2701 1187 2956 1250 Quorum
2983 1207 3047 1246 os
3079 1191 3339 1253 locutum
3372 1206 3460 1256 est
3489 1178 3714 1262 vanita-

2064 1270 2268 1334 tem,»
2318 1268 2425 1325 hoc
2482 1275 2570 1326 est
2625 1273 2950 1333 scientiam.
3003 1304 3030 1328 ‹‹
3065 1285 3132 1336 Et
3188 1285 3425 1344 dextera
3478 1309 3704 1364 eorum,

2065 1355 2299 1412 dextera
2329 1357 2674 1430 iniquitatis.
2713 1387 2738 1413 »
2789 1369 3051 1435 Dextera,
3085 1369 3142 1425 in
3175 1389 3365 1444 Opere.
3401 1355 3706 1440 Dexteram

2063 1460 2125 1499 se
2175 1444 2388 1501 habere
2438 1449 2660 1518 dicunt,
2703 1453 2801 1508 sed
2853 1456 2955 1509 toti
3003 1457 3228 1515 sinistri
3274 1471 3430 1522 sunt.
3463 1469 3708 1530 Dextera

2062 1531 2389 1602 iniquitatis
2439 1541 2545 1605 est,
2580 1543 2636 1593 et
2681 1557 2794 1595 non
2842 1547 2930 1598 est
2977 1547 3288 1616 aequitatis.
3323 1553 3482 1612 Unde
3513 1564 3570 1614 et
3599 1561 3698 1616 tali

2062 1619 2309 1676 sinistra:
2354 1623 2568 1679 dicitur
2599 1644 2610 1679 :
2661 1628 2772 1683 Stet
2803 1630 3051 1688 diabolus
3079 1652 3113 1690 a
3141 1637 3350 1695 dextris
3377 1645 3494 1715 ejus
3522 1647 3697 1718 (Psal.

2060 1725 2215 1805 cvm,
2246 1712 2322 1780 6).
2358 1711 2463 1774 Qui
2496 1713 2669 1769 talem
2702 1715 2877 1773 habet
2918 1721 3234 1794 dexteram,
3267 1734 3326 1784 et
3371 1711 3702 1805 iniquitatis

2061 1797 2381 1866 dexteram,
2415 1805 2530 1858 stat
2561 1804 2828 1862 diabolus
2859 1825 2892 1863 a
2923 1809 3139 1868 dextris
3169 1817 3316 1886 ejus.

2134 1925 2160 1951 ‹‹
2192 1903 2363 1974 Deus,
2399 1909 2688 1965 canticum
2740 1928 2954 1968 novum
2989 1921 3236 1975 cantabo
3267 1924 3395 1980 tibi.
3431 1949 3460 1976 »
3512 1930 3707 1990 Novus

2058 1991 2254 2058 homo,
2288 2009 2499 2050 novum
2529 1999 2842 2056 canticum.
2891 2027 2918 2052 ‹‹
2954 2005 3124 2076 Deus,
3159 2013 3452 2070 canticum
3486 2036 3700 2078 novum

2060 2081 2304 2166 cantabo
2364 2083 2489 2137 tibi.
2525 2107 2553 2133 »
2609 2087 2832 2145 Cantate
2889 2093 3118 2150 Domino
3177 2103 3453 2159 canticum
3501 2124 3701 2166 novum

2059 2162 2382 2263 (Fsal._xcv,
2419 2174 2489 2263 1).
2536 2174 2718 2236 Quam
2755 2178 2992 2249 pulchre
3023 2201 3138 2240 non
3170 2187 3334 2257 dixit,
3367 2162 3693 2263 canto,

2058 2259 2304 2314 cantabo.
2340 2260 2400 2314 In
2450 2262 2644 2318 futuro
2695 2269 3074 2337 repromisit:
3125 2273 3183 2328 in
3235 2283 3501 2348 praesenti
3542 2259 3699 2343 enim

2057 2346 2167 2401 scit
2196 2353 2485 2404 certamen
2519 2367 2666 2418 esse,
2690 2371 2804 2409 non
2837 2358 3148 2416 canticum.
3172 2346 3484 2439 Nunquam
3508 2380 3705 2432 cantat

2058 2436 2366 2506 exercitus,
2402 2437 2513 2492 nisi
2568 2442 2801 2512 quando
2846 2445 3062 2503 vicerit.
3116 2451 3263 2524 Ergo
3313 2436 3591 2526 quoniam
3645 2463 3704 2519 in

2057 2526 2324 2593 praesenti
2382 2543 2599 2599 pugno,
2653 2548 2763 2586 non
2823 2535 2967 2589 mihi
3020 2546 3184 2596 vacat
3239 2550 3493 2604 cantare.
3555 2553 3699 2608 Cum

2055 2610 2265 2675 vicero,
2309 2617 2447 2669 tunc
2497 2619 2788 2675 cantabo:
2843 2644 2864 2672 (ι
2903 2625 2964 2678 In
3013 2628 3288 2698 psalterio
3341 2635 3702 2698 decachordo

2056 2699 2302 2772 psallam
2334 2702 2459 2760 tibi.
2495 2729 2523 2754 ››
2556 2707 2718 2763 Tunc
2749 2713 3053 2782 extendam
3091 2724 3398 2792 utramque
3431 2743 3698 2797 manum,

2055 2795 2113 2844 et
2139 2790 2412 2848 vitalibus
2445 2794 2547 2849 tibi
2576 2796 2808 2854 chordis
2838 2817 3066 2860 canam.
3100 2790 3454 2868 Oratio—mea
3485 2790 3698 2887 psalle;

2055 2878 2209 2933 rium
2241 2884 2408 2936 tuum
2449 2888 2554 2938 est.

2126 2992 2152 3017 α
2187 2969 2304 3066 Qui.
2318 2970 2419 3066 das
2442 2972 2692 3066 salutem
2719 2977 3018 3050 regibus,»
3047 2989 3157 3040 etc.
3175 2986 3399 3050 Quibus
3422 2994 3701 3066 regibus?

2055 3056 2157 3155 Dor
2184 3061 2328 3128 regis
2359 3061 2416 3114 in
2445 3078 2612 3117 manu
2641 3065 2738 3120 Dei
2786 3069 2966 3138 (Prov.
3000 3090 3113 3140 xxx,
3149 3077 3202 3146 1)
3238 3095 3250 3132 :
3303 3081 3398 3151 qui
3457 3056 3702 3156 regnant

2056 3145 2112 3200 in
2146 3163 2383 3219 corpore
2432 3167 2558 3222 suo,
2609 3154 2710 3224 qui
2761 3157 3084 3228 subjiciunt
3129 3145 3341 3238 carpus
3395 3145 3590 3241 suum,
3642 3185 3704 3235 et

2056 3235 2317 3333 servituti
2339 3239 2627 3316 redigupt,
2655 3259 2724 3298 ne
2746 3244 2878 3300 aliis
2905 3235 3305 3324 praedicantes,
3331 3257 3440 3330 ipsi
3466 3235 3697 3333 reprobi

2054 3324 2424 3422 inveni-antur
2471 3330 2518 3396 (I
2547 3329 2664 3385 Cor.
2692 3350 2774 3422 ix,
2806 3336 2916 3403 27).
2970 3337 3070 3394 Isti
3103 3348 3242 3398 sunt
3271 3324 3436 3418 reges
3466 3324 3546 3404 de'
3567 3351 3696 3422 qui-

2055 3413 2165 3469 bus
2195 3415 2335 3470 dicit
2363 3417 2660 3489 Sapientia
2688 3420 2746 3475 in
2777 3426 3100 3484 Proverbiis
3133 3445 3146 3483 :
3200 3437 3306 3488 Dat
3335 3413 3700 3506 regnum-re-

2054 3504 2212 3572 gibus
2242 3504 2423 3574 (Prov.
2457 3523 2577 3572 VIII,
2613 3509 2719 3580 15).

2127 3633 2154 3659 ‹‹
2188 3610 2357 3681 Eripe
2387 3628 2500 3677 me,
2534 3618 2590 3669 et
2621 3614 2804 3672 libera
2833 3636 2924 3676 me
2954 3623 3025 3677 de
3056 3640 3234 3681 manu
3268 3628 3520 3688 filiorum
3562 3633 3702 3692 alie-

2056 3715 2287 3754 norum.
2323 3722 2352 3748 »
2399 3701 2685 3758 Versiculi
2737 3707 2836 3778 qui
2890 3725 3070 3782 supra
3107 3715 3247 3770 dicti
3289 3724 3446 3786 sunt,
3481 3722 3694 3780 iterum

2055 3792 2418 3858 repetuntur.
2475 3812 2502 3840 ‹‹
2535 3791 2792 3855 Quorum
2838 3813 2902 3852 os
2947 3797 3207 3858 locutum
3239 3811 3329 3862 est
3358 3809 3696 3882 vanitatem,

2055 3880 2110 3931 et
2135 3877 2367 3932 dextera
2389 3895 2612 3946 eorum,
2642 3883 2877 3940 dextera
2903 3885 3252 3960 iniquitatis.
3285 3895 3543 3958 Quorum
3569 3877 3700 3972 ﬁlii,

2054 3966 2203 4021 sicut
2253 3967 2491 4022 novellae
2542 3969 2931 4041 plantationes
2984 3979 3041 4032 in
3094 3980 3399 4049 juventute
3447 4003 3572 4041 sua.
3615 3966 3697 4044 De

2053 4072 2232 4111 manu
2267 4057 2516 4113 liliorum
2549 4059 2893 4120 alienorum.
2927 4087 2956 4113 »
3008 4067 3422 4127 Hiereticorum
3457 4073 3581 4143 ﬁlii,
3615 4075 3698 4129 vi-

2053 4145 2297 4200 deamus
2344 4146 2547 4216 quales
2595 4149 2730 4204 sint.
2783 4153 3039 4216 Quorum
3095 4156 3220 4223 ﬁlii,
3262 4160 3415 4216 sicut
3461 4163 3697 4219 novella

2051 4233 2442 4305 plantationes
2474 4237 2530 4289 in
2559 4237 2861 4306 juventute
2892 4257 3018 4297 sua.
3054 4267 3081 4293 «
3116 4245 3195 4301 De
3225 4263 3406 4305 manu
3438 4250 3693 4309 filiorum

2049 4321 2394 4379 alienorum.
2433 4348 2454 4375 ι
2490 4323 2809 4396 Diligenter
2837 4329 3280 4392 animadvertite
3311 4338 3452 4410 quid
3484 4339 3701 4397 dicitur

2051 4411 2120 4465 de
2151 4411 2455 4467 hmreticis.

2129 4522 2157 4550 «
2190 4500 2344 4556 Filiae
2384 4518 2585 4560 eorum
2619 4511 2953 4581 compositae
2987 4531 2999 4579 ;
3051 4514 3490 4573 circumornataa
3523 4524 3588 4575 ut
3617 4521 3698 4576 si-

297 4575 440 4631 ccelo
491 4575 678 4631 mittit
726 4593 967 4632 manum
1003 4596 1014 4632 :
1060 4597 1172 4634 non
1226 4582 1383 4636 enim
1428 4584 1646 4638 recedit
1683 4586 1753 4640 de
1784 4587 1946 4642 cmlo.
1985 4576 2026 4640 Ι)
2060 4589 2328 4645 militudo
2359 4593 2580 4664 templi,
2605 4601 2713 4653 etc.
2744 4575 3279 4660 Deatumvdixerunt
3300 4607 3580 4679 populum
3605 4575 3699 4665 cui

303 4684 330 4717 α
360 4663 528 4736 Eripe
560 4681 672 4731 me,
705 4674 760 4720 et
802 4665 986 4722 libera
1027 4684 1117 4723 me
1148 4670 1219 4723 de
1250 4671 1418 4740 aquis
1452 4670 1689 4727 multis-
1711 4695 1738 4722 »
1788 4675 1944 4737 Quo-

297 4752 456 4807 niam
515 4753 888 4825 descendisti,
945 4756 1221 4828 quoniam
1280 4757 1577 4814 inclinasti
1637 4760 1832 4829 cmlos,
1888 4769 1944 4819 et

296 4841 510 4897 misisti
544 4859 784 4898 manum
817 4849 979 4900 tuam
1013 4846 1083 4900 de
1114 4845 1251 4914 alto,
1276 4852 1331 4902 et
1362 4847 1682 4905 humanam
1706 4867 1938 4907 carnem

295 4931 570 5002 dignatus
619 4949 680 4987 es
726 4949 1045 5000 assumere,
1081 4939 1136 4990 et
1168 4937 1336 4991 multi
1369 4938 1743 4995 crediderunt
1773 4941 1830 4996 in
1862 4945 1937 5011 te,

291 5033 394 5089 pro
428 5037 544 5075 una
576 5038 728 5093 aqua
757 5021 955 5094 plures
985 5041 1148 5095 aqua:
1177 5041 1306 5081 esse
1352 5034 1652 5099 cmperunt
1682 5047 1694 5094 ;
1740 5031 1940 5087 videas

291 5107 584 5180 dispersas
645 5111 702 5164 in
761 5116 881 5166 toto
940 5113 1077 5167 orbe
1144 5131 1272 5169 esse
1341 5116 1588 5172 haereses
1657 5118 1936 5176 diversas.

287 5217 316 5246 «
344 5195 509 5269 Eripe
531 5204 716 5262 me,et
735 5198 917 5254 libera
940 5218 1030 5256 me
1053 5202 1122 5256 de
1145 5204 1315 5274 aquis
1340 5204 1574 5271 multis;
1601 5227 1628 5255 »
1653 5212 1708 5262 et
1732 5213 1941 5279 praesta

286 5285 433 5340 mihi
483 5286 702 5340 fontem
749 5287 1055 5344 viventem.
1111 5292 1258 5346 Unus
1304 5298 1383 5348 est
1428 5296 1575 5349 enim
1628 5296 1782 5362 Deus,
1827 5314 1939 5352 una

292 5375 444 5444 ﬁdes,
498 5392 670 5430 unum
721 5376 988 5448 baptisma
1035 5381 1256 5450 (Ephes.
1291 5399 1364 5450 ιν,
1396 5383 1472 5453 5).
1529 5407 1556 5434 ‹‹
1595 5377 1798 5440 Libera
1849 5402 1941 5442 me

295 5463 365 5517 de
397 5464 568 5534 aquis
600 5464 820 5520 multis.
856 5489 884 5515 »
937 5467 1050 5523 Illae
1082 5470 1237 5526 enim
1271 5489 1433 5544 aqua:
1463 5472 1664 5528 multis
1696 5491 1811 5529 non
1843 5492 1939 5547 ge-

295 5555 504 5611 nerant
527 5551 680 5609 filios
704 5556 857 5620 tuos,
881 5556 980 5611 sed
1010 5556 1161 5613 filios
1185 5558 1425 5616 alienos.
1452 5560 1614 5618 Unde
1640 5563 1939 5636 sequitur:

297 5663 329 5724 ρ
363 5638 571 5698 Libera
599 5657 692 5700 me
721 5643 792 5702 de
823 5644 992 5718 aquis
1022 5647 1248 5725 multis,
1279 5654 1336 5708 et
1374 5650 1446 5710 de
1475 5667 1656 5710 manu
1686 5651 1940 5718 ﬁliorum

2053 4678 2174 4732 haec
2222 4683 2443 4734 sunt.»
2496 4680 2584 4736 ΙΙΙί
2644 4684 2752 4741 hoc
2813 4688 3102 4747 dixerunt.
3153 4693 3270 4765 Ego
3327 4678 3468 4766 quid
3528 4697 3700 4754 dico?

2057 4787 2084 4816 «
2117 4767 2328 4823 Beatus
2355 4771 2610 4841 populus
2642 4776 2810 4846 cujus
2839 4777 3124 4836 Dominus
3159 4783 3308 4838 Deus
3334 4784 3482 4853 ejus.
3505 4805 3531 4836 ι»
3568 4786 3699 4841 Sin-

2052 4855 2190 4926 gula
2219 4856 2399 4928 igitur
2416 4861 2626 4917 vestris
2647 4866 3009 4924 orationibus
3035 4870 3286 4926 breviter
3314 4871 3695 4930 disseremus.

2054 4946 2352 5009 «Quorum
2371 4947 2657 5015 ﬁlii,sicut
2670 4953 2901 5009 novellae
2914 4955 3305 5027 plantationes
3323 4961 3700 5031 injuventutc

2052 5050 2178 5088 sua.
2215 5057 2244 5083 ››
2295 5034 2578 5094 Plantatio
2618 5057 2817 5097 eorum
2853 5062 2968 5100 non
3002 5051 3091 5102 est
3119 5052 3306 5119 vetus,
3340 5051 3436 5105 sed
3475 5051 3701 5108 novella

2050 5126 2158 5177 est.
2194 5123 2317 5179 Non
2350 5131 2438 5180 est
2467 5129 2621 5182 enim
2659 5130 2727 5185 de
2758 5131 2946 5187 Veteri
2979 5135 3126 5207 Lege
3159 5153 3170 5190 :
3207 5153 3322 5192 non
3353 5144 3441 5194 est
3473 5141 3542 5196 de
3571 5157 3698 5213 pro-

2053 5210 2243 5302 phetis
2277 5229 2289 5268 :
2345 5231 2455 5302 non
2508 5221 2596 5271 est
2635 5218 2705 5273 de
2749 5222 3050 5291 apostolis,
3085 5226 3184 5279 sed
3215 5225 3284 5280 de
3313 5227 3478 5283 novis
3510 5210 3700 5302 magi-

2053 5299 2190 5353 stris
2212 5305 2318 5356 est.
2346 5301 2500 5357 Filiae
2524 5320 2747 5376 eorum,
2775 5309 2926 5365 sicut
2950 5311 3184 5366 novellae
3212 5299 3694 5386 plantationes—in

2044 5387 2351 5458 juventute
2383 5408 2509 5448 sua.
2560 5394 2620 5448 In
2645 5395 2953 5464 juventute
2983 5417 3090 5456 sua
3125 5419 3137 5456 :
3189 5419 3420 5476 semper
3449 5407 3696 5476 juvenes

2053 5482 2212 5534 sunt.
2275 5479 2428 5535 Licet
2483 5481 2682 5537 multis
2739 5484 2857 5540 sint
2909 5487 3159 5546 hereses
3214 5497 3454 5564 veteres,
3505 5499 3695 5550 tamen

2053 5567 2314 5637 quotidie
2362 5575 2683 5643 mutantur,
2715 5577 2772 5629 et
2810 5591 2967 5632 novae
3007 5579 3268 5652 quotidie
3298 5581 3692 5638 inveniuntur.

2051 5655 2218 5722 Novae
2251 5662 2390 5717 sunt
2417 5659 2556 5736 ipsa
2587 5661 2857 5737 hereses,
2887 5666 3026 5729 licet
3052 5674 3273 5734 veteres
3303 5669 3422 5729 sint
3450 5685 3464 5732 :
3495 5673 3692 5740 tamen
