3992 6194
300 322 455 382 1319

1791 314 2208 378 ΑΡΡΕΝΒΙΧ.

3554 319 3713 382 1320

296 469 431 509 cum
463 453 722 524 quotidie
754 451 1052 508 doctrinas
1093 466 1232 506 suas
1263 449 1558 520 innovant,
1592 467 1748 505 novae
1780 454 1938 504 sunt.
1969 451 2024 516 Α
2055 465 2186 516 nos,
2246 449 2426 505 Nemo
2487 454 2650 523 putet
2708 467 2800 506 me
2866 451 3294 522 blasphemare,
3355 452 3500 523 quia
3570 454 3701 521 dixi,

292 543 416 598 Non
449 541 607 597 enim
640 546 778 597 sunt
807 546 1066 596 veterum
1100 539 1516 611 magistrorum
1561 555 1754 594 errore
1805 555 1941 594 con-

291 630 456 698 tanti,
492 632 592 686 sed
622 629 883 702 quotidie
915 629 1025 700 ipsi
1058 645 1206 683 nova
1237 628 1535 698 reperiunt
1567 645 1579 684 :
1627 651 1655 677 «
1691 643 1942 699 quorum

290 719 416 789 ﬁlii,
451 720 603 775 sicut
633 718 869 775 novellae
915 717 1300 790 plantationes
1327 719 1385 772 in
1410 719 1716 787 juventute
1749 734 1873 772 sua.
1916 739 1936 764 ιν

289 809 371 864 De
393 809 667 878 Ecclesia,
689 808 828 878 quid
853 806 1064 862 dicitur
1087 824 1098 860 :
1125 807 1196 861 de
1217 805 1561 861 timentibus
1585 805 1898 863 Dominum
1915 805 1942 859 ‘I

292 899 449 952 Beati
478 913 661 952 omnes
704 899 801 967 qni
843 898 1039 950 timent
1073 895 1382 965 Dominum,
1417 899 1513 966 qui
1557 895 1841 950 ambulant
1881 897 1938 948 in

295 989 398 1040 viis
444 987 558 1054 eius
604 985 775 1054 (Psal.
829 1001 1035 1049 cxxvn,
1085 985 1158 1053 1).
1193 984 1341 1047 Quid
1393 984 1608 1039 dicitur
1657 984 1729 1038 de
1777 982 1940 1037 illis?

285 1076 420 1129 Filii
459 1076 563 1141 tui,
596 1077 733 1128 szcut
781 1074 1012 1129 novetlw
1057 1074 1335 1127 olivarum
1376 1075 1435 1127 in
1472 1074 1708 1128 circuitu
1738 1088 1938 1126 mensae

281 1171 396 1218 tuae
426 1162 584 1232 (Ibid.
617 1163 691 1232 3).
726 1162 888 1217 Circa
918 1178 1183 1216 mensam
1214 1160 1426 1216 Christi
1475 1166 1614 1216 sunt
1659 1160 1738 1215 illi
1785 1160 1886 1214 lilii
1920 1176 1932 1213 :

290 1267 406 1305 non
436 1250 606 1322 longe
638 1256 776 1305 sunt
813 1267 846 1304 a
889 1267 1092 1304 mensa
1121 1249 1359 1304 Christi.
1397 1250 1478 1304 lbi
1535 1267 1647 1304 non
1701 1248 1932 1316 dicitur,

291 1339 461 1406 ﬁliae;
515 1340 614 1394 sed
674 1339 1100 1406 tantummodo,
1153 1338 1276 1392 ﬁlii.
1342 1340 1624 1392 (lentarum
1681 1338 1934 1392 hazretici

290 1428 508 1484 habent
536 1433 592 1484 et
622 1428 794 1494 ﬁlias,
827 1428 1044 1482 habent
1074 1432 1131 1481 et
1173 1427 1527 1498 fragiliorem
1577 1443 1800 1493 sexum,
1833 1444 1934 1481 vo-

286 1515 562 1588 luptates,
622 1517 882 1572 delicias.
947 1539 973 1566 «
1020 1515 1172 1569 Filiae
1232 1532 1436 1570 eorum
1495 1517 1849 1586 compositae.
1902 1536 1928 1567 η

288 1607 489 1677 sermo
547 1606 909 1676 compositus
964 1610 1072 1674 est,
1128 1611 1185 1658 et
1244 1620 1454 1659 sensus
1513 1605 1808 1659 sordibus.
1869 1605 1931 1659 In

285 1694 602 1766 Scripturis
647 1693 866 1748 sanctis
915 1692 1296 1763 cogitationes
1329 1709 1560 1764 semper
1590 1691 1695 1747 ﬁlii
1725 1692 1930 1747 dicun-

2057 538 2282 593 Patrem
2307 537 2562 610 reliquit.
2587 541 2919 595 Secundum
2944 540 3445 611 dispensationem
3477 540 3709 612 loquor,

2053 627 2378 682 secundum
2407 628 2563 699 quod
2595 628 2885 682 mittitur:
2920 628 3244 683 secundum
3269 629 3430 700 quod
3453 629 3667 684 dicitur
3694 648 3709 684 :

2050 719 2216 771 Pater
2243 718 2340 786 qui
2368 733 2454 772 me
2487 718 2654 784 misit,
2686 718 2867 786 major
2896 734 2982 772 me
3009 725 3085 773 est
3131 718 3308 788 (Joan.
3345 735 3403 785 x,
3437 720 3544 783 29;
3592 737 3709 788 xiv,

2049 805 2160 875 28).
2198 809 2348 861 Deus
2380 823 2494 860 non
2529 806 2780 861 mittitur
2813 824 2826 860 :
2877 807 3028 862 Deus
3073 824 3186 862 non
3237 807 3558 878 subjicitur
3587 825 3709 863 ser-

2050 893 2268 948 vituti:
2322 897 2422 950 sed
2456 896 2815 967 dispensatio
2866 896 3140 951 mittitur.
3173 895 3231 950 Si
3277 896 3435 952 Deus
3485 898 3714 968 ubique

2049 987 2156 1045 est,
2190 987 2247 1038 et
2276 981 2496 1038 omnia
2520 985 2579 1039 in
2630 985 2744 1039 Deo
2790 988 2948 1052 sunt,
2981 986 3272 1055 quomodo
3307 990 3460 1041 Deus
3491 986 3570 1040 ad
3603 985 3716 1040 ali-

2049 1069 2189 1140 quid
2221 1071 2493 1138 mittitur,
2527 1089 2659 1127 cum
2691 1073 2844 1128 Deus
2876 1072 2954 1128 sit
2983 1072 3180 1128 omnia
3201 1073 3228 1127 ‘2
3276 1073 3554 1129 Christus
3607 1073 3723 1146 igi-

2047 1162 2143 1212 tur
2192 1176 2294 1231 pro
2345 1161 2514 1215 nobis
2563 1178 2787 1233 pauper
2838 1162 3026 1216 factus
3079 1167 3168 1216 est
3212 1162 3284 1232 (II
3310 1163 3432 1218 Cor.
3469 1180 3602 1228 vm,
3633 1163 3717 1230 9).

2047 1251 2164 1300 Hoc
2197 1253 2384 1303 totum
2417 1265 2596 1319 quare
2626 1248 2935 1304 diximus?
2963 1249 3108 1312 Quia
3135 1267 3288 1305 nunc
3321 1251 3546 1306 lectum
3581 1257 3675 1305 est
3705 1267 3719 1304 :

2049 1335 2357 1392 «Ccllaria
2413 1354 2615 1392 eorum
2676 1337 2848 1409 plena
2893 1355 2904 1392 :
2965 1339 3292 1395 eructantia
3347 1356 3420 1394 ex
3477 1339 3594 1394 hoc
3652 1340 3714 1393 in

2046 1423 2274 1480 illud.»
2330 1426 2575 1481 Pulchre
2633 1427 2796 1493 dixit,
2848 1429 3208 1482 eructantia:
3262 1428 3333 1482 de
3386 1429 3720 1483 saturitate

2046 1512 2244 1568 nimia.
2281 1513 2370 1568 Illi
2401 1519 2666 1570 eructant
2695 1515 2766 1570 de
2797 1515 3121 1582 saturitate,
3154 1521 3212 1570 et
3248 1521 3498 1587 pereunt
3535 1535 3548 1570 :
3601 1534 3714 1572 nos

2045 1605 2115 1659 de
2137 1602 2385 1672 jejunio,
2420 1607 2485 1658 ut
2524 1603 2834 1659 salvemur.

2115 1711 2313 1764 «Oves
2370 1726 2572 1765 eorum
2629 1711 2841 1765 fetosaa.
2881 1732 2909 1760 »
2969 1711 3183 1766 Multos
3241 1711 3463 1767 habent
3523 1712 3708 1768 ﬁlios.

281 1786 378 1836 tur
411 1801 422 1837 :
465 1781 659 1852 verba,
695 1781 845 1834 ﬁliae.
879 1779 1021 1835 Vide
1052 1796 1187 1851 ergo
1220 1781 1358 1851 quid
1391 1781 1534 1836 dicit
1567 1798 1578 1834 :
1622 1782 1924 1852 Cogitatio-

2047 1798 2263 1853 Multus
2310 1798 2468 1854 enim
2516 1815 2797 1854 numerus
2843 1799 3250 1855 haereticorum
3280 1804 3392 1855 est.
3430 1804 3583 1856 Oves
3615 1819 3712 1857 eo-

284 1885 388 1925 Πθε
437 1886 660 1961 comm,
710 1869 956 1961 δυο-θεῖ
1013 1868 1113 1961 [illi
1173 1869 1306 1923 “OVi
1367 1869 1758 1961 sun‘t°_verba:
1797 1886 1932 1926 νθτο
1963 1868 2009 1882 υ
2042 1904 2168 1942 rum
2213 1889 2417 1956 fetosae.
2471 1887 2634 1942 Unde
2685 1887 2900 1942 dicitur
2951 1892 3005 1944 et
3056 1889 3116 1944 in
3161 1888 3308 1944 Osee
3358 1889 3704 1961 propheta:

281 1974 507 2028 eorum,
543 1957 651 2013 hoc
701 1963 807 2028 est,
844 1956 1272 2023 haereticorum,
1304 1973 1430 2028 quae
1473 1957 1690 2013 habent
1729 1959 1798 2013 de
1838 1976 1930 2014 sa-

285 2045 504 2117 pientia
552 2046 838 2115 saeculari,
895 2047 1221 2117 composita
1271 2051 1455 2101 sunt:
1506 2046 1724 2101 habent
1773 2048 1930 2102 enim

290 2136 465 2190 verba
511 2133 854 2206 composita,
917 2135 1221 2189 laudatum
1282 2150 1634 2190 sermonem.
1705 2154 1726 2181 α
1776 2135 1928 2188 Filia:

287 2238 488 2278 eorum
521 2224 875 2294 compositae.
908 2245 934 2272 »
967 2223 1252 2278 Videntur
1274 2223 1512 2294 quidem
1543 2239 1672 2278 esse
1702 2239 1931 2294 compo-

285 2312 432 2384 sita,
466 2313 567 2368 sed
616 2312 756 2389 quia
807 2311 936 2366 ﬁliae
982 2316 1139 2377 sunt,
1184 2316 1239 2364 et
1287 2329 1401 2366 non
1449 2311 1572 2377 ﬁlii,
1612 2312 1766 2366 vires
1814 2327 1928 2366 non

283 2401 521 2455 habent.
581 2423 601 2449 «ι
639 2399 1088 2454 Circumornatze
1149 2405 1211 2454 ut
1258 2399 1584 2454 similitudo
1638 2398 1927 2471 templi.»

283 2487 530 2542 Pulchre
574 2487 736 2554 dixit,
787 2511 813 2535 ‹‹
849 2487 1170 2542 similitudo
1203 2488 1424 2558 templi.
1460 2509 1488 2538 »
1543 2489 1665 2545 Non
1712 2489 1929 2544 habent

277 2593 474 2632 veram
514 2575 852 2642 Ecclesiam,
896 2577 996 2630 sed
1041 2575 1486 2631 similitudinem
1528 2576 1811 2632 Ecclesiae.

356 2723 383 2749 ‹‹
416 2699 660 2756 Cellaria
707 2716 909 2756 eorum
960 2699 1176 2771 plena:
1227 2700 1553 2756 eructantia
1600 2718 1668 2756 ex
1720 2702 1829 2758 hoc
1867 2703 1924 2758 in

280 2788 510 2844 illud.»
568 2789 759 2844 Parati
817 2795 955 2844 sunt
1012 2790 1083 2844 ad
1142 2791 1635 2845 contendendum.
1684 2791 1742 2845 Si
1793 2791 1926 2848 illos

283 2878 541 2934 tenueris
569 2878 630 2933 in
663 2895 778 2933 uno
819 2878 1176 2948 testimonio,
1211 2880 1282 2934 ad
1318 2879 1474 2934 aliud
1508 2884 1832 2936 transeunt.
1867 2882 1925 2936 Si

280 2968 341 3022 in
372 2967 690 3038 Scripturis
737 2967 1015 3036 tenueris,
1049 2969 1121 3022 ad
1164 2967 1535 3024 Aristotelem
1578 2969 1829 3040 fugiunt.
1866 2970 1926 3025 Si

276 3056 646 3116 Aristotelem
722 3056 1015 3126 tenueris,
1083 3057 1142 3111 in
1220 3055 1516 3112 Platonem
1597 3063 1922 3114 transeunt.

281 3167 308 3194 «
335 3143 581 3199 Cellaria
601 3161 800 3200 eorum
825 3144 1026 3216 plena:
1057 3145 1382 3199 eructantia
1402 3160 1470 3199 ex
1497 3145 1604 3200 hoc
1624 3146 1684 3200 in
1708 3145 1872 3200 illud.
1895 3169 1922 3196 ››

281 3232 592 3287 Cellarium
619 3233 849 3305 proprie
869 3233 1104 3298 dicitur,
1129 3233 1284 3304 quod
1312 3233 1544 3288 divitias
1566 3235 1922 3306 compositas

283 3321 478 3377 habet.
507 3321 768 3378 Haeretici
803 3321 1038 3378 cellaria
1069 3323 1303 3377 habent.
1331 3321 1556 3378 Habent
1587 3322 1740 3377 enim
1776 3342 1919 3396 prae-

276 3416 481 3483 parata
527 3412 700 3467 verba
750 3411 966 3483 quibus
1016 3412 1388 3466 contendant.
1423 3412 1704 3467 Caeterum
1735 3412 1923 3468 eccle-

273 3499 495 3556 siastici
527 3501 824 3573 simplices
857 3505 997 3556 sunt
1028 3519 1040 3556 :
1084 3500 1228 3555 nihil
1260 3500 1477 3556 habent
1507 3507 1920 3572 praeparatum.

271 3589 560 3659 Aperiunt
583 3606 669 3655 os,
692 3594 749 3644 et
774 3590 1031 3661 repletur
1053 3607 1086 3645 a
1106 3589 1346 3645 Domino
1371 3607 1383 3644 :
1419 3591 1741 3645 secundum
1765 3591 1919 3661 quod

273 3676 536 3731 dicitur:
600 3680 769 3748 Aperi
821 3695 880 3733 os
932 3688 1108 3744 tuum,
1154 3687 1205 3734 et
1265 3679 1493 3749 implebo
1549 3680 1693 3734 illud
1749 3680 1918 3750 (Psal.

277 3781 441 3829 Lxxx,
501 3765 610 3835 11).
672 3765 764 3830 Et,
823 3767 1005 3822 Nolite
1061 3769 1312 3837 cogitare
1366 3767 1496 3838 quid
1552 3769 1921 3840 respondeatis

275 3853 394 3909 illis
425 3871 443 3906 :
495 3853 644 3908 dabit
697 3854 848 3908 enim
893 3856 1042 3909 vobis
1087 3861 1256 3910 Pater
1303 3865 1478 3911 vester
1524 3859 1586 3910 in
1636 3858 1736 3912 illa
1789 3857 1924 3913 hora

275 3942 409 4013 quid
458 3942 656 3998 dicatis
706 3943 912 4014 (Matth.
947 3961 1002 4012 x,
1039 3945 1145 4014 19).
1196 3944 1414 4000 Videtis
1468 3945 1746 4015 quoniam
1808 3965 1920 4002 non

273 4031 562 4087 habemus
608 4031 842 4088 cellaria
888 4036 1242 4105 praparata:
1292 4033 1392 4088 sed
1447 4032 1659 4087 divitiae
1710 4040 1921 4090 nostra:

278 4121 523 4176 subditae
555 4125 712 4176 sunt.
749 4121 892 4177 Dicit
922 4122 1136 4194 aliquis
1172 4139 1184 4177 :
1225 4127 1308 4176 Da
1335 4120 1739 4176 testimonium
1775 4141 1922 4194 quo-

275 4210 449 4265 modo
482 4211 668 4266 sancti
702 4210 932 4267 cellaria
970 4228 1083 4267 non
1112 4211 1349 4266 habent.
1385 4213 1672 4282 Respicite,
1707 4211 1921 4283 inquit,

275 4314 398 4352 aves
420 4299 562 4364 caeli,
585 4302 844 4370 quoniam
867 4317 971 4356 non
1001 4301 1194 4356 habent
1216 4302 1444 4356 cellaria
1473 4317 1648 4371 neque
1680 4303 1874 4357 horrea
1903 4320 1922 4355 .·

275 4394 325 4440 et
355 4391 526 4441 Pater
553 4397 729 4442 vester
765 4390 990 4443 caelestis
1024 4393 1204 4459 pascit
1249 4390 1377 4444 illas
1425 4390 1634 4460 (Matth.
1686 4407 1761 4458 v1,
1799 4392 1920 4462 26),

272 4478 422 4530 Aves
475 4475 571 4531 isti
621 4476 951 4548 specialiter
994 4477 1268 4533 monachi
1309 4483 1490 4534 sunt:
1546 4495 1660 4533 non
1704 4479 1924 4534 habent

2039 1977 2285 2047 Domine,
2317 1976 2388 2030 da
2418 1977 2553 2031 illis.
2591 1976 2733 2042 Quid
2763 1977 2916 2031 dabis
2958 1977 3072 2031 illis
3093 1981 3118 2029 .9
3171 1977 3402 2032 Vulvam
3455 1980 3700 2034 sterilem

2039 2069 2088 2119 et
2117 2065 2284 2120 ubera
2315 2069 2533 2120 arentia
2579 2064 2731 2135 (Osee
2775 2082 2850 2135 ix,
2885 2066 2992 2136 14).
3048 2066 3159 2120 Hoc
3192 2067 3263 2120 de
3294 2066 3520 2136 quibus
3549 2067 3701 2122 dici-

2038 2152 2178 2207 tur?
2208 2153 2286 2208 De
2320 2153 2724 2208 haereticorum
2772 2152 3072 2224 magistris
3105 2170 3118 2209 :
3177 2153 3274 2224 qui
3325 2153 3447 2208 sibi
3494 2154 3556 2208 in
3592 2172 3697 2209 nu-

2039 2258 2198 2297 mero
2253 2241 2675 2313 discipulorum
2733 2241 3119 2313 applaudunt.
3186 2265 3213 2292 «
3267 2242 3418 2298 Oves
3489 2259 3696 2299 eorum

2038 2330 2230 2386 fetosaa
2261 2331 2629 2386 abundantes
2661 2330 2721 2384 in
2753 2330 3091 2402 egressibus
3123 2330 3264 2387 suis.
3305 2354 3326 2380 -
3387 2331 3521 2386 Non
3555 2333 3701 2387 dixit

2036 2419 2095 2474 in
2143 2419 2508 2491 ingressibus
2561 2419 2704 2485 suis,
2757 2419 2858 2474 sed
2916 2442 2945 2468 «
2979 2418 3039 2473 in
3091 2419 3453 2491 egressibus.
3492 2444 3520 2468 ι»
3575 2421 3700 2476 Non

2035 2508 2191 2563 enim
2237 2508 2645 2580 ingrediuntur
2689 2507 2749 2561 in
2801 2506 3140 2577 Ecclesium,
3171 2509 3270 2563 sed
3303 2509 3704 2581 egrediuntur

2037 2598 2108 2653 de
2154 2597 2430 2667 Ecclesia,
2479 2597 2534 2651 id
2583 2601 2690 2666 est,
2741 2612 2811 2650 ex
2857 2595 3026 2651 nobis
3075 2595 3362 2662 exierunt,
3410 2598 3518 2652 sed
3583 2615 3701 2653 non

2036 2687 2272 2742 fuerunt
2300 2703 2369 2741 ex
2398 2685 2586 2740 nobis.
2620 2685 2679 2739 Si
2709 2684 2864 2739 enim
2915 2683 3165 2740 fuissent
3194 2701 3262 2739 ex
3291 2683 3487 2751 nobis,
3524 2703 3697 2742 man-

2035 2775 2253 2830 sissent
2283 2774 2485 2844 utique
2516 2773 2845 2828 nobiscum.
2901 2795 2928 2821 ‹‹
2961 2773 3344 2828 Abundantes
3383 2773 3445 2827 in
3486 2789 3696 2845 egres-

2037 2863 2202 2918 sibus
2253 2861 2461 2916 suis.»
2517 2860 2783 2925 Quotidie
2841 2860 3222 2931 egrediuntur
3278 2862 3347 2916 de
3397 2861 3690 2931 Ecclesia,

2037 2976 2064 3002 «
2099 2952 2464 3007 abundantes
2521 2951 2581 3004 in
2639 2949 2975 3022 egressibus
3033 2950 3179 3006 suis.
3216 2973 3242 2997 ››
3292 2950 3367 3004 De
3418 2949 3695 3006 Ecclesia

2037 3040 2176 3112 quid
2207 3039 2469 3094 dicitur?
2513 3038 2702 3094 Omnis
2729 3039 2916 3107 gloria
2945 3040 3061 3110 ejus
3091 3038 3228 3107 ﬁliae
3256 3041 3398 3107 regis
3429 3039 3500 3094 ab
3531 3042 3696 3094 intus

2036 3129 2206 3199 (Psal.
2242 3144 2388 3193 xmv,
2424 3127 2530 3196 14).
2581 3150 2609 3176 ‹‹
2643 3131 2824 3182 Boves
2873 3142 3076 3182 eorum
3119 3127 3322 3182 crassi.
3357 3150 3384 3177 ν
3442 3127 3613 3183 Vidit
3643 3135 3702 3184 et

2037 3217 2258 3272 Pharao
2319 3217 2376 3270 in
2435 3214 2662 3270 somnio
2720 3216 2893 3270 boves
2951 3232 3180 3271 crassos
3235 3216 3388 3284 (Gen.
3422 3234 3546 3283 xu,
3585 3218 3694 3287 ‘2):

2031 3306 2331 3362 Israelitici
2374 3303 2574 3378 populi
2622 3311 2822 3360 tenues
2868 3311 3028 3370 sunt,
3080 3305 3321 3376 Egyptii
3352 3306 3568 3361 crassi.
3605 3309 3696 3361 Vi-

2031 3396 2180 3451 detis
2210 3395 2366 3450 enim
2401 3393 2714 3466 magistros
2744 3393 3148 3450 haereticorum
3179 3394 3325 3449 nihil
3349 3393 3515 3450 aliud
3545 3395 3696 3451 face-

2031 3501 2112 3556 re,
2143 3485 2256 3540 nisi
2304 3483 2537 3539 studere
2587 3483 2830 3538 divitiis.
2878 3483 3102 3537 Divitiis
3153 3483 3418 3552 student,
3453 3490 3511 3539 et
3542 3501 3694 3556 pau-

2031 3589 2227 3644 perem
2293 3571 2588 3627 Christum
2658 3575 3062 3626 contemnunt.
3129 3595 3156 3620 ‹‹
3219 3571 3404 3626 Boves
3476 3589 3682 3628 eorum

2031 3662 2232 3716 crassi.
2271 3651 2303 3709 η’
2347 3658 2588 3715 Pulchre
2638 3659 2799 3725 dicit,
2851 3683 2877 3708 ‹‹
2915 3660 3087 3715 boves
3127 3660 3334 3727 crassi,
3373 3685 3401 3709 ››
3453 3677 3688 3731 quorum

2029 3752 2172 3806 Deus
2201 3758 2390 3805 venter
2418 3752 2518 3818 est,
2550 3755 2600 3802 et
2645 3749 2827 3818 gloria
2865 3749 2924 3803 in
2963 3750 3281 3819 confusione
3310 3765 3506 3805 eorum
3534 3751 3690 3816 (Phi-

2032 3841 2166 3911 lipp.
2205 3856 2285 3906 nl,
2322 3838 2429 3905 19).

2102 3947 2287 4001 «Non
2339 3949 2426 4000 est
2483 3945 2654 4000 ruina
2712 3943 3001 4014 maceriae,
3057 3961 3245 4018 neque
3302 3947 3624 4002 transitus.
3661 3969 3688 3994 κ

2028 4035 2230 4090 Nonne
2262 4033 2489 4088 videtur
2517 4033 2682 4088 vobis
2713 4033 3026 4088 obscurum
3058 4050 3184 4089 esse
3215 4035 3370 4105 quod
3414 4034 3640 4089 dicitur
3675 4053 3691 4089 :

2032 4145 2059 4172 ‹‹
2097 4122 2219 4179 Non
2269 4126 2360 4177 est
2402 4120 2572 4176 ruina
2615 4119 2898 4188 maceriae,
2934 4136 3122 4192 neque
3152 4120 3448 4182 transitus,
3483 4135 3686 4190 neque

2032 4235 2059 4261 «
2093 4210 2312 4266 clamor
2339 4209 2398 4264 in
2431 4209 2636 4281 plateis
2662 4225 2864 4264 eorum
2885 4208 2913 4262 ‘I
2935 4232 2956 4261 ι
2993 4208 3243 4264 Difﬁcile
3272 4207 3561 4262 haereticos
3587 4209 3677 4262 in-

2030 4300 2224 4356 venies
2276 4297 2596 4369 imperitos.
2630 4297 2845 4352 Omnes
2893 4296 3050 4352 enim
3101 4297 3365 4370 magistri
3401 4296 3688 4352 instructi

2031 4395 2169 4444 sunt
2219 4387 2460 4443 scientia
2508 4385 2792 4442 saeculari.
2844 4408 2872 4435 ‹‹
2906 4387 3029 4442 Non
3063 4391 3152 4442 est
3183 4386 3356 4441 ruina
3384 4386 3682 4453 maceriae,

2031 4494 2220 4548 neque
2250 4475 2554 4531 transitus.
2589 4495 2618 4524 »
2650 4475 2707 4530 Si
2741 4476 2974 4546 quando
3005 4479 3143 4531 sunt
3174 4477 3232 4531 in
3264 4475 3685 4547 disputationi-

271 4563 526 4636 cellaria,
544 4582 658 4620 non
685 4566 902 4622 habent
931 4566 1280 4638 apothecas;
1313 4567 1415 4622 sed
1448 4565 1667 4622 habent
1689 4568 1921 4638 apothe—
1952 4552 1998 4616 D
2029 4568 2162 4631 bus,
2194 4565 2428 4636 quando
2476 4568 2689 4638 tecum,
2718 4563 2998 4636 cmperint
3039 4564 3366 4636 disputare,
3399 4564 3484 4620 sic
3513 4565 3686 4619 verba

270 4670 473 4709 carum
508 4659 573 4710 ut
603 4653 971 4711 cellariorum
1006 4655 1343 4720 Dominum,
1376 4654 1570 4726 ipsum
1599 4655 1918 4711 Christum.

271 4743 396 4798 Non
453 4743 674 4799 habent
728 4743 958 4810 horrea,
1027 4745 1126 4798 sed
1187 4743 1525 4798 horreorum
1586 4743 1918 4798 Dominum.

270 4832 395 4887 Non
419 4832 887 4888 habentdivitias
909 4831 1260 4902 diaboli,sed
1285 4831 1502 4887 habent
1521 4836 1920 4904 paupertatem

273 4919 507 4976 Christi.
531 4921 810 4977 Diabolus
841 4921 980 4993 quid
1015 4921 1206 4976 dicit?
1238 4923 1364 4976 llaec
1392 4923 1580 4976 omnia
1610 4937 1729 4976 mea
1758 4931 1921 4977 sunt:

271 5012 324 5064 si
367 5011 661 5080 procidens
715 5011 1032 5067 adoraveris
1087 5027 1191 5080 me,
1237 5010 1373 5065 dabo
1427 5011 1531 5064 tibi
1585 5027 1648 5064 ea
1707 5011 1919 5081 (Matth.

276 5115 354 5164 IV,
397 5102 451 5163 8,
496 5101 574 5171 9).
627 5101 892 5156 Christus
940 5101 1080 5172 quid
1132 5101 1274 5154 dicit
1320 5099 1391 5154 ad
1441 5099 1628 5154 suos?
1678 5100 1784 5166 Qui
1809 5115 1923 5155 non

271 5187 581 5243 vendiderit
627 5193 813 5246 omnia
857 5206 959 5245 sua
986 5205 1107 5260 quae
1137 5189 1314 5254 habet,
1345 5196 1396 5243 et
1423 5187 1634 5243 dederit
1659 5191 1924 5260 pauperi-

281 5278 400 5342 bus,
432 5292 542 5331 non
586 5284 758 5347 potest
810 5296 923 5335 esse
972 5295 1124 5336 meus
1179 5278 1484 5349 discipulus
1540 5277 1746 5347 (Matth.
1797 5296 1921 5348 xm,

277 5366 370 5434 21,
404 5367 454 5419 et
486 5369 612 5419 Luc.
647 5383 760 5434 xxv,
791 5368 902 5438 33).
937 5368 1036 5424 Ille
1066 5384 1244 5440 regna
1273 5373 1330 5423 et
1359 5367 1593 5422 divitias
1620 5366 1924 5438 pollicetur

279 5459 348 5512 ut
393 5453 657 5521 occidat;
694 5454 787 5511 hic
839 5462 1242 5530 paupertatem
1284 5456 1588 5528 pollicetur
1628 5460 1690 5510 ut
1721 5456 1918 5512 salvet.

278 5543 436 5601 Nihil
493 5543 714 5616 grande
781 5544 1059 5617 facimus,
1118 5547 1167 5603 si
1228 5552 1429 5603 nostra
1495 5545 1920 5618 relinquamus,

280 5634 548 5704 Christus
572 5633 805 5692 Patrem
839 5632 1075 5708 reliquit
1103 5640 1160 5694 et
1188 5653 1366 5708 regna
1386 5634 1664 5696 cwlorum
1688 5639 1924 5714 propter

2031 4671 2232 4711 eorum
2266 4653 2460 4709 brevia
2488 4637 2764 4719 sunt,§ic
2812 4652 3018 4707 artiﬁci
3063 4669 3333 4708 sermone
3382 4653 3686 4718 conclusa,

2033 4749 2097 4800 ut
2136 4743 2377 4798 evadere
2425 4741 2560 4797 inde
2611 4739 2847 4796 difﬁcile
2896 4741 2992 4795 sit.
3025 4742 3166 4796 Cum
3195 4741 3356 4796 enim
3388 4746 3446 4797 te
3477 4740 3690 4813 ligave-

2032 4834 2146 4889 rint
2201 4830 2560 4904 syllogismis
2611 4830 2756 4899 suis,
2807 4834 2862 4883 et
2910 4834 2965 4885 te
3013 4829 3352 4899 clauserint,
3407 4835 3467 4884 et
3517 4830 3690 4902 quasi

2032 4921 2344 4977 maceriem
2375 4919 2780 4991 syllogismum
2812 4919 2916 4972 tibi
2947 4919 3238 4974 texuerint
3267 4924 3323 4974 et
3352 4917 3692 4974 aediﬁcave-

2032 5012 2171 5077 rint,
2227 5027 2342 5064 non
2391 5013 2554 5080 potes
2613 5013 2965 5075 convertere,
3017 5025 3132 5062 non
3191 5013 3358 5080 potes
3406 5007 3690 5075 transire,

2031 5099 2247 5155 teneris
2293 5097 2575 5153 inclusus.
2636 5119 2662 5146 «
2695 5101 2821 5152 Non
2852 5103 2938 5152 est
2971 5097 3142 5152 ruina
3172 5097 3466 5164 maceriae,
3499 5112 3690 5167 neque

2034 5187 2339 5243 transitus.
2368 5208 2396 5235 ››
2425 5187 2690 5257 Cumque
2720 5186 2802 5240 ibi
2835 5191 2889 5242 te
2911 5186 3206 5241 tenuerint
3227 5185 3398 5257 quasi
3425 5187 3686 5257 quodam

2032 5294 2172 5350 gyro
2202 5275 2520 5342 inclusum,
2551 5279 2691 5329 tunc
2724 5291 2838 5330 non
2884 5275 2998 5330 eris
3032 5275 3091 5329 in
3122 5279 3376 5347 angusta
3403 5275 3524 5339 via,
3559 5289 3685 5345 qua

2032 5367 2195 5421 ducit
2241 5366 2310 5419 ad
2352 5365 2551 5430 vitam,
2582 5363 2682 5418 sed
2717 5364 2776 5418 in
2805 5363 2942 5431 lata,
2976 5381 3106 5435 quae
3135 5363 3300 5418 ducit
3329 5364 3404 5418 ad
3436 5369 3696 5419 mortem

2033 5456 2240 5525 (Matth.
2274 5472 2373 5522 v11,
2410 5454 2495 5521 13,
2523 5453 2638 5521 14).
2692 5476 2719 5503 ‹‹
2753 5453 2949 5524 Neque
2997 5453 3221 5508 clamor
3250 5453 3309 5508 iu
3341 5451 3561 5524 plateis
3589 5468 3690 5508 eoo

2032 5561 2184 5601 rum.
2219 5565 2246 5596 ››
2303 5542 2535 5600 Clamor
2580 5541 2721 5598 Jesu
2767 5547 2993 5598 revocat
3022 5543 3094 5598 ad
3125 5559 3188 5598 se
3229 5545 3286 5597 et
3329 5541 3527 5599 dicit:
3589 5542 3696 5610 Qui

2029 5636 2183 5710 sitit,
2250 5633 2431 5694 veniat
2495 5640 2545 5692 et
2605 5631 2754 5692 bibat
2807 5631 3039 5708 (Joann.
3095 5649 3207 5706 vn,
3267 5631 3392 5710 37).
3449 5631 3689 5700 Clamor
