3992 6194
206 363 235 421 ι
246 364 356 424 321

1375 356 1866 419 BREVIABIUM
1915 357 1992 413 ΙΝ
2042 356 2426 417 PSALMOS.

3456 357 3614 417 13ἓὲ

271 495 411 550 Jesu
443 494 503 549 in
533 494 626 550 via
657 495 907 566 angusta
935 496 1058 549 est:
1095 492 1154 548 in
1188 491 1397 563 plateis
1441 490 1846 545 hiereticorum
1879 488 1934 554 Α
1961 503 2090 542 eras
2111 488 2138 541 ‘1
2193 489 2301 542 Sed
2354 487 2482 543 ideo
2515 488 2701 555 solus,
2737 488 2876 560 quia
2905 488 3196 562 propositi
3228 489 3348 546 mei
3383 489 3610 546 socium

200 599 317 640 non
351 587 466 639 est.

270 695 298 722 ‹‹
333 673 574 728 Beatum
627 672 902 728 dixerunt
950 670 1233 744 populum
1284 670 1376 725 cui
1427 669 1548 723 haec
1602 671 1766 723 sunt.
1825 690 1852 716 ››

201 760 368 820 Μαιιί
423 760 772 828 nescientes,
820 761 1021 816 beatos
1068 759 1216 815 tales
1265 761 1493 830 putant.
1566 757 1854 812 Caeterum

199 849 370 906 nobis
396 847 742 921 simplicitas
763 848 1095 904 Christiana
1118 851 1243 914 est;
1268 845 1546 904 nolumus
1570 844 1849 917 eloquen-

197 937 340 993 tiam
373 934 752 1005 Platonicam,
784 936 885 992 sed
915 935 1186 992 volumus
1239 933 1678 1007 simplicitatem
1712 927 1849 1005 apo?

197 1024 493 1082 stolicam.
527 1024 786 1080 Piscator
818 1025 928 1080 iste
959 1029 1076 1080 rete
1104 1029 1282 1090 tenet,
1317 1023 1540 1079 lutosus
1573 1023 1852 1094 habetpe-

197 1115 322 1182 des,
354 1118 411 1169 et
441 1130 654 1170 manus
685 1129 753 1168 ex
799 1129 971 1185 opere
1019 1111 1266 1169 callosas
1308 1112 1505 1168 habet.
1554 1135 1580 1161 ‹‹
1641 1112 1849 1166 Beatus

197 1200 452 1275 populus
482 1203 654 1274 cujus
683 1208 773 1259 est
801 1201 1086 1258 Dominus
1117 1202 1272 1257 Deus
1297 1203 1447 1273 ejus.
1469 1222 1505 1249 ν
1530 1201 1738 1255 Beatus
1761 1203 1854 1254 est

195 1291 474 1365 populus,
507 1292 607 1364 qui
635 1307 740 1363 pro
771 1291 1049 1347 omnibus
1079 1290 1299 1346 divitiis
1332 1289 1630 1345 Christum
1657 1289 1848 1354 habet,

197 1380 287 1436 llli
316 1380 532 1436 habent
560 1379 714 1436 filios
739 1384 796 1435 et
823 1379 999 1446 ﬁlias,
1059 1384 1116 1434 et
1163 1378 1399 1434 cellaria
1454 1383 1512 1434 et
1574 1393 1710 1433 oves
1766 1376 1846 1432 fe-

193 1475 372 1538 tosas,
423 1471 597 1525 boves
645 1485 876 1525 crassos
923 1474 981 1523 et
1030 1469 1249 1523 nitidos
1304 1473 1480 1540 atquc
1539 1468 1844 1524 formosos.

192 1561 478 1615 Ceterum
510 1575 618 1614 nos
649 1574 764 1614 non
801 1558 1087 1613 habemus
1121 1556 1584 1624 multitudinem,
1618 1555 1718 1610 sed
1741 1555 1848 1611 sci-

197 1663 332 1704 mus
363 1647 509 1704 illud
541 1647 766 1703 dictum
798 1646 856 1702 in
890 1645 1234 1719 Evangelio:
1283 1646 1598 1718 Ubicunque
1631 1645 1844 1716 fuerint

194 1737 301 1792 duo
330 1742 429 1791 aut
459 1745 568 1793 tres
593 1737 906 1808 congregati
943 1737 1002 1791 in
1044 1737 1266 1790 nomine
1298 1749 1434 1802 meo,
1461 1734 1543 1789 ibi
1572 1751 1633 1788 ιη
1664 1733 1844 1788 medio

190 1841 380 1882 eorum
405 1842 527 1881 sum
563 1825 768 1897 (Matth.
820 1841 984 1890 xvm,
1013 1825 1127 1895 20).
1165 1823 1246 1879 Ne
1278 1823 1504 1887 timeas,
1537 1837 1677 1894 grex
1711 1837 1842 1894 par-

193 1915 358 1984 vule;
386 1914 526 1987 quia
554 1913 911 1987 complacuit
956 1918 1067 1969 Deo
1102 1913 1366 1970 habitare
1391 1911 1452 1968 in
1500 1915 1576 1967 te.
1625 1911 1708 1966 Ne
1753 1910 1845 1965 di.-

190 2009 327 2060 caut
355 2003 665 2060 monachi:
700 2004 844 2059 Ecce
875 2008 1051 2058 tantas
1097 2001 1532 2071 multitudines,
1584 1999 1849 2055 civitates

196 2093 381 2166 plenas
411 2099 570 2160 sunt,
604 2093 798 2148 omnis
829 2091 986 2147 orbis
1012 2116 1026 2157 ;
1055 2106 1226 2146 nemo
1255 2106 1392 2161 ergo
1423 2088 1700 2156 salvetur,
1732 2087 1847 2143 nisi

194 2183 298 2254 qui
351 2182 409 2236 in
471 2180 846 2236 monasteriis
899 2179 1035 2234 est?
1082 2179 1226 2234 Ecce
1284 2181 1455 2232 tantae
1515 2175 1845 2232 multitudi-

194 2286 336 2326 nes:
405 2285 513 2325 nos
560 2284 697 2340 ergo
750 2266 859 2324 soli
906 2265 1202 2322 salvamur
1230 2267 1258 2322 ?
1289 2265 1529 2332 Quando
1559 2281 1695 2337 ergo
1725 2265 1845 2320 haec

195 2357 558 2430 cogitaveris,
595 2357 773 2412 audi:
813 2357 890 2412 Ne
947 2357 1160 2427 timeas,
1207 2371 1352 2428 grex
1397 2354 1630 2426 parvule
1688 2354 1838 2424 (Luc.

196 2463 298 2514 xu,
327 2447 418 2518 32)
453 2463 465 2501 :
509 2446 730 2501 dictum
761 2450 850 2501 est
882 2445 939 2500 in
972 2444 1296 2517 Evangelia,
1331 2445 1487 2516 quod
1541 2459 1658 2498 una
1712 2442 1843 2498 ani-

194 2550 293 2591 ma
348 2535 643 2592 salvetur:
706 2540 770 2590 ut
828 2534 943 2590 duo
1003 2532 1189 2589 millia
1247 2546 1555 2606 porcorum
1606 2536 1843 2604 pereant

189 2623 378 2695 (Marc.
439 2642 495 2690 ν,
552 2623 734 2694 2ο14).
803 2623 922 2679 Hoc
976 2628 1169 2679 totum
1230 2639 1408 2694 quare
1465 2621 1644 2676 dico?
1689 2620 1840 2684 Quo-

188 2711 350 2769 niam
409 2712 720 2785 pretiosior
777 2719 866 2768 est
911 2711 1088 2768 unius
1144 2711 1328 2767 sancti
1390 2709 1610 2778 anima,
1661 2724 1839 2782 quam

184 2800 429 2856 inﬁnitas
489 2799 903 2856 multitudines
935 2805 1328 2873 peccatorum.
1366 2805 1441 2854 De
1490 2802 1612 2854 toto
1666 2813 1837 2853 mun-

185 2889 262 2945 do
348 2888 657 2945 duodecim
740 2888 917 2962 elegit
971 2887 1288 2961 apostolos,
1373 2887 1446 2943 de
1526 2886 1836 2943 duodecim

187 2994 342 3034 unus
430 2979 695 3045 recessit,
787 2983 1200 3035 remanserunt
1285 2977 1577 3033 undecim.
1666 2975 1838 3030 Venit

187 3083 377 3123 crux:
437 3068 639 3123 decem
697 3067 1019 3140 fugerunt:
1076 3065 1361 3122 remansit
1409 3081 1565 3120 unus
1630 3064 1836 3120 Petrus

190 3171 347 3211 unus
395 3171 530 3211 cum
585 3172 720 3210 uno.
781 3156 850 3210 Et
900 3155 1028 3228 ipse
1085 3171 1241 3210 unus
1295 3154 1461 3226 fugit,
1513 3158 1686 3225 atque
1718 3152 1835 3208 uti-

1966 577 2276 632 habebam.
2867 617 2870 620 η

2489 665 2816 723 PSALMUS
2846 665 3084 722 CXLIV.

2035 778 2063 803 ‹‹
2100 755 2378 811 Laudatio
2418 754 2528 828 ipsi
2559 755 2761 812 David.
2795 779 2823 806 »
2875 755 2990 812 Iste
3037 756 3304 829 psalmus
3354 774 3421 814 ex
3470 773 3607 815 voce

1966 843 2301 916 prophetica
2333 844 2432 900 Dei
2484 845 2743 900 continet
2761 845 3022 914 laudem,
3046 845 3347 919 sicutipse
3372 848 3442 903 ad
3475 861 3610 904 eum

1965 930 2244 1003 eloquens
2283 931 2364 987 ait
2387 950 2399 988 :

2037 1042 2062 1070 ‹‹
2099 1021 2371 1077 Exaltabo
2404 1027 2480 1092 te,
2520 1023 2668 1078 Deus
2701 1037 2866 1078 meus
2891 1038 3010 1093 rex,
3045 1026 3102 1079 et
3131 1024 3475 1080 benedicam
3505 1040 3608 1081 no-

1966 1108 2108 1163 mini
2133 1109 2307 1164 tuoin
2329 1114 2635 1181 internum,
2657 1114 2713 1166 et
2741 1110 2799 1164 in
2824 1111 3106 1166 saeculum
3139 1111 3358 1169 saeculi.
3391 1134 3420 1163 υ
3449 1112 3614 1170 Exal-

1959 1201 2044 1252 tat
2100 1203 2282 1254 Deum
2341 1199 2481 1270 quia
2537 1199 2646 1254 scit
2674 1199 2955 1272 aequalem
2987 1200 3185 1256 Patri:
3219 1216 3437 1274 regem,
3472 1203 3612 1274 quia

1962 1287 2119 1342 novit
2139 1288 2402 1358 judicem
2433 1289 2662 1343 mundi.

2033 1395 2059 1429 α
2091 1377 2198 1431 Per
2225 1376 2490 1448 singulos
2533 1377 2660 1433 dies
2711 1378 3049 1434 benedicam
3101 1385 3182 1448 te,
3241 1383 3299 1435 et
3360 1381 3612 1437 laudabo

1959 1480 2168 1521 nomen
2202 1471 2370 1520 tuum
2403 1468 2462 1520 in
2496 1466 2801 1535 saeculum,
2833 1471 2889 1523 et
2918 1469 2978 1523 in
3011 1467 3291 1524 saeculum
3325 1468 3544 1524 saeculi.
3577 1492 3606 1521 ››

1958 1553 2027 1608 Et
2053 1555 2126 1609 ob
2158 1555 2266 1610 hoc
2300 1556 2548 1610 maxime
2581 1555 2799 1627 laudat,
2847 1556 2984 1628 quia
3022 1557 3382 1613 coniormem
3410 1563 3612 1630 sperat

1953 1655 2018 1696 se
2047 1643 2172 1697 fieri
2203 1643 2426 1698 nomini
2459 1643 2638 1714 illius,
2663 1644 2719 1699 id
2751 1648 2839 1700 est
2867 1643 3097 1700 Christo
3128 1644 3374 1702 Domino
3407 1645 3465 1701 in
3506 1661 3607 1702 sa:-

1953 1729 2084 1786 culo
2117 1730 2338 1788 futuro.

2025 1843 2053 1870 ‹‹
2089 1820 2337 1893 Magnus
2366 1821 2652 1876 Dominus
2682 1827 2738 1877 et
2769 1821 3084 1878 laudabilis
3117 1822 3316 1895 nimis,
3352 1828 3409 1879 et
3439 1838 3606 1898 mag-

1961 1908 2247 1964 nitudinis
2278 1911 2407 1980 ejus
2436 1926 2551 1965 non
2583 1914 2673 1966 est
2703 1911 2858 1966 finis.
2890 1932 2918 1960 »
2949 1910 3095 1974 Quia
3123 1911 3248 1968 sine
3279 1912 3394 1969 line
3450 1929 3610 1986 mag-

1959 2014 2092 2067 nus,
2126 1997 2252 2074 sine
2284 1999 2398 2054 fine
2429 1998 2766 2055 laudabilis.

2032 2110 2058 2136 ‹‹
2084 2087 2409 2143 Generatio.
2446 2110 2472 2137 »
2507 2090 2691 2153 Quam
2725 2088 2869 2144 fides
2901 2089 3163 2161 protulit.
3197 2112 3225 2140 «
3276 2090 3346 2146 Et
3396 2106 3605 2163 proge-

1957 2173 2101 2231 nies.
2124 2198 2144 2226 ι
2167 2177 2352 2242 Quam
2375 2175 2590 2232 Christi
2618 2177 2814 2249 passio
2837 2178 3186 2250 procuravit.
3217 2199 3239 2228 ι
3256 2179 3608 2236 Laudabunt

1955 2280 2130 2336 opera
2175 2270 2296 2331 tua,
2349 2271 2406 2320 et
2455 2265 2779 2337 potentiam
2840 2269 3004 2322 tuam
3049 2267 3533 2339 pronuntiabunt.
3573 2290 3594 2318 ι

1953 2353 2096 2410 Cum
2129 2352 2217 2408 vel
2248 2370 2282 2408 a
2308 2357 2366 2409 te
2394 2353 2544 2409 facta
2572 2359 2732 2422 sunt,
2760 2353 2847 2411 vel
2878 2372 2912 2411 a
2942 2362 2998 2411 te
3028 2360 3433 2429 proteguntur.

2024 2465 2050 2490 ‹‹
2087 2441 2578 2514 Magniﬁcentiam
2617 2444 2944 2514 majestatis
2974 2448 3106 2517 tuae,
3139 2449 3197 2500 et
3225 2445 3598 2502 sanctitatem

1951 2533 2113 2585 tuam
2148 2529 2480 2602 loquentur.
2514 2553 2541 2580 »
2573 2532 2661 2587 Tu
2695 2549 2802 2587 nos
2831 2536 3065 2589 sanctos
3095 2547 3223 2590 esse
3252 2533 3597 2600 vis,dicens:

1949 2619 2141 2674 Sancti
2168 2623 2351 2687 estote,
2385 2620 2642 2691 quoniam
2671 2637 2765 2692 ego
2793 2624 3020 2678 sanctus
3055 2638 3178 2678 sum
3227 2623 3420 2694 (Levii.
3476 2639 3602 2694 xix,

1948 2708 2021 2770 2;
2047 2725 2140 2777 xx,
2171 2709 2283 2780 26).
2317 2709 2436 2765 Hoc
2464 2713 2521 2764 et
2550 2725 2657 2765 nos
2687 2709 2909 2766 caeteris
2939 2708 3257 2782 loquimur.
3293 2733 3322 2761 «
3375 2711 3444 2766 Et
3482 2711 3592 2766 mi-

1951 2797 2158 2852 rabilia
2185 2802 2289 2854 tua
2318 2799 2658 2854 narrabunt.
2691 2818 2719 2847 ι»
2753 2797 2890 2862 Quae
2922 2798 3182 2870 quotidie
3230 2799 3287 2854 in
3338 2799 3596 2856 Ecclesia

1947 2886 2231 2958 opsraris.

2022 2994 2050 3027 ιι
2082 2975 2363 3031 Virtutem
2399 2974 2744 3031 terribilium
2777 2981 3013 3032 tuorum
3043 2978 3255 3043 dicent,
3287 2981 3344 3034 et
3366 2977 3589 3050 magni-

1945 3064 2212 3120 tudinem
2245 3069 2406 3120 tuam
2435 3064 2772 3136 loquentur.
2809 3087 2836 3114 »
2893 3065 3093 3122 Virtus
3148 3071 3238 3122 est
3286 3065 3586 3133 terribilis,

1944 3169 2077 3209 cum
2106 3153 2164 3208 in
2189 3153 2403 3226 impios
2433 3153 2755 3221 ulciscitur,
2794 3159 2856 3209 ut
2880 3155 2938 3210 in
2990 3155 3374 3212 Pharaonem.
3428 3156 3589 3229 Mag-

187 3261 326 3300 nam
412 3245 682 3317 iugisset,
751 3249 811 3300 et
871 3226 986 3299 non
1068 3247 1358 3316 negasset.
1445 3247 1593 3315 Ergo
1672 3241 1834 3298 dica-
1866 3226 1908 3295 Β
1949 3242 2152 3299 nitudo
2181 3247 2290 3310 est,
2323 3259 2456 3298 cum
2481 3243 2632 3315 justi
2665 3243 2993 3316 eriguntur,
3028 3248 3092 3300 ut
3138 3244 3339 3301 Israel.

189 3349 342 3401 mus,
410 3334 752 3390 universum
827 3349 1014 3406 genus
1070 3331 1395 3388 humanum
1446 3331 1638 3403 periit.
1685 3335 1835 3396 Quo-

189 3421 350 3478 niam
382 3423 654 3495 perierat,
687 3426 992 3495 propterea
1039 3421 1324 3477 Dominus
1363 3421 1678 3476 crucifixus
1709 3421 1830 3475 ait:

188 3511 447 3568 Torcular
492 3513 703 3568 calcavi
746 3512 926 3567 solus:
986 3519 1037 3566 et
1080 3510 1146 3566 de
1185 3509 1438 3580 gentibus
1480 3525 1586 3566 non
1621 3513 1699 3566 est
1748 3510 1837 3564 vir

182 3602 556 3673 mecumUsa.
608 3618 763 3669 Lxm,
815 3600 891 3671 3).
944 3600 1024 3655 Eo
1065 3603 1325 3672 tempore
1369 3597 1694 3670 completus
1745 3602 1836 3653 est

183 3688 486 3761 psalmus:
548 3690 776 3746 Salvum
821 3705 908 3746 me
951 3693 1058 3758 lac,
1107 3689 1351 3756 Domine,
1401 3689 1664 3760 quoniam
1686 3688 1833 3758 defe-

179 3781 258 3834 cit
297 3782 520 3834 sanctus
568 3780 738 3850 (Psat.
773 3796 850 3846 χι,
891 3779 967 3850 2).
1018 3779 1135 3835 Non
1178 3787 1256 3834 est
1287 3780 1382 3850 qui
1409 3780 1580 3848 faciat
1611 3779 1827 3846 bonum,

177 3883 292 3924 non
321 3871 399 3922 est
427 3883 596 3937 usque
623 3868 700 3922 ad
731 3883 904 3922 unum
962 3868 1132 3938 (Psal.
1167 3884 1290 3933 xm,
1324 3868 1399 3937 1).
1435 3865 1536 3922 llle
1568 3867 1667 3938 qui
1699 3882 1829 3937 pro-

181 3955 447 4022 miserat,
478 3956 717 4011 dicens:
747 3956 804 4009 Si
838 3970 932 4010 me
960 3971 1196 4011 necesse
1235 3959 1325 4010 est
1371 3954 1538 4019 mori,
1591 3961 1691 4010 aut
1747 3954 1830 4010 ire

179 4045 244 4098 in
275 4059 586 4114 carcerem,
621 4059 735 4099 non
767 4047 822 4099 te
875 4044 1136 4116 negabo:
1191 4042 1422 4116 negavit
1470 4044 1654 4115 (Marc.
1711 4059 1828 4108 xxv,

176 4133 297 4204 31).
332 4132 450 4188 Hoc
505 4137 693 4188 totum
725 4148 907 4204 quare
934 4132 1062 4188 dico
1085 4133 1115 4187 ?
1142 4133 1290 4200 Quia
1337 4132 1662 4188 monachus
1713 4148 1826 4187 non

180 4220 354 4276 debet
395 4221 655 4294 aspicere
703 4221 774 4277 ad
825 4221 1265 4277 multitudinem
1315 4226 1674 4293 pacatorum,
1725 4221 1825 4276 sed

179 4310 256 4365 ad
288 4311 788 4366 conversationem
819 4315 875 4366 et
915 4309 1266 4382 paucitatem
1297 4315 1654 4366 sanctorum.
1689 4309 1826 4365 Uni-

175 4414 347 4454 versa
390 4397 595 4452 Judaea
638 4398 961 4453 ducebatur
1003 4397 1061 4453 in
1112 4399 1529 4470 captivitatem.
1579 4398 1829 4454 Venerat

174 4484 735 4555 Nabuchodonosor,
767 4488 933 4540 tanta
980 4485 1284 4540 hominum
1318 4484 1503 4541 millia
1532 4487 1827 4542 duceban-

2016 3354 2046 3384 ‹‹
2080 3332 2419 3388 Memoriam
2450 3332 2822 3389 abundantiae
2854 3333 3160 3390 suavitatis
3207 3339 3321 3390 tua)
3368 3339 3592 3391 eructa-

1945 3421 2111 3477 bunt.
2151 3444 2178 3470 ›ι
2209 3421 2356 3489 Quia
2384 3437 2483 3477 eos
2510 3421 2699 3477 fovere
2736 3421 3018 3494 dignaris.
3059 3445 3080 3471 ι
3134 3423 3203 3478 Et
3226 3421 3462 3494 justitia
3487 3427 3590 3479 tua

1943 3510 2338 3567 exsultabunt.
2378 3533 2401 3560 ι
2437 3509 2582 3576 Quia
2615 3510 2671 3565 in
2696 3510 2909 3583 impios
2942 3509 3264 3567 ulcisceris.

2015 3624 2044 3650 ‹‹
2075 3599 2401 3656 Misericors
2432 3603 2489 3655 et
2539 3598 2845 3655 miserator
2892 3599 3214 3657 Dominus:
3261 3601 3490 3673 patiens
3531 3605 3589 3657 et

1945 3688 2196 3744 multum
2231 3687 2580 3744 misericors.
2616 3710 2645 3737 ››
2685 3689 2751 3744 Et
2778 3693 3020 3744 sanctus
3050 3689 3108 3744 in
3145 3689 3422 3747 omnibus
3451 3705 3585 3762 ope-

1942 3777 2107 3833 ribus
2137 3777 2299 3832 suis:
2335 3777 2474 3848 quia
2501 3777 2656 3849 quod
2689 3777 2906 3833 factum
2947 3782 3037 3834 est
3065 3778 3125 3833 in
3158 3793 3245 3847 eo,
3276 3779 3394 3834 vita
3423 3783 3530 3836 est.

2016 3887 2038 3918 ι
2074 3865 2279 3922 Suavis
2310 3865 2595 3922 Dominus
2611 3867 2920 3934 universis,
2943 3870 3000 3921 et
3021 3867 3428 3924 miserationes
3458 3869 3586 3939 ejus

1940 3971 2117 4028 super
2161 3955 2361 4011 omnia
2407 3971 2584 4027 opera
2629 3956 2779 4027 ejus.
2825 3977 2853 4006 υ
2885 3955 3256 4012 Miseratione
3285 3955 3443 4012 enim
3475 3971 3584 4012 sua

1940 4061 2112 4101 omne
2140 4060 2288 4116 opus
2319 4043 2460 4100 facit
2489 4049 2546 4100 et
2575 4045 2847 4116 protegit.

2013 4155 2041 4184 ‹‹
2072 4132 2472 4189 Conﬁteantur
2501 4132 2628 4200 tibi,
2663 4131 2929 4200 Domine,
2961 4132 3158 4188 omnia
3189 4147 3366 4203 opera
3393 4136 3582 4204 tua,et

1937 4223 2124 4279 sancti
2157 4222 2241 4278 tui
2275 4222 2622 4278 benedicant
2669 4221 2795 4276 tibi.
2832 4243 2860 4270 ››
2894 4219 2966 4276 Ut
2994 4235 3100 4292 per
3127 4223 3362 4276 sanctos
3393 4221 3494 4293 qui
3525 4226 3581 4278 te

1928 4311 2152 4384 jugiter
2180 4310 2555 4374 benedicunt,
2588 4307 2934 4381 intelligaris
2964 4308 3229 4366 omnium
3258 4323 3387 4366 esse
3415 4325 3578 4368 creao

1935 4406 2027 4456 tor
2054 4405 2108 4456 et
2139 4398 2424 4454 conditor.

2013 4512 2034 4538 ι
2064 4486 2318 4543 Gloriam
2347 4485 2509 4558 regni
2544 4485 2631 4541 tui
2663 4485 2876 4542 dicent.
2913 4509 2941 4536 »
2977 4487 3047 4543 Ut
3076 4488 3148 4544 ab
3179 4487 3454 4544 omnibus
3485 4489 3581 4544 de-

174 4579 276 4632 tur
304 4574 531 4647 captiva
559 4574 619 4629 in
653 4572 1026 4646 Babylonem.
1060 4572 1227 4629 Solus
1249 4573 1537 4630 Jeremias
1567 4578 1692 4630 erat
1722 4575 1826 4647 qui
1858 4595 1905 4661 Β
1937 4577 2244 4634 sideretur.
2282 4598 2309 4626 «
2340 4575 2410 4632 Et
2438 4574 2758 4647 potentiam
2790 4579 2952 4631 tuam
2982 4575 3313 4649 loquentur.
3352 4575 3428 4632 »Η
3454 4580 3477 4631 t
3502 4576 3580 4632 ab

173 4664 572 4722 conﬁtebatur
617 4667 824 4729 Deum,
881 4666 938 4719 et
995 4661 1121 4734 ipse
1162 4661 1512 4718 mittebatur
1541 4662 1600 4718 in
1631 4661 1825 4720 lacum

174 4753 286 4810 luti
345 4754 562 4825 (Ierem.
621 4769 852 4821 xxxvm,
911 4752 988 4822 6),
1047 4757 1104 4807 et
1152 4756 1349 4808 tamen
1389 4751 1674 4823 pretiosor
1701 4757 1827 4808 erat

177 4842 358 4898 unius
376 4841 538 4898 illius
560 4841 776 4913 anima,
801 4856 978 4913 quam
1002 4839 1196 4899 omnis
1221 4839 1415 4912 populi
1426 4883 1437 4896 .
1464 4839 1655 4898 Vultis
1677 4840 1824 4897 scire

176 4932 321 5003 quid
345 4932 517 4988 faciat
542 4947 698 4988 unus
719 4929 894 4987 homo
916 4931 944 4985 ?
972 4931 1143 4988 Jesus
1177 4929 1333 4986 illius
1355 4930 1508 4986 Nave
1537 4946 1669 4986 cum
1699 4933 1824 4988 uni—

176 5036 345 5076 versa
390 5025 545 5076 terra
573 5020 956 5091 habitaretur,
1007 5018 1169 5076 solus
1220 5023 1364 5075 erat.
1416 5019 1626 5092 Utique
1657 5025 1826 5077 erant

176 5109 420 5164 inﬁnitae
452 5109 882 5180 multitudines,
916 5113 972 5164 et
1003 5108 1098 5163 ille
1128 5107 1287 5165 solus
1317 5115 1458 5164 erat.
1510 5109 1682 5165 Solus
1712 5109 1822 5165 im-

174 5201 342 5270 perat
388 5198 494 5255 soli
547 5202 606 5254 et
653 5198 826 5265 lunas,
873 5202 932 5254 et
979 5201 1098 5254 stat
1143 5198 1323 5269 (Iosue
1369 5200 1597 5270 x,12);
1650 5200 1822 5256 homo

163 5286 358 5358 jubet,
392 5290 449 5342 et
477 5285 687 5340 enatum
719 5284 903 5340 audit.
964 5284 1143 5342 Audit
1188 5282 1352 5341 illum
1400 5284 1632 5354 omium,
1683 5286 1824 5357 quia

170 5376 300 5446 ipse
328 5374 604 5430 audiebat
636 5373 974 5430 Dominum.
1024 5373 1309 5430 Jeremias
1340 5378 1462 5430 erat
1491 5374 1548 5429 in
1583 5375 1822 5446 captivi-

169 5466 329 5528 tate;
362 5467 530 5518 erant
559 5468 754 5518 autem
788 5467 846 5518 et
878 5462 1072 5518 multa
1106 5462 1536 5520 multitudines.
1581 5465 1649 5519 Et
1680 5464 1819 5535 quid

171 5551 358 5608 dicit?
415 5551 571 5607 Solus
635 5551 885 5606 sedebam
948 5554 1082 5623 quia
1139 5553 1523 5608 amaritudine
1571 5554 1821 5622 repletus

167 5658 290 5702 sum
337 5641 553 5716 (Jerem.
604 5656 694 5713 xv,
747 5642 856 5715 t7).
908 5641 1207 5707 Quomodo
1259 5641 1423 5699 solus
1475 5643 1532 5698 in
1590 5641 1822 5700 civitate

501 5771 761 5831 ΡΑτιιοι..
814 5769 853 5830 Χ
868 5769 914 5828 Χ
931 5766 1030 5831 Vl.

1937 4665 2215 4722 omnibus
2242 4663 2538 4719 timeatur.

2007 4777 2034 4804 ‹‹
2090 4753 2160 4809 Ut
2202 4756 2400 4809 notam
2449 4751 2666 4808 faciant
2711 4752 2851 4808 {iliis
2898 4751 3206 4809 hominum
3260 4753 3579 4825 potentiam

1934 4847 2120 4906 tuam,
2153 4846 2210 4898 et
2239 4842 2485 4915 gloriam
2518 4842 2966 4914 magnificentia
2996 4842 3160 4915 regni
3183 4843 3289 4897 tui.
3326 4864 3354 4891 η
3382 4845 3463 4899 Ne
3491 4857 3580 4900 ex-

1936 4932 2159 4989 cusatio
2185 4948 2287 5004 per
2315 4931 2713 5004 ignorantiam
2745 4930 3111 4987 adhibeatur.

2014 5039 2036 5070 c
2061 5020 2325 5093 Regnum
2350 5024 2539 5088 tuum,
2568 5019 2834 5088 Domine,
2857 5033 3101 5092 regnum
3116 5019 3380 5076 omnium
3404 5035 3580 5077 sacu-

1933 5109 2144 5165 lorum.
2174 5131 2200 5158 ››
2222 5109 2435 5165 Omnia
2458 5108 2616 5164 enim
2639 5107 2854 5164 saecula
2876 5108 3037 5181 regni
3062 5109 3148 5164 tui
3179 5109 3577 5167 dominatione

1932 5197 2266 5254 volvuntur.
2300 5221 2327 5248 ‹‹
2362 5202 2431 5253 Et
2458 5197 2780 5253 dominatio
2812 5201 2915 5252 tua
2943 5197 3002 5252 in
3024 5197 3185 5253 omni
3207 5198 3578 5270 generatione

1932 5291 1989 5342 et
2026 5287 2321 5360 progenie.
2358 5309 2386 5336 η
2416 5285 2825 5342 Ecclesiastica
2856 5285 3224 5358 generatione
3262 5286 3322 5343 in
3372 5303 3578 5361 proge-

1933 5376 2026 5432 nie
2061 5375 2240 5432 futuri
2269 5375 2464 5433 seculi
2491 5373 2760 5431 dilatata.

2003 5488 2030 5513 ‹‹
2067 5464 2280 5520 Fidelis
2310 5465 2592 5520 Dominus
2621 5464 2680 5519 in
2711 5463 2988 5521 omnibus
3018 5464 3209 5521 verbis
3241 5465 3574 5522 suis.»Cum

1930 5555 2131 5610 omnia
2160 5571 2287 5626 que
2317 5571 2422 5626 per
2450 5554 2762 5627 prophetas
2794 5553 3027 5610 locutus
3056 5560 3145 5611 est
3211 5553 3576 5626 adimplevit.

1935 5667 1955 5695 ι
1992 5643 2061 5700 Et
2084 5648 2325 5702 sanctus
2355 5643 2412 5699 in
2444 5643 2717 5700 omnibus
2746 5644 3022 5716 operibus
3053 5644 3196 5701 suis.
3244 5667 3271 5694 (ι
3321 5643 3390 5698 Ut
3419 5641 3575 5698 sicut

3182 5772 3260 5832 42
