3992 6194
367 342 520 402 1323

1863 339 2285 400 ΑΡΡΕΝΒΙΧ.

3611 344 3762 404 1324

367 471 461 527 ille
493 472 732 526 sanctus
762 473 870 536 est,
903 468 983 523 ita
1012 472 1068 522 et
1097 484 1204 523 nos
1235 468 1334 538 qui
1367 483 1542 541 opera
1593 472 1721 542 ejus
1774 486 2002 536 sumus,
2033 472 2090 538 Α
2120 470 2267 534 Quid
2327 471 2515 528 dicit?
2567 471 2720 527 Dicit
2775 471 2940 543 mihi,
3007 490 3035 524 ι
3083 473 3301 542 Lauda,
3361 471 3566 528 anima
3617 491 3761 542 mea,

369 560 554 616 sancti
585 558 913 614 efﬁciamur
941 557 999 612 in
1031 573 1117 612 eo.
1201 590 1206 594 ι

442 673 468 698 ‹‹
506 647 722 703 Allevat
754 645 1040 702 Dominus
1070 662 1273 702 omnes
1305 646 1405 718 qui
1435 653 1734 703 corruunt.
1769 671 1797 699 »
1842 649 1923 705 Ne
1954 648 2012 702 in

371 743 585 794 aeterna
614 737 784 792 ruina
813 739 1170 806 mergantur.
1207 757 1235 785 ‹‹
1258 739 1326 791 Et
1347 735 1518 808 erigit
1547 754 1751 793 omnes
1781 737 2007 793 elisos.»

373 828 526 892 Quos
557 841 840 896 corporea}
870 822 1186 896 voluptatis
1226 825 1603 897 praecipitavit
1629 826 1930 897 stimulus,
1964 827 2013 881 si

372 915 772 989 pcnnitentiam
805 918 1001 984 agant.

445 1029 470 1054 ‹‹
506 1002 670 1059 Oculi
698 1002 959 1057 omnium
994 1001 1050 1056 in
1080 1007 1134 1057 te
1156 1007 1414 1074 sperant,
1444 1003 1704 1070 Domine,
1738 1009 1794 1059 et
1825 1008 1886 1059 tu
1910 1005 2014 1060 das

374 1093 457 1149 eis
487 1108 680 1148 escam
712 1091 770 1146 in
798 1095 1057 1162 tempore
1091 1096 1436 1163 Opportuno.
1484 1115 1512 1141 »
1542 1093 1894 1167 Sanctorum
1926 1094 2014 1148 in-

375 1182 554 1238 terior
581 1185 851 1253 aspectus
877 1179 933 1234 in
967 1178 1064 1234 illo
1097 1180 1289 1236 futuro
1323 1180 1722 1237 retributionis
1770 1181 2013 1254 suscipi-

378 1278 474 1327 tur
505 1276 784 1342 tempore.

458 1383 483 1412 α
511 1359 716 1431 Aperis
746 1364 807 1414 tu
843 1374 1083 1414 manum
1116 1363 1300 1429 tuam,
1333 1363 1389 1413 et
1419 1359 1628 1431 imples
1681 1376 1854 1415 omne
1902 1360 2020 1415 ani-

378 1448 950 1504 mal‘benedictione.
987 1471 1014 1497 »
1053 1447 1210 1510 Quod
1246 1447 1684 1504 maledictiones
1715 1454 1772 1505 et
1804 1450 2016 1522 impro-

379 1539 536 1609 peria
572 1537 790 1591 mundo
817 1554 919 1608 pro
949 1535 1184 1591 nomine
1215 1540 1316 1590 tuo
1347 1535 1650 1592 sustinuit.

454 1650 480 1674 α
510 1627 720 1681 Justus
756 1625 1036 1680 Dominus
1066 1624 1124 1678 in
1156 1625 1432 1679 omnibus
1479 1625 1588 1680 viis
1623 1628 1767 1697 suis,
1800 1632 1856 1680 et
1885 1643 2018 1680 san-

380 1721 509 1770 ctus
541 1715 599 1768 in
631 1713 906 1768 omnibus
937 1712 1212 1784 operibus
1251 1712 1394 1769 suis.
1431 1737 1458 1762 ‹‹
1512 1715 1672 1768 Sicut
1693 1717 1816 1786 jam
1848 1732 2021 1786 supe-

383 1806 506 1858 rius
535 1803 758 1858 dictum
789 1807 895 1857 est.

454 1917 481 1942 ‹‹
517 1897 697 1963 Prope
727 1896 815 1947 est
844 1890 1126 1946 Dominus
1148 1891 1425 1947 omnibus
1455 1892 1867 1948 invocantibus
1887 1908 2021 1948 eum

384 1984 442 2038 in
473 1981 734 2038 veritate.
768 2003 795 2030 »
829 1980 957 2053 Ipse
988 1981 1126 2052 quid
1159 1981 1284 2036 ait?
1332 1986 1442 2050 Ego
1477 1999 1598 2037 sum
1648 1984 1785 2038 Deus
1832 1998 2020 2054 prope,

382 2081 430 2128 et
459 2089 566 2127 non
600 2073 734 2126 Deus
765 2070 828 2125 de
859 2071 1040 2143 longe.
1075 2071 1291 2141 (Jerem.
1323 2088 1487 2138 xxm,
1517 2073 1630 2142 23).
1711 2058 1722 2068 ’

458 2185 478 2211 ι
513 2159 884 2216 Voluntatem
916 2159 1247 2215 timentium
1280 2177 1343 2216 se
1373 2161 1546 2216 faciet
1573 2165 1630 2216 et
1679 2177 1879 2232 preces
1926 2177 2020 2217 eo-

381 2268 511 2306 rum
543 2249 831 2318 exaudiet,
861 2252 918 2303 et
947 2247 1138 2304 salvos
1170 2249 1341 2304 faciet
1370 2266 1489 2305 eos.
1527 2272 1553 2298 »
1576 2250 1724 2304 Dum
1749 2265 1847 2305 eos
1877 2250 2027 2306 eruit

381 2339 470 2395 vel
504 2339 574 2394 ab
608 2338 982 2410 instigatione
1011 2338 1249 2402 diaboli,
1294 2337 1380 2394 vel
1410 2338 1482 2394 ab
1510 2339 1714 2394 ardore
1746 2339 1985 2411 peccati.

455 2451 482 2478 ‹‹
516 2427 780 2482 Custodit
807 2425 1092 2480 Dominus
1121 2425 1432 2498 diligentes
1463 2443 1544 2494 se,
1577 2431 1634 2482 et
1663 2443 1868 2483 omnes
1898 2444 2028 2500 pec-

385 2521 609 2572 catores
657 2514 971 2585 disperdet.
1022 2535 1048 2562 »
1104 2513 1238 2570 Illos
1281 2514 1490 2586 diligit,
1524 2516 1622 2586 qui
1656 2515 2025 2572 dilectionem

385 2607 514 2676 ejus
536 2602 852 2658 mundanis
880 2602 1289 2658 dilectionibus
1310 2602 1708 2674 praetulerunt.
1736 2603 1873 2660 lllos
1895 2621 2028 2660 vero

383 2693 690 2765 disperdit,
743 2691 843 2762 qui
892 2690 1077 2746 amori
1124 2692 1253 2762 ejus
1283 2708 1542 2748 amorem
1573 2692 1772 2749 saeculi
1804 2709 2027 2766 praepo-

386 2787 649 2840 suerunt.

459 2894 487 2922 ‹‹
521 2871 776 2926 Laudem
812 2869 1041 2924 Domini
1072 2868 1344 2941 loquetur
1367 2887 1431 2926 os
1467 2887 1684 2926 meum.
1716 2893 1744 2921 »
1780 2873 1946 2927 Nunc
1976 2877 2033 2927 et

389 2963 448 3016 in
500 2960 697 3015 futuro
744 2958 1150 3014 retributionis
1196 2964 1474 3031 tempore.
1526 2983 1554 3010 «
1605 2961 1674 3015 Et
1729 2961 2033 3017 benedicat

391 3049 582 3105 omnis
611 3065 744 3104 caro
774 3046 997 3102 nomini
1029 3051 1228 3102 sancto
1259 3049 1386 3118 ejus
1419 3049 1476 3103 in
1509 3054 1814 3118 aeternum,
1873 3054 1930 3105 et
1973 3050 2030 3106 in

391 3137 672 3195 saeculum
703 3135 921 3192 saeculi.
959 3157 985 3186 »
1013 3136 1174 3199 Quod
1201 3137 1318 3192 ait:
1357 3158 1384 3187 «
1413 3138 1603 3193 omnis
1649 3155 1802 3207 caro,
1839 3159 1866 3187 »
1917 3155 2032 3194 non

2125 561 2456 616 Dominum.
2494 583 2522 611 ››
2555 562 2674 634 Ego
2705 561 2833 633 ipsa
2863 562 3183 633 respondeo
3210 579 3222 616 :
3259 583 3287 611 ‹‹
3350 561 3634 618 Laudabo
3659 563 3764 619 Do-

2123 650 2350 705 minum
2381 650 2439 705 in
2470 650 2589 706 vita
2620 666 2766 705 mea.
2803 672 2833 700 ››
2865 650 3032 706 Modo
3085 649 3329 706 laudare
3357 667 3480 706 non
3509 668 3767 722 possum,

2122 738 2375 809 peccatis
2440 756 2690 811 premor.
2739 740 3212 812 Quotiescunque
3257 739 3421 794 labia
3461 740 3522 794 in
3578 741 3770 798 laudes

2128 828 2223 882 Dei
2282 828 2499 898 aperio,
2557 829 2727 884 toties
2796 826 2898 882 illa
2971 827 3337 900 conglutinet
3414 829 3771 885 conscientia

2125 921 2518 987 peccatorum.
2577 943 2598 965 «ι
2651 916 2921 972 Laudabo
2967 916 3284 972 Dominum
3317 917 3377 971 in
3410 917 3536 973 vita
3571 935 3714 974 mea.
3745 943 3770 967 θ

2127 1004 2370 1061 Pulchre
2419 1003 2581 1074 dixit,
2631 1004 2884 1068 laudabo,
2932 1021 3070 1076 non,
3115 1005 3310 1061 laudo.
3341 1006 3602 1070 Quando
3650 1023 3774 1063 cum

2129 1092 2368 1149 Domino
2401 1111 2527 1148 meo
2562 1094 2742 1162 fuero,
2776 1097 2917 1148 tunc
2947 1092 3196 1150 laudabo
3229 1094 3556 1151 Dominum
3592 1097 3779 1151 invita

2128 1199 2277 1238 mea.
2327 1184 2492 1238 Nunc
2539 1183 2598 1238 in
2643 1186 2832 1238 morte
2876 1199 3033 1252 sum,
3083 1183 3326 1239 laudare
3355 1201 3482 1239 non
3513 1201 3779 1257 possum.

2131 1272 2460 1327 «Laudabo
2494 1273 2804 1328 Dominum
2835 1273 2895 1327 in
2950 1274 3069 1328 vita
3117 1289 3263 1330 mea.
3298 1297 3318 1322 -
3383 1272 3526 1330 Vita
3591 1280 3784 1331 nostra

2128 1359 2392 1416 Christus
2421 1366 2528 1416 est.
2563 1362 2877 1418 Dominum
2910 1361 3217 1418 laudemus
3239 1363 3297 1416 in
3329 1363 3476 1418 vita.
3551 1387 3573 1411 ι
3637 1364 3783 1419 Psal-

2129 1449 2247 1505 lam
2277 1450 2392 1506 Deo
2425 1467 2553 1505 meo
2583 1451 2847 1522 quandiu
2890 1451 3070 1506 fuero.
3107 1473 3134 1499 ››
3193 1450 3336 1506 Vide
3398 1452 3550 1523 quid
3618 1455 3783 1508 dicat.

2131 1539 2371 1604 Quando
2391 1539 2556 1608 juste
2584 1538 2805 1609 aliquid
2827 1538 3078 1610 agimus,
3101 1555 3349 1596 sumus:
3379 1541 3635 1611 quando
3663 1558 3785 1597 vero

2131 1643 2463 1698 peccamus,
2497 1643 2625 1682 esse
2653 1626 3016 1682 desistimus.
3048 1626 3227 1681 Multa
3252 1633 3398 1682 sunt
3430 1643 3571 1699 quae
3603 1630 3788 1685 dican—

2132 1721 2263 1774 tur:
2296 1715 2397 1769 sed
2431 1715 2502 1770 ad
2536 1715 2711 1770 ﬁnem
2742 1715 2982 1770 festinat
3011 1716 3215 1770 oratio.

2207 1825 2234 1852 ‹‹
2262 1802 2450 1858 Nolite
2478 1803 2789 1870 conﬁdere,
2838 1804 2898 1858 in
2941 1803 3327 1875 principibus,
3376 1819 3494 1860 nec
3547 1807 3617 1861 in
3666 1807 3785 1862 ﬁliis

2134 1892 2464 1963 hominum,
2496 1892 2556 1946 in
2588 1893 2807 1964 quibus
2835 1909 2949 1948 non
2981 1898 3068 1948 est
3098 1892 3280 1949 salus.
3323 1916 3349 1942 ιι
3396 1893 3526 1950 Hoc
3562 1912 3787 1967 genera-

2132 1983 2266 2038 liter
2295 1981 2366 2036 ad
2399 1998 2603 2038 omnes
2628 1981 2804 2037 dicit:
2841 2004 2862 2031 ι
2925 1981 3108 2037 Nolite
3145 1982 3452 2038 conﬁdere
3483 1983 3549 2039 in
3585 1986 3788 2056 princi-

2134 2071 2326 2144 pibus.
2365 2093 2390 2119 ››
2422 2070 2548 2126 Non
2579 2069 2638 2125 in
2671 2070 3042 2142 imperatore,
3074 2087 3188 2126 non
3222 2071 3280 2126 in
3315 2072 3641 2142 praefectis,
3675 2092 3784 2130 non

2134 2161 2192 2214 in
2217 2159 2518 2231 judicibus
2548 2158 2764 2215 saeculi.

2207 2271 2233 2297 ‹‹
2282 2247 2467 2302 Nolite
2525 2246 2816 2302 conﬁdere
2863 2247 2920 2301 in
2969 2247 3356 2320 principibus.
3415 2271 3449 2298 »
3505 2251 3622 2315 Qui
3663 2257 3790 2306 sunt

2137 2336 2430 2408 principes
2453 2335 2480 2390 ‘2
2507 2335 2632 2390 Filii
2663 2335 2990 2391 hominum.
3024 2336 3129 2400 Qui
3153 2341 3294 2392 sunt
3315 2337 3429 2392 ﬁlii
3454 2338 3789 2395 hominum?

2135 2425 2358 2490 Quibus
2391 2441 2504 2480 non
2537 2429 2627 2480 est
2655 2422 2838 2481 salus.

2215 2538 2236 2564 ι
2272 2514 2460 2569 Exibit
2509 2513 2752 2585 spiritus
2797 2515 2946 2585 ejus,
2992 2520 3050 2570 et
3099 2520 3432 2572 revertetur
3461 2518 3525 2573 in
3589 2525 3790 2574 terram

2139 2620 2330 2660 suam.
2397 2624 2419 2653 ι
2469 2605 2613 2659 Cum
2661 2607 2861 2658 autem
2910 2618 3211 2675 regressus
3256 2606 3446 2663 fuerit
3495 2607 3559 2662 in
3595 2613 3795 2662 terram

2141 2709 2334 2759 suam,
2366 2691 2507 2763 quid
2541 2691 2686 2746 ﬁet?
2719 2713 2747 2741 «
2782 2692 2844 2747 In
2876 2690 2977 2747 illa
3014 2693 3108 2748 die
3138 2694 3424 2766 peribunt
3475 2712 3694 2752 omnes
3721 2713 3801 2751 co-

2141 2781 2452 2854 gitationes
2503 2797 2727 2837 eorum.
2780 2802 2809 2830 ››
2858 2779 3061 2837 Omnis
3112 2782 3456 2855 principum
3503 2785 3802 2840 conﬁden-

2141 2870 2222 2925 tia
2246 2870 2449 2942 periet,
2482 2873 2538 2925 ct
2569 2869 2844 2942 peribunt
2887 2886 3091 2926 omnes
3131 2871 3520 2942 cogitationes
3569 2891 3802 2929 eorum.

2145 2982 2173 3011 ‹‹
2235 2957 2422 3014 Nolite
2478 2958 2770 3014 conﬁdere
2827 2958 2885 3014 in
2943 2957 3331 3031 principibus.
3395 2986 3426 3012 ››
3459 2963 3641 3017 Hodie
3667 2962 3801 3030 fuit,

2143 3065 2274 3104 cras
2323 3064 2438 3102 non
2489 3051 2596 3104 est.
2647 3046 2826 3102 Hodie
2874 3046 3042 3103 illum
3093 3051 3370 3120 praecedit
3399 3052 3804 3125 exercitus,et

2145 3154 2274 3193 sero
2304 3136 2364 3191 in
2396 3135 2661 3208 sepulcro
2684 3137 2862 3206 jacet.
2895 3136 3034 3193 Post
3061 3141 3285 3193 tantam
3323 3139 3801 3212 magnitudinem

394 3227 465 3282 ad
492 3225 858 3281 insensibilia
887 3225 1255 3280 referendum
1287 3231 1392 3293 est,
1428 3227 1529 3281 sed
1563 3228 1633 3281 ad
1684 3243 1856 3283 omne
1908 3244 2033 3284 cor-
2063 3213 2107 3280 C
2146 3231 2372 3282 tantam
2403 3224 2747 3291 claritatem,
2788 3224 2952 3281 nulla
2980 3226 3350 3283 intercedunt
3401 3234 3724 3302 tempora:
3752 3231 3803 3283 in

394 3333 501 3388 pus
532 3314 820 3382 Ecclesiae,
856 3314 1009 3385 quod
1041 3330 1147 3369 nos
1180 3331 1410 3382 sumus,
1442 3315 1540 3386 qui
1565 3315 1747 3370 Deum
1773 3315 2034 3384 laudare,

391 3405 752 3470 benedicere,
784 3401 1055 3458 extollere
1103 3420 1168 3457 ac
1217 3403 1528 3474 praedicare
1579 3405 1882 3476 debemus,
1934 3417 2038 3478 per

394 3511 566 3563 quem
597 3492 868 3557 vivimus,
902 3508 1005 3564 per
1035 3508 1208 3563 quem
1241 3492 1456 3547 alimur
1476 3509 1542 3547 ac
1569 3510 1797 3549 sumus.
1823 3495 1925 3549 Cui
1948 3499 2037 3550 est

394 3597 526 3638 cum
554 3586 765 3636 aeterno
806 3580 974 3636 Patre
1000 3585 1057 3636 et
1085 3581 1302 3653 Spiritu
1335 3585 1533 3637 sancto
1565 3581 1749 3638 honor
1803 3589 1860 3638 et
1915 3583 2036 3655 glo-

396 3671 482 3726 ria
512 3670 569 3725 in
595 3668 804 3726 saecula
833 3668 1199 3725 seculorum.
1233 3677 1439 3726 Amen.

931 3793 1256 3849 PSALMUS
1295 3795 1501 3849 CXLV.

400 3883 657 3939 Alleluia.
681 3881 888 3954 Αρθωὶ
919 3889 968 3935 et
995 3881 1298 3954 Zachariae.
1351 3885 1465 3938 Iste
1513 3885 1779 3954 psalmus
1827 3902 1896 3941 ex
1943 3902 2041 3941 no-

471 3953 911 4027 mineduorum
935 3951 1351 4027 prophetarum
1375 3951 1751 4027 praescriptus
1773 3973 1840 4012 ex
1863 3957 2038 4013 unius

468 4042 605 4082 voce
634 4023 914 4096 loquitur,
948 4023 1149 4079 dicens
1174 4040 1186 4079 :

473 4139 501 4166 «
564 4114 775 4185 Lauda,
834 4111 1031 4168 anima
1087 4113 1234 4180 mea,
1293 4113 1629 4169 Dominum.
1688 4135 1714 4167 n
1775 4117 2040 4174 Psalmus

399 4208 512 4262 iste
567 4203 805 4259 titulum
864 4202 1040 4258 habet
1093 4203 1289 4274 Aggzei
1346 4208 1402 4258 et
1445 4203 1754 4262 Zachariae.
1789 4207 1900 4262 Sed
1933 4207 2041 4264 hoc

400 4294 657 4366 primum
689 4292 839 4347 scire
895 4291 1198 4359 debemus,
1258 4293 1413 4364 quod
1469 4293 1528 4347 in
1587 4294 1867 4351 Hebraico
1925 4313 2039 4352 non

400 4384 673 4449 habetur,
758 4381 856 4436 sed
959 4381 1018 4435 in
1118 4381 1501 4453 Septuaginta
1601 4382 2038 4456 interpretibus.

399 4472 675 4530 Dicamus
707 4473 904 4524 autem
936 4473 992 4524 et
1021 4469 1092 4525 de
1142 4469 1395 4526 editione
1441 4470 1693 4544 Vulgata
1739 4475 1937 4546 Aggaai
1986 4479 2043 4530 et

2145 3317 2348 3371 eodem
2400 3318 2694 3370 momento
2749 3313 2964 3370 Christi
3018 3319 3107 3370 est
3153 3317 3442 3386 operatio.
3509 3342 3539 3368 κ
3579 3320 3645 3374 In
3678 3317 3803 3372 ﬁliis

2147 3403 2472 3474 hominum,
2522 3403 2580 3457 in
2632 3403 2845 3473 quibus
2895 3420 3010 3460 non
3056 3409 3148 3460 est
3191 3405 3376 3461 salus.
3437 3429 3470 3455 ››
3507 3409 3624 3473 Qui
3677 3413 3804 3463 sunt

2147 3491 2484 3564 principes?
2515 3491 2644 3546 Filii
2674 3490 3004 3547 hominum.
3057 3492 3118 3548 Si
3165 3493 3276 3565 ipsi
3324 3494 3614 3551 homines
3663 3494 3804 3551 nihil

2146 3585 2302 3646 sunt,
2337 3581 2477 3652 quid
2510 3584 2649 3635 sunt
2677 3579 2781 3634 ﬁlii
2821 3581 3072 3636 eorum?
3117 3605 3145 3631 «
3198 3582 3396 3638 Exibit
3450 3585 3719 3657 spiritus.
3775 3607 3804 3631 ιι

2145 3671 2324 3741 Cujus
2354 3668 2382 3723 ‘I
2412 3669 2698 3724 Hominis.
2732 3692 2759 3717 ‹‹
2789 3669 2980 3724 Exibit
3003 3670 3266 3742 spiritus.
3301 3697 3329 3720 ››
3369 3672 3482 3728 Hic
3507 3673 3802 3745 spiritum

2147 3777 2249 3832 pro
2306 3759 2504 3814 anima
2551 3758 2734 3830 ponit.
2775 3762 2962 3824 Pater,
3008 3760 3069 3813 in
3105 3775 3303 3815 manu:
3335 3765 3469 3816 tua:
3493 3761 3801 3818 muniendo

2145 3850 2405 3919 spiritum
2457 3863 2639 3903 meum
2692 3848 2844 3918 (Luc.
2888 3863 3052 3918 xxm,
3103 3849 3214 3920 49).
3257 3871 3284 3899 ‹‹
3333 3850 3534 3906 Exibit
3561 3851 3803 3923 spiritus

2148 3940 2298 4010 ejus,
2328 3940 2384 3992 et
2414 3938 2733 3992 revertetur
2761 3935 2820 3990 in
2853 3939 3067 3992 terram
3099 3953 3292 3993 suam.
3329 3960 3356 3987 ››
3391 3938 3522 3995 Non
3556 3940 3802 4012 spiritus

2149 4030 2466 4082 revertetur
2494 4025 2553 4080 in
2586 4028 2803 4080 terram
2836 4040 3044 4080 suam:
3079 4041 3193 4081 non
3234 4027 3393 4081 enim
3432 4033 3527 4082 est
3555 4029 3804 4100 spiritus

2149 4117 2219 4171 de
2247 4120 2420 4182 terra,
2471 4113 2572 4170 sed
2618 4112 2952 4186 egredietur
3004 4113 3272 4186 spiritus,
3315 4119 3369 4171 et
3398 4115 3577 4171 homo
3612 4133 3810 4172 rever-

2148 4210 2304 4260 tetur
2334 4204 2394 4258 in
2423 4207 2639 4259 terram
2666 4218 2856 4258 suam.
2892 4225 2920 4252 ‹‹
2953 4201 3015 4256 In
3047 4201 3148 4257 illa
3180 4203 3274 4259 die
3292 4203 3559 4275 peribunt
3582 4220 3812 4262 omnes

2151 4293 2530 4365 cogitationes
2585 4307 2809 4347 eorum.
2867 4310 2894 4344 η
2957 4291 3073 4346 Nos
3121 4291 3237 4362 ipsi
3299 4291 3396 4363 qui
3457 4307 3624 4348 nunc
3690 4295 3810 4363 [AL

2151 4381 2288 4451 non]
2320 4397 2528 4435 sumus
2553 4378 2862 4451 principes,
2905 4384 3126 4450 quanta
3171 4380 3438 4452 quotidie
3469 4382 3807 4454 cogitamus

2149 4475 2205 4526 et
2233 4470 2509 4536 dicimus,
2545 4468 2642 4524 Die
2681 4468 2938 4524 crastina
2996 4467 3143 4524 illud
3195 4469 3433 4536 faciam,
3500 4471 3805 4527 destruam

399 4559 708 4618 Zachariae.
742 4558 887 4622 Quia
915 4558 1260 4614 instauratio
1306 4559 1397 4614 hic
1428 4560 1644 4616 dicitur
1672 4562 1997 4618 Jerusalem
2023 4580 2035 4619 :
2073 4581 2116 4646 υ
2148 4561 2356 4616 horrea
2386 4574 2532 4627 mea,
2565 4562 2620 4612 et
2651 4573 2885 4612 rursum
2917 4556 3010 4612 die
3039 4557 3293 4613 crastina
3321 4558 3629 4614 aediﬁcabo
3661 4559 3804 4616 illa!

401 4647 747 4721 «Regnavit
787 4647 1067 4702 Dominus
1119 4647 1178 4702 in
1226 4648 1438 4703 secula
1485 4649 1638 4705 Deus
1687 4656 1845 4719 tuus,
1877 4651 2034 4721 Sion,

401 4742 458 4795 in
491 4737 862 4812 generatione
891 4741 948 4790 et
975 4737 1406 4807 generationem
1445 4741 1518 4807 (υ.
1555 4739 1641 4808 10)
1668 4758 1680 4807 ;
1717 4763 1744 4789 ››
1777 4742 1944 4812 quasi
1967 4742 2038 4797 de

402 4827 823 4885 instauratione
853 4824 1178 4880 Jerusalem
1211 4825 1323 4879 dici
1355 4830 1583 4898 putant,
1617 4843 1743 4900 quis
1775 4829 1928 4885 facta
1956 4835 2045 4886 est

403 4919 512 4974 sub
570 4920 778 4989 Aggan
831 4919 889 4970 et
939 4913 1235 4969 Zacharia.
1292 4938 1311 4964 η
1377 4915 1593 4980 Lauda,
1646 4917 1845 4972 anima
1893 4935 2042 4987 mea,

403 5007 739 5063 Dominum.
769 5026 797 5054 »
824 5002 948 5058 Non
973 5002 1136 5074 dixit,
1172 5003 1388 5069 Lauda,
1421 5020 1653 5076 corpus,
1683 5007 1804 5073 sed,
1846 5027 1866 5057 ι
1903 5007 2047 5063 Lau-

404 5097 497 5164 da,
563 5095 796 5162 anima;
832 5116 859 5142 »
910 5109 1024 5148 non
1073 5093 1227 5164 quod
1280 5109 1489 5164 corpus
1529 5094 1909 5167 damnaverit,
1943 5097 2043 5152 sed

405 5184 596 5240 carnis
626 5201 801 5256 opera
831 5180 1260 5238 condemnavit.
1307 5205 1327 5230 ‹‹
1382 5179 1600 5250 Lauda,
1648 5181 1844 5238 anima
1892 5199 2044 5254 mea,

402 5271 738 5328 Dominum.
766 5293 792 5324 ιι
831 5271 1044 5327 Anima
1068 5272 1196 5342 ipsa
1225 5287 1286 5327 se
1317 5271 1603 5327 hortatur.
1664 5273 1962 5337 Quomodo
1995 5274 2045 5330 si

404 5362 559 5416 dicat
611 5362 818 5416 David:
873 5385 898 5410 ‹‹
943 5361 1156 5428 Lauda,
1192 5360 1392 5426 David,
1431 5361 1780 5418 Dominum:
1816 5385 1844 5411 ››
1877 5361 1959 5416 sic
1990 5367 2047 5417 et

402 5452 530 5524 ipsa
561 5449 757 5504 anima
787 5450 927 5504 dicit
956 5452 1027 5504 ad
1056 5467 1154 5504 se:
1190 5473 1216 5499 «
1281 5450 1490 5517 Lauda,
1526 5450 1724 5504 anima
1756 5467 1902 5518 mea,
1937 5456 2044 5506 Do-

405 5537 972 5611 minumz‘laudabo
1023 5539 1336 5595 Dominum
1390 5540 1446 5594 in
1497 5539 1612 5594 vita
1662 5555 1870 5594 mea.»
1904 5539 2046 5596 Vide

405 5629 545 5706 quid
595 5627 782 5685 dicat:
841 5627 970 5698 Ipsa
1020 5643 1082 5682 se
1128 5628 1417 5700 hortatur,
1467 5633 1522 5684 et
1551 5629 1680 5701 ipsa
1710 5628 2042 5703 respondet.

2146 4649 2368 4714 D’citur
2395 4645 2539 4702 mihi
2581 4663 2592 4700 :
2650 4645 2843 4712 Stulte,
2902 4645 3002 4700 hac
3063 4651 3218 4700 nocte
3269 4648 3529 4718 rapietur
3620 4652 3807 4704 mirus

2152 4749 2288 4804 tua;
2315 4751 2441 4807 qua
2472 4743 2653 4790 autem
2676 4737 3036 4806 preparasti,
3086 4736 3244 4806 cujus
3271 4744 3440 4791 erunt
3486 4739 3651 4806 (Luc.
3709 4754 3803 4807 xu,

2150 4826 2290 4896 20)?
2320 4829 2439 4880 Hoc
2488 4825 2559 4878 de
2603 4821 2718 4878 illis
2767 4822 2910 4878 dicit
2940 4823 3041 4894 qui
3091 4823 3395 4880 conﬁdunt
3433 4824 3498 4880 in
3529 4825 3806 4898 principi-

2154 4918 2284 4972 bus.
2318 4915 2603 4970 Caeterum
2630 4913 2700 4966 de
2730 4916 2934 4967 sancto
2969 4912 3107 4984 quid
3149 4911 3410 4967 dicitur?

2232 5026 2260 5058 α
2288 5007 2498 5058 Beatus
2525 5001 2694 5072 cujus
2735 5005 2884 5055 Deus
2911 4999 3088 5055 Jacob
3149 5000 3385 5070 adjutor
3438 5003 3596 5074 ejus,
3666 5024 3691 5053 ι
3749 5005 3808 5059 Hi

2153 5097 2214 5150 in
2243 5091 2494 5149 curribus
2524 5093 2574 5145 et
2603 5089 2664 5144 hi
2693 5091 2751 5145 in
2777 5091 2951 5160 equis,
2985 5105 3083 5145 nos
3112 5093 3297 5145 autem
3337 5090 3398 5145 in
3439 5095 3681 5149 nomine
3722 5094 3809 5149 Do-

2153 5184 2297 5238 mini
2325 5179 2700 5237 invocabimus
2725 5179 2896 5250 (Psal.
2931 5195 3048 5245 xxx,
3085 5179 3162 5250 8).
3204 5177 3297 5233 llli
3346 5177 3556 5250 plures
3601 5181 3811 5237 habent

2155 5273 2482 5342 adjutores:
2518 5268 2616 5324 sed
2647 5267 2940 5339 principes
2967 5272 3127 5338 sunt,
3160 5267 3262 5322 sed
3310 5265 3593 5325 homines
3646 5276 3809 5336 sunt,

2155 5361 2256 5417 sed
2316 5361 2616 5414 corruunt.
2669 5356 2785 5412 Nos
2836 5372 3020 5411 unum
3074 5355 3364 5412 habemus
3424 5357 3533 5428 qui
3593 5359 3806 5415 salvam

2156 5451 2367 5521 potest.
2429 5470 2454 5496 «
2512 5448 2652 5518 Spes
2703 5446 2861 5515 ejus.
2910 5445 2968 5499 in
3038 5442 3287 5500 Domino
3354 5445 3468 5499 Deo
3540 5446 3804 5518 ipsius:

2157 5539 2471 5592 Videamus
2505 5540 2621 5589 tres
2650 5535 2812 5606 pueri
2845 5533 2988 5605 quid
3035 5533 3230 5588 dicent
3259 5533 3318 5586 in
3351 5533 3601 5591 fornace
3638 5536 3801 5609 Baby-

2155 5627 2314 5684 lonia
2345 5643 2358 5684 :
2392 5625 2670 5698 quoniam
2721 5628 2886 5681 vocat
2931 5639 3029 5680 eos
3082 5621 3642 5686 Nabuchodonosor
3680 5642 3800 5687 rex:
