3992 6194
209 323 374 402 ιδρδ

1379 310 1878 373 BREVIARIUM
1923 310 2002 370 IN
2052 312 2197 371 PSA
2211 313 2444 375 LMOS.

3477 313 3504 371 1
3517 312 3634 371 326

215 455 343 510 Non
365 469 600 509 necesse
649 455 736 507 est
788 467 892 505 nos
940 449 1010 504 de
1040 447 1149 503 hoc
1179 447 1351 502 verbo
1411 445 1765 517 respondere
1797 443 1866 498 ti-
1899 445 1952 510 Α
1985 466 2011 494 ‹‹
2048 444 2152 499 Dat
2171 462 2375 526 escam
2408 445 2820 502 esurientibus.
2855 469 2882 496 ›>
2917 444 3321 502 Esurientibus
3350 445 3469 515 dat,
3517 460 3630 501 non

218 544 301 601 bi.
336 543 530 598 Potest
559 541 797 613 quidem
855 555 963 594 nos
1018 537 1171 592 Deus
1227 535 1474 590 liberare
1532 535 1602 588 de
1645 533 1874 588 fornace

219 631 466 690 ardenti.
497 631 606 686 Sed
639 630 833 686 sinon
881 625 1147 683 liberavit
1191 627 1346 688 scito,
1399 640 1519 691 rex,
1565 624 1699 694 quia
1731 625 1872 677 ima-

216 723 402 793 ginem
458 735 627 792 quam
682 716 1011 773 constituisti
1065 730 1174 768 non
1235 713 1536 769 adora-mus
1585 712 1744 784 (Dan.
1790 728 1873 778 ιιι,

222 811 330 881 18).
366 807 562 865 Videte
592 807 786 861 fidem.
821 803 1147 870 Credimus,
1199 802 1412 873 inquit,
1464 800 1620 872 quod
1665 799 1877 855 libera-

222 914 283 954 re
312 900 520 970 potest.
553 896 665 950 Sed
725 895 772 950 si
832 894 977 949 forte
1038 897 1274 964 peccata
1333 893 1536 946 nostra
1564 887 1877 960 prohibue-

223 987 376 1042 rint:
415 989 608 1040 tamen
641 983 938 1039 credimus
968 986 1027 1038 et
1054 981 1111 1035 in
1162 996 1298 1036 eum
1343 979 1444 1050 qui
1495 996 1612 1034 non
1669 976 1883 1033 vultli-

223 1077 445 1132 berare.
478 1074 606 1130 Non
650 1073 807 1130 enim
856 1071 1152 1127 credimus
1202 1070 1262 1124 in
1312 1068 1421 1123 hac
1471 1067 1607 1138 vita,
1667 1067 1769 1123 sed
1818 1067 1878 1122 in

224 1164 444 1220 futura.
479 1167 603 1220 Non
654 1165 961 1234 propterea
1003 1157 1299 1215 credimus
1335 1157 1394 1212 in
1446 1155 1636 1223 illum,
1687 1172 1758 1211 ne
1786 1155 1880 1211 hic

223 1255 574 1310 ardeamus:
611 1251 712 1307 sed
745 1266 816 1307 ne
848 1265 951 1322 per
978 1249 1094 1304 ista
1122 1246 1392 1303 incendia
1423 1246 1496 1302 ad
1543 1244 1658 1301 alia
1688 1249 1878 1301 trans-

227 1359 453 1400 eamus.
524 1341 774 1397 Incende
876 1337 1075 1410 igitur,
1182 1352 1442 1409 praepara
1541 1335 1878 1389 caminum:

227 1432 336 1488 iste
387 1431 579 1497 ardor,
625 1431 740 1485 ista
799 1427 1148 1489 combustio,
1207 1429 1406 1480 nostra
1438 1423 1705 1497 purgatio
1772 1428 1879 1478 est.

229 1543 256 1570 ‹‹
290 1519 505 1575 Beatus
531 1519 703 1590 cujus
751 1516 906 1572 Deus
953 1515 1135 1570 Jacob
1184 1514 1416 1584 adjutor
1438 1514 1585 1583 ejus.
1614 1535 1641 1560 »
1688 1511 1883 1569 Videte

229 1607 681 1680 significantiam
712 1607 1021 1661 verborum
1053 1625 1080 1652 «
1110 1603 1356 1673 Adjutor
1412 1603 1560 1672 ejus,
1598 1624 1623 1649 ››
1673 1606 1729 1655 et
1768 1617 1881 1655 non

229 1701 456 1771 poterat
483 1697 562 1752 ibi
597 1695 784 1751 ullum
819 1695 1056 1767 signum
1090 1693 1296 1759 facere,
1330 1696 1567 1763 prepter
1610 1690 1881 1745 incredu-

233 1787 455 1843 litatem
481 1802 681 1842 eorum
705 1784 916 1856 (Matth.
967 1800 1092 1849 xm,
1137 1780 1456 1880 58).“Deus
1508 1780 1740 1880 adiutor
1781 1794 1880 1880 no-
1912 1815 1962 1880 Β

235 1880 354 1931 ster
383 1878 490 1941 est,
523 1873 795 1929 Volentes
820 1878 878 1928 et
908 1871 1238 1926 laborantes
1272 1869 1495 1935 liberat,
1529 1873 1585 1923 et
1629 1867 1880 1924 collabo-

234 1968 353 2019 rat:
407 1963 788 2030 dormientes,
847 1966 904 2017 et
954 1964 1234 2026 tacentes,
1295 1963 1351 2014 et
1418 1957 1706 2023 nolentes,
1766 1973 1880 2012 non

235 2052 461 2109 liberat.
496 2076 523 2103 «
556 2057 698 2124 Spes
728 2051 856 2121 ejus
886 2050 946 2105 in
983 2048 1225 2104 Domino
1256 2047 1371 2102 Deo
1408 2046 1614 2121 ipsius.
1652 2068 1679 2094 ››
1712 2045 1882 2116 Egre-

233 2143 326 2214 gie
358 2141 519 2210 dixit,
576 2157 717 2213 spes.
750 2139 869 2194 Etsi
930 2139 988 2191 in
1040 2135 1312 2208 praesenti
1363 2151 1477 2189 non
1523 2133 1753 2200 liberat,
1799 2138 1884 2188 ta-

235 2246 370 2286 men
402 2246 536 2301 spes
567 2230 638 2284 de
673 2229 869 2284 futuro
896 2233 1000 2282 est.
1036 2248 1062 2274 ‹‹
1104 2223 1213 2290 Qui
1264 2223 1399 2279 fecit
1443 2221 1655 2278 coelum
1686 2227 1743 2278 et
1772 2227 1885 2282 ter-

235 2335 381 2375 ram.
416 2339 444 2367 ››
479 2319 591 2373 lste
620 2317 775 2373 Deus
807 2314 907 2387 qui
935 2313 1069 2370 fecit
1098 2311 1310 2368 coelum
1334 2317 1387 2367 et
1410 2317 1648 2379 terram,
1675 2334 1702 2362 «
1729 2326 1887 2367 mare

234 2413 290 2462 et
318 2406 517 2462 omnia
547 2422 676 2478 quae
735 2405 792 2460 in
844 2403 928 2460 eis
975 2406 1134 2458 sunt.
1181 2424 1207 2450 ››
1261 2401 1342 2456 Ad
1394 2400 1887 2472 comparationem

235 2495 387 2561 coeli,
417 2501 475 2552 et
506 2503 690 2562 terrai,
724 2499 782 2549 et
824 2492 1026 2560 maris,
1079 2507 1185 2546 nos
1245 2490 1514 2546 homines
1563 2489 1890 2545 secundum

237 2584 630 2641 conditionem
658 2582 872 2649 carnis,
923 2581 1008 2638 sic
1060 2596 1269 2635 sumus
1328 2578 1497 2651 quasi
1554 2578 1806 2634 formicae
1836 2582 1893 2632 et

240 2672 481 2745 pulices.
544 2673 651 2738 Qui
694 2687 830 2743 ergo
870 2669 1092 2746 caelum
1141 2669 1277 2724 fecit
1323 2672 1380 2723 et
1424 2672 1662 2731 terram,
1703 2665 1892 2722 homi-

244 2777 376 2817 nem
410 2777 525 2816 non
559 2764 748 2832 potest
779 2759 1024 2814 liberare
1054 2773 1229 2828 quem
1262 2756 1399 2812 fecit
1420 2757 1447 2810 ‘t

321 2870 344 2898 ι
377 2849 485 2914 Qui
517 2848 774 2904 custodit
819 2845 1126 2902 veritatem
1182 2846 1242 2901 in
1302 2843 1604 2901 saeculum.
1639 2866 1666 2895 »
1699 2845 1757 2899 Si
1788 2860 1895 2899 nos

246 2936 527 3010 opprimit
555 2934 951 3002 mendacium,
983 2950 1099 2989 non
1146 2933 1581 2988 contristemur.
1630 2931 1898 2988 Custodit

252 3024 533 3084 Dominus
561 3025 864 3079 veritatem
895 3021 954 3076 in
987 3020 1290 3077 saeculum.
1342 3020 1549 3078 Nescio
1597 3020 1730 3092 quis
1761 3036 1895 3075 con-

249 3120 340 3171 tra
367 3130 477 3172 nos
506 3112 787 3169 mentitus
817 3114 926 3176 est,
960 3115 1017 3165 et
1059 3109 1248 3182 magis
1299 3108 1381 3164 illi
1436 3109 1694 3165 creditur
1734 3125 1897 3164 men-

1984 536 2404 590 eructantibus.
2437 535 2542 599 Qui
2574 551 2710 608 ergo
2747 552 2861 592 non
2892 535 3069 592 habet
3105 534 3449 603 monachus,
3495 550 3632 590 con-

1985 623 2232 678 fidenter
2261 624 2524 696 accipiat.
2581 625 2690 688 Qui
2738 624 2913 681 habet
2959 629 3018 680 et
3065 628 3335 680 eructans
3365 628 3475 693 est,
3515 638 3628 680 non

1986 712 2251 784 accipiat.
2283 713 2409 768 Seis
2440 713 2579 785 quia
2607 713 2834 770 esuris:
2889 712 3005 769 scis
3057 712 3192 785 quia
3247 730 3363 770 non
3408 711 3630 769 habes:

1987 802 2033 857 si
2064 802 2363 870 esurieris,
2395 807 2453 858 et
2482 819 2596 858 non
2630 802 2850 858 habes:
2884 801 3075 875 magis
3105 801 3211 859 das
3259 800 3630 870 beneficium,

1988 890 2034 944 si
2069 891 2322 963 accipias
2352 892 2505 963 quod
2537 890 2818 947 tribuitur
2858 891 2985 946 tibi.
3033 891 3093 947 Si
3142 895 3338 946 autem
3369 889 3550 947 habes
3578 893 3637 946 et

1989 996 2103 1035 non
2135 980 2348 1047 esuris,
2380 996 2494 1035 non
2528 981 2705 1037 debes
2747 980 2944 1035 cibum
2992 979 3378 1036 esurientium
3409 977 3633 1047 tollere,

1989 1073 2046 1124 et
2094 1069 2354 1141 accipere
2412 1073 2734 1125 saturatus.
2790 1069 3002 1141 Accipe
3051 1069 3206 1141 quod
3259 1067 3320 1124 in
3378 1072 3637 1126 ventrem

1990 1157 2213 1225 mittas,
2244 1175 2359 1214 non
2416 1158 2571 1230 quod
2625 1157 2685 1212 in
2743 1157 3067 1214 saeculum:
3128 1157 3324 1229 accipe
3374 1155 3638 1213 tunicam

1991 1262 2118 1318 quae
2150 1262 2358 1318 corpus
2388 1250 2564 1319 tegat,
2619 1263 2735 1302 non
2781 1263 2908 1317 quae
2940 1262 3103 1302 arcas
3157 1244 3416 1317 impleat.
3452 1269 3480 1295 «
3531 1244 3642 1301 Dat

1990 1351 2182 1391 escam
2240 1335 2658 1391 esurientibus.
2716 1357 2744 1384 »
2804 1335 2921 1391 Hoc
2974 1335 3302 1391 secundum
3358 1333 3637 1390 litteram.

1991 1423 2268 1479 Dicamus
2319 1429 2374 1479 et
2429 1423 2632 1480 aliter:
2667 1423 3012 1480 Esuriamus
3059 1422 3379 1494 Christum,
3432 1427 3490 1479 et
3514 1422 3641 1494 ipse

1993 1513 2161 1569 nobis
2193 1513 2293 1569 dat
2319 1513 2613 1569 caelestem
2649 1530 2878 1586 panem.
2931 1514 3134 1569 Panem
3177 1522 3430 1569 nostrum
3458 1514 3639 1584 quoti-

1989 1603 2219 1657 dianum
2273 1602 2344 1656 da
2402 1603 2560 1658 nobis
2611 1602 2768 1658 hodie
2823 1603 3032 1674 (Matth.
3093 1620 3168 1673 v1,
3227 1603 3336 1673 it).
3382 1601 3497 1657 Hoc
3537 1601 3640 1672 qui

1992 1691 2218 1757 dicunt,
2249 1691 2537 1746 esuriunt.
2569 1691 2676 1757 Qui
2707 1707 2920 1764 panem
2951 1692 3308 1760 desiderant,
3352 1691 3640 1748 esuriunt.

1992 1779 2100 1843 Qui
2133 1779 2294 1844 dicit,
2328 1779 2541 1836 Panem
2575 1785 2841 1836 nostrum
2890 1781 3298 1853 quotidianum
3353 1782 3428 1836 da
3473 1780 3644 1836 nobis

1939 1867 1961 1912 .'
1997 1867 2190 1936 hodie,
2231 1869 2434 1940 utique
2485 1869 2751 1924 esuriens
2788 1869 3065 1940 loquitur.
3119 1869 3230 1925 Dat
3283 1885 3479 1925 escam
3508 1885 3640 1925 esu-

1994 1956 2298 2012 rientibus.
2334 1957 2504 2012 Putat
2537 1957 2773 2028 aliquis,
2806 1957 2962 2028 quod
2996 1973 3206 2029 panem
3246 1957 3541 2014 ccelestem
3571 1958 3645 2014 de

1994 2046 2288 2119 mysteriis
2319 2045 2491 2101 dicat.
2527 2047 2595 2101 Et
2625 2045 2735 2101 hoc
2785 2046 3026 2118 quidem
3075 2046 3398 2118 accipimus
3421 2049 3464 2113 ¹,
3503 2046 3644 2118 quia

1993 2152 2125 2191 vere
2151 2151 2282 2190 caro
2312 2134 2526 2191 Christi
2557 2139 2666 2207 est,
2715 2139 2774 2191 et
2818 2151 2949 2190 vere
2996 2135 3239 2208 sanguis
3286 2133 3504 2191 Christi
3534 2139 3641 2191 est.

1995 2226 2280 2280 Caeterum
2311 2223 2579 2280 dicamus
2610 2228 2667 2279 et
2697 2223 2884 2279 aliter.
2917 2223 3091 2280 Panis
3140 2222 3351 2280 Christi
3411 2227 3470 2281 et
3508 2241 3642 2280 caro

1997 2314 2125 2383 ejus
2156 2329 2347 2369 sermo
2379 2313 2615 2368 divinus
2643 2316 2735 2368 est
2764 2316 2820 2368 et
2868 2312 3134 2369 doctrina
3186 2311 3459 2370 caelestis.
3505 2313 3644 2377 Qui-

2001 2417 2231 2474 cunque
2293 2417 2503 2473 panem
2582 2400 2760 2456 istum
2841 2400 3146 2474 acceperit,
3231 2405 3289 2459 et
3343 2405 3646 2458 saturatus

2002 2489 2196 2556 fuerit,
2230 2490 2371 2562 quid
2405 2489 2549 2545 ﬁet?
2579 2489 2726 2556 Quid
2748 2490 2776 2544 ‘I

2079 2601 2108 2629 «
2138 2577 2425 2635 Dominus
2454 2577 2628 2635 solvit
2657 2579 3036 2651 compeditos.
3075 2601 3096 2628 ι
3131 2579 3191 2634 Si
3239 2579 3502 2636 animam
3541 2595 3651 2635 no-

2003 2672 2190 2724 stram
2223 2667 2332 2723 iste
2362 2667 2531 2739 panis
2563 2667 2846 2738 refecerit,
2895 2667 3005 2723 hoc
3055 2671 3144 2723 est
3191 2684 3384 2724 sermo
3413 2667 3651 2724 divinus

2004 2760 2062 2811 et
2091 2756 2360 2812 doctrina
2381 2754 2670 2812 caelestis:
2707 2755 2905 2811 statim
2937 2756 3113 2828 pedes
3144 2757 3351 2821 nostri,
3402 2757 3504 2828 qui
3535 2755 3652 2812 col-

2005 2845 2169 2918 ligati
2199 2845 2451 2912 tuerant,
2484 2843 2809 2900 solvuntur.
2865 2845 3129 2900 Dominus
3175 2845 3335 2901 soluit
3370 2845 3654 2917 compedi-

2007 2943 2105 2990 tos.
2139 2933 2205 2989 Et
2237 2933 2486 2989 Lazarus
2513 2933 2732 3006 ligatus
2771 2939 2914 3004 erat,
2960 2938 3018 2991 et
3065 2934 3246 2990 dixit:
3280 2933 3480 2990 Solvite
3529 2950 3657 2990 eum

2008 3024 2185 3093 (Joan.
2217 3039 2297 3088 xx,
2329 3022 2440 3092 44).
2481 3043 2508 3074 ι
2551 3020 2833 3077 Dominus
2876 3020 3047 3078 solvit
3093 3022 3475 3095 compeditos.
3509 3044 3538 3073 »
3587 3022 3658 3077 Et

2009 3111 2129 3167 filia
2155 3111 2449 3167 Abraham
2481 3127 2607 3183 quae
2638 3111 2839 3167 decem
2871 3115 2929 3168 et
2957 3116 3083 3168 octo
3121 3128 3308 3168 annos
3356 3113 3657 3168 incurvata

249 3202 438 3271 tienti,
475 3218 652 3274 quam
686 3201 854 3258 nobis
901 3215 1100 3256 verum
1151 3181 1501 3254 dicentibus.
1552 3197 1678 3254 Non
1720 3197 1896 3254 debe-
1927 3181 1970 3249 C
2009 3201 2198 3257 fuerat
2234 3205 2292 3256 et
2341 3181 2556 3269 vincta,
2603 3199 2866 3271 solvitur,
2918 3205 2974 3256 et
3020 3201 3080 3257 in
3138 3200 3348 3258 celum
3397 3199 3654 3274 respicit.

251 3309 387 3348 mus
434 3292 763 3363 desperare.
815 3289 1081 3345 Custodit
1128 3288 1412 3344 Dominus
1469 3288 1773 3343 veritatem
1840 3287 1898 3343 in

253 3379 553 3436 saaculum.
587 3377 835 3435 Pulchre
883 3377 1049 3442 dixit,
1098 3376 1352 3434 custodit.
1403 3377 1669 3432 Custodit
1714 3375 1901 3443 illam,

252 3472 310 3524 et
338 3468 513 3524 habet
569 3467 628 3522 in
660 3467 935 3524 thesauro
967 3482 1112 3523 suo:
1147 3465 1351 3522 reddet
1380 3465 1550 3522 nobis
1583 3466 1736 3538 quod
1778 3481 1903 3520 ser-

253 3557 423 3614 vavit.
461 3579 488 3606 «
550 3555 657 3622 Qui
713 3555 970 3612 custodit
1028 3555 1332 3612 veritatem
1403 3554 1462 3609 in
1531 3553 1829 3611 saeculum.
1874 3575 1902 3603 ››

253 3646 519 3719 Christus
549 3650 639 3702 est
667 3645 900 3714 veritas,
959 3643 1278 3702 Veritatem
1336 3643 1668 3716 loquamur,
1727 3648 1783 3699 et
1811 3659 1904 3698 ve-

257 3734 401 3790 ritas
431 3733 602 3789 nobis
633 3737 825 3788 servat
851 3733 1177 3790 veritatem.
1213 3754 1241 3782 ‹‹
1294 3733 1454 3789 Facit
1492 3731 1785 3803 judicium
1817 3732 1905 3786 in-

249 3821 474 3894 juriam
508 3821 866 3892 patentibus.
900 3842 928 3871 »
981 3821 1226 3876 Etiamsi
1277 3820 1613 3888 tardaverit,
1661 3837 1776 3875 non
1808 3819 1908 3874 de-

260 3926 480 3983 speres.
516 3909 770 3964 Veniens
789 3909 998 3977 veniet,
1022 3914 1078 3965 et
1099 3908 1366 3965 salvabit.
1392 3932 1419 3959 «
1446 3909 1601 3966 Facit
1615 3908 1908 3980 judicium

261 3997 540 4069 injuriam
593 3997 976 4069 patientibus.
1010 4018 1038 4046 »
1091 3997 1208 4052 Hoc
1252 3997 1444 4052 solum
1497 3997 1574 4053 sit
1622 3997 1678 4052 in
1710 4002 1913 4052 nostra

261 4085 639 4153 conscientia,
689 4086 829 4159 quia
877 4086 1040 4157 juste
1088 4085 1366 4158 patimur.
1427 4085 1546 4142 Hoc
1589 4085 1911 4143 habeamus

262 4176 323 4232 in
370 4174 746 4246 conscientia,
797 4175 937 4246 quia
993 4191 1100 4231 nos
1158 4180 1392 4247 propter
1448 4178 1685 4248 peccata
1713 4179 1915 4231 nostra

263 4263 543 4336 patimur,
576 4269 635 4319 et
664 4281 779 4320 non
812 4264 1061 4320 facimus
1095 4262 1240 4320 illud
1274 4281 1378 4336 pro
1431 4281 1546 4337 quo
1588 4265 1913 4338 arguimur_

261 4375 297 4427 Δ‹‹
328 4353 437 4407 Dat
467 4367 660 4407 escam
691 4352 1108 4408 esurientibus.
1148 4375 1174 4401 »
1207 4352 1275 4408 Et
1301 4354 1626 4409 secundum
1658 4353 1914 4409 litteram

265 4439 533 4506 aedificat,
566 4443 622 4494 et
652 4438 701 4492 si
731 4438 1077 4510 simpliciter
1107 4439 1486 4512 intelligatur,
1521 4440 1770 4497 aediﬁcat
1812 4458 1918 4497 au-

261 4516 544 4584 dientem.
579 4527 868 4600 Respicite
897 4526 1155 4582 volatilia
1183 4525 1309 4582 cmli
1335 4548 1348 4597 ;
1383 4528 1523 4600 quia
1545 4545 1661 4584 non
1690 4535 1916 4598 serunt,

267 4633 456 4690 neque
488 4621 738 4683 metunt,
765 4620 822 4672 et
850 4615 1018 4672 Pater
1062 4620 1254 4672 vester
1273 4615 1525 4672 ccelestis
1572 4618 1757 4689 pascit
1797 4617 1915 4674 illa.

344 4746 360 4778 ί
395 4746 580 4798 Locus
603 4740 853 4813 insignis
869 4741 941 4813 ad
974 4739 1274 4797 veritatem
1316 4742 1575 4813 corporis
1613 4742 1826 4798 Christi
1859 4743 1919 4798 in

267 4813 550 4886 mysterio
571 4812 972 4886 Eucharistize
1002 4812 1501 4886 comprobandum
1548 4828 1617 4868 ex
1645 4813 1919 4886 vetustis-

275 4883 425 4940 simo
483 4890 717 4940 auctore
773 4883 1186 4939 ecclesiastico.
1242 4883 1516 4948 Quamvis
1579 4885 1735 4939 enim
1793 4902 1920 4940 eam

271 4956 448 5026 plane
496 4956 904 5011 demonstrent
952 4954 1236 5010 editiones
1287 4955 1512 5010 Erasmi
1564 4960 1621 5010 et
1652 4956 1920 5022 Mariani,

277 5027 377 5082 ubi
408 5026 517 5082 hoc
549 5027 720 5082 modo
753 5027 1024 5098 legimus,
1057 5028 1188 5098 quia
1216 5042 1342 5082 vera
1389 5043 1516 5081 caro
1575 5026 1788 5082 Christi
1822 5032 1922 5083 est.

279 5098 552 5171 Caeterum
581 5098 851 5171 dicamus,
882 5102 1016 5167 etc.,
1046 5098 1270 5171 auctior
1293 5103 1488 5171 tamen
1520 5103 1611 5171 est
1640 5115 1707 5155 ac
1736 5100 1926 5171 magis

279 5170 566 5244 explicata
613 5169 780 5244 lectio
832 5168 1245 5244 manuscripti
1280 5169 1498 5244 codicis
1560 5168 1928 5244 Corbeiensis

282 5239 496 5307 n.134,
530 5240 1029 5314 qui_completitur
1052 5239 1470 5314 expositionem
1501 5241 1928 5314 quinquaginta

281 5317 340 5366 et
370 5317 499 5366 octo
531 5311 914 5384 psalmorum,
962 5311 1141 5384 quam
1168 5312 1450 5384 imaxima
1507 5311 1680 5384 parte
1701 5311 1930 5368 in'suos

282 5381 731 5438 commentarios
750 5381 1132 5456 transcripsit
1159 5383 1341 5456 falsus
1382 5381 1522 5438 iste'
1545 5384 1930 5456 Hieronymus

281 5456 539 5524 veterum
572 5451 938 5524 compilator,
973 5451 1037 5509 ut
1069 5470 1201 5508 mox
1231 5454 1498 5510 dicturus
1547 5471 1678 5510 sum
1736 5451 1794 5510 in
1827 5456 1929 5510 ad-

284 5523 601 5605 monitione
633 5523 892 5605 prbxime
940 5525 1202 5605 sequenti
1257 5529 1775 5605 ppstrzesentem
1828 5527 1931 5605 Es-

281 5594 702 5672 planatiopem,
736 5611 838 5672 seu
873 5594 1230 5672 Breviarium
1257 5594 1335 5652 'S.
1372 5594 1722 5672 Hieronymo
1750 5598 1932 5672 ascri-

285 5665 474 5746 ptum.
535 5665 717 5744 Igitur
773 5667 831 5724 in
894 5666 1234 5743 supradicto
1295 5684 1405 5725 ms.
1467 5665 1766 5726 Corbiensi
1817 5669 1936 5728 huic

2009 3293 2160 3360 (Luc.
2210 3307 2332 3361 xm,
2380 3291 2490 3362 16).
2540 3289 2742 3346 Videte
2786 3290 2928 3361 quid
2977 3290 3057 3345 ibi
3108 3291 3325 3346 dicitur
3372 3291 3434 3347 in
3481 3290 3660 3346 Evan-

2010 3379 2161 3452 gelio
2187 3395 2199 3434 :
2235 3384 2386 3446 Ecce,
2419 3378 2633 3451 inquit,
2665 3379 2922 3451 quaedam
2949 3383 3067 3434 erat
3099 3379 3300 3434 mulier
3337 3393 3464 3451 qua
3490 3379 3659 3451 spiri-

2013 3477 2127 3524 tum
2180 3468 2528 3538 inﬁrmitatis
2585 3467 2813 3523 habebat
2868 3467 3052 3524 decem
3105 3471 3156 3524 et
3210 3477 3324 3524 octo
3379 3470 3564 3536 annis,
3605 3473 3663 3524 et

2013 3574 2122 3613 non
2143 3558 2372 3628 poterat,
2404 3555 2619 3628 inquit,
2643 3557 2858 3613 elevare
2877 3558 3139 3613 cervicem
3177 3556 3342 3628 (Ibid.
3374 3556 3485 3629 ll).
3517 3557 3666 3622 Quo-

2017 3647 2174 3701 niam
2208 3644 2480 3717 spiritum
2510 3644 2872 3702 infirmitatis
2900 3645 3174 3714 habebat,
3225 3646 3506 3703 cervicem
3537 3661 3666 3701 sur-

2016 3751 2150 3791 sum
2180 3733 2369 3790 levare
2401 3749 2516 3789 non
2549 3738 2795 3806 poterat.
2829 3757 2858 3785 «
2912 3733 3192 3791 Dominus
3239 3734 3412 3792 solvit
3440 3749 3670 3806 compe-

2018 3822 2192 3879 ditos.
2217 3845 2238 3874 ι
2278 3821 2392 3894 Ipsi
2427 3827 2568 3878 sunt
2587 3823 2898 3895 compedes
2921 3839 3047 3895 quae
3070 3827 3346 3896 etopera:
3374 3822 3670 3895 siquidem

2018 3911 2222 3968 eadem
2250 3915 2505 3984 peccata,
2529 3927 2654 3983 qua;
2673 3911 2922 3968 cervices
2945 3917 3176 3969 nostras
3193 3913 3511 3984 excipiunt,
3529 3915 3587 3966 et
3605 3910 3675 3965 li-

2020 4005 2161 4073 gant
2183 4000 2378 4072 pedes.
2406 4000 2748 4072 Quicunque
2768 4001 3132 4072 compeditus
3154 4005 3262 4068 est,
3291 4015 3523 4055 currere
3553 4013 3670 4054 non

2022 4093 2234 4162 potest.
2258 4089 2600 4161 Quicunque
2621 4089 2985 4161 compeditus
3007 4094 3115 4159 est,
3138 4088 3198 4145 in
3229 4088 3418 4144 stadio
3452 4087 3672 4143 Christi

2023 4193 2256 4233 currere
2287 4193 2401 4232 non
2435 4181 2647 4248 potest.
2679 4176 3122 4248 Praegravantur
3139 4175 3297 4230 enim
3321 4172 3498 4247 pedes
3519 4189 3673 4231 com-

2026 4266 2298 4339 pedibus,
2331 4269 2387 4319 et
2415 4269 2763 4336 premuntur
2789 4264 2850 4318 in
2898 4269 3076 4332 terra,
3106 4268 3164 4320 et
3209 4264 3584 4336 conﬁgantur
3612 4263 3673 4318 in

2027 4361 2202 4410 terra.
2239 4373 2267 4404 ε
2301 4351 2583 4408 Dominus
2615 4351 2784 4408 solvit
2816 4351 3198 4426 compeditos.
3233 4372 3254 4402 α
3288 4352 3492 4410 Videte
3520 4352 3674 4408 ordi-

2029 4459 2184 4499 nem.
2208 4463 2234 4495 ι
2251 4441 2360 4496 Dat
2372 4457 2567 4497 escam
2589 4441 3006 4497 esurientibus.
3026 4465 3053 4492 ››
3072 4440 3330 4498 Primum
3351 4441 3674 4498 esurimus:

1951 4551 1996 4616 Β
2029 4532 2239 4588 deinde
2269 4531 2593 4602 accipimus
2625 4529 2842 4586 cibum.
2879 4535 3022 4586 Cum
3053 4535 3249 4588 autem
3277 4530 3524 4588 saturati
3553 4529 3676 4585 fue-

2030 4622 2239 4688 rimus,
2271 4619 2578 4676 solvuntur
2607 4620 2784 4693 pedes
2814 4620 3021 4692 nostri,
3054 4621 3155 4693 qui
3203 4619 3518 4692 compediti
3548 4618 3672 4675 fue-

2029 4747 2326 4819 leguntur,
2351 4749 2414 4802 ει
2444 4745 2558 4801 hec
2585 4746 2805 4816 quidem
2832 4747 3152 4818 accipimus,
3195 4762 3330 4811 ρυιΑ
3359 4761 3499 4819 vana
3540 4761 3682 4801 cano

2028 4817 2257 4874 Clints'rt
2287 4833 2406 4887 ss'r,
2440 4826 2491 4873 et
2547 4833 2688 4873 vsa;
2743 4817 2972 4873 SANGUIS
3000 4821 3226 4873 CHRISTI
3271 4833 3372 4872 ns'r
3419 4817 3684 4873 Caeterum

2029 4890 2298 4956 dicamus,
2351 4896 2460 4944 etc.
2511 4890 2644 4953 Quae
2693 4889 2949 4960 profecto
3005 4889 3386 4945 invictissime
3435 4888 3682 4960 demon-

2035 4966 2225 5016 strant
2253 4960 2600 5032 Christianis
2630 4959 2822 5030 quarti
2854 4960 3051 5015 saeculi
3108 4975 3456 5032 persuasum
3503 4959 3684 5032 fuisse

2034 5032 2294 5104 omnino,
2328 5047 2531 5104 verum
2561 5031 2774 5104 Christi
2823 5047 3036 5104 corpus
3087 5031 3142 5086 et
3185 5048 3386 5086 verum
3441 5031 3682 5104 sangui-

2035 5119 2168 5158 nem
2197 5103 2256 5156 in
2289 5103 2564 5171 mysterio
2591 5102 2965 5158 Eucharistiaa
3012 5106 3377 5170 contentum,
3425 5102 3594 5159 nobis
3622 5103 3682 5156 in

2036 5174 2231 5248 cibum
2265 5178 2322 5228 et
2340 5179 2541 5248 potum
2563 5175 2938 5248 datumgesse,
2961 5180 3020 5230 et
3043 5179 3346 5248 sumptum
3385 5175 3498 5248 sub
3529 5191 3684 5248 sym-

2037 5243 2188 5301 bolis
2244 5243 2412 5315 panis
2465 5250 2522 5300 et
2578 5245 2716 5301 vini.
2779 5245 2960 5301 ΜΑιιτ.
2996 5276 3062 5287 -
3115 5243 3355 5302 Véteres
3402 5243 3687 5302 editiones

2039 5316 2289 5371 alterum
2317 5332 2568 5389 comma,
2594 5324 2644 5389 et
2673 5332 2795 5389 vere
2823 5319 3052 5385 sanguis
3083 5315 3290 5373 Christi
3315 5321 3412 5389 est,
3437 5315 3688 5374 solemni

2039 5389 2364 5442 scribarum
2398 5387 2562 5513 la‘tpsu
2598 5388 2670 5442 ob
2700 5388 2964 5457 ejusdem
2997 5389 3155 5444 verbi
3188 5387 3488 5445 recursum
3539 5405 3687 5461 pra:-

2045 5459 2396 5513 termittunt.
2432 5481 2445 5513 ι
2489 5460 2821 5513 artianzeus.
2854 5460 2952 5513 nui
2987 5459 3177 5513 locum
3201 5479 3230 5513 e
3258 5477 3367 5513 ms.
3390 5460 3687 5513 Corbeien-

2045 5459 2396 5514 termittunt.
2431 5459 2821 5524 Martianzeus,
2854 5460 2952 5530 qui
2987 5459 3177 5514 locum
3201 5479 3230 5517 e
3258 5477 3367 5527 ms,
3390 5459 3691 5530 Corbeien-

2043 5530 2089 5584 si
2124 5529 2400 5603 restituit,
2486 5530 2874 5603 animadverti
2933 5537 3182 5602 paeterea
3230 5533 3404 5603 jubet
3460 5529 3690 5603 insigne

2045 5601 2446 5677 testimonium
2480 5601 2550 5656 ad
2584 5602 2885 5677 veritatem
2919 5600 3207 5677 reorporis
3233 5600 3463 5658 'Cbristi
3497 5600 3556 5658 in
3588 5600 3689 5658 eu-

2047 5671 2326 5730 charistia
2354 5674 2870 5747 comprobandam.
