3992 6194
363 335 518 396 i327
1855 333 2278 397 APPENDIX.
3612 341 3765 402 i328

359 474 511 524 rant.
545 467 691 523 Cum
719 471 914 524 autem
946 466 1247 523 ambulare
1293 466 1573 538 coeperint
1618 466 1821 533 libere,
1859 466 1999 537 quid
2032 469 2086 535 Α
2117 474 2325 542 regnat
2356 471 2414 524 in
2449 486 2562 527 me.
2597 471 2660 526 in
2690 487 3042 544 quocunque
3087 475 3323 544 peccato
3372 469 3760 541 ambulavero,

359 554 674 634 sequitur?
719 579 747 606 «
796 555 1081 612 Dominus
1126 555 1423 612 illuminat
1469 571 1670 611 caecos.
1719 577 1740 606 ι
1803 555 2005 611 Videte
2118 555 2176 610 in
2223 557 2318 611 via
2366 557 2585 613 diaboli
2634 557 2917 636 ambulo:
2967 557 3236 614 Christus
3293 575 3412 614 non
3462 565 3667 630 regnat
3707 560 3764 614 in

359 643 502 716 quid
529 644 708 704 dicit:
737 644 796 699 Si
826 645 897 700 de
923 644 1092 700 caecis
1124 643 1254 700 istis
1284 642 1638 716 loqueretur,
1685 643 1888 698 debuit
1916 643 2004 698 di-
2117 660 2229 700 me.
2291 650 2449 704 Mens
2499 663 2630 702 mea
2676 664 2826 704 vana
2871 652 2982 715 est,
3028 647 3089 702 in
3136 647 3368 703 diversa
3395 646 3762 705 distrahitur.

358 750 488 791 cere
517 751 529 790 :
557 758 585 785 «
620 733 906 790 Dominus
936 732 1228 789 illuminat
1257 748 1456 790 caecos.
1494 754 1522 782 »
1552 732 1662 788 Sed
1715 749 1828 788 non
1859 731 2006 787 dixit
2116 734 2180 788 In
2212 750 2328 790 uno
2360 733 2483 792 loco
2513 752 2669 807 sum,
2701 740 2758 792 et
2787 752 2958 791 mens
3006 751 3138 792 mea
3183 753 3287 809 per
3340 740 3530 792 totum
3573 738 3766 794 orbem

359 824 488 892 hoc,
507 821 608 886 sed
630 823 952 879 secundum
972 821 1312 878 HebraiCam
1337 826 1392 878 et
1412 821 1671 877 Graecam
1702 821 2000 877 veritatem
2112 827 2374 894 vagatur.
2409 823 2657 897 Angelos
2687 824 2947 880 mundus
2977 823 3149 897 capit,
3183 839 3350 897 reges
3397 823 3577 897 capit,
3611 842 3765 882 exer-

360 909 503 987 quid
560 910 752 966 dixit?
803 934 823 961 ι
874 910 1160 967 Dominus
1203 911 1495 984 sapientes
1551 911 1688 966 facit
1736 926 1937 966 cacas.
1974 933 2001 960 »

357 1001 419 1057 Si
450 1000 522 1056 de
552 1000 682 1055 istis
711 999 896 1055 oculis
914 999 1254 1072 loqueretur
1281 1000 1496 1068 carnis,
1543 999 1744 1054 debuit
1773 999 1999 1054 dicere:

358 1113 387 1141 «
421 1089 701 1148 Dominus
731 1087 1032 1146 illuminat
1079 1104 1276 1145 caecos.
1313 1111 1342 1139 »
1390 1089 1557 1144 Nunc
1603 1104 1738 1144 vero
1769 1087 2001 1158 dicitur,

361 1200 389 1228 «
443 1177 724 1234 Dominus
770 1177 1063 1251 sapientes
1106 1177 1243 1233 facit
1289 1193 1490 1234 ciecos.
1539 1198 1568 1228 »
1619 1177 1680 1232 Si
1724 1179 1868 1242 caeci,
1910 1177 2000 1232 in-

357 1268 505 1342 quit,
571 1269 778 1337 essetis,
842 1275 1126 1339 peccatum
1187 1282 1298 1322 non
1373 1266 1660 1322 haberetis.
1737 1268 1846 1322 Cor
1907 1283 2001 1321 no-

356 1362 546 1416 strum
579 1357 934 1414 obcaecatum
983 1361 1072 1412 est
1117 1355 1374 1412 tenebris
1426 1361 1818 1428 peccatorum.
1853 1355 2000 1412 Insi-

356 1445 576 1519 pientia
635 1451 692 1501 et
741 1443 994 1501 stultitia
1051 1445 1301 1500 tenebras
1359 1461 1474 1500 non
1531 1443 1856 1511 oculorum,
1898 1443 2002 1498 sed

355 1545 588 1596 morum
619 1539 778 1589 sunt.
828 1538 971 1588 Cum
1019 1549 1155 1608 ergo
1204 1533 1528 1588 esurientes
1579 1532 1772 1589 refecti
1823 1532 2000 1587 tueri-

356 1639 512 1691 mus,
537 1629 594 1679 et
614 1625 791 1696 pedes
811 1622 996 1686 nostri
1016 1621 1244 1676 liberati
1269 1621 1479 1677 fuerint
1505 1638 1518 1676 :
1545 1626 1684 1676 tunc
1720 1621 2002 1692 incipient

353 1717 410 1769 et
429 1711 582 1768 oculi
607 1711 801 1766 cordis
821 1709 1008 1767 nostri
1033 1709 1227 1764 videre
1265 1707 1465 1765 lumen
1497 1709 1653 1780 quod
1684 1706 1998 1780 aliquando

2113 910 2264 968 citus
2290 912 2463 985 capit,
2498 913 2852 970 monachum
2886 929 3069 968 unum
3119 929 3232 969 non
3281 913 3460 986 capit.
3517 913 3639 970 Hoc
3681 921 3770 971 to-

2109 1005 2237 1056 tum
2296 1018 2475 1074 quare
2534 1003 2716 1057 dico?
2772 1003 3014 1075 Propter
3061 1018 3160 1058 eos
3208 1003 3311 1074 qui
3364 1003 3423 1058 in
3477 1007 3604 1060 toto
3635 1006 3765 1061 orbe

2109 1094 2415 1161 vagantur,
2485 1095 2542 1147 et
2608 1091 2666 1147 in
2733 1108 2849 1147 uno
2915 1091 3039 1146 loco
3099 1092 3300 1146 sedere
3349 1108 3468 1148 non
3501 1099 3771 1164 possunt.

2113 1199 2142 1227 «
2194 1178 2347 1234 Deus
2397 1184 2554 1245 tuus,
2604 1179 2764 1246 Sion,
2817 1178 2874 1236 in
2921 1179 3293 1252 generatione
3342 1185 3397 1234 et
3438 1183 3770 1252 generatio-

2113 1282 2267 1322 nem.
2306 1290 2326 1314 ι
2369 1291 2389 1316 α
2424 1267 2579 1323 Deus
2627 1272 2787 1322 tuus.
2840 1267 2999 1323 Sion.
3034 1290 3063 1317 ››
3110 1268 3470 1341 Frequenter
3511 1269 3772 1327 diximus

2109 1355 2248 1410 Sion
2278 1357 2553 1427 speculam
2582 1361 2685 1411 aut
2714 1356 3032 1413 Ecclesiam
3064 1357 3457 1428 interpretari,
3511 1363 3623 1412 aut
3652 1360 3769 1414 ani-

2111 1459 2269 1500 mam
2301 1445 2799 1517 contemplantem
2829 1450 3034 1501 Deum.
3073 1469 3092 1494 ι
3135 1446 3282 1504 Deus
3304 1450 3471 1514 tuus,
3524 1446 3677 1502 Sion
3720 1449 3771 1502 in

2109 1533 2481 1604 generatione
2509 1539 2566 1591 et
2593 1534 3046 1606 generationem.
3090 1558 3118 1584 ››
3170 1533 3232 1590 in
3278 1534 3477 1606 prima
3525 1551 3770 1610 genera-

2109 1621 2286 1690 tione,
2335 1622 2717 1691 Judteorum;
2771 1623 2832 1678 in
2881 1624 3157 1694 secunda,
3223 1640 3291 1678 ex
3337 1611 3649 1697 gentibus.
3714 1625 3769 1681 In

2111 1709 2384 1766 omnibus
2413 1710 2758 1784 Scripturis,
2793 1717 2848 1768 et
2877 1711 2937 1768 in
2983 1711 3260 1769 omnibus
3306 1711 3561 1786 psalmis
3598 1729 3768 1788 gene-

354 1800 755 1874 perdiderunt,
778 1802 834 1856 et
853 1797 1458 1906 habere'sapi‘entiam.
1499 1797 1558 1852 Si
1607 1797 1847 1853 eii‘ectus
1882 1797 1999 1852 fue-
2028 1839 2078 1906 Β
2110 1798 2255 1854 ratio
2287 1804 2344 1854 et
2395 1801 2692 1876 generatio
2747 1801 2984 1869 dicitur,
3016 1805 3081 1857 ut
3109 1801 3258 1857 duos
3283 1799 3559 1874 populos
3592 1803 3769 1876 signi-

355 1890 433 1946 rit
462 1888 715 1962 sapiens,
750 1887 890 1960 quid
921 1886 1236 1956 sequitur?

424 2002 452 2028 «
485 1976 768 2034 Dominus
797 1977 970 2050 erigit
1007 1977 1202 2032 elisos.
1239 1997 1267 2025 »
1298 1975 1417 2031 Etsi
1440 1976 1700 2048 jacebas,
1751 1989 1995 2032 securus

350 2073 494 2138 esto,
527 2066 814 2123 Dominus
842 2063 1088 2139 porrigit
1111 2081 1376 2121 manum.
1413 2087 1434 2114 α
1476 2065 1756 2120 Dominus
1805 2063 1997 2136 diligit

340 2158 555 2229 justos.
608 2178 636 2206 »
686 2155 798 2212 Res
845 2155 994 2210 duas
1055 2155 1257 2214 video:
1327 2151 1540 2226 diligit,
1613 2157 1669 2207 et
1715 2153 1989 2209 custodit.

341 2245 450 2312 Qui
478 2243 689 2320 diligit,
743 2244 910 2317 quasi
951 2259 1127 2300 suum
1176 2240 1388 2315 diligit.
1435 2241 1543 2306 Qui
1574 2246 1769 2298 autem
1801 2246 1991 2298 custo-

339 2335 445 2404 dit,
477 2351 612 2391 eum
645 2333 902 2390 custodit
943 2331 1044 2404 qui
1074 2332 1135 2386 in
1182 2330 1438 2403 periculo
1488 2329 1846 2386 constitutus
1877 2335 1985 2402 est,

338 2448 366 2475 ‹‹
399 2423 683 2480 Dominus
708 2421 900 2493 diligit
946 2421 1165 2492 justus.
1194 2442 1222 2468 ››
1272 2419 1614 2492 Quicunque
1653 2420 1856 2491 justus
1898 2424 1989 2476 est

337 2517 394 2568 et
441 2512 756 2584 perfectus,
802 2509 877 2565 ab
923 2508 1023 2564 illo
1062 2507 1345 2581 diligitur.
1395 2508 1741 2580 Quicunque
1789 2512 1986 2565 autem

336 2599 680 2674 peregrinus
728 2601 836 2667 est,
889 2601 946 2653 et
995 2595 1152 2653 venit
1203 2596 1276 2652 ad
1327 2595 1665 2654 servitutem
1733 2595 1981 2668 Domini,

337 2688 436 2747 ille
465 2692 748 2746 servatur.

410 2801 439 2830 ‹‹
491 2778 774 2836 Dominus
816 2775 1070 2834 custodit
1119 2774 1410 2831 advenas:
1464 2774 1758 2848 pupillum
1813 2779 1871 2832 et
1906 2777 1986 2832 vi-

337 2869 517 2926 duam
547 2867 844 2940 suscipiet.
879 2889 907 2916 »
948 2866 1015 2920 Et
1061 2864 1386 2921 secundum
1437 2863 1694 2920 litteram
1727 2866 1982 2940 prodest,

269 2989 278 2994 α
339 2982 366 3009 ‹‹
400 2955 692 3031 pupillum
723 2960 779 3013 et
822 2954 1061 3013 viduam
1110 2952 1408 3026 suscipiet.
1440 2973 1466 3005 η
1520 2953 1564 3009 0
1610 2958 1850 3026 martyr,
1880 2954 1983 3027 qui

335 3047 574 3116 teneris,
610 3051 674 3102 ut
703 3061 806 3118 pro
834 3060 926 3100 me
955 3043 1169 3099 fundas
1210 3045 1558 3114 sanguinem
1586 3058 1599 3096 :
1649 3041 1767 3099 noli
1813 3043 1886 3099 de
1914 3043 1981 3100 ﬁ-

2111 1888 2258 1944 ticet.
2293 1888 2491 1947 Dicere
2522 1893 2719 1945 autem
2751 1894 2808 1944 et
2855 1889 3022 1946 aliter
3070 1906 3389 1964 possumus
3418 1909 3433 1946 :
3476 1912 3506 1944 ι
3536 1891 3763 1966 Regna-

2104 1978 2187 2033 vit
2214 1977 2499 2036 Dominus
2530 1977 2587 2033 in
2621 1978 2835 2038 saecula
2883 1978 3036 2035 Deus
3081 1983 3241 2048 tuus,
3289 1979 3432 2035 Sion
3453 1997 3478 2042 ;
3514 2004 3534 2030 ι
3575 1980 3635 2035 in
3664 1997 3763 2054 ge-

2104 2066 2400 2124 neratione
2447 2067 2580 2138 ista,
2631 2073 2690 2124 et
2735 2069 2794 2123 in
2835 2068 3205 2142 generatione
3235 2073 3510 2127 ventura.
3541 2068 3761 2143 Regnet

2101 2154 2370 2212 Christus
2401 2155 2461 2212 in
2491 2156 2682 2222 nobis,
2715 2173 2829 2213 non
2863 2162 3064 2230 regnet
3085 2163 3387 2229 peccatum
3422 2159 3490 2214 in
3519 2173 3761 2230 corpore

2100 2248 2300 2300 nostro
2329 2246 2503 2313 (Rom.
2536 2262 2617 2314 v1,
2652 2245 2757 2313 12).
2789 2250 2897 2301 Cor
2939 2245 3092 2319 regis
3115 2245 3174 2301 in
3219 2262 3399 2302 manu
3435 2247 3545 2303 Dei
3578 2249 3759 2318 (Prov.

2098 2349 2214 2400 xxx,
2245 2334 2318 2405 1).
2369 2333 2567 2388 Simus
2601 2349 2764 2406 reges
2793 2352 2806 2402 ;
2839 2334 3198 2407 imperemus
3249 2336 3483 2409 corpori
3538 2341 3762 2405 nostro,

2097 2426 2155 2476 et
2183 2421 2568 2492 subjiciamus
2595 2421 2763 2492 illud,
2793 2427 2851 2479 et
2880 2439 2980 2479 cor
3009 2428 3278 2480 nostrum
3327 2424 3404 2480 sit
3466 2425 3530 2481 in
3585 2441 3765 2481 manu

2097 2509 2221 2578 Dei,
2254 2509 2354 2564 Cui
2386 2510 2461 2566 sit
2492 2509 2677 2584 gloria
2703 2509 2764 2567 in
2795 2510 3008 2568 saecula
3037 2511 3404 2568 saeculorum.
3439 2514 3662 2570 Amen.

2628 2653 2950 2710 PSALMUS
2978 2653 3212 2710 CXLVI.

2093 2758 2348 2814 Alleluia.
2374 2758 2639 2816 Psalmus
2668 2759 2782 2816 iste
2810 2764 2878 2816 ut
2894 2759 3145 2817 caelestis
3169 2759 3421 2817 civitatis
3440 2762 3760 2819 laudemus

2332 2831 2766 2903 tediﬁoatorem,
2794 2848 2902 2889 nos
2928 2832 3225 2900 admonet,
3259 2833 3506 2890 dicens:

2163 2977 2192 3006 «
2223 2955 2478 3014 Laudate
2507 2955 2843 3024 Dominum,
2889 2956 3165 3028 quoniam
3211 2957 3401 3012 bonus
3443 2961 3532 3013 est
3582 2959 3752 3031 psal-

2093 3059 2246 3100 mus.
2283 3067 2306 3097 ι
2342 3045 2457 3100 Iste
2498 3045 2763 3117 psalmus
2811 3061 3088 3100 ALLELUIA
3135 3044 3306 3101 titulo
3365 3051 3755 3118 prenotatur.

334 3134 432 3208 liis
461 3149 590 3191 esse
620 3133 925 3200 sollicitus,
959 3131 1077 3188 noli
1107 3132 1178 3187 de
1209 3147 1425 3187 uxore:
1487 3147 1578 3187 me
1627 3131 1848 3188 habent
1876 3148 1981 3204 pro
2029 3207 2037 3208 ί
2090 3131 2287 3190 Solent
2315 3132 2372 3188 hi
2408 3133 2510 3205 qui
2543 3133 2845 3190 Hebraeam
2875 3134 3148 3207 ignorant
3173 3133 3463 3208 linguam,
3509 3138 3750 3207 quando

333 3232 412 3282 te.
434 3224 702 3280 Dicamus
732 3228 790 3279 et
819 3221 1145 3279 secundum
1174 3221 1448 3292 spiritum
1473 3236 1485 3274 :
1529 3243 1557 3271 «
1599 3219 1894 3293 Pupillum
1924 3225 1981 3278 et
2009 3207 2053 3275 C
2090 3220 2342 3277 viderint
2369 3221 2430 3281 in
2460 3222 2827 3294 psalmorum
2855 3220 3026 3278 titulo
3056 3239 3184 3280 esse
3222 3207 3614 3296 prapositum
3663 3226 3755 3280 Al-

335 3313 570 3372 viduam
600 3311 899 3385 suscipiet.
929 3335 957 3362 ››
978 3309 1275 3383 Pupillum
1300 3309 1604 3382 suscipiet,
1624 3311 1724 3382 qui
1749 3314 1981 3367 Patrem

333 3401 516 3460 Deum
549 3401 882 3478 perdiderat
911 3415 1014 3472 per
1043 3403 1297 3472 peccata.
1342 3420 1369 3448 ‹‹
1403 3397 1471 3453 Et
1511 3397 1746 3454 viduam
1799 3399 1983 3455 susci-

330 3493 472 3565 piet.
505 3515 535 3544 »
568 3489 838 3560 Viduam,
871 3489 980 3545 hoc
1008 3493 1114 3556 est,
1147 3503 1276 3544 eam
1325 3486 1584 3542 animam
1623 3504 1749 3559 quae
1781 3487 1980 3544 Chris-

331 3587 460 3636 tum
488 3581 678 3638 virum
709 3579 1058 3652 perdiderat.
1090 3577 1203 3633 Sed
1230 3576 1358 3632 vide
1406 3575 1548 3647 quid
1599 3575 1775 3649 dicat,
1809 3600 1837 3627 «
1879 3593 1980 3650 puo

331 3668 535 3742 pillam
579 3673 636 3724 et
676 3668 939 3724 viduam.
997 3689 1024 3717 »
1075 3666 1201 3722 Non
1248 3665 1414 3734 dixit,
1473 3665 1810 3722 custodiet:
1863 3682 1977 3722 non

332 3754 499 3828 dixit,
561 3754 846 3813 salvabit:
907 3755 1029 3824 sed,
1085 3756 1389 3826 suscipiet:
1421 3752 1470 3808 si
1524 3758 1850 3810 revertatur
1905 3755 1976 3812 ad

327 3846 583 3916 Patrem,
616 3845 666 3901 si
697 3845 894 3901 redeat
923 3843 994 3899 ad
1029 3843 1327 3898 maritum.
1366 3866 1387 3892 ι
1425 3843 1492 3898 Et
1519 3843 1673 3899 viam
1714 3848 1977 3916 peccato-

330 3942 462 3992 rum
493 3933 810 4009 disperdet.
845 3956 873 3983 »
903 3931 1038 4004 Non
1061 3930 1224 3998 dixit,
1267 3933 1598 4003 peccatores
1641 3933 1970 4005 disperdat:

328 4027 428 4084 sed
461 4025 784 4083 secundum
814 4022 1073 4095 primum
1103 4019 1421 4094 psalmum,
1452 4024 1512 4075 et
1530 4017 1641 4076 iter
1656 4020 1972 4093 impiorum

326 4114 557 4188 peribit.
591 4113 650 4169 Si
671 4115 971 4184 justorum
1001 4111 1097 4166 via
1132 4108 1402 4165 Christus
1457 4113 1566 4178 est,
1599 4113 1967 4181 peccatorum

325 4204 420 4258 via
441 4202 708 4259 diabolus
729 4206 836 4258 est.
869 4222 895 4254 ε
925 4201 992 4256 Et
1020 4199 1173 4256 viam
1196 4203 1564 4271 peccatorum
1594 4199 1909 4270 disperdet.
1943 4223 1971 4249 ››

324 4291 601 4349 Omnium
630 4307 766 4364 ergo
796 4295 1166 4366 peccatorum
1197 4287 1289 4344 via
1335 4286 1602 4344 diabolus
1645 4292 1754 4356 est,
1804 4287 1972 4346 illum

323 4381 552 4456 perdit:
584 4383 855 4436 caeterum
887 4395 994 4435 nos
1052 4375 1320 4444 salvabit,
1372 4377 1473 4449 qui
1517 4377 1972 4438 ambulabamus

323 4487 429 4545 per
457 4487 608 4540 eam,
641 4474 698 4526 et
726 4467 1029 4526 ambulare
1058 4467 1398 4524 desivimus.

2091 3309 2282 3379 leluia,
2316 3326 2570 3382 quaerere
2600 3311 2742 3382 quid
2775 3311 3084 3386 signiticet.
3118 3311 3394 3370 Psalmus
3424 3313 3618 3388 igitur
3646 3315 3753 3370 iste

2078 3396 2205 3455 non
2232 3399 2426 3456 solum
2449 3403 2508 3456 in
2530 3399 2722 3470 titulo,
2748 3401 2850 3457 sed
2873 3400 3003 3457 etin
3046 3401 3278 3457 exordio
3317 3401 3541 3476 psalmi
3578 3403 3753 3460 habet

2087 3488 2348 3543 Alleluia.
2383 3486 2491 3543 Ubi
2524 3492 2720 3544 autem
2743 3489 2979 3560 dicitur,
3007 3513 3037 3540 ‹‹
3067 3489 3320 3547 Laudate
3344 3492 3691 3557 Dominum,
3720 3515 3751 3540 z-

2089 3576 2147 3631 in
2177 3575 2415 3631 Hebraeo
2447 3574 2680 3649 dicitur,
2712 3593 3004 3634 ALLELUIA.
3042 3578 3191 3634 Deus
3235 3577 3395 3633 enim
3446 3579 3601 3651 apud
3633 3578 3744 3633 He-

2089 3666 2273 3722 braeos
2294 3665 2493 3721 decem
2525 3664 2700 3722 habet
2722 3665 2996 3724 nomina:
3031 3666 3247 3722 dicitur
3275 3683 3562 3724 mmora:
3597 3666 3742 3722 dici-

2086 3759 2182 3810 tur
2238 3769 2479 3810 SADDAI:
2549 3753 2764 3810 dicitur
2817 3771 3034 3812 ELOIM:
3091 3755 3306 3811 dicitur
3363 3773 3469 3811 an:
3528 3753 3744 3812 dicitur

2085 3844 2260 3901 etiam
2292 3859 2384 3898 IAO
2411 3843 2460 3898 ‘:
2505 3843 2719 3899 dicitur
2748 3861 2890 3900 assa
2925 3860 3075 3900 JAJA.
3111 3845 3265 3900 Inter
3296 3850 3512 3902 caetera
3541 3849 3743 3901 autem

2085 3931 2325 3989 nomina
2351 3947 2533 3987 unum
2566 3936 2655 3987 est
2693 3947 2904 3988 nomen
2957 3932 3123 4004 quod.
3161 3932 3377 3988 dicitur
3413 3950 3491 3988 [Α.
3537 3933 3600 3988 ΙΑ
3633 3949 3741 3990 au-

2083 4026 2197 4079 tem
2231 4020 2652 4092 interpretatur
2679 4021 2996 4077 invzsibilis.
3032 4019 3140 4077 Ubi
3171 4037 3307 4094 ergo
3355 4021 3576 4078 dicitur
3610 4020 3743 4078 lau-

2081 4110 2223 4177 date,
2273 4108 2331 4164 in
2383 4108 2619 4165 Hebrao
2677 4109 2894 4164 dicitur
2951 4108 3157 4165 Allelu.
3209 4110 3302 4166 Sic
3365 4109 3586 4166 dicitur
3635 4110 3739 4168 hic

2081 4199 2261 4255 Allelu
2306 4198 2402 4252 ia:
2449 4198 2742 4269 quomodo
2793 4199 2843 4254 si
2900 4199 3190 4256 diceretur
3251 4199 3414 4255 Allata
3467 4199 3728 4266 subaudi,

2082 4288 2274 4345 Allelu
2321 4286 2541 4356 saddai,
2590 4287 2769 4342 Allelu
2825 4288 3033 4345 eloim:
3079 4287 3164 4344 sic
3211 4294 3269 4344 et
3308 4303 3459 4344 nunc
3506 4287 3739 4344 dicitur

2079 4379 2258 4434 Allelu
2288 4380 2364 4434 ia.
2417 4376 2676 4448 Denique
2703 4375 3043 4445 Theodotio,
3077 4377 3178 4449 qui
3209 4392 3365 4432 unus
3394 4380 3487 4432 est
3535 4377 3609 4432 de
3640 4375 3736 4434 In-

2079 4468 2452 4540 terpretibus,
2483 4463 2684 4522 volens
2715 4464 3212 4538 interpretationis
3243 4465 3506 4522 ediscere
3527 4467 3736 4523 verita-

399 4581 426 4615 ι
455 4558 744 4635 Regnabit
768 4557 1050 4614 Dominus
1099 4557 1160 4611 in
1213 4554 1442 4612 saecula.
1480 4580 1500 4606 ιι
1554 4557 1838 4622 Quoniam
1876 4559 1969 4616 via

2092 4573 2193 4613 :em
2227 4556 2309 4613 ait
2340 4553 2536 4608 αἷνεῖτε
2564 4551 2654 4608 τὸν
2687 4553 2782 4609 Ἰά.
2817 4553 2932 4610 Hoc
2970 4556 3160 4621 totum
3191 4570 3373 4627 quare
3420 4553 3676 4610 diximus
3701 4554 3734 4609 τ

245 4723 248 4725 Α
323 4654 696 4724 peccatorum
728 4645 985 4720 perierit,
1007 4649 1149 4700 tunc
1169 4645 1438 4717 regnabit
1466 4646 1747 4702 Dominus
1773 4648 1832 4703 in
1865 4665 1968 4705 sae-

320 4736 472 4796 cula.
524 4738 650 4795 Non
708 4735 873 4806 dixit,
935 4735 997 4791 in
1047 4734 1363 4791 saeculum:
1431 4736 1554 4806 sed,
1612 4738 1674 4792 in
1735 4739 1962 4796 amula.

320 4829 586 4895 Quandiu
653 4827 747 4884 via
810 4829 1178 4899 peccatorum
1261 4839 1378 4880 non
1451 4824 1617 4897 perit,
1697 4826 1964 4888 Christus

318 4935 436 4976 non
479 4921 682 4990 regnat
726 4915 786 4972 in
834 4914 1026 4971 nobis.
1073 4911 1340 4978 Quandiu
1383 4913 1561 4986 pedes
1609 4915 1793 4970 nostri
1841 4933 1962 4975 am-

313 5007 523 5066 bulant
565 5008 626 5064 in
691 5008 785 5063 via
841 5002 1079 5074 diaboli,
1145 5001 1416 5058 Christus
1470 5019 1585 5059 non
1651 5009 1856 5076 regnat
1897 5005 1958 5063 in

313 5096 506 5153 nobis.
540 5098 764 5154 Irascor
791 5094 918 5152 sine
965 5108 1146 5148 causa
1191 5091 1354 5146 fratri
1387 5106 1558 5147 meo:
1604 5091 1665 5147 in
1712 5093 1805 5148 via
1833 5094 1958 5149 dia-

310 5184 430 5242 boli
463 5185 736 5244 ambulo:
765 5183 1034 5243 Christus
1063 5197 1180 5240 non
1209 5184 1415 5256 regnat
1449 5181 1509 5237 in
1557 5195 1670 5238 me.
1707 5180 1955 5240 Detraho

310 5275 475 5333 fratri
506 5291 670 5334 meo:
706 5277 765 5332 in
796 5275 888 5333 via
932 5271 1150 5331 diaboli
1199 5269 1476 5329 ambulo:
1528 5270 1799 5328 Christus
1838 5289 1953 5328 non

383 5405 400 5439 ί
434 5405 553 5456 Hoc
577 5415 789 5455 nomen
831 5415 924 5454 ιΑο
945 5397 1222 5454 Hebraice
1251 5405 1383 5454 mm
1441 5396 1808 5452 confundunt
1854 5413 1952 5453 ve-

305 5478 458 5532 teres
487 5471 770 5529 editiones
799 5486 933 5526 cum
973 5469 1085 5526 alio
1135 5467 1369 5540 nomine
1420 5467 1515 5522 Dei
1566 5470 1952 5540 consequenti

307 5559 393 5613 nt,
424 5565 493 5601 u.
545 5543 691 5612 Quia
737 5543 1014 5597 Erasmus
1063 5545 1120 5595 et
1166 5538 1802 5613 Marian_us_Victorius
1850 5557 1948 5596 ne-

307 5609 798 5694 scierunt'nomen
831 5616 1351 5694 tetragramm‘aten
1383 5609 1495 5694 legi
1529 5611 1680 5694 apud
1722 5617 1950 5694 veteres

271 5705 417 5753 ,uo.
468 5686 717 5748 Consule
759 5701 941 5760 supra
985 5680 1351 5756 'exemplaria
1401 5680 1734 5755 origaniaui
1783 5682 1949 5750 lexici

2077 4645 2150 4702 Ut
2179 4645 2438 4702 sciamus
2467 4643 2528 4699 in
2559 4643 2671 4699 isto
2717 4641 2944 4716 psalmo
2992 4643 3232 4700 Alleluia
3277 4658 3408 4700 esse
3452 4644 3730 4716 praeposi-

2072 4740 2235 4791 tum:
2272 4758 2302 4785 ‹‹
2356 4733 2613 4790 Laudate
2663 4731 2999 4788 Dominum.
3038 4756 3059 4782 ι
3121 4736 3253 4790 Hm
3309 4732 3728 4806 interpretatio

2071 4829 2179 4880 est.
2211 4827 2352 4880 Cum
2384 4821 2603 4896 egressi
2626 4821 2913 4878 fuerimus
2933 4821 3408 4896 considerabitur
3433 4821 3496 4877 in
3537 4822 3728 4879 cordi-

2071 4914 2180 4971 bus
2211 4895 2448 4970 nostris.
2497 4911 2782 4968 Caeterum
2829 4927 3021 4968 sermo
3072 4895 3455 4968 dilatabitur:
3491 4935 3521 4963 ‹‹
3576 4916 3728 4970 Lau-

2068 5003 2201 5060 date
2248 5001 2563 5059 Dominum
2613 4999 2896 5072 quoniam
2945 4999 3166 5056 bonum
3215 4998 3506 5072 psalmus.
3535 5023 3564 5051 »
3601 5001 3725 5060 Non

2065 5091 2232 5160 dixit,
2267 5114 2290 5141 ι
2350 5091 2543 5146 bonus
2600 5087 2886 5162 psalmus,
2947 5090 3048 5145 sed
3107 5088 3400 5161 absolute,
3435 5111 3459 5140 ι
3502 5091 3724 5147 bonum

2062 5179 2366 5254 psalmus;
2404 5200 2433 5229 »
2463 5177 2573 5235 hoc
2604 5181 2715 5247 est,
2744 5178 2899 5234 bona
2927 5193 3021 5235 res
3051 5181 3142 5236 est
3164 5176 3435 5252 psallere.
3461 5177 3720 5236 Psalle“!

2064 5273 2259 5327 autem
2292 5285 2406 5324 non
2437 5283 2597 5340 voce,
2629 5267 2730 5324 sed
2778 5268 2970 5325 corde.
3022 5267 3235 5334 Quanti
3266 5267 3486 5323 bonam
3518 5283 3719 5326 vocem

2061 5394 2450 5464 Hebraicorum
2491 5391 2788 5464 Hominum
2838 5393 2936 5448 ubi
2989 5390 3114 5449 Ἰαὼ
3145 5391 3577 5464 interpretatur
3615 5391 3720 5446 εὖ-

2062 5485 2198 5538 ριος,
2295 5461 2446 5538 eges,
2479 5458 2516 5530 ἤ
2551 5461 2810 5538 Δόρᾳςτος,
2863 5465 3127 5538 Dammae
3168 5464 3253 5538 uel
3303 5458 3450 5538 Deus
3497 5465 3586 5538 vel
3635 5468 3719 5520 in-

2059 5533 2532 5608 i)i3ibili3._Mi_\a'r.
2569 5533 2966 5608 fliucrefer
2994 5533 3328 5608 epistolium
3389 5533 3462 5589 de
3510 5535 3713 5592 decem

2057 5608 2156 5666 Dei
2186 5605 2526 5663 nominibus
2555 5605 2627 5661 ad
2659 5606 2988 5662 Marcellam
3017 5605 3079 5662 in
3131 5610 3336 5662 nostra
3367 5608 3714 5667 recensione

2052 5681 2145 5740 25.
2176 5679 2286 5739 Pro
2315 5678 2407 5736 Iac
2435 5681 2656 5736 veteres
2682 5679 2968 5737 editiones
2995 5679 3055 5739 Ia
3082 5677 3420 5753 preferunt.
