3992 6194
263 363 422 428 1829

260 497 503 564 habent,
533 499 592 554 et
619 495 900 570 quoniam
933 499 1266 572 peccatores
1323 503 1483 565 sunt,
1544 496 1718 562 male,
1754 493 1906 569 psal-
1942 495 1994 560 Α

261 588 398 645 lunt
427 587 440 641 ι
475 586 629 644 Bene
659 585 859 660 psallit
889 587 989 660 qui
1020 591 1217 644 cantat
1247 586 1306 642 in
1339 587 1532 653 corde,
1587 586 1688 659 qui
1720 587 1923 642 cantat

266 675 499 735 Christo
528 675 588 731 in
615 677 995 732 conscientia.

342 789 370 818 α
397 767 514 821 Deo
545 769 746 820 nostro
807 766 884 820 sit
939 766 1206 836 jucunda
1262 764 1541 821 laudatio.
1587 786 1613 812 ι)
1645 765 1918 820 Jucunda

263 856 343 913 sit
368 853 628 910 laudatio
660 871 776 910 non
792 854 1061 922 voce,sed
1083 853 1719 925 conscientia.Denique
1741 861 1792 911 et
1810 857 1925 910 Noe

262 944 466 1002 obtulit
489 943 774 1008 hostias,“
801 943 1056 1000 odoratus
1085 947 1164 1000 est
1193 945 1460 1000 Dominus
1495 943 1725 1000 odorem
1743 943 1924 1000 suavi-

263 1035 396 1090 tatis
435 1032 589 1104 (Gen.
627 1049 753 1102 vm,
783 1031 873 1099 20,
903 1034 1019 1100 21).
1047 1031 1232 1089 Multa
1257 1037 1400 1089 sunt
1459 1049 1586 1104 qua
1619 1032 1920 1098 dicantur,

263 1123 367 1180 sed
381 1138 487 1178 nos
497 1120 751 1178 breviter
769 1121 1051 1179 debemus
1064 1137 1299 1178 summa
1313 1120 1917 1194 quaqueperstringe-

273 1214 429 1280 re,ut
449 1225 689 1266 sensum
713 1209 904 1283 magis
923 1209 980 1266 in
999 1209 1472 1282 dicemus,quam
1489 1210 1665 1266 verba
1690 1208 1920 1264 latiora.

337 1322 367 1349 ‹‹
401 1298 715 1356 ᾸΕάἰῧοειῑιε
772 1297 1099 1355 Jerusalem
1157 1299 1464 1366 Dominus,
1522 1297 1918 1372 dispersiones

273 1388 451 1447 Israel
482 1387 878 1462 congregabit.
917 1408 936 1437 ι
973 1389 1274 1454 Quomodo
1324 1387 1645 1444 aediﬁcetur
1671 1387 1920 1444 Jerusa-

267 1478 403 1546 lem,
433 1477 728 1552 quomodo
759 1480 1164 1551 congregetur,
1195 1477 1318 1546 jam
1363 1476 1586 1533 dictum
1620 1479 1728 1532 est.
1762 1477 1918 1542 Quo-

270 1566 447 1626 modo
478 1565 656 1638 igitur
684 1567 756 1622 de
785 1566 915 1622 istis
947 1565 1180 1622 duobus
1235 1565 1542 1622 versiculis
1598 1565 1918 1622 dissertum

264 1660 372 1723 est,
404 1659 462 1712 et
492 1672 669 1728 super
697 1654 956 1712 alienum
991 1655 1442 1712 fundamentum
1475 1671 1590 1711 non
1637 1654 1920 1710 debemus

263 1744 572 1815 adificare,
607 1745 680 1800 ad
712 1741 940 1815 reliqua
971 1743 1704 1800 transeamus.Videamus
1736 1741 1916 1815 igitur

266 1833 560 1932 quomodo
591 1833 1272 1932 adificare,..leru-salem.
1335 1833 1394 1888 In
1457 1831 1700 1905 reliquis
1758 1831 1914 1888 enim
1948 1867 1996 1932 Β

264 1922 644 1996 propheticus
671 1939 866 1979 sermo
897 1921 1227 1996 descripsit.

330 2034 360 2062 α
387 2011 494 2077 Qui
524 2017 695 2069 sanat
722 2013 1002 2070 contritos
1057 2011 1250 2067 corde.
1298 2033 1325 2060 »
1386 2013 1489 2068 Cor
1528 2013 1827 2068 contritum
1858 2019 1908 2065 et

260 2101 618 2158 humiliatum
675 2103 816 2157 Deus
845 2116 952 2157 non
1005 2102 1220 2171 spernit
1265 2099 1432 2170 (Psal.
1497 2117 1547 2164 ι,
1610 2098 1718 2168 19).
1751 2121 1778 2148 ‹‹
1841 2100 1908 2154 Et

253 2189 506 2262 alligans
537 2189 918 2246 contritiones
941 2205 1164 2245 eorum.
1233 2210 1260 2236 ››
1294 2189 1382 2244 Tu
1443 2204 1542 2243 cor
1569 2192 1738 2243 tuum
1769 2204 1904 2242 con-

251 2281 398 2346 tere,
431 2285 486 2333 et
522 2276 802 2333 Dominus
832 2277 1054 2350 colligit
1075 2276 1454 2333 contritiones
1479 2281 1628 2333 tuas.
1657 2276 1907 2333 Samari-

259 2369 438 2424 tanus
466 2362 584 2434 ille,
618 2366 717 2440 qui
760 2366 1154 2423 descendebat
1183 2366 1255 2422 de
1303 2365 1634 2422 Jerusalem
1665 2365 1723 2421 in
1754 2365 1902 2422 Jeri-

259 2455 390 2526 cbo,
416 2455 652 2520 quando
682 2455 826 2510 vidit
854 2454 1224 2511 vulneratum
1257 2456 1550 2526 jacentem
1585 2454 1643 2511 in
1677 2454 1902 2521 itinere,

254 2541 550 2616 colligavit
581 2543 826 2599 vulnera
851 2544 982 2615 ejus
1010 2545 1147 2614 (Luc
1199 2561 1254 2610 κ,
1287 2544 1356 2598 33
1384 2543 1540 2616 seq.).
1572 2545 1686 2599 Iste
1717 2547 1805 2599 est
1835 2542 1906 2599 de

250 2649 368 2705 quo
401 2637 458 2688 et
491 2649 646 2688 nunc
677 2633 894 2688 dicitur
929 2651 975 2688 ε·
1013 2632 1080 2688 Et
1103 2632 1353 2706 alligans
1377 2632 1761 2689 contritiones
1783 2631 1906 2688 illo-

253 2737 410 2776 rum.
447 2743 475 2770 ››
506 2724 624 2777 Hoc
648 2720 863 2777 dicitur
891 2722 962 2777 de
991 2721 1086 2777 his
1117 2722 1216 2794 qui
1266 2725 1448 2795 agunt
1479 2720 1901 2794 pmnitentiam.

254 2810 540 2866 Caterum
571 2811 643 2865 de
673 2809 766 2865 his
797 2810 897 2882 qui
931 2826 1046 2866 non
1079 2815 1264 2884 agunt
1302 2809 1730 2883 paenitentiam,
1761 2810 1907 2866 dici-

247 2901 348 2955 tur
378 2915 392 2955 :
423 2901 548 2955 Non
575 2907 653 2955 est
683 2899 961 2971 malagma
1009 2902 1314 2972 imponere,
1361 2915 1532 2971 neque
1558 2898 1786 2969 oleum,,
1815 2915 1905 2954 ne-

248 3003 352 3058 que
383 2988 712 3059 alligaturus
741 2989 871 3058 (ιω.
907 3005 946 3056 ι,
978 2989 1056 3058 6).

333 3095 354 3122 ι
389 3076 496 3142 Qui
529 3081 801 3132 numerat
847 3074 1287 3132 multitudinem
1347 3075 1674 3134 stellarum.
1712 3100 1738 3124 »
1769 3078 1902 3142 Qua

1423 361 1920 429 BREVIARIUM
1965 361 2045 426 ΙΝ
2092 361 2475 429 PBALMOS.

3523 360 3677 430 l330

2097 519 2125 545 ‹‹
2158 499 2400 570 Magnus
2428 496 2713 554 Dominus
2743 499 2948 556 noster
2975 502 3034 556 et
3066 513 3289 572 magna
3319 493 3516 556 virtus
3545 494 3677 570 ejus

2032 588 2090 640 et
2116 584 2414 658 sapientia
2440 587 2570 657 ejus
2601 604 2715 644 non
2747 591 2836 644 est
2863 604 3201 646 numerus.»
3232 589 3442 662 Magna
3467 586 3678 657 virtus,

2031 673 2296 732 Christus
2325 675 2426 732 Dei
2459 674 2644 734 virtus
2674 681 2731 732 et
2759 676 2859 735 Dei
2901 677 3193 752 sapientia
3248 678 3295 750 (ι
3325 678 3453 736 Cor.
3489 696 3530 750 ι,
3559 678 3673 749 24).

2033 784 2062 813 ‹‹
2093 763 2162 819 Et
2191 764 2488 837 sapientia
2518 765 2649 836 ejus
2701 784 2816 823 non
2863 770 2954 823 est
3010 783 3312 824 numerus.
3349 790 3376 817 ››
3405 765 3675 827 Christus

2033 853 2324 926 sapientia
2351 855 2532 911 est.Et
2559 871 2678 911 una
2700 856 2986 929 sapientia
3009 874 3122 912 non
3137 860 3328 930 potest
3352 856 3672 914 numerari.

2105 963 2133 992 ‹‹
2165 941 2504 1015 Suscipiens
2553 949 2898 1002 mansuetos
2959 945 3259 1004 Dominus.
3294 969 3322 998 ››
3353 947 3487 1014 Qua
3536 949 3681 1006 sunt
3793 937 3800 944 ’

2031 1030 2157 1086 ista
2194 1030 2375 1088 stella
2403 1032 2431 1086 ?
2463 1056 2490 1082 «
2525 1031 2872 1106 Suscipiens
2917 1038 3257 1092 mansuetos
3304 1033 3610 1094 Dominus.
3643 1059 3673 1086 »

2030 1119 2320 1176 Mansueti
2348 1125 2658 1180 vertuntur
2685 1123 2743 1179 in
2776 1121 3151 1182 stellas.chin
3178 1133 3362 1184 autem
3387 1123 3679 1197 fulgebunt

2030 1211 2188 1282 quasi
2217 1209 2394 1269 stella
2448 1212 2572 1268 cali
2600 1211 2760 1284 (Dan.
2812 1230 2913 1281 x11,
2972 1212 3026 1285 3)
3072 1229 3086 1281 ;
3137 1211 3336 1270 Daniel
3391 1212 3673 1287 loquitur.

2031 1321 2059 1348 «
2091 1298 2423 1356 Humilians
2454 1305 2651 1357 autem
2683 1306 3016 1374 peccatores
3046 1319 3234 1376 usque
3263 1302 3335 1360 ad
3372 1306 3612 1360 terram.
3649 1326 3670 1352 υ

2029 1387 2235 1444 Videte
2263 1387 2656 1446 differentiam
2687 1408 2906 1448 rerum.
2959 1390 3165 1468 Angeli
3194 1390 3253 1447 in
3284 1396 3499 1452 terram
3549 1408 3676 1449 cor-

2029 1481 2256 1533 ruunt:
2302 1477 2574 1536 homines
2623 1480 2694 1537 ad
2745 1479 2920 1538 cmlos
2965 1479 3205 1538 vadunt.
3261 1503 3283 1530 α
3336 1479 3678 1554 Suscipiens

2029 1570 2370 1623 mansuetos
2400 1568 2746 1627 Dominus.»
2769 1569 3156 1626 Mansuetudo
3175 1570 3246 1626 ad
3262 1568 3472 1628 calum
3488 1573 3672 1628 vocat:

2029 1655 2305 1726 superbia
2332 1655 2393 1711 in
2423 1661 2638 1713 terram
2691 1657 2968 1714 detrahit.
3025 1681 3046 1708 σ
3097 1657 3429 1715 Humilians
3478 1659 3672 1716 autem

2028 1747 2364 1816 peccatores
2394 1762 2582 1818 usque
2611 1747 2683 1803 ad
2715 1751 2950 1804 terram.
2988 1770 3016 1797 »

2101 1851 2130 1880 ‹‹
2161 1832 2464 1891 Pracinite
2504 1835 2754 1892 Domino
2808 1836 2866 1891 in
2917 1834 3301 1894 confessione.
3335 1857 3365 1887 »
3398 1835 3516 1894 Hoc
3563 1836 3673 1893 im-

2029 1919 2210 1992 plevit
2243 1921 2420 1978 David
2458 1940 2472 1978 :
2508 1924 2609 1996 qui
2660 1925 2832 1981 nobis
2873 1924 3122 1997 justitia
3167 1925 3500 1999 exemplum
3551 1943 3666 1999 pra

2015 2006 2244 2076 buerat,
2275 2010 2523 2082 prahuit
2567 2015 2626 2067 et
2670 2011 3046 2085 pauitantia.
3093 2013 3303 2070 Docuit
3351 2014 3508 2070 enim
3557 2030 3666 2070 nos

2017 2097 2312 2169 quomodo
2343 2099 2663 2157 debeamus
2684 2117 2854 2174 agere
2878 2100 3436 2175 poenitentiamﬁpse
3466 2118 3666 2174 agens.

2017 2183 2212 2242 Videte
2242 2192 2512 2244 sanctum
2544 2188 2911 2262 prOphetam,
2959 2187 3100 2263 quia
3128 2207 3243 2246 non
3279 2181 3470 2246 solum
3495 2189 3673 2262 justi-

2015 2271 2096 2330 tia
2125 2276 2252 2348 ejus
2289 2276 2458 2333 nobis
2490 2275 2727 2351 profuit,
2760 2279 2860 2335 sed
2892 2283 2947 2334 et
2979 2283 3304 2352 peccatum.

2087 2386 2114 2413 «
2150 2363 2385 2422 Psallite
2415 2366 2532 2424 Deo
2555 2372 2754 2424 nostro
2785 2368 2844 2423 in
2877 2367 3162 2425 cithara.»
3182 2367 3355 2425 Nulla
3383 2367 3665 2425 virtutum

2015 2450 2235 2508 chorda
2265 2459 2438 2528 rupta
2469 2453 2564 2511 sit.
2598 2456 2745 2512 Tota
2771 2456 3059 2513 virtutum
3099 2456 3317 2514 chorda
3373 2457 3667 2514 concinet.

2018 2562 2047 2591 ‹‹
2077 2541 2316 2599 Psallite
2351 2547 2463 2600 Deo
2497 2548 2695 2601 nostro
2736 2544 2794 2600 in
2846 2544 3089 2602 cithara.
3125 2569 3152 2595 η
3183 2545 3418 2602 Cithara
3447 2544 3667 2603 multas

2015 2630 2262 2688 chordas
2285 2632 2465 2689 habet
2498 2652 2511 2701 ;
2547 2635 2594 2689 si
2625 2652 2742 2690 una
2771 2639 2946 2707 rupta
2969 2634 3352 2706 fuerit,sonus
3371 2635 3528 2696 reddi
3553 2649 3669 2692 non

2014 2719 2325 2792 potest.Sic
2355 2724 2413 2776 et
2433 2724 2673 2776 sanctus
2695 2720 3076 2794 vir,quamvis
3107 2722 3526 2794 sanctus,sit,si
3549 2740 3665 2779 una

2013 2807 2199 2864 virtus
2229 2808 2498 2879 defuerit,
2531 2809 2786 2866 vocalem
2820 2827 3032 2866 sonum
3064 2811 3305 2867 reddere
3325 2828 3441 2868 non
3472 2813 3664 2885 potest

2085 2919 2112 2947 «
2149 2897 2256 2964 Qui
2289 2897 2476 2970 operit
2506 2897 2716 2954 coelum
2750 2897 3030 2956 nubibus.
3066 2921 3094 2948 »
3124 2897 3343 2956 Caelum
3365 2899 3476 2956 hoc
3506 2900 3661 2973 quod

2014 2985 2599 3056 cernimus,nubibus
2631 2987 2843 3060 operiri
2875 3004 2989 3043 non
3020 2985 3348 3060 potest.Sed
3393 2988 3552 3045 aliud
3571 2993 3662 3046 est

2013 3072 2246 3147 coelum,
2272 3079 2328 3130 et
2362 3073 2486 3131 alia
2520 3080 2659 3131 sunt
2690 3076 2897 3132 nubes.
2933 3077 2996 3132 Et
3021 3078 3231 3134 veritas
3261 3084 3357 3134 tua
3385 3095 3552 3151 usque
3591 3079 3662 3134 ad

260 3165 682 3238 consequentia
706 3165 870 3238 juxta
898 3164 1170 3222 litteram!
1207 3169 1264 3222 et
1294 3165 1495 3240 alligat
1526 3165 1904 3222 contritiones
1947 3238 1974 3240 ι
2011 3163 2182 3219 nubes
2214 3165 2384 3236 (Psal.
2418 3181 2586 3234 xxxv,
2617 3164 2694 3236 6).
2741 3165 2886 3238 Ergo
2931 3165 3144 3222 veritas
3201 3165 3300 3223 Dei
3353 3184 3540 3239 usque
3586 3166 3658 3224 ad

251 3269 454 3312 eorum
489 3272 502 3310 :
537 3278 565 3304 «
598 3255 705 3320 Qui
738 3258 1010 3310 numerat
1038 3238 1477 3310 multitudinem
1513 3254 1838 3311 stellarum.
1874 3277 1900 3302 ››
1933 3238 1976 3304 C
2013 3251 2156 3308 istas
2188 3252 2375 3308 nubes
2405 3270 2556 3327 qua,
2589 3258 2761 3309 vento
2792 3253 2988 3322 ﬂante,
3022 3254 3136 3311 cito
3193 3238 3600 3312 dissolvuntur
3627 3255 3657 3310 ?

246 3343 360 3404 Sed
389 3343 626 3416 quando
656 3347 828 3399 sanat
855 3341 1137 3399 contritos
1168 3343 1360 3412 corde,
1418 3348 1474 3398 et
1531 3341 1732 3416 alligat
1761 3360 1899 3399 con-

255 3432 527 3489 tritiones
557 3447 783 3499 eorum,
816 3430 948 3487 illos
978 3431 1080 3503 qui
1111 3435 1246 3488 ante
1295 3432 1528 3488 contriti
1560 3433 1809 3497 fuerant,
1842 3436 1898 3489 et

241 3526 449 3594 postea
495 3520 710 3587 sanati,
765 3519 937 3576 vertit
996 3521 1055 3576 in
1118 3519 1336 3578 stellas.
1377 3543 1398 3570 ι
1455 3521 1566 3588 Qui
1625 3525 1895 3577 numerat

243 3609 689 3667 multitudinem
722 3608 1046 3665 stellarum.
1081 3632 1108 3660 »
1144 3607 1314 3665 Multi
1344 3609 1512 3666 enim‘
1533 3610 1763 3667 fuerant
1793 3610 1892 3683 qui

243 3702 679 3772 peccaverunt:
715 3697 886 3754 multi
923 3702 1064 3754 sunt
1118 3697 1220 3770 qui
1278 3699 1467 3755 curati
1529 3704 1685 3757 sunt.
1727 3720 1753 3751 α
1784 3699 1889 3764 Qui

243 3791 512 3845 numerat
546 3786 989 3843 multitudinem
1022 3786 1347 3844 stellarum.
1382 3812 1409 3838 ››
1464 3787 1588 3845 Non
1621 3793 1895 3845 numerat

240 3875 707 3941 vulneratos,sed
722 3891 821 3931 eos
845 3879 1116 3930 numerat
1145 3876 1246 3948 qui
1280 3878 1406 3948 jam
1433 3875 1493 3932 in
1516 3876 1716 3933 stellas
1738 3877 1890 3934 versi

242 3968 402 4021 sunt.
432 3963 558 4020 Non
618 3967 891 4020 numerat
923 3964 1096 4030 Deus,
1131 3963 1244 4020 nisi
1303 3963 1404 4036 qui
1463 3981 1706 4021 numero
1761 3968 1889 4039 ejus

240 4051 401 4124 digni
436 4058 596 4108 sunt.
630 4075 658 4102 «
692 4053 762 4107 Et
815 4051 1092 4108 omnibus
1149 4053 1234 4109 eis
1293 4053 1533 4110 nomine
1589 4071 1822 4111 vocans.
1862 4079 1888 4104 ››

238 4141 385 4212 Quia
413 4140 488 4197 de
513 4140 778 4198 Lucifero
831 4139 990 4210 dicit,
1024 4146 1082 4197 et
1128 4142 1200 4198 de
1239 4141 1448 4198 Orione
1506 4159 1680 4215 quem
1737 4143 1888 4201 vide-

237 4247 374 4298 mus
401 4229 463 4286 in
495 4228 659 4286 calo.
693 4230 763 4286 Et
793 4230 902 4286 hoc
941 4230 1181 4302 quidem
1227 4235 1421 4305 potest
1449 4230 1698 4304 intelligi
1732 4250 1744 4287 :
1780 4233 1884 4288 Mi-

237 4318 442 4375 rabilis
471 4318 650 4389 Deus,
698 4320 800 4390 qui
831 4319 965 4374 fecit
994 4319 1202 4376 calum
1231 4326 1286 4376 et
1332 4325 1569 4388 terram,
1603 4327 1660 4377 et
1689 4323 1888 4378 omnia

236 4425 364 4480 qua
395 4406 454 4462 in
486 4407 571 4463 eis
601 4411 761 4462 sunt.
794 4408 1077 4463 Caterum
1111 4409 1195 4465 sic
1232 4409 1654 4483 intelligamus,
1688 4416 1750 4467 ut
1782 4429 1882 4466 no-

237 4495 330 4554 bis
360 4493 546 4568 prosit
601 4494 754 4567 quod
789 4494 1052 4566 quotidie
1085 4496 1168 4550 ﬁt.
1204 4519 1231 4546 ‹‹
1266 4497 1335 4551 Et
1364 4498 1640 4553 omnibus
1670 4499 1754 4555 eis
1786 4517 1884 4556 no-

2005 3340 2235 3397 Veritas
2263 3339 2386 3410 Dei,
2419 3341 2692 3400 Christus
2724 3347 2832 3399 est.
2867 3347 2979 3414 Ego
3009 3361 3131 3400 sum
3184 3347 3294 3414 via,
3350 3354 3403 3402 et
3430 3346 3563 3416 vita,
3601 3348 3654 3401 et

2005 3431 2561 3502 veritas(Joan.x1v,
2609 3433 2704 3502 6);
2739 3449 2876 3505 ergo
2932 3432 3147 3489 veritas
3193 3431 3407 3490 Christi
3452 3433 3511 3489 in
3559 3433 3656 3491 his

2005 3519 2264 3575 nubibus
2295 3524 2404 3585 est,
2438 3537 2564 3592 qua
2588 3537 2703 3577 non
2727 3520 2946 3577 habent
2964 3521 3024 3577 in
3056 3539 3117 3579 se
3134 3522 3480 3579 substantia
3509 3522 3654 3579 veri-

2003 3610 2202 3664 tatem.
2259 3607 2406 3664 Fieri
2455 3625 2592 3682 ergo
2634 3613 2846 3682 potest,
2914 3614 2978 3666 ut
3023 3609 3103 3666 ibi
3150 3611 3230 3667 sit
3268 3612 3506 3677 veritas,
3547 3611 3648 3668 ubi

2001 3702 2211 3752 ventus
2243 3696 2570 3769 dissipandi
2599 3699 2948 3770 potestatem
3005 3699 3183 3756 habet
3211 3699 3242 3755 ?
3269 3699 3530 3756 Mandabo
3559 3700 3650 3756 in-

2003 3785 2152 3858 quit,
2184 3785 2424 3842 nubibus
2447 3803 2517 3842 ne
2537 3787 2735 3858 pluunt
2753 3803 2918 3860 super
2953 3804 3044 3845 eos
3074 3789 3304 3845 imbrem
3333 3789 3455 3861 (Isa.
3489 3803 3545 3859 ν,
3567 3787 3645 3863 6),

2001 3874 2109 3930 hoc
2139 3879 2434 3947 est,super
2463 3875 2746 3948 populum
2777 3875 3334 3935 Judaorum.Nubes
3353 3877 3646 3952 propheta

2000 3963 2483 4036 sunt..Mandavit
2532 3963 2650 4020 illis
2696 3963 2980 4022 Dominus
3026 3983 3098 4022 ne
3155 3966 3423 4039 pluerent
3469 3983 3648 4040 super

1997 4051 2169 4109 Israel
2201 4053 2470 4108 imbrem.
2507 4054 2591 4108 Ad
2624 4071 2730 4110 nos
2763 4054 3078 4126 prophetia
3111 4071 3302 4111 sermo
3328 4069 3645 4113 conversus

1997 4146 2104 4198 est.
2137 4141 2334 4199 Nubes
2369 4143 2493 4199 ista
2523 4143 2572 4199 si
2605 4142 2684 4198 ibi
2746 4142 2960 4199 collisa
3020 4143 3257 4210 fuerint,
3317 4143 3642 4200 tonitruum

1994 4229 2217 4287 faciunt
2237 4234 2293 4286 et
2323 4230 2575 4304 fulgura.
2611 4230 2768 4296 «Qui
2798 4231 2987 4304 operit
3032 4229 3243 4288 coelum
3305 4229 3580 4290 nubibus.
3617 4256 3645 4283 »

1996 4319 2058 4374 Si
2091 4320 2276 4374 nubes
2308 4318 2606 4391 propheta
2641 4322 2786 4375 sunt
2807 4323 2865 4374 et
2887 4319 3133 4392 apostoli
3169 4340 3182 4390 ;
3215 4321 3508 4394 quomodo
3539 4339 3642 4378 au-

1991 4411 2109 4463 tem
2141 4405 2420 4479 apostolis
2443 4411 2501 4462 et
2523 4406 2824 4480 prophetis
2845 4406 3055 4464 coelum
3121 4409 3337 4482 tegitur
3362 4407 3390 4465 ?
3420 4408 3641 4466 Caelum
3695 4409 3701 4416 ”

1993 4495 2270 4565 mysteria
2290 4500 2431 4550 sunt
2459 4494 2966 4562 divina.Quoniam
2995 4497 3174 4569 igitur
3195 4495 3473 4570 mysteria
3493 4515 3644 4570 qua-

235 4584 398 4641 mina
425 4599 656 4640 vocans.
672 4605 698 4628 νι
732 4581 918 4639 Vultis
948 4583 1096 4638 scire
1151 4584 1445 4656 quomodo
1501 4586 1572 4641 de
1610 4588 1878 4645 contritis
1909 4601 1955 4667 ο
1991 4600 2224 4655 cunque
2254 4583 2450 4638 divina
2480 4583 2856 4647 sunt,ccnlum
2889 4583 3276 4657 appellantur:
3304 4587 3642 4660 quicunque

235 4670 416 4730 stella
443 4673 588 4728 ﬁant
619 4671 964 4744 PScriptum
995 4675 1084 4727 est
1114 4671 1173 4727 in
1203 4672 1435 4736 Genesi,
1499 4673 1634 4745 quia
1664 4676 1873 4732 eduxe-

235 4762 309 4818 rit
337 4760 491 4820 Deus
519 4761 836 4826 Abraham,
868 4765 925 4817 et
954 4760 1274 4818 ostenderit
1295 4761 1346 4817 ei
1379 4761 1600 4826 stellas,
1632 4767 1690 4819 et
1718 4765 1877 4822 dixe-

234 4850 311 4908 rit
337 4851 386 4908 ei
435 4851 573 4906 :Sic
615 4854 720 4906 erit
775 4866 959 4906 semen
1012 4853 1169 4906 tuum
1224 4850 1378 4921 (Gen.
1439 4868 1530 4919 xv,
1587 4852 1662 4922 5).
1725 4876 1754 4902 «
1815 4854 1886 4910 Et

233 4938 509 4996 omnibus
539 4939 626 4995 eis
658 4938 900 4994 nomina
957 4955 1191 4994 vocans.
1225 4958 1252 4988 η
1310 4939 1389 4995 De
1447 4939 1660 4995 Abram
1719 4945 1884 4998 vocat

232 5027 530 5085 Abraham
562 5029 714 5100 (Gen.
748 5044 882 5093 xvu,
915 5028 992 5098 5).
1035 5028 1248 5083 Abram
1283 5027 1590 5085 dicebatur
1619 5029 1678 5084 in
1711 5030 1878 5086 Chal-

231 5116 374 5188 daa,
405 5122 463 5174 et
491 5117 551 5173 in
582 5116 724 5174 ccelo
755 5119 994 5173 vocatur
1021 5115 1339 5173 Abraham.
1374 5117 1451 5172 Eo
1483 5122 1744 5191 tempore
1765 5135 1880 5190 quo

231 5207 418 5264 factus
447 5205 617 5264 stella
635 5210 745 5273 est,
775 5208 1015 5262 vocatur
1044 5204 1360 5261 Abraham.
1397 5206 1503 5272 Qui
1537 5211 1709 5264 antea
1756 5212 1882 5264 erat

227 5295 455 5360 Saulus,
489 5299 691 5368 postea
721 5298 960 5352 vocatur
991 5294 1047 5350 in
1081 5293 1230 5350 calo
1270 5293 1488 5351 Paulus
1519 5295 1653 5364 (Act.
1684 5314 1760 5357 ιχ.
1798 5299 1820 5352 1
1861 5316 1874 5363 ;

227 5401 352 5455 xm,
382 5386 460 5456 9).
489 5385 748 5442 Joannes
789 5389 845 5440 et
901 5383 1160 5440 Jacobus
1218 5382 1321 5439 ﬁlii
1382 5384 1625 5442 tonitrui
1685 5385 1872 5456 (Mare.

229 5489 312 5541 xu,
381 5473 488 5544 l7).
557 5472 908 5530 Tonitruum
975 5473 1182 5544 utique
1256 5473 1316 5528 in
1374 5473 1519 5530 ccelo
1583 5463 1690 5530 est.
1757 5478 1874 5530 Nu-

230 5563 532 5618 merantur
585 5559 785 5627 itaque
852 5558 1034 5615 stella
1109 5577 1119 5613 :
1201 5565 1590 5616 numerantur
1659 5561 1871 5616 infiniti

231 5648 438 5718 sancti,
480 5653 537 5706 et
588 5647 858 5706 Christus
919 5666 1073 5706 unus
1132 5666 1246 5705 non
1305 5654 1496 5722 potest
1551 5651 1868 5707 numerari.

1986 4672 2201 4745 dignus
2214 4670 2594 4738 fuerit,istum
2611 4674 2796 4729 nubes
2811 4675 3200 4747 protegunt.8i
3216 4674 3350 4747 quis
3363 4674 3641 4748 indignus

1992 4767 2082 4818 est
2111 4766 2478 4816 sacramenta
2507 4761 2913 4835 accipere,non
2936 4767 3127 4836 potest
3148 4763 3263 4837 tegi
3296 4780 3330 4818 a
3359 4764 3637 4822 nubibus.

1994 4874 2022 4900 «
2053 4850 2162 4917 Qui
2194 4854 2363 4923 parat
2391 4855 2556 4906 terra
2586 4850 2866 4922 pluviam.
2902 4873 2930 4900 »
2992 4852 3219 4926 Indiget
3258 4850 3454 4926 pluvia
3482 4857 3640 4911 terra

1994 4943 2280 5009 nostra,et
2311 4940 2422 4995 nisi
2458 4938 2710 5012 pluviam
2741 4939 3116 5012 acceperit,id
3150 4945 3239 4997 est
3266 4942 3635 5000 doctinarum

1993 5029 2234 5097 fontem,
2271 5029 2526 5084 fructum
2560 5046 2674 5084 non
2706 5029 2927 5084 afferet.
2980 5029 3162 5086 Terra
3200 5047 3335 5087 cum
3366 5030 3642 5089 humecta

1993 5117 2166 5175 fuerit
2199 5117 2536 5174 istiusmodi
2559 5118 2960 5174 doctrinarum
2983 5119 3309 5190 fonte,quid
3340 5121 3639 5194 sequitur?

2063 5231 2090 5256 ‹‹
2126 5207 2234 5274 Qui
2266 5206 2532 5279 producit
2561 5207 2620 5263 in
2655 5206 2956 5263 montibus
2987 5208 3207 5275 fenum,
3272 5231 3300 5258 »
3330 5213 3438 5266 etc.
3474 5211 3533 5268 Si
3567 5212 3638 5268 de

1987 5294 2110 5352 solo
2145 5298 2275 5351 feno
2308 5294 2645 5368 loqueretur
2677 5312 2690 5350 :
2727 5293 2928 5368 utique
2965 5295 3157 5352 fenum
3206 5299 3394 5371 magis
3424 5299 3480 5356 in
3507 5319 3636 5358 con-

1987 5383 2238 5441 vallibus
2271 5384 2558 5449 nascitur,
2589 5402 2766 5456 (luam
2803 5385 2857 5438 in
2905 5385 3252 5442 montuosis.
3291 5387 3633 5463 Ubicunque

1984 5475 2141 5530 enim
2174 5473 2369 5546 pluvia
2398 5473 2648 5546 amplior
2679 5473 2960 5542 fuerit,ibi
2992 5475 3183 5549 magis
3213 5475 3415 5534 fenum
3445 5478 3632 5533 nasci-

1985 5566 2100 5616 tur.
2134 5561 2213 5617 De
2244 5561 2543 5618 montibus
2575 5561 2840 5617 defluunt.
2869 5578 3032 5634 aqua
3063 5562 3121 5618 in
3154 5564 3535 5632 convallibus,
3571 5569 3628 5622 et

1985 5652 2172 5725 magis
2206 5650 2382 5708 herba
2414 5652 2696 5707 nascitur.
