  <div class='ocr_page' id='page_1' title='image "/cluster/home/n/w/nwhite01/storage/ocr_20150623/26/hvd.32044052772472/709.png"; bbox 0 0 3992 6194; ppageno 0'>
   <div class='ocr_carea' id='block_1_1' title="bbox 313 367 463 439">
    <p class='ocr_par' dir='ltr' id='par_1_1' title="bbox 313 367 463 439">
     <span class='ocr_line' id='line_1_1' title="bbox 313 367 463 439; baseline 0.033 -5"><span class='ocrx_word' id='word_1_1' title='bbox 313 367 463 439; x_wconf 77' lang='grc'>1331</span> 
     </span>
    </p>
   </div>
   <div class='ocr_carea' id='block_1_2' title="bbox 1809 380 2234 446">
    <p class='ocr_par' dir='ltr' id='par_1_2' title="bbox 1809 380 2234 446">
     <span class='ocr_line' id='line_1_2' title="bbox 1809 380 2234 446; baseline -0.002 -2"><span class='ocrx_word' id='word_1_2' title='bbox 1809 380 2234 446; x_wconf 78' lang='lat' dir='ltr'>APPENDIX.</span> 
     </span>
    </p>
   </div>
   <div class='ocr_carea' id='block_1_3' title="bbox 3571 388 3718 450">
    <p class='ocr_par' dir='ltr' id='par_1_3' title="bbox 3571 388 3718 450">
     <span class='ocr_line' id='line_1_3' title="bbox 3571 388 3718 450; baseline 0.034 -4"><span class='ocrx_word' id='word_1_3' title='bbox 3571 388 3718 450; x_wconf 71' lang='grc'>1339</span> 
     </span>
    </p>
   </div>
   <div class='ocr_carea' id='block_1_4' title="bbox 384 511 3724 596">
    <p class='ocr_par' dir='ltr' id='par_1_4' title="bbox 384 511 3724 596">
     <span class='ocr_line' id='line_1_4' title="bbox 384 511 3724 596; baseline 0.003 -28"><span class='ocrx_word' id='word_1_4' title='bbox 384 535 411 562; x_wconf 87' lang='grc'>‹‹</span> <span class='ocrx_word' id='word_1_5' title='bbox 445 511 514 570; x_wconf 87' lang='lat' dir='ltr'>Et</span> <span class='ocrx_word' id='word_1_6' title='bbox 544 512 644 570; x_wconf 89' lang='lat' dir='ltr'>dat</span> <span class='ocrx_word' id='word_1_7' title='bbox 659 512 951 587; x_wconf 90' lang='lat' dir='ltr'>jumentis</span> <span class='ocrx_word' id='word_1_8' title='bbox 1006 532 1199 573; x_wconf 89' lang='lat' dir='ltr'>escam</span> <span class='ocrx_word' id='word_1_9' title='bbox 1264 516 1546 590; x_wconf 89' lang='lat' dir='ltr'>ipsorum.</span> <span class='ocrx_word' id='word_1_10' title='bbox 1600 539 1627 565; x_wconf 82' lang='lat'>»</span> <span class='ocrx_word' id='word_1_11' title='bbox 1656 516 1963 589; x_wconf 77' lang='lat' dir='ltr'>Scriptura</span> <span class='ocrx_word' id='word_1_12' title='bbox 1994 519 2041 584; x_wconf 85' lang='grc' dir='ltr'><strong>Α</strong></span> <span class='ocrx_word' id='word_1_13' title='bbox 2076 517 2154 572; x_wconf 89' lang='lat' dir='ltr'>ris</span> <span class='ocrx_word' id='word_1_14' title='bbox 2186 515 2699 588; x_wconf 86' lang='lat' dir='ltr'>spiritualiter,sed</span> <span class='ocrx_word' id='word_1_15' title='bbox 2731 516 3220 587; x_wconf 89' lang='lat' dir='ltr'>carnaliter,dicis</span> <span class='ocrx_word' id='word_1_16' title='bbox 3251 517 3413 576; x_wconf 89' lang='lat' dir='ltr'>enim</span> <span class='ocrx_word' id='word_1_17' title='bbox 3437 520 3724 596; x_wconf 85' lang='lat' dir='ltr'>scriptum</span> 
     </span>
    </p>
   </div>
   <div class='ocr_carea' id='block_1_5' title="bbox 311 601 1963 678">
    <p class='ocr_par' dir='ltr' id='par_1_5' title="bbox 311 601 1963 678">
     <span class='ocr_line' id='line_1_5' title="bbox 311 601 1963 678; baseline 0.003 -22"><span class='ocrx_word' id='word_1_18' title='bbox 311 601 423 660; x_wconf 86' lang='lat' dir='ltr'>ista</span> <span class='ocrx_word' id='word_1_19' title='bbox 451 619 628 674; x_wconf 92' lang='lat' dir='ltr'>quam</span> <span class='ocrx_word' id='word_1_20' title='bbox 661 603 936 678; x_wconf 80' lang='lat' dir='ltr'>legimus,</span> <span class='ocrx_word' id='word_1_21' title='bbox 968 622 1145 677; x_wconf 90' lang='lat' dir='ltr'>quam</span> <span class='ocrx_word' id='word_1_22' title='bbox 1178 610 1523 673; x_wconf 80' lang='lat' dir='ltr'>tractamus,</span> <span class='ocrx_word' id='word_1_23' title='bbox 1557 623 1733 678; x_wconf 87' lang='lat' dir='ltr'>quam</span> <span class='ocrx_word' id='word_1_24' title='bbox 1788 605 1963 662; x_wconf 77' lang='lat' dir='ltr'>habe-</span> 
     </span>
    </p>
   </div>
   <div class='ocr_carea' id='block_1_6' title="bbox 317 693 1960 774">
    <p class='ocr_par' dir='ltr' id='par_1_6' title="bbox 317 693 1960 774">
     <span class='ocr_line' id='line_1_6' title="bbox 317 693 1960 774; baseline 0.001 -27"><span class='ocrx_word' id='word_1_25' title='bbox 317 707 453 748; x_wconf 90' lang='lat' dir='ltr'>mus</span> <span class='ocrx_word' id='word_1_26' title='bbox 484 693 544 748; x_wconf 91' lang='lat' dir='ltr'>in</span> <span class='ocrx_word' id='word_1_27' title='bbox 575 694 869 759; x_wconf 88' lang='lat' dir='ltr'>manibus,</span> <span class='ocrx_word' id='word_1_28' title='bbox 903 700 1130 774; x_wconf 82' lang='lat' dir='ltr'>montes</span> <span class='ocrx_word' id='word_1_29' title='bbox 1163 695 1345 751; x_wconf 80' lang='lat' dir='ltr'>sancti</span> <span class='ocrx_word' id='word_1_30' title='bbox 1407 695 1685 750; x_wconf 90' lang='lat' dir='ltr'>dicuntur</span> <span class='ocrx_word' id='word_1_31' title='bbox 1716 696 1773 750; x_wconf 90' lang='lat' dir='ltr'>in</span> <span class='ocrx_word' id='word_1_32' title='bbox 1808 695 1960 752; x_wconf 85' lang='lat' dir='ltr'>Scri-</span> 
     </span>
    </p>
   </div>
   <div class='ocr_carea' id='block_1_7' title="bbox 314 781 1968 854">
    <p class='ocr_par' dir='ltr' id='par_1_7' title="bbox 314 781 1968 854">
     <span class='ocr_line' id='line_1_7' title="bbox 314 781 1968 854; baseline 0.002 -16"><span class='ocrx_word' id='word_1_33' title='bbox 314 781 524 854; x_wconf 85' lang='lat' dir='ltr'>pturis.</span> <span class='ocrx_word' id='word_1_34' title='bbox 581 787 746 840; x_wconf 84' lang='lat' dir='ltr'>Mons</span> <span class='ocrx_word' id='word_1_35' title='bbox 811 790 1051 840; x_wconf 83' lang='lat' dir='ltr'>vocatur</span> <span class='ocrx_word' id='word_1_36' title='bbox 1099 785 1393 842; x_wconf 83' lang='lat' dir='ltr'>Abraham</span> <span class='ocrx_word' id='word_1_37' title='bbox 1442 803 1454 852; x_wconf 92' lang='lat'>;</span> <span class='ocrx_word' id='word_1_38' title='bbox 1502 803 1670 842; x_wconf 90' lang='lat' dir='ltr'>mons</span> <span class='ocrx_word' id='word_1_39' title='bbox 1729 790 1968 842; x_wconf 83' lang='lat' dir='ltr'>vocatur</span> 
     </span>
    </p>
   </div>
   <div class='ocr_carea' id='block_1_8' title="bbox 323 873 1965 948">
    <p class='ocr_par' dir='ltr' id='par_1_8' title="bbox 323 873 1965 948">
     <span class='ocr_line' id='line_1_8' title="bbox 323 873 1965 948; baseline 0.001 -20"><span class='ocrx_word' id='word_1_40' title='bbox 323 873 485 930; x_wconf 87' lang='lat' dir='ltr'>Isaac</span> <span class='ocrx_word' id='word_1_41' title='bbox 519 891 532 941; x_wconf 92' lang='lat'><strong>;</strong></span> <span class='ocrx_word' id='word_1_42' title='bbox 580 890 752 930; x_wconf 91' lang='lat' dir='ltr'>mons</span> <span class='ocrx_word' id='word_1_43' title='bbox 798 874 1080 930; x_wconf 83' lang='lat' dir='ltr'>Jeremias</span> <span class='ocrx_word' id='word_1_44' title='bbox 1117 892 1129 943; x_wconf 95' lang='lat'>;</span> <span class='ocrx_word' id='word_1_45' title='bbox 1165 879 1393 932; x_wconf 85' lang='lat' dir='ltr'>montes</span> <span class='ocrx_word' id='word_1_46' title='bbox 1423 875 1609 932; x_wconf 82' lang='lat' dir='ltr'>sancti</span> <span class='ocrx_word' id='word_1_47' title='bbox 1644 875 1965 948; x_wconf 77' lang='lat' dir='ltr'>prophetae.</span> 
     </span>
    </p>
   </div>
   <div class='ocr_carea' id='block_1_9' title="bbox 330 961 1967 1034">
    <p class='ocr_par' dir='ltr' id='par_1_9' title="bbox 330 961 1967 1034">
     <span class='ocr_line' id='line_1_9' title="bbox 330 961 1967 1034; baseline 0.001 -16"><span class='ocrx_word' id='word_1_48' title='bbox 330 961 558 1019; x_wconf 78' lang='lat' dir='ltr'>Montes</span> <span class='ocrx_word' id='word_1_49' title='bbox 587 961 687 1018; x_wconf 90' lang='lat' dir='ltr'>isti</span> <span class='ocrx_word' id='word_1_50' title='bbox 708 962 927 1020; x_wconf 83' lang='lat' dir='ltr'>habent</span> <span class='ocrx_word' id='word_1_51' title='bbox 956 967 1012 1019; x_wconf 88' lang='lat' dir='ltr'>et</span> <span class='ocrx_word' id='word_1_52' title='bbox 1041 964 1355 1034; x_wconf 91' lang='lat' dir='ltr'>frumenta,</span> <span class='ocrx_word' id='word_1_53' title='bbox 1383 964 1602 1020; x_wconf 80' lang='lat' dir='ltr'><strong>habent</strong></span> <span class='ocrx_word' id='word_1_54' title='bbox 1660 969 1716 1020; x_wconf 88' lang='lat' dir='ltr'>et</span> <span class='ocrx_word' id='word_1_55' title='bbox 1746 966 1967 1034; x_wconf 89' lang='lat' dir='ltr'>fenum,</span> 
     </span>
    </p>
   </div>
   <div class='ocr_carea' id='block_1_10' title="bbox 324 1050 1970 1126">
    <p class='ocr_par' dir='ltr' id='par_1_10' title="bbox 324 1050 1970 1126">
     <span class='ocr_line' id='line_1_10' title="bbox 324 1050 1970 1126; baseline 0.001 -18"><span class='ocrx_word' id='word_1_56' title='bbox 324 1050 385 1108; x_wconf 87' lang='lat' dir='ltr'>Si</span> <span class='ocrx_word' id='word_1_57' title='bbox 418 1051 592 1107; x_wconf 90' lang='lat' dir='ltr'>homo</span> <span class='ocrx_word' id='word_1_58' title='bbox 623 1067 704 1123; x_wconf 85' lang='lat' dir='ltr'>es,</span> <span class='ocrx_word' id='word_1_59' title='bbox 760 1052 976 1124; x_wconf 84' lang='lat' dir='ltr'>accipis</span> <span class='ocrx_word' id='word_1_60' title='bbox 1008 1053 1081 1107; x_wconf 91' lang='lat' dir='ltr'>ab</span> <span class='ocrx_word' id='word_1_61' title='bbox 1137 1053 1284 1126; x_wconf 90' lang='lat' dir='ltr'>ipsis</span> <span class='ocrx_word' id='word_1_62' title='bbox 1343 1055 1705 1110; x_wconf 90' lang='lat' dir='ltr'>frumentum</span> <span class='ocrx_word' id='word_1_63' title='bbox 1741 1070 1753 1108; x_wconf 90' lang='lat'>:</span> <span class='ocrx_word' id='word_1_64' title='bbox 1787 1071 1836 1110; x_wconf 80' lang='lat' dir='ltr'>Si</span> <span class='ocrx_word' id='word_1_65' title='bbox 1878 1071 1970 1126; x_wconf 90' lang='lat' dir='ltr'>pe-</span> 
     </span>
    </p>
   </div>
   <div class='ocr_carea' id='block_1_11' title="bbox 319 1140 1971 1216">
    <p class='ocr_par' dir='ltr' id='par_1_11' title="bbox 319 1140 1971 1216">
     <span class='ocr_line' id='line_1_11' title="bbox 319 1140 1971 1216; baseline 0.003 -21"><span class='ocrx_word' id='word_1_66' title='bbox 319 1155 424 1196; x_wconf 91' lang='lat' dir='ltr'>cus</span> <span class='ocrx_word' id='word_1_67' title='bbox 455 1156 537 1206; x_wconf 91' lang='lat' dir='ltr'>es,</span> <span class='ocrx_word' id='word_1_68' title='bbox 571 1140 770 1197; x_wconf 90' lang='lat' dir='ltr'>fenum</span> <span class='ocrx_word' id='word_1_69' title='bbox 801 1141 1036 1215; x_wconf 86' lang='lat' dir='ltr'>accipis.</span> <span class='ocrx_word' id='word_1_70' title='bbox 1084 1145 1341 1199; x_wconf 75' lang='lat' dir='ltr'>Homines</span> <span class='ocrx_word' id='word_1_71' title='bbox 1397 1149 1451 1200; x_wconf 84' lang='lat' dir='ltr'>et</span> <span class='ocrx_word' id='word_1_72' title='bbox 1498 1145 1755 1216; x_wconf 82' lang='lat' dir='ltr'>jumenla</span> <span class='ocrx_word' id='word_1_73' title='bbox 1795 1143 1971 1200; x_wconf 82' lang='lat' dir='ltr'>salvos</span> 
     </span>
    </p>
   </div>
   <div class='ocr_carea' id='block_1_12' title="bbox 317 1230 1970 1302">
    <p class='ocr_par' dir='ltr' id='par_1_12' title="bbox 317 1230 1970 1302">
     <span class='ocr_line' id='line_1_12' title="bbox 317 1230 1970 1302; baseline 0.001 -17"><span class='ocrx_word' id='word_1_74' title='bbox 317 1231 509 1301; x_wconf 73' lang='lat' dir='ltr'>facies,</span> <span class='ocrx_word' id='word_1_75' title='bbox 542 1230 767 1286; x_wconf 79' lang='lat' dir='ltr'>Domine</span> <span class='ocrx_word' id='word_1_76' title='bbox 807 1231 976 1302; x_wconf 81' lang='lat' dir='ltr'>(Psal.</span> <span class='ocrx_word' id='word_1_77' title='bbox 1035 1248 1201 1298; x_wconf 82' lang='lat' dir='ltr'>xxxv,</span> <span class='ocrx_word' id='word_1_78' title='bbox 1265 1233 1342 1302; x_wconf 89' lang='lat'>7).</span> <span class='ocrx_word' id='word_1_79' title='bbox 1398 1233 1733 1288; x_wconf 89' lang='lat' dir='ltr'>Secundum</span> <span class='ocrx_word' id='word_1_80' title='bbox 1797 1232 1970 1287; x_wconf 85' lang='lat' dir='ltr'>ﬁdem</span> 
     </span>
    </p>
   </div>
   <div class='ocr_carea' id='block_1_13' title="bbox 315 1318 1967 1393">
    <p class='ocr_par' dir='ltr' id='par_1_13' title="bbox 315 1318 1967 1393">
     <span class='ocr_line' id='line_1_13' title="bbox 315 1318 1967 1393; baseline 0.001 -20"><span class='ocrx_word' id='word_1_81' title='bbox 315 1323 478 1375; x_wconf 89' lang='lat' dir='ltr'>tuam</span> <span class='ocrx_word' id='word_1_82' title='bbox 512 1318 772 1375; x_wconf 89' lang='lat' dir='ltr'>salvaris.</span> <span class='ocrx_word' id='word_1_83' title='bbox 807 1341 836 1369; x_wconf 87' lang='lat'><strong>«</strong></span> <span class='ocrx_word' id='word_1_84' title='bbox 868 1319 976 1386; x_wconf 88' lang='lat' dir='ltr'>Qui</span> <span class='ocrx_word' id='word_1_85' title='bbox 1008 1321 1276 1393; x_wconf 82' lang='lat' dir='ltr'>producit</span> <span class='ocrx_word' id='word_1_86' title='bbox 1304 1320 1363 1376; x_wconf 92' lang='lat' dir='ltr'>in</span> <span class='ocrx_word' id='word_1_87' title='bbox 1411 1321 1715 1378; x_wconf 87' lang='lat' dir='ltr'>montibus</span> <span class='ocrx_word' id='word_1_88' title='bbox 1745 1321 1967 1376; x_wconf 66' lang='lat' dir='ltr'>fenum,</span> 
     </span>
    </p>
   </div>
   <div class='ocr_carea' id='block_1_14' title="bbox 315 1408 1970 1482">
    <p class='ocr_par' dir='ltr' id='par_1_14' title="bbox 315 1408 1970 1482">
     <span class='ocr_line' id='line_1_14' title="bbox 315 1408 1970 1482; baseline -0.001 -18"><span class='ocrx_word' id='word_1_89' title='bbox 315 1411 373 1464; x_wconf 87' lang='lat' dir='ltr'>et</span> <span class='ocrx_word' id='word_1_90' title='bbox 404 1408 504 1464; x_wconf 88' lang='lat' dir='ltr'>dat</span> <span class='ocrx_word' id='word_1_91' title='bbox 524 1409 814 1480; x_wconf 80' lang='lat' dir='ltr'>jumentis</span> <span class='ocrx_word' id='word_1_92' title='bbox 844 1426 1039 1465; x_wconf 88' lang='lat' dir='ltr'>escam</span> <span class='ocrx_word' id='word_1_93' title='bbox 1089 1410 1374 1482; x_wconf 90' lang='lat' dir='ltr'>ipsorum.</span> <span class='ocrx_word' id='word_1_94' title='bbox 1409 1433 1436 1461; x_wconf 86' lang='grc'><strong>››</strong></span> <span class='ocrx_word' id='word_1_95' title='bbox 1469 1411 1528 1466; x_wconf 92' lang='lat' dir='ltr'>Si</span> <span class='ocrx_word' id='word_1_96' title='bbox 1593 1410 1769 1467; x_wconf 90' lang='lat' dir='ltr'>homo</span> <span class='ocrx_word' id='word_1_97' title='bbox 1800 1427 1883 1479; x_wconf 91' lang='lat' dir='ltr'>es,</span> <span class='ocrx_word' id='word_1_98' title='bbox 1912 1410 1970 1464; x_wconf 91' lang='lat' dir='ltr'>in</span> 
     </span>
    </p>
   </div>
   <div class='ocr_carea' id='block_1_15' title="bbox 313 1497 1971 1572">
    <p class='ocr_par' dir='ltr' id='par_1_15' title="bbox 313 1497 1971 1572">
     <span class='ocr_line' id='line_1_15' title="bbox 313 1497 1971 1572; baseline 0.001 -19"><span class='ocrx_word' id='word_1_99' title='bbox 313 1497 632 1568; x_wconf 90' lang='lat' dir='ltr'>Scripturis</span> <span class='ocrx_word' id='word_1_100' title='bbox 664 1498 884 1554; x_wconf 87' lang='lat' dir='ltr'>sanctis</span> <span class='ocrx_word' id='word_1_101' title='bbox 941 1499 1159 1572; x_wconf 87' lang='lat' dir='ltr'>accipis</span> <span class='ocrx_word' id='word_1_102' title='bbox 1217 1500 1584 1572; x_wconf 91' lang='lat' dir='ltr'>spiritualem</span> <span class='ocrx_word' id='word_1_103' title='bbox 1648 1498 1971 1571; x_wconf 90' lang='lat' dir='ltr'>intelligen-</span> 
     </span>
    </p>
   </div>
   <div class='ocr_carea' id='block_1_16' title="bbox 312 1585 1976 1658">
    <p class='ocr_par' dir='ltr' id='par_1_16' title="bbox 312 1585 1976 1658">
     <span class='ocr_line' id='line_1_16' title="bbox 312 1585 1976 1658; baseline 0.001 -17"><span class='ocrx_word' id='word_1_104' title='bbox 312 1585 458 1643; x_wconf 87' lang='lat' dir='ltr'>tiam</span> <span class='ocrx_word' id='word_1_105' title='bbox 490 1603 502 1640; x_wconf 91' lang='lat'>:</span> <span class='ocrx_word' id='word_1_106' title='bbox 535 1586 586 1642; x_wconf 88' lang='lat' dir='ltr'>si</span> <span class='ocrx_word' id='word_1_107' title='bbox 609 1587 950 1658; x_wconf 87' lang='lat' dir='ltr'>jumentum</span> <span class='ocrx_word' id='word_1_108' title='bbox 990 1605 1073 1656; x_wconf 90' lang='lat' dir='ltr'>es,</span> <span class='ocrx_word' id='word_1_109' title='bbox 1133 1590 1461 1645; x_wconf 90' lang='lat' dir='ltr'>secundum</span> <span class='ocrx_word' id='word_1_110' title='bbox 1521 1589 1776 1645; x_wconf 83' lang='lat' dir='ltr'>litteram</span> <span class='ocrx_word' id='word_1_111' title='bbox 1816 1605 1976 1644; x_wconf 89' lang='lat' dir='ltr'>more</span> 
     </span>
    </p>
   </div>
   <div class='ocr_carea' id='block_1_17' title="bbox 310 1676 1980 1750">
    <p class='ocr_par' dir='ltr' id='par_1_17' title="bbox 310 1676 1980 1750">
     <span class='ocr_line' id='line_1_17' title="bbox 310 1676 1980 1750; baseline 0.001 -17"><span class='ocrx_word' id='word_1_112' title='bbox 310 1676 574 1733; x_wconf 84' lang='lat' dir='ltr'>Judaico.</span> <span class='ocrx_word' id='word_1_113' title='bbox 611 1677 754 1732; x_wconf 83' lang='lat' dir='ltr'>Rern</span> <span class='ocrx_word' id='word_1_114' title='bbox 787 1693 1065 1750; x_wconf 87' lang='lat' dir='ltr'>magnam</span> <span class='ocrx_word' id='word_1_115' title='bbox 1089 1679 1441 1735; x_wconf 90' lang='lat' dir='ltr'>video.Deus</span> <span class='ocrx_word' id='word_1_116' title='bbox 1475 1679 1576 1750; x_wconf 89' lang='lat' dir='ltr'>qui</span> <span class='ocrx_word' id='word_1_117' title='bbox 1611 1679 1792 1735; x_wconf 87' lang='lat' dir='ltr'>tantis</span> <span class='ocrx_word' id='word_1_118' title='bbox 1837 1696 1980 1750; x_wconf 72' lang='lat' dir='ltr'>prae-</span> 
     </span>
    </p>
   </div>
   <div class='ocr_carea' id='block_1_18' title="bbox 313 1764 1974 1839">
    <p class='ocr_par' dir='ltr' id='par_1_18' title="bbox 313 1764 1974 1839">
     <span class='ocr_line' id='line_1_18' title="bbox 313 1764 1974 1839; baseline 0.001 -17"><span class='ocrx_word' id='word_1_119' title='bbox 313 1764 500 1822; x_wconf 91' lang='lat' dir='ltr'>coniis</span> <span class='ocrx_word' id='word_1_120' title='bbox 531 1764 898 1822; x_wconf 86' lang='lat' dir='ltr'>collaudatus</span> <span class='ocrx_word' id='word_1_121' title='bbox 929 1770 1039 1832; x_wconf 91' lang='lat' dir='ltr'>est,</span> <span class='ocrx_word' id='word_1_122' title='bbox 1071 1767 1393 1823; x_wconf 86' lang='lat' dir='ltr'>deducitur</span> <span class='ocrx_word' id='word_1_123' title='bbox 1443 1769 1514 1824; x_wconf 91' lang='lat' dir='ltr'>ad</span> <span class='ocrx_word' id='word_1_124' title='bbox 1546 1767 1770 1839; x_wconf 84' lang='lat' dir='ltr'>viliora,</span> <span class='ocrx_word' id='word_1_125' title='bbox 1803 1773 1858 1825; x_wconf 90' lang='lat' dir='ltr'>et</span> <span class='ocrx_word' id='word_1_126' title='bbox 1888 1770 1974 1824; x_wconf 85' lang='lat' dir='ltr'>di-</span> 
     </span>
    </p>
   </div>
   <div class='ocr_carea' id='block_1_19' title="bbox 2077 606 3727 683">
    <p class='ocr_par' dir='ltr' id='par_1_19' title="bbox 2077 606 3727 683">
     <span class='ocr_line' id='line_1_19' title="bbox 2077 606 3727 683; baseline 0.004 -22"><span class='ocrx_word' id='word_1_127' title='bbox 2077 623 2204 662; x_wconf 91' lang='lat' dir='ltr'>esse</span> <span class='ocrx_word' id='word_1_128' title='bbox 2237 607 2306 660; x_wconf 82' lang='lat' dir='ltr'>de</span> <span class='ocrx_word' id='word_1_129' title='bbox 2331 606 2604 663; x_wconf 91' lang='lat' dir='ltr'>corvis.Si</span> <span class='ocrx_word' id='word_1_130' title='bbox 2635 624 2770 680; x_wconf 85' lang='lat' dir='ltr'>ergo</span> <span class='ocrx_word' id='word_1_131' title='bbox 2800 609 2871 664; x_wconf 94' lang='lat' dir='ltr'>de</span> <span class='ocrx_word' id='word_1_132' title='bbox 2901 607 3080 681; x_wconf 89' lang='lat' dir='ltr'>pullis</span> <span class='ocrx_word' id='word_1_133' title='bbox 3100 625 3411 664; x_wconf 82' lang='lat' dir='ltr'>corvorum</span> <span class='ocrx_word' id='word_1_134' title='bbox 3445 611 3727 683; x_wconf 88' lang='lat' dir='ltr'>scriptum</span> 
     </span>
    </p>
   </div>
   <div class='ocr_carea' id='block_1_20' title="bbox 2076 695 3728 768">
    <p class='ocr_par' dir='ltr' id='par_1_20' title="bbox 2076 695 3728 768">
     <span class='ocr_line' id='line_1_20' title="bbox 2076 695 3728 768; baseline 0.003 -17"><span class='ocrx_word' id='word_1_135' title='bbox 2076 700 2184 762; x_wconf 90' lang='lat' dir='ltr'>est,</span> <span class='ocrx_word' id='word_1_136' title='bbox 2217 699 2273 750; x_wconf 92' lang='lat' dir='ltr'>et</span> <span class='ocrx_word' id='word_1_137' title='bbox 2301 695 2397 750; x_wconf 90' lang='lat' dir='ltr'>hic</span> <span class='ocrx_word' id='word_1_138' title='bbox 2429 695 2651 751; x_wconf 90' lang='lat' dir='ltr'>dictum</span> <span class='ocrx_word' id='word_1_139' title='bbox 2683 697 2903 752; x_wconf 87' lang='lat' dir='ltr'>est:«Et</span> <span class='ocrx_word' id='word_1_140' title='bbox 2921 696 3422 768; x_wconf 89' lang='lat' dir='ltr'>pulliscorvorum</span> <span class='ocrx_word' id='word_1_141' title='bbox 3460 699 3728 756; x_wconf 83' lang='lat' dir='ltr'>invocan-</span> 
     </span>
    </p>
   </div>
   <div class='ocr_carea' id='block_1_21' title="bbox 2078 783 3726 858">
    <p class='ocr_par' dir='ltr' id='par_1_21' title="bbox 2078 783 3726 858">
     <span class='ocr_line' id='line_1_21' title="bbox 2078 783 3726 858; baseline 0.005 -22"><span class='ocrx_word' id='word_1_142' title='bbox 2078 783 2236 839; x_wconf 88' lang='lat' dir='ltr'>tibus</span> <span class='ocrx_word' id='word_1_143' title='bbox 2268 801 2400 839; x_wconf 92' lang='lat' dir='ltr'>eum</span> <span class='ocrx_word' id='word_1_144' title='bbox 2428 807 2454 834; x_wconf 89' lang='grc'>››</span> <span class='ocrx_word' id='word_1_145' title='bbox 2489 789 2542 840; x_wconf 86' lang='lat' dir='ltr'>et</span> <span class='ocrx_word' id='word_1_146' title='bbox 2575 785 2858 858; x_wconf 89' lang='lat' dir='ltr'>scriptum</span> <span class='ocrx_word' id='word_1_147' title='bbox 2891 791 2998 854; x_wconf 90' lang='lat' dir='ltr'>est,</span> <span class='ocrx_word' id='word_1_148' title='bbox 3024 787 3344 858; x_wconf 87' lang='lat' dir='ltr'>Omnisqui</span> <span class='ocrx_word' id='word_1_149' title='bbox 3375 787 3726 844; x_wconf 86' lang='lat' dir='ltr'>invocaverit</span> 
     </span>
    </p>
   </div>
   <div class='ocr_carea' id='block_1_22' title="bbox 2079 873 3723 950">
    <p class='ocr_par' dir='ltr' id='par_1_22' title="bbox 2079 873 3723 950">
     <span class='ocr_line' id='line_1_22' title="bbox 2079 873 3723 950; baseline 0.005 -23"><span class='ocrx_word' id='word_1_150' title='bbox 2079 888 2291 928; x_wconf 88' lang='lat' dir='ltr'>nomen</span> <span class='ocrx_word' id='word_1_151' title='bbox 2329 873 2557 929; x_wconf 91' lang='lat' dir='ltr'>Domini</span> <span class='ocrx_word' id='word_1_152' title='bbox 2589 874 2781 930; x_wconf 89' lang='lat' dir='ltr'>salvus</span> <span class='ocrx_word' id='word_1_153' title='bbox 2813 874 2922 930; x_wconf 84' lang='lat' dir='ltr'>erit</span> <span class='ocrx_word' id='word_1_154' title='bbox 2950 891 2964 932; x_wconf 88' lang='lat'><strong>:</strong></span> <span class='ocrx_word' id='word_1_155' title='bbox 2999 891 3136 950; x_wconf 89' lang='lat' dir='ltr'>ergo</span> <span class='ocrx_word' id='word_1_156' title='bbox 3157 881 3216 931; x_wconf 91' lang='lat' dir='ltr'>et</span> <span class='ocrx_word' id='word_1_157' title='bbox 3246 875 3391 948; x_wconf 92' lang='lat' dir='ltr'>pulli</span> <span class='ocrx_word' id='word_1_158' title='bbox 3416 892 3723 934; x_wconf 85' lang='lat' dir='ltr'>corvorum</span> 
     </span>
    </p>
   </div>
   <div class='ocr_carea' id='block_1_23' title="bbox 2079 961 3724 1038">
    <p class='ocr_par' dir='ltr' id='par_1_23' title="bbox 2079 961 3724 1038">
     <span class='ocr_line' id='line_1_23' title="bbox 2079 961 3724 1038; baseline 0.004 -22"><span class='ocrx_word' id='word_1_159' title='bbox 2079 961 2224 1017; x_wconf 90' lang='lat' dir='ltr'>salvi</span> <span class='ocrx_word' id='word_1_160' title='bbox 2254 967 2425 1018; x_wconf 88' lang='lat' dir='ltr'>erunt</span> <span class='ocrx_word' id='word_1_161' title='bbox 2454 963 2512 1019; x_wconf 92' lang='lat' dir='ltr'>in</span> <span class='ocrx_word' id='word_1_162' title='bbox 2527 965 3094 1023; x_wconf 87' lang='lat' dir='ltr'>resurrectione.Nos</span> <span class='ocrx_word' id='word_1_163' title='bbox 3109 981 3246 1038; x_wconf 88' lang='lat' dir='ltr'>ergo</span> <span class='ocrx_word' id='word_1_164' title='bbox 3260 965 3406 1038; x_wconf 89' lang='lat' dir='ltr'>pulli</span> <span class='ocrx_word' id='word_1_165' title='bbox 3422 981 3724 1023; x_wconf 75' lang='lat' dir='ltr'>corvorum</span> 
     </span>
    </p>
   </div>
   <div class='ocr_carea' id='block_1_24' title="bbox 2080 1051 3727 1127">
    <p class='ocr_par' dir='ltr' id='par_1_24' title="bbox 2080 1051 3727 1127">
     <span class='ocr_line' id='line_1_24' title="bbox 2080 1051 3727 1127; baseline 0.004 -22"><span class='ocrx_word' id='word_1_166' title='bbox 2080 1051 2418 1108; x_wconf 89' lang='lat' dir='ltr'>invocamus</span> <span class='ocrx_word' id='word_1_167' title='bbox 2466 1057 2642 1125; x_wconf 88' lang='lat' dir='ltr'>atque</span> <span class='ocrx_word' id='word_1_168' title='bbox 2702 1053 3020 1110; x_wconf 89' lang='lat' dir='ltr'>salvamur.</span> <span class='ocrx_word' id='word_1_169' title='bbox 3079 1055 3336 1127; x_wconf 88' lang='lat' dir='ltr'>Denique</span> <span class='ocrx_word' id='word_1_170' title='bbox 3393 1059 3453 1110; x_wconf 90' lang='lat' dir='ltr'>et</span> <span class='ocrx_word' id='word_1_171' title='bbox 3511 1056 3727 1112; x_wconf 83' lang='lat' dir='ltr'>Paulus</span> 
     </span>
    </p>
   </div>
   <div class='ocr_carea' id='block_1_25' title="bbox 2080 1141 3735 1217">
    <p class='ocr_par' dir='ltr' id='par_1_25' title="bbox 2080 1141 3735 1217">
     <span class='ocr_line' id='line_1_25' title="bbox 2080 1141 3735 1217; baseline 0.002 -21"><span class='ocrx_word' id='word_1_172' title='bbox 2080 1141 2384 1213; x_wconf 89' lang='lat' dir='ltr'>apostolus</span> <span class='ocrx_word' id='word_1_173' title='bbox 2413 1143 2651 1214; x_wconf 90' lang='lat' dir='ltr'>scripsit</span> <span class='ocrx_word' id='word_1_174' title='bbox 2679 1144 2752 1199; x_wconf 92' lang='lat' dir='ltr'>ad</span> <span class='ocrx_word' id='word_1_175' title='bbox 2784 1160 3122 1200; x_wconf 87' lang='lat' dir='ltr'>sanctorum</span> <span class='ocrx_word' id='word_1_176' title='bbox 3147 1144 3467 1200; x_wconf 91' lang='lat' dir='ltr'>Ecclesiam</span> <span class='ocrx_word' id='word_1_177' title='bbox 3500 1145 3735 1217; x_wconf 83' lang='lat' dir='ltr'>scripsit</span> 
     </span>
    </p>
   </div>
   <div class='ocr_carea' id='block_1_26' title="bbox 2083 1230 3731 1304">
    <p class='ocr_par' dir='ltr' id='par_1_26' title="bbox 2083 1230 3731 1304">
     <span class='ocr_line' id='line_1_26' title="bbox 2083 1230 3731 1304; baseline 0.002 -20"><span class='ocrx_word' id='word_1_178' title='bbox 2083 1230 2153 1285; x_wconf 90' lang='lat' dir='ltr'>ad</span> <span class='ocrx_word' id='word_1_179' title='bbox 2186 1247 2286 1286; x_wconf 91' lang='lat' dir='ltr'>eos</span> <span class='ocrx_word' id='word_1_180' title='bbox 2319 1230 2418 1302; x_wconf 90' lang='lat' dir='ltr'>qui</span> <span class='ocrx_word' id='word_1_181' title='bbox 2448 1231 2720 1287; x_wconf 89' lang='lat' dir='ltr'>invocant</span> <span class='ocrx_word' id='word_1_182' title='bbox 2775 1248 2988 1289; x_wconf 89' lang='lat' dir='ltr'>nomen</span> <span class='ocrx_word' id='word_1_183' title='bbox 3047 1232 3275 1290; x_wconf 88' lang='lat' dir='ltr'>Domini</span> <span class='ocrx_word' id='word_1_184' title='bbox 3330 1233 3374 1304; x_wconf 83' lang='grc' dir='ltr'>(ι</span> <span class='ocrx_word' id='word_1_185' title='bbox 3423 1237 3553 1291; x_wconf 89' lang='lat' dir='ltr'>Cor.</span> <span class='ocrx_word' id='word_1_186' title='bbox 3591 1251 3629 1301; x_wconf 81' lang='grc' dir='ltr'>ι,</span> <span class='ocrx_word' id='word_1_187' title='bbox 3660 1235 3731 1304; x_wconf 77' lang='lat'>2).</span> 
     </span>
    </p>
   </div>
   <div class='ocr_carea' id='block_1_27' title="bbox 2159 1319 3733 1394">
    <p class='ocr_par' dir='ltr' id='par_1_27' title="bbox 2159 1319 3733 1394">
     <span class='ocr_line' id='line_1_27' title="bbox 2159 1319 3733 1394; baseline -0.003 -19"><span class='ocrx_word' id='word_1_188' title='bbox 2159 1340 2186 1369; x_wconf 87' lang='lat'><strong>«</strong></span> <span class='ocrx_word' id='word_1_189' title='bbox 2213 1319 2336 1376; x_wconf 87' lang='lat' dir='ltr'>Non</span> <span class='ocrx_word' id='word_1_190' title='bbox 2370 1321 2428 1375; x_wconf 90' lang='lat' dir='ltr'>in</span> <span class='ocrx_word' id='word_1_191' title='bbox 2460 1321 2801 1378; x_wconf 81' lang='lat' dir='ltr'>fortitudine</span> <span class='ocrx_word' id='word_1_192' title='bbox 2831 1323 2967 1394; x_wconf 92' lang='lat' dir='ltr'>equi</span> <span class='ocrx_word' id='word_1_193' title='bbox 2998 1322 3356 1378; x_wconf 85' lang='lat' dir='ltr'>voluntatem</span> <span class='ocrx_word' id='word_1_194' title='bbox 3408 1321 3677 1378; x_wconf 86' lang='lat' dir='ltr'>habebit.</span> <span class='ocrx_word' id='word_1_195' title='bbox 3709 1346 3733 1371; x_wconf 67' lang='grc' dir='ltr'><strong>η</strong></span> 
     </span>
    </p>
   </div>
   <div class='ocr_carea' id='block_1_28' title="bbox 2082 1407 3736 1484">
    <p class='ocr_par' dir='ltr' id='par_1_28' title="bbox 2082 1407 3736 1484">
     <span class='ocr_line' id='line_1_28' title="bbox 2082 1407 3736 1484; baseline 0.004 -22"><span class='ocrx_word' id='word_1_196' title='bbox 2082 1407 2427 1466; x_wconf 87' lang='lat' dir='ltr'>Brevitatem</span> <span class='ocrx_word' id='word_1_197' title='bbox 2463 1410 2867 1481; x_wconf 89' lang='lat' dir='ltr'>promisimus,</span> <span class='ocrx_word' id='word_1_198' title='bbox 2914 1415 2971 1466; x_wconf 91' lang='lat' dir='ltr'>et</span> <span class='ocrx_word' id='word_1_199' title='bbox 3033 1411 3380 1468; x_wconf 85' lang='lat' dir='ltr'>necessitate</span> <span class='ocrx_word' id='word_1_200' title='bbox 3443 1411 3736 1484; x_wconf 84' lang='lat' dir='ltr'>compulsi</span> 
     </span>
    </p>
   </div>
   <div class='ocr_carea' id='block_1_29' title="bbox 2084 1499 3738 1572">
    <p class='ocr_par' dir='ltr' id='par_1_29' title="bbox 2084 1499 3738 1572">
     <span class='ocr_line' id='line_1_29' title="bbox 2084 1499 3738 1572; baseline 0.002 -19"><span class='ocrx_word' id='word_1_201' title='bbox 2084 1515 2292 1554; x_wconf 92' lang='lat' dir='ltr'>sumus</span> <span class='ocrx_word' id='word_1_202' title='bbox 2325 1499 2502 1554; x_wconf 90' lang='lat' dir='ltr'>latius</span> <span class='ocrx_word' id='word_1_203' title='bbox 2529 1499 2830 1572; x_wconf 89' lang='lat' dir='ltr'>disputare</span> <span class='ocrx_word' id='word_1_204' title='bbox 2865 1517 2878 1555; x_wconf 88' lang='lat'>:</span> <span class='ocrx_word' id='word_1_205' title='bbox 2909 1500 3136 1556; x_wconf 88' lang='lat' dir='ltr'>mentiti</span> <span class='ocrx_word' id='word_1_206' title='bbox 3169 1517 3400 1568; x_wconf 90' lang='lat' dir='ltr'>sumus,</span> <span class='ocrx_word' id='word_1_207' title='bbox 3442 1501 3547 1556; x_wconf 90' lang='lat' dir='ltr'>sed</span> <span class='ocrx_word' id='word_1_208' title='bbox 3584 1516 3738 1556; x_wconf 87' lang='lat' dir='ltr'>men-</span> 
     </span>
    </p>
   </div>
   <div class='ocr_carea' id='block_1_30' title="bbox 2084 1585 3742 1645">
    <p class='ocr_par' dir='ltr' id='par_1_30' title="bbox 2084 1585 3742 1645">
     <span class='ocr_line' id='line_1_30' title="bbox 2084 1585 3742 1645; baseline 0.003 -5"><span class='ocrx_word' id='word_1_209' title='bbox 2084 1585 2318 1641; x_wconf 85' lang='lat' dir='ltr'>dacium</span> <span class='ocrx_word' id='word_1_210' title='bbox 2355 1587 2708 1644; x_wconf 88' lang='lat' dir='ltr'>utilissimus</span> <span class='ocrx_word' id='word_1_211' title='bbox 2737 1593 2844 1644; x_wconf 91' lang='lat' dir='ltr'>est.</span> <span class='ocrx_word' id='word_1_212' title='bbox 2877 1587 3114 1645; x_wconf 86' lang='lat' dir='ltr'>Utinam</span> <span class='ocrx_word' id='word_1_213' title='bbox 3162 1589 3422 1645; x_wconf 87' lang='lat' dir='ltr'>Herodes</span> <span class='ocrx_word' id='word_1_214' title='bbox 3456 1590 3742 1645; x_wconf 87' lang='lat' dir='ltr'>mentitus</span> 
     </span>
    </p>
   </div>
   <div class='ocr_carea' id='block_1_31' title="bbox 2085 1677 3744 1751">
    <p class='ocr_par' dir='ltr' id='par_1_31' title="bbox 2085 1677 3744 1751">
     <span class='ocr_line' id='line_1_31' title="bbox 2085 1677 3744 1751; baseline 0.002 -20"><span class='ocrx_word' id='word_1_215' title='bbox 2085 1681 2240 1732; x_wconf 90' lang='lat' dir='ltr'>esset</span> <span class='ocrx_word' id='word_1_216' title='bbox 2269 1682 2326 1732; x_wconf 89' lang='lat' dir='ltr'>et</span> <span class='ocrx_word' id='word_1_217' title='bbox 2356 1677 2677 1749; x_wconf 85' lang='lat' dir='ltr'>pejerasset</span> <span class='ocrx_word' id='word_1_218' title='bbox 2707 1679 2922 1749; x_wconf 79' lang='lat' dir='ltr'>(Matth.</span> <span class='ocrx_word' id='word_1_219' title='bbox 2955 1680 3240 1746; x_wconf 79' lang='lat' dir='ltr'>x1v,7-1i)</span> <span class='ocrx_word' id='word_1_220' title='bbox 3267 1678 3281 1733; x_wconf 85' lang='lat' dir='ltr'>l</span> <span class='ocrx_word' id='word_1_221' title='bbox 3317 1679 3384 1734; x_wconf 86' lang='lat' dir='ltr'>Et</span> <span class='ocrx_word' id='word_1_222' title='bbox 3416 1695 3527 1734; x_wconf 89' lang='lat' dir='ltr'>nos</span> <span class='ocrx_word' id='word_1_223' title='bbox 3563 1678 3744 1751; x_wconf 82' lang='lat' dir='ltr'>igitur</span> 
     </span>
    </p>
   </div>
   <div class='ocr_carea' id='block_1_32' title="bbox 2087 1763 3742 1840">
    <p class='ocr_par' dir='ltr' id='par_1_32' title="bbox 2087 1763 3742 1840">
     <span class='ocr_line' id='line_1_32' title="bbox 2087 1763 3742 1840; baseline 0.002 -21"><span class='ocrx_word' id='word_1_224' title='bbox 2087 1763 2312 1820; x_wconf 91' lang='lat' dir='ltr'>minora</span> <span class='ocrx_word' id='word_1_225' title='bbox 2344 1766 2750 1838; x_wconf 89' lang='lat' dir='ltr'>promisimus,</span> <span class='ocrx_word' id='word_1_226' title='bbox 2811 1773 2868 1823; x_wconf 90' lang='lat' dir='ltr'>et</span> <span class='ocrx_word' id='word_1_227' title='bbox 2924 1767 3230 1823; x_wconf 87' lang='lat' dir='ltr'>orantibus</span> <span class='ocrx_word' id='word_1_228' title='bbox 3285 1767 3455 1823; x_wconf 89' lang='lat' dir='ltr'>vobis</span> <span class='ocrx_word' id='word_1_229' title='bbox 3514 1770 3742 1840; x_wconf 83' lang='lat' dir='ltr'>majora</span> 
     </span>
    </p>
   </div>
   <div class='ocr_carea' id='block_1_33' title="bbox 314 1853 3740 1956">
    <p class='ocr_par' dir='ltr' id='par_1_33' title="bbox 314 1853 3740 1956">
     <span class='ocr_line' id='line_1_33' title="bbox 314 1853 3740 1956; baseline 0.001 -47"><span class='ocrx_word' id='word_1_230' title='bbox 314 1853 469 1910; x_wconf 89' lang='lat' dir='ltr'>citur</span> <span class='ocrx_word' id='word_1_231' title='bbox 500 1871 513 1909; x_wconf 91' lang='lat'><strong>:</strong></span> <span class='ocrx_word' id='word_1_232' title='bbox 551 1877 572 1900; x_wconf 75' lang='grc' dir='ltr'><strong><em>α</em></strong></span> <span class='ocrx_word' id='word_1_233' title='bbox 607 1854 677 1909; x_wconf 86' lang='lat' dir='ltr'>Et</span> <span class='ocrx_word' id='word_1_234' title='bbox 705 1853 882 1926; x_wconf 88' lang='lat' dir='ltr'>pullis</span> <span class='ocrx_word' id='word_1_235' title='bbox 923 1872 1229 1912; x_wconf 87' lang='lat' dir='ltr'>corvorum</span> <span class='ocrx_word' id='word_1_236' title='bbox 1290 1857 1698 1914; x_wconf 89' lang='lat' dir='ltr'>invocantibus</span> <span class='ocrx_word' id='word_1_237' title='bbox 1753 1875 1908 1915; x_wconf 90' lang='lat' dir='ltr'>eum.</span> <span class='ocrx_word' id='word_1_238' title='bbox 1946 1884 1967 1910; x_wconf 68' lang='grc' dir='ltr'><strong><em>υ</em></strong></span> <span class='ocrx_word' id='word_1_239' title='bbox 2005 1891 2051 1956; x_wconf 82' lang='grc' dir='ltr'><strong>Β</strong></span> <span class='ocrx_word' id='word_1_240' title='bbox 2087 1854 2464 1926; x_wconf 86' lang='lat' dir='ltr'>praebuimus.</span> <span class='ocrx_word' id='word_1_241' title='bbox 2497 1855 2650 1911; x_wconf 85' lang='lat' dir='ltr'>Hora</span> <span class='ocrx_word' id='word_1_242' title='bbox 2673 1855 2971 1929; x_wconf 91' lang='lat' dir='ltr'>compellit</span> <span class='ocrx_word' id='word_1_243' title='bbox 2993 1862 3056 1911; x_wconf 90' lang='lat' dir='ltr'>ut</span> <span class='ocrx_word' id='word_1_244' title='bbox 3075 1861 3296 1914; x_wconf 87' lang='lat' dir='ltr'>taceam</span> <span class='ocrx_word' id='word_1_245' title='bbox 3334 1874 3348 1912; x_wconf 90' lang='lat'><strong>:</strong></span> <span class='ocrx_word' id='word_1_246' title='bbox 3382 1857 3740 1955; x_wconf 75' lang='lat' dir='ltr'>magnitudo</span> 
     </span>
    </p>
   </div>
   <div class='ocr_carea' id='block_1_34' title="bbox 315 1941 1967 2019">
    <p class='ocr_par' dir='ltr' id='par_1_34' title="bbox 315 1941 1967 2019">
     <span class='ocr_line' id='line_1_34' title="bbox 315 1941 1967 2019; baseline 0.003 -21"><span class='ocrx_word' id='word_1_247' title='bbox 315 1941 375 1998; x_wconf 90' lang='lat' dir='ltr'>Si</span> <span class='ocrx_word' id='word_1_248' title='bbox 405 1943 476 1998; x_wconf 92' lang='lat' dir='ltr'>de</span> <span class='ocrx_word' id='word_1_249' title='bbox 510 1941 719 1999; x_wconf 87' lang='lat' dir='ltr'>avibus</span> <span class='ocrx_word' id='word_1_250' title='bbox 750 1943 879 1998; x_wconf 66' lang='lat' dir='ltr'>coeli</span> <span class='ocrx_word' id='word_1_251' title='bbox 909 1944 1151 2012; x_wconf 90' lang='lat' dir='ltr'>diceret,</span> <span class='ocrx_word' id='word_1_252' title='bbox 1183 1946 1370 2019; x_wconf 87' lang='lat' dir='ltr'>magis</span> <span class='ocrx_word' id='word_1_253' title='bbox 1409 1945 1638 2019; x_wconf 90' lang='lat' dir='ltr'>aquilas</span> <span class='ocrx_word' id='word_1_254' title='bbox 1669 1947 1967 2003; x_wconf 90' lang='lat' dir='ltr'>nominas-</span> 
     </span>
    </p>
   </div>
   <div class='ocr_carea' id='block_1_35' title="bbox 314 2031 1971 2105">
    <p class='ocr_par' dir='ltr' id='par_1_35' title="bbox 314 2031 1971 2105">
     <span class='ocr_line' id='line_1_35' title="bbox 314 2031 1971 2105; baseline 0.003 -17"><span class='ocrx_word' id='word_1_255' title='bbox 314 2036 406 2088; x_wconf 87' lang='lat' dir='ltr'>set</span> <span class='ocrx_word' id='word_1_256' title='bbox 433 2035 536 2088; x_wconf 90' lang='lat' dir='ltr'>aut</span> <span class='ocrx_word' id='word_1_257' title='bbox 553 2031 836 2088; x_wconf 90' lang='lat' dir='ltr'>vultures.</span> <span class='ocrx_word' id='word_1_258' title='bbox 875 2055 896 2084; x_wconf 77' lang='grc' dir='ltr'>ι</span> <span class='ocrx_word' id='word_1_259' title='bbox 931 2033 1000 2088; x_wconf 89' lang='lat' dir='ltr'>Et</span> <span class='ocrx_word' id='word_1_260' title='bbox 1024 2033 1202 2105; x_wconf 92' lang='lat' dir='ltr'>pullis</span> <span class='ocrx_word' id='word_1_261' title='bbox 1233 2051 1540 2092; x_wconf 89' lang='lat' dir='ltr'>corvorum</span> <span class='ocrx_word' id='word_1_262' title='bbox 1566 2035 1971 2093; x_wconf 89' lang='lat' dir='ltr'>invocantibus</span> 
     </span>
    </p>
   </div>
   <div class='ocr_carea' id='block_1_36' title="bbox 320 2119 1970 2198">
    <p class='ocr_par' dir='ltr' id='par_1_36' title="bbox 320 2119 1970 2198">
     <span class='ocr_line' id='line_1_36' title="bbox 320 2119 1970 2198; baseline 0.002 -21"><span class='ocrx_word' id='word_1_263' title='bbox 320 2135 478 2177; x_wconf 90' lang='lat' dir='ltr'>eum.</span> <span class='ocrx_word' id='word_1_264' title='bbox 510 2142 539 2171; x_wconf 87' lang='lat'>»</span> <span class='ocrx_word' id='word_1_265' title='bbox 571 2119 744 2177; x_wconf 87' lang='lat' dir='ltr'>Nulla</span> <span class='ocrx_word' id='word_1_266' title='bbox 773 2121 888 2177; x_wconf 90' lang='lat' dir='ltr'>alia</span> <span class='ocrx_word' id='word_1_267' title='bbox 916 2121 1032 2178; x_wconf 88' lang='lat' dir='ltr'>alia</span> <span class='ocrx_word' id='word_1_268' title='bbox 1061 2123 1183 2179; x_wconf 89' lang='lat' dir='ltr'>avis</span> <span class='ocrx_word' id='word_1_269' title='bbox 1206 2128 1601 2197; x_wconf 85' lang='lat' dir='ltr'>nuncupatur,</span> <span class='ocrx_word' id='word_1_270' title='bbox 1634 2125 1746 2181; x_wconf 90' lang='lat' dir='ltr'>nisi</span> <span class='ocrx_word' id='word_1_271' title='bbox 1770 2124 1970 2198; x_wconf 91' lang='lat' dir='ltr'>pullus</span> 
     </span>
    </p>
   </div>
   <div class='ocr_carea' id='block_1_37' title="bbox 317 2211 1965 2286">
    <p class='ocr_par' dir='ltr' id='par_1_37' title="bbox 317 2211 1965 2286">
     <span class='ocr_line' id='line_1_37' title="bbox 317 2211 1965 2286; baseline 0.002 -19"><span class='ocrx_word' id='word_1_272' title='bbox 317 2226 645 2278; x_wconf 87' lang='lat' dir='ltr'>corvorum,</span> <span class='ocrx_word' id='word_1_273' title='bbox 678 2214 735 2267; x_wconf 91' lang='lat' dir='ltr'>et</span> <span class='ocrx_word' id='word_1_274' title='bbox 764 2228 878 2267; x_wconf 91' lang='lat' dir='ltr'>non</span> <span class='ocrx_word' id='word_1_275' title='bbox 911 2211 1024 2284; x_wconf 91' lang='lat' dir='ltr'>ipsi</span> <span class='ocrx_word' id='word_1_276' title='bbox 1065 2213 1238 2280; x_wconf 87' lang='lat' dir='ltr'>corvi,</span> <span class='ocrx_word' id='word_1_277' title='bbox 1301 2215 1400 2270; x_wconf 92' lang='lat' dir='ltr'>sed</span> <span class='ocrx_word' id='word_1_278' title='bbox 1437 2213 1581 2286; x_wconf 90' lang='lat' dir='ltr'>pulli</span> <span class='ocrx_word' id='word_1_279' title='bbox 1639 2231 1965 2271; x_wconf 90' lang='lat' dir='ltr'>corvorum.</span> 
     </span>
    </p>
   </div>
   <div class='ocr_carea' id='block_1_38' title="bbox 317 2299 1969 2375">
    <p class='ocr_par' dir='ltr' id='par_1_38' title="bbox 317 2299 1969 2375">
     <span class='ocr_line' id='line_1_38' title="bbox 317 2299 1969 2375; baseline 0.002 -19"><span class='ocrx_word' id='word_1_280' title='bbox 317 2299 443 2356; x_wconf 78' lang='lat' dir='ltr'>Non</span> <span class='ocrx_word' id='word_1_281' title='bbox 473 2299 732 2356; x_wconf 76' lang='lat' dir='ltr'>salvetur</span> <span class='ocrx_word' id='word_1_282' title='bbox 759 2315 988 2368; x_wconf 90' lang='lat' dir='ltr'>corvus,</span> <span class='ocrx_word' id='word_1_283' title='bbox 1022 2302 1121 2356; x_wconf 90' lang='lat' dir='ltr'>sed</span> <span class='ocrx_word' id='word_1_284' title='bbox 1156 2301 1357 2375; x_wconf 91' lang='lat' dir='ltr'>pullus</span> <span class='ocrx_word' id='word_1_285' title='bbox 1401 2303 1500 2375; x_wconf 93' lang='lat' dir='ltr'>qui</span> <span class='ocrx_word' id='word_1_286' title='bbox 1562 2303 1632 2358; x_wconf 90' lang='lat' dir='ltr'>de</span> <span class='ocrx_word' id='word_1_287' title='bbox 1682 2319 1748 2360; x_wconf 92' lang='lat' dir='ltr'>eo</span> <span class='ocrx_word' id='word_1_288' title='bbox 1794 2309 1969 2360; x_wconf 89' lang='lat' dir='ltr'>natus</span> 
     </span>
    </p>
   </div>
   <div class='ocr_carea' id='block_1_39' title="bbox 317 2387 1969 2466">
    <p class='ocr_par' dir='ltr' id='par_1_39' title="bbox 317 2387 1969 2466">
     <span class='ocr_line' id='line_1_39' title="bbox 317 2387 1969 2466; baseline 0.004 -22"><span class='ocrx_word' id='word_1_289' title='bbox 317 2392 426 2444; x_wconf 83' lang='lat' dir='ltr'>est.</span> <span class='ocrx_word' id='word_1_290' title='bbox 458 2389 576 2444; x_wconf 91' lang='lat' dir='ltr'>Nos</span> <span class='ocrx_word' id='word_1_291' title='bbox 633 2387 777 2461; x_wconf 90' lang='lat' dir='ltr'>pulli</span> <span class='ocrx_word' id='word_1_292' title='bbox 845 2406 1146 2445; x_wconf 89' lang='lat' dir='ltr'>cervorum</span> <span class='ocrx_word' id='word_1_293' title='bbox 1205 2408 1433 2448; x_wconf 90' lang='lat' dir='ltr'>sumus.</span> <span class='ocrx_word' id='word_1_294' title='bbox 1485 2393 1565 2448; x_wconf 94' lang='lat' dir='ltr'>De</span> <span class='ocrx_word' id='word_1_295' title='bbox 1623 2393 1969 2466; x_wconf 91' lang='lat' dir='ltr'>parentibus</span> 
     </span>
    </p>
   </div>
   <div class='ocr_carea' id='block_1_40' title="bbox 317 2475 1967 2554">
    <p class='ocr_par' dir='ltr' id='par_1_40' title="bbox 317 2475 1967 2554">
     <span class='ocr_line' id='line_1_40' title="bbox 317 2475 1967 2554; baseline 0.004 -22"><span class='ocrx_word' id='word_1_296' title='bbox 317 2476 476 2532; x_wconf 86' lang='lat' dir='ltr'>enim</span> <span class='ocrx_word' id='word_1_297' title='bbox 507 2475 830 2533; x_wconf 79' lang='lat' dir='ltr'>idololatria</span> <span class='ocrx_word' id='word_1_298' title='bbox 857 2479 1182 2536; x_wconf 88' lang='lat' dir='ltr'>nascimur.</span> <span class='ocrx_word' id='word_1_299' title='bbox 1223 2480 1500 2553; x_wconf 85' lang='lat' dir='ltr'>Legimus</span> <span class='ocrx_word' id='word_1_300' title='bbox 1537 2481 1594 2536; x_wconf 93' lang='lat' dir='ltr'>in</span> <span class='ocrx_word' id='word_1_301' title='bbox 1630 2482 1967 2554; x_wconf 80' lang='lat' dir='ltr'>Salomone,</span> 
     </span>
    </p>
   </div>
   <div class='ocr_carea' id='block_1_41' title="bbox 315 2564 1967 2640">
    <p class='ocr_par' dir='ltr' id='par_1_41' title="bbox 315 2564 1967 2640">
     <span class='ocr_line' id='line_1_41' title="bbox 315 2564 1967 2640; baseline 0.004 -20"><span class='ocrx_word' id='word_1_302' title='bbox 315 2564 598 2636; x_wconf 90' lang='lat' dir='ltr'>quoniam</span> <span class='ocrx_word' id='word_1_303' title='bbox 629 2564 834 2621; x_wconf 90' lang='lat' dir='ltr'>oculus</span> <span class='ocrx_word' id='word_1_304' title='bbox 865 2565 962 2639; x_wconf 87' lang='lat' dir='ltr'>qui</span> <span class='ocrx_word' id='word_1_305' title='bbox 991 2566 1196 2624; x_wconf 91' lang='lat' dir='ltr'>irridet</span> <span class='ocrx_word' id='word_1_306' title='bbox 1251 2573 1478 2640; x_wconf 92' lang='lat' dir='ltr'>patrem</span> <span class='ocrx_word' id='word_1_307' title='bbox 1537 2575 1594 2626; x_wconf 91' lang='lat' dir='ltr'>et</span> <span class='ocrx_word' id='word_1_308' title='bbox 1639 2587 1967 2628; x_wconf 89' lang='lat' dir='ltr'>sermonem</span> 
     </span>
    </p>
   </div>
   <div class='ocr_carea' id='block_1_42' title="bbox 316 2651 1965 2731">
    <p class='ocr_par' dir='ltr' id='par_1_42' title="bbox 316 2651 1965 2731">
     <span class='ocr_line' id='line_1_42' title="bbox 316 2651 1965 2731; baseline 0.004 -21"><span class='ocrx_word' id='word_1_309' title='bbox 316 2651 548 2720; x_wconf 85' lang='lat' dir='ltr'>matris,</span> <span class='ocrx_word' id='word_1_310' title='bbox 570 2653 849 2710; x_wconf 76' lang='lat' dir='ltr'>effodiant</span> <span class='ocrx_word' id='word_1_311' title='bbox 877 2671 1011 2711; x_wconf 92' lang='lat' dir='ltr'>eum</span> <span class='ocrx_word' id='word_1_312' title='bbox 1044 2656 1197 2712; x_wconf 92' lang='lat' dir='ltr'>corvi</span> <span class='ocrx_word' id='word_1_313' title='bbox 1230 2657 1301 2713; x_wconf 91' lang='lat' dir='ltr'>de</span> <span class='ocrx_word' id='word_1_314' title='bbox 1358 2657 1724 2715; x_wconf 89' lang='lat' dir='ltr'>convallibus</span> <span class='ocrx_word' id='word_1_315' title='bbox 1780 2661 1965 2731; x_wconf 88' lang='lat' dir='ltr'>(Prov.</span> 
     </span>
    </p>
   </div>
   <div class='ocr_carea' id='block_1_43' title="bbox 315 2742 1964 2821">
    <p class='ocr_par' dir='ltr' id='par_1_43' title="bbox 315 2742 1964 2821">
     <span class='ocr_line' id='line_1_43' title="bbox 315 2742 1964 2821; baseline 0.002 -21"><span class='ocrx_word' id='word_1_316' title='bbox 315 2760 447 2820; x_wconf 75' lang='lat' dir='ltr'>xxx,</span> <span class='ocrx_word' id='word_1_317' title='bbox 471 2742 584 2814; x_wconf 77' lang='lat' dir='ltr'>l7).</span> <span class='ocrx_word' id='word_1_318' title='bbox 613 2743 739 2800; x_wconf 91' lang='lat' dir='ltr'>Non</span> <span class='ocrx_word' id='word_1_319' title='bbox 765 2743 931 2815; x_wconf 86' lang='lat' dir='ltr'>dixit,</span> <span class='ocrx_word' id='word_1_320' title='bbox 962 2743 1107 2817; x_wconf 92' lang='lat' dir='ltr'>pulli</span> <span class='ocrx_word' id='word_1_321' title='bbox 1138 2751 1469 2817; x_wconf 79' lang='lat' dir='ltr'>corvordm,</span> <span class='ocrx_word' id='word_1_322' title='bbox 1491 2748 1612 2816; x_wconf 91' lang='lat' dir='ltr'>sed,</span> <span class='ocrx_word' id='word_1_323' title='bbox 1646 2749 1758 2821; x_wconf 89' lang='lat' dir='ltr'>ipsi</span> <span class='ocrx_word' id='word_1_324' title='bbox 1789 2751 1964 2805; x_wconf 90' lang='lat' dir='ltr'>corvi.</span> 
     </span>
    </p>
   </div>
   <div class='ocr_carea' id='block_1_44' title="bbox 319 2831 1967 2910">
    <p class='ocr_par' dir='ltr' id='par_1_44' title="bbox 319 2831 1967 2910">
     <span class='ocr_line' id='line_1_44' title="bbox 319 2831 1967 2910; baseline 0.004 -22"><span class='ocrx_word' id='word_1_325' title='bbox 319 2831 425 2902; x_wconf 87' lang='lat' dir='ltr'>Qui</span> <span class='ocrx_word' id='word_1_326' title='bbox 459 2832 621 2889; x_wconf 92' lang='lat' dir='ltr'>enim</span> <span class='ocrx_word' id='word_1_327' title='bbox 655 2849 869 2888; x_wconf 90' lang='lat' dir='ltr'>corvus</span> <span class='ocrx_word' id='word_1_328' title='bbox 900 2838 1008 2906; x_wconf 91' lang='lat' dir='ltr'>est,</span> <span class='ocrx_word' id='word_1_329' title='bbox 1041 2833 1252 2892; x_wconf 91' lang='lat' dir='ltr'>salvari</span> <span class='ocrx_word' id='word_1_330' title='bbox 1302 2853 1418 2892; x_wconf 91' lang='lat' dir='ltr'>non</span> <span class='ocrx_word' id='word_1_331' title='bbox 1479 2842 1692 2910; x_wconf 91' lang='lat' dir='ltr'>potest.</span> <span class='ocrx_word' id='word_1_332' title='bbox 1751 2839 1967 2895; x_wconf 90' lang='lat' dir='ltr'>Corvus</span> 
     </span>
    </p>
   </div>
   <div class='ocr_carea' id='block_1_45' title="bbox 317 2921 1964 3001">
    <p class='ocr_par' dir='ltr' id='par_1_45' title="bbox 317 2921 1964 3001">
     <span class='ocr_line' id='line_1_45' title="bbox 317 2921 1964 3001; baseline 0.004 -23"><span class='ocrx_word' id='word_1_333' title='bbox 317 2921 390 2978; x_wconf 90' lang='lat' dir='ltr'>de</span> <span class='ocrx_word' id='word_1_334' title='bbox 420 2938 556 2978; x_wconf 88' lang='lat' dir='ltr'>arca</span> <span class='ocrx_word' id='word_1_335' title='bbox 587 2921 907 2978; x_wconf 90' lang='lat' dir='ltr'>dimittitur</span> <span class='ocrx_word' id='word_1_336' title='bbox 936 2926 993 2979; x_wconf 89' lang='lat' dir='ltr'>et</span> <span class='ocrx_word' id='word_1_337' title='bbox 1022 2939 1136 2979; x_wconf 91' lang='lat' dir='ltr'>non</span> <span class='ocrx_word' id='word_1_338' title='bbox 1183 2925 1488 2982; x_wconf 79' lang='lat' dir='ltr'>revertitur</span> <span class='ocrx_word' id='word_1_339' title='bbox 1517 2929 1674 2992; x_wconf 86' lang='lat' dir='ltr'>(Gen.</span> <span class='ocrx_word' id='word_1_340' title='bbox 1730 2946 1852 2996; x_wconf 84' lang='lat' dir='ltr'>vm,</span> <span class='ocrx_word' id='word_1_341' title='bbox 1888 2930 1964 3001; x_wconf 90' lang='lat'>7).</span> 
     </span>
    </p>
   </div>
   <div class='ocr_carea' id='block_1_46' title="bbox 320 3008 1964 3086">
    <p class='ocr_par' dir='ltr' id='par_1_46' title="bbox 320 3008 1964 3086">
     <span class='ocr_line' id='line_1_46' title="bbox 320 3008 1964 3086; baseline 0.004 -21"><span class='ocrx_word' id='word_1_342' title='bbox 320 3010 385 3068; x_wconf 90' lang='lat' dir='ltr'>In</span> <span class='ocrx_word' id='word_1_343' title='bbox 418 3008 636 3066; x_wconf 92' lang='lat' dir='ltr'>diluvio</span> <span class='ocrx_word' id='word_1_344' title='bbox 668 3027 800 3066; x_wconf 92' lang='lat' dir='ltr'>cum</span> <span class='ocrx_word' id='word_1_345' title='bbox 849 3011 1069 3068; x_wconf 67' lang='lat' dir='ltr'>czsteris</span> <span class='ocrx_word' id='word_1_346' title='bbox 1117 3017 1205 3068; x_wconf 88' lang='lat' dir='ltr'>est</span> <span class='ocrx_word' id='word_1_347' title='bbox 1235 3029 1248 3067; x_wconf 90' lang='lat'><strong>:</strong></span> <span class='ocrx_word' id='word_1_348' title='bbox 1283 3017 1416 3086; x_wconf 89' lang='lat' dir='ltr'>post</span> <span class='ocrx_word' id='word_1_349' title='bbox 1469 3014 1756 3070; x_wconf 92' lang='lat' dir='ltr'>diluvium</span> <span class='ocrx_word' id='word_1_350' title='bbox 1787 3016 1845 3071; x_wconf 90' lang='lat' dir='ltr'>in</span> <span class='ocrx_word' id='word_1_351' title='bbox 1877 3017 1964 3072; x_wconf 91' lang='lat' dir='ltr'>in-</span> 
     </span>
    </p>
   </div>
   <div class='ocr_carea' id='block_1_47' title="bbox 325 3098 1968 3177">
    <p class='ocr_par' dir='ltr' id='par_1_47' title="bbox 325 3098 1968 3177">
     <span class='ocr_line' id='line_1_47' title="bbox 325 3098 1968 3177; baseline 0.005 -23"><span class='ocrx_word' id='word_1_352' title='bbox 325 3098 661 3156; x_wconf 86' lang='lat' dir='ltr'>felicitatem</span> <span class='ocrx_word' id='word_1_353' title='bbox 689 3099 1020 3172; x_wconf 85' lang='lat' dir='ltr'>projicitur,</span> <span class='ocrx_word' id='word_1_354' title='bbox 1049 3100 1160 3158; x_wconf 91' lang='lat' dir='ltr'>hoc</span> <span class='ocrx_word' id='word_1_355' title='bbox 1192 3106 1300 3167; x_wconf 90' lang='lat' dir='ltr'>est,</span> <span class='ocrx_word' id='word_1_356' title='bbox 1333 3119 1398 3159; x_wconf 94' lang='lat' dir='ltr'>eo</span> <span class='ocrx_word' id='word_1_357' title='bbox 1443 3107 1705 3177; x_wconf 90' lang='lat' dir='ltr'>tempore</span> <span class='ocrx_word' id='word_1_358' title='bbox 1734 3108 1968 3176; x_wconf 89' lang='lat' dir='ltr'>quando</span> 
     </span>
    </p>
   </div>
   <div class='ocr_carea' id='block_1_48' title="bbox 319 3187 1967 3262">
    <p class='ocr_par' dir='ltr' id='par_1_48' title="bbox 319 3187 1967 3262">
     <span class='ocr_line' id='line_1_48' title="bbox 319 3187 1967 3262; baseline 0.004 -19"><span class='ocrx_word' id='word_1_359' title='bbox 319 3187 722 3260; x_wconf 88' lang='lat' dir='ltr'>tranquillitas</span> <span class='ocrx_word' id='word_1_360' title='bbox 749 3193 838 3244; x_wconf 90' lang='lat' dir='ltr'>est</span> <span class='ocrx_word' id='word_1_361' title='bbox 865 3205 980 3245; x_wconf 89' lang='lat' dir='ltr'>non</span> <span class='ocrx_word' id='word_1_362' title='bbox 1014 3194 1207 3262; x_wconf 88' lang='lat' dir='ltr'>potest</span> <span class='ocrx_word' id='word_1_363' title='bbox 1265 3208 1392 3247; x_wconf 91' lang='lat' dir='ltr'>esse</span> <span class='ocrx_word' id='word_1_364' title='bbox 1448 3192 1507 3247; x_wconf 91' lang='lat' dir='ltr'>in</span> <span class='ocrx_word' id='word_1_365' title='bbox 1566 3210 1700 3249; x_wconf 88' lang='lat' dir='ltr'>arca</span> <span class='ocrx_word' id='word_1_366' title='bbox 1756 3195 1876 3251; x_wconf 89' lang='lat' dir='ltr'>Dei.</span> <span class='ocrx_word' id='word_1_367' title='bbox 1909 3196 1967 3250; x_wconf 87' lang='lat' dir='ltr'>Si</span> 
     </span>
    </p>
   </div>
   <div class='ocr_carea' id='block_1_49' title="bbox 2084 1943 3740 2017">
    <p class='ocr_par' dir='ltr' id='par_1_49' title="bbox 2084 1943 3740 2017">
     <span class='ocr_line' id='line_1_49' title="bbox 2084 1943 3740 2017; baseline 0.001 -19"><span class='ocrx_word' id='word_1_368' title='bbox 2084 1943 2496 2016; x_wconf 79' lang='lat' dir='ltr'>mysteriorum</span> <span class='ocrx_word' id='word_1_369' title='bbox 2529 1944 2829 2016; x_wconf 90' lang='lat' dir='ltr'>compellit</span> <span class='ocrx_word' id='word_1_370' title='bbox 2857 1949 2924 2000; x_wconf 91' lang='lat' dir='ltr'>ut</span> <span class='ocrx_word' id='word_1_371' title='bbox 2953 1945 3215 2017; x_wconf 87' lang='lat' dir='ltr'>loquar.«</span> <span class='ocrx_word' id='word_1_372' title='bbox 3248 1945 3375 2001; x_wconf 90' lang='lat' dir='ltr'>Non</span> <span class='ocrx_word' id='word_1_373' title='bbox 3412 1944 3477 2000; x_wconf 87' lang='lat' dir='ltr'>in</span> <span class='ocrx_word' id='word_1_374' title='bbox 3509 1947 3740 2002; x_wconf 81' lang='lat' dir='ltr'>fortitu-</span> 
     </span>
    </p>
   </div>
   <div class='ocr_carea' id='block_1_50' title="bbox 2080 2031 3734 2107">
    <p class='ocr_par' dir='ltr' id='par_1_50' title="bbox 2080 2031 3734 2107">
     <span class='ocr_line' id='line_1_50' title="bbox 2080 2031 3734 2107; baseline 0.001 -19"><span class='ocrx_word' id='word_1_375' title='bbox 2080 2032 2217 2089; x_wconf 91' lang='lat' dir='ltr'>dine</span> <span class='ocrx_word' id='word_1_376' title='bbox 2246 2033 2380 2105; x_wconf 90' lang='lat' dir='ltr'>equi</span> <span class='ocrx_word' id='word_1_377' title='bbox 2408 2031 2768 2090; x_wconf 85' lang='lat' dir='ltr'>voluntatem</span> <span class='ocrx_word' id='word_1_378' title='bbox 2799 2034 3094 2090; x_wconf 84' lang='lat' dir='ltr'>habebit.»</span> <span class='ocrx_word' id='word_1_379' title='bbox 3127 2035 3319 2090; x_wconf 83' lang='lat' dir='ltr'>Audio</span> <span class='ocrx_word' id='word_1_380' title='bbox 3341 2050 3569 2107; x_wconf 87' lang='lat' dir='ltr'>equum</span> <span class='ocrx_word' id='word_1_381' title='bbox 3601 2035 3734 2090; x_wconf 89' lang='lat' dir='ltr'>hin-</span> 
     </span>
    </p>
   </div>
   <div class='ocr_carea' id='block_1_51' title="bbox 2084 2123 3738 2196">
    <p class='ocr_par' dir='ltr' id='par_1_51' title="bbox 2084 2123 3738 2196">
     <span class='ocr_line' id='line_1_51' title="bbox 2084 2123 3738 2196; baseline 0.001 -18"><span class='ocrx_word' id='word_1_382' title='bbox 2084 2123 2368 2188; x_wconf 90' lang='lat' dir='ltr'>nientem,</span> <span class='ocrx_word' id='word_1_383' title='bbox 2401 2125 2458 2178; x_wconf 90' lang='lat' dir='ltr'>et</span> <span class='ocrx_word' id='word_1_384' title='bbox 2485 2139 2599 2178; x_wconf 88' lang='lat' dir='ltr'>non</span> <span class='ocrx_word' id='word_1_385' title='bbox 2633 2139 2952 2194; x_wconf 86' lang='lat' dir='ltr'>possumus</span> <span class='ocrx_word' id='word_1_386' title='bbox 2984 2123 3624 2196; x_wconf 72' lang='lat' dir='ltr'>praeterire.Scriptum</span> <span class='ocrx_word' id='word_1_387' title='bbox 3651 2128 3738 2179; x_wconf 81' lang='lat' dir='ltr'>est</span> 
     </span>
    </p>
   </div>
   <div class='ocr_carea' id='block_1_52' title="bbox 2081 2211 3738 2285">
    <p class='ocr_par' dir='ltr' id='par_1_52' title="bbox 2081 2211 3738 2285">
     <span class='ocr_line' id='line_1_52' title="bbox 2081 2211 3738 2285; baseline 0.001 -19"><span class='ocrx_word' id='word_1_388' title='bbox 2081 2211 2140 2267; x_wconf 91' lang='lat' dir='ltr'>in</span> <span class='ocrx_word' id='word_1_389' title='bbox 2171 2211 2447 2284; x_wconf 87' lang='lat' dir='ltr'>psalterio</span> <span class='ocrx_word' id='word_1_390' title='bbox 2477 2229 2491 2280; x_wconf 89' lang='lat'><strong>;</strong></span> <span class='ocrx_word' id='word_1_391' title='bbox 2521 2213 2724 2269; x_wconf 72' lang='lat' dir='ltr'>Fallax</span> <span class='ocrx_word' id='word_1_392' title='bbox 2751 2228 2924 2285; x_wconf 78' lang='lat' dir='ltr'>equus</span> <span class='ocrx_word' id='word_1_393' title='bbox 2952 2213 3022 2268; x_wconf 87' lang='lat' dir='ltr'>ad</span> <span class='ocrx_word' id='word_1_394' title='bbox 3053 2213 3283 2268; x_wconf 77' lang='lat' dir='ltr'>salutem</span> <span class='ocrx_word' id='word_1_395' title='bbox 3313 2213 3505 2284; x_wconf 79' lang='lat' dir='ltr'>(Psal.</span> <span class='ocrx_word' id='word_1_396' title='bbox 3565 2231 3738 2276; x_wconf 77' lang='lat' dir='ltr'>mn,</span> 
     </span>
    </p>
   </div>
   <div class='ocr_carea' id='block_1_53' title="bbox 2082 2300 3741 2374">
    <p class='ocr_par' dir='ltr' id='par_1_53' title="bbox 2082 2300 3741 2374">
     <span class='ocr_line' id='line_1_53' title="bbox 2082 2300 3741 2374; baseline 0.001 -20"><span class='ocrx_word' id='word_1_397' title='bbox 2082 2301 2266 2373; x_wconf 78' lang='lat' dir='ltr'>l7).Et</span> <span class='ocrx_word' id='word_1_398' title='bbox 2296 2301 2355 2356; x_wconf 91' lang='lat' dir='ltr'>in</span> <span class='ocrx_word' id='word_1_399' title='bbox 2389 2300 2501 2357; x_wconf 89' lang='lat' dir='ltr'>alio</span> <span class='ocrx_word' id='word_1_400' title='bbox 2532 2301 2657 2357; x_wconf 94' lang='lat' dir='ltr'>loco</span> <span class='ocrx_word' id='word_1_401' title='bbox 2692 2317 2704 2357; x_wconf 93' lang='lat'>:</span> <span class='ocrx_word' id='word_1_402' title='bbox 2738 2303 2951 2373; x_wconf 85' lang='lat' dir='ltr'>Equum</span> <span class='ocrx_word' id='word_1_403' title='bbox 2981 2305 3034 2357; x_wconf 77' lang='lat' dir='ltr'>et</span> <span class='ocrx_word' id='word_1_404' title='bbox 3073 2317 3421 2358; x_wconf 69' lang='lat' dir='ltr'>ascensorem</span> <span class='ocrx_word' id='word_1_405' title='bbox 3452 2303 3656 2374; x_wconf 74' lang='lat' dir='ltr'>dejecil</span> <span class='ocrx_word' id='word_1_406' title='bbox 3689 2305 3741 2356; x_wconf 75' lang='lat' dir='ltr'>in</span> 
     </span>
    </p>
   </div>
   <div class='ocr_carea' id='block_1_54' title="bbox 2076 2390 3742 2465">
    <p class='ocr_par' dir='ltr' id='par_1_54' title="bbox 2076 2390 3742 2465">
     <span class='ocr_line' id='line_1_54' title="bbox 2076 2390 3742 2465; baseline 0.002 -20"><span class='ocrx_word' id='word_1_407' title='bbox 2076 2407 2230 2446; x_wconf 85' lang='lat' dir='ltr'>mare</span> <span class='ocrx_word' id='word_1_408' title='bbox 2255 2390 2430 2461; x_wconf 65' lang='lat' dir='ltr'>(Exod</span> <span class='ocrx_word' id='word_1_409' title='bbox 2483 2408 2574 2456; x_wconf 92' lang='lat' dir='ltr'>xv,</span> <span class='ocrx_word' id='word_1_410' title='bbox 2609 2391 2682 2462; x_wconf 90' lang='grc'>1).</span> <span class='ocrx_word' id='word_1_411' title='bbox 2715 2390 3055 2463; x_wconf 74' lang='lat' dir='ltr'>Praecipitur</span> <span class='ocrx_word' id='word_1_412' title='bbox 3081 2395 3138 2447; x_wconf 91' lang='lat' dir='ltr'>et</span> <span class='ocrx_word' id='word_1_413' title='bbox 3168 2391 3366 2462; x_wconf 89' lang='lat' dir='ltr'>Israel,</span> <span class='ocrx_word' id='word_1_414' title='bbox 3418 2408 3497 2447; x_wconf 88' lang='lat' dir='ltr'>ne</span> <span class='ocrx_word' id='word_1_415' title='bbox 3559 2408 3742 2465; x_wconf 83' lang='lat' dir='ltr'>equos</span> 
     </span>
    </p>
   </div>
   <div class='ocr_carea' id='block_1_55' title="bbox 2080 2479 3746 2553">
    <p class='ocr_par' dir='ltr' id='par_1_55' title="bbox 2080 2479 3746 2553">
     <span class='ocr_line' id='line_1_55' title="bbox 2080 2479 3746 2553; baseline 0.001 -19"><span class='ocrx_word' id='word_1_416' title='bbox 2080 2479 2346 2535; x_wconf 89' lang='lat' dir='ltr'>nutriant</span> <span class='ocrx_word' id='word_1_417' title='bbox 2371 2481 2548 2548; x_wconf 82' lang='lat' dir='ltr'>(Deut.</span> <span class='ocrx_word' id='word_1_418' title='bbox 2583 2497 2722 2547; x_wconf 83' lang='lat' dir='ltr'>xvn,</span> <span class='ocrx_word' id='word_1_419' title='bbox 2773 2480 2882 2550; x_wconf 88' lang='grc'>16).</span> <span class='ocrx_word' id='word_1_420' title='bbox 2943 2479 3206 2552; x_wconf 84' lang='lat' dir='ltr'>Denique</span> <span class='ocrx_word' id='word_1_421' title='bbox 3257 2479 3544 2536; x_wconf 89' lang='lat' dir='ltr'>Salomon</span> <span class='ocrx_word' id='word_1_422' title='bbox 3609 2481 3746 2553; x_wconf 85' lang='lat' dir='ltr'>quia</span> 
     </span>
    </p>
   </div>
   <div class='ocr_carea' id='block_1_56' title="bbox 2078 2567 3742 2642">
    <p class='ocr_par' dir='ltr' id='par_1_56' title="bbox 2078 2567 3742 2642">
     <span class='ocr_line' id='line_1_56' title="bbox 2078 2567 3742 2642; baseline 0.002 -20"><span class='ocrx_word' id='word_1_423' title='bbox 2078 2568 2394 2641; x_wconf 83' lang='lat' dir='ltr'>quadrigas</span> <span class='ocrx_word' id='word_1_424' title='bbox 2416 2568 2746 2624; x_wconf 88' lang='lat' dir='ltr'>adducebat</span> <span class='ocrx_word' id='word_1_425' title='bbox 2775 2585 2844 2624; x_wconf 88' lang='lat' dir='ltr'>ex</span> <span class='ocrx_word' id='word_1_426' title='bbox 2866 2573 3133 2642; x_wconf 70' lang='lat' dir='ltr'>Egypto,</span> <span class='ocrx_word' id='word_1_427' title='bbox 3164 2567 3471 2642; x_wconf 85' lang='lat' dir='ltr'>voluptate</span> <span class='ocrx_word' id='word_1_428' title='bbox 3501 2587 3572 2625; x_wconf 91' lang='lat' dir='ltr'>su</span> <span class='ocrx_word' id='word_1_429' title='bbox 3581 2586 3742 2642; x_wconf 80' lang='lat' dir='ltr'>pera-</span> 
     </span>
    </p>
   </div>
   <div class='ocr_carea' id='block_1_57' title="bbox 2077 2656 3742 2730">
    <p class='ocr_par' dir='ltr' id='par_1_57' title="bbox 2077 2656 3742 2730">
     <span class='ocr_line' id='line_1_57' title="bbox 2077 2656 3742 2730; baseline 0.001 -17"><span class='ocrx_word' id='word_1_430' title='bbox 2077 2663 2173 2713; x_wconf 91' lang='lat' dir='ltr'>tus</span> <span class='ocrx_word' id='word_1_431' title='bbox 2203 2662 2294 2714; x_wconf 89' lang='lat' dir='ltr'>est</span> <span class='ocrx_word' id='word_1_432' title='bbox 2324 2659 2426 2730; x_wconf 88' lang='lat' dir='ltr'>(III</span> <span class='ocrx_word' id='word_1_433' title='bbox 2457 2660 2583 2729; x_wconf 87' lang='lat' dir='ltr'>Reg.</span> <span class='ocrx_word' id='word_1_434' title='bbox 2627 2675 2686 2728; x_wconf 71' lang='grc' dir='ltr'>Χ,</span> <span class='ocrx_word' id='word_1_435' title='bbox 2743 2659 2957 2729; x_wconf 83' lang='grc'>26-29).</span> <span class='ocrx_word' id='word_1_436' title='bbox 2993 2681 3020 2707; x_wconf 88' lang='grc'>‹‹</span> <span class='ocrx_word' id='word_1_437' title='bbox 3081 2656 3208 2713; x_wconf 87' lang='lat' dir='ltr'>Non</span> <span class='ocrx_word' id='word_1_438' title='bbox 3263 2657 3323 2713; x_wconf 89' lang='lat' dir='ltr'>in</span> <span class='ocrx_word' id='word_1_439' title='bbox 3383 2658 3742 2714; x_wconf 81' lang='lat' dir='ltr'>fortitudine</span> 
     </span>
    </p>
   </div>
   <div class='ocr_carea' id='block_1_58' title="bbox 2077 2746 3736 2818">
    <p class='ocr_par' dir='ltr' id='par_1_58' title="bbox 2077 2746 3736 2818">
     <span class='ocr_line' id='line_1_58' title="bbox 2077 2746 3736 2818; baseline 0 -16"><span class='ocrx_word' id='word_1_440' title='bbox 2077 2746 2212 2818; x_wconf 90' lang='lat' dir='ltr'>equi</span> <span class='ocrx_word' id='word_1_441' title='bbox 2241 2746 2599 2804; x_wconf 90' lang='lat' dir='ltr'>voluntatem</span> <span class='ocrx_word' id='word_1_442' title='bbox 2634 2746 2892 2802; x_wconf 90' lang='lat' dir='ltr'>habebit.</span> <span class='ocrx_word' id='word_1_443' title='bbox 2927 2769 2956 2796; x_wconf 87' lang='grc'><strong>››</strong></span> <span class='ocrx_word' id='word_1_444' title='bbox 2988 2748 3218 2818; x_wconf 90' lang='lat' dir='ltr'>Equum</span> <span class='ocrx_word' id='word_1_445' title='bbox 3249 2752 3306 2802; x_wconf 90' lang='lat' dir='ltr'>et</span> <span class='ocrx_word' id='word_1_446' title='bbox 3355 2763 3736 2804; x_wconf 85' lang='lat' dir='ltr'>ascensorem</span> 
     </span>
    </p>
   </div>
   <div class='ocr_carea' id='block_1_59' title="bbox 2079 2835 3732 2907">
    <p class='ocr_par' dir='ltr' id='par_1_59' title="bbox 2079 2835 3732 2907">
     <span class='ocr_line' id='line_1_59' title="bbox 2079 2835 3732 2907; baseline 0.001 -17"><span class='ocrx_word' id='word_1_447' title='bbox 2079 2835 2364 2907; x_wconf 87' lang='lat' dir='ltr'>dejecitin</span> <span class='ocrx_word' id='word_1_448' title='bbox 2399 2853 2581 2903; x_wconf 89' lang='lat' dir='ltr'>mare,</span> <span class='ocrx_word' id='word_1_449' title='bbox 2616 2835 2765 2907; x_wconf 87' lang='lat' dir='ltr'>Equi</span> <span class='ocrx_word' id='word_1_450' title='bbox 2795 2835 3156 2892; x_wconf 87' lang='lat' dir='ltr'>insanientes</span> <span class='ocrx_word' id='word_1_451' title='bbox 3187 2835 3248 2891; x_wconf 90' lang='lat' dir='ltr'>in</span> <span class='ocrx_word' id='word_1_452' title='bbox 3309 2836 3558 2893; x_wconf 83' lang='lat' dir='ltr'>feminas</span> <span class='ocrx_word' id='word_1_453' title='bbox 3591 2837 3732 2892; x_wconf 77' lang='lat' dir='ltr'>facti</span> 
     </span>
    </p>
   </div>
   <div class='ocr_carea' id='block_1_60' title="bbox 2079 2923 3733 2996">
    <p class='ocr_par' dir='ltr' id='par_1_60' title="bbox 2079 2923 3733 2996">
     <span class='ocr_line' id='line_1_60' title="bbox 2079 2923 3733 2996; baseline 0 -17"><span class='ocrx_word' id='word_1_454' title='bbox 2079 2929 2218 2980; x_wconf 91' lang='lat' dir='ltr'>sunt</span> <span class='ocrx_word' id='word_1_455' title='bbox 2276 2923 2420 2979; x_wconf 90' lang='lat' dir='ltr'>mihi</span> <span class='ocrx_word' id='word_1_456' title='bbox 2468 2943 2486 2980; x_wconf 91' lang='lat'><strong><em>:</em></strong></span> <span class='ocrx_word' id='word_1_457' title='bbox 2543 2926 2923 2996; x_wconf 69' lang='lat' dir='ltr'>Unusquisque</span> <span class='ocrx_word' id='word_1_458' title='bbox 2971 2927 3036 2980; x_wconf 75' lang='lat' dir='ltr'>in</span> <span class='ocrx_word' id='word_1_459' title='bbox 3063 2940 3288 2980; x_wconf 69' lang='lat' dir='ltr'>uxorem</span> <span class='ocrx_word' id='word_1_460' title='bbox 3334 2925 3583 2996; x_wconf 67' lang='lat' dir='ltr'>proximi</span> <span class='ocrx_word' id='word_1_461' title='bbox 3638 2928 3733 2979; x_wconf 75' lang='lat' dir='ltr'>sui</span> 
     </span>
    </p>
   </div>
   <div class='ocr_carea' id='block_1_61' title="bbox 2079 3013 3737 3086">
    <p class='ocr_par' dir='ltr' id='par_1_61' title="bbox 2079 3013 3737 3086">
     <span class='ocr_line' id='line_1_61' title="bbox 2079 3013 3737 3086; baseline 0.001 -18"><span class='ocrx_word' id='word_1_462' title='bbox 2079 3013 2362 3069; x_wconf 77' lang='lat' dir='ltr'>hinnz’ebat</span> <span class='ocrx_word' id='word_1_463' title='bbox 2392 3013 2606 3084; x_wconf 85' lang='lat' dir='ltr'>(Jerem.</span> <span class='ocrx_word' id='word_1_464' title='bbox 2667 3031 2720 3081; x_wconf 87' lang='grc' dir='ltr'>ν,</span> <span class='ocrx_word' id='word_1_465' title='bbox 2749 3015 2804 3084; x_wconf 89' lang='grc'>8)</span> <span class='ocrx_word' id='word_1_466' title='bbox 2840 3031 2853 3068; x_wconf 90' lang='lat'><strong>:</strong></span> <span class='ocrx_word' id='word_1_467' title='bbox 2887 3013 3149 3085; x_wconf 90' lang='lat' dir='ltr'>loquitur</span> <span class='ocrx_word' id='word_1_468' title='bbox 3207 3013 3518 3070; x_wconf 86' lang='lat' dir='ltr'>Jeremias.</span> <span class='ocrx_word' id='word_1_469' title='bbox 3577 3014 3737 3086; x_wconf 82' lang='lat' dir='ltr'>Ergo</span> 
     </span>
    </p>
   </div>
   <div class='ocr_carea' id='block_1_62' title="bbox 2078 3101 3736 3174">
    <p class='ocr_par' dir='ltr' id='par_1_62' title="bbox 2078 3101 3736 3174">
     <span class='ocr_line' id='line_1_62' title="bbox 2078 3101 3736 3174; baseline 0 -16"><span class='ocrx_word' id='word_1_470' title='bbox 2078 3119 2257 3174; x_wconf 91' lang='lat' dir='ltr'>super</span> <span class='ocrx_word' id='word_1_471' title='bbox 2285 3101 2431 3159; x_wconf 91' lang='lat' dir='ltr'>tales</span> <span class='ocrx_word' id='word_1_472' title='bbox 2479 3119 2660 3174; x_wconf 91' lang='lat' dir='ltr'>equos</span> <span class='ocrx_word' id='word_1_473' title='bbox 2717 3103 2867 3158; x_wconf 91' lang='lat' dir='ltr'>Deus</span> <span class='ocrx_word' id='word_1_474' title='bbox 2928 3119 3042 3158; x_wconf 92' lang='lat' dir='ltr'>non</span> <span class='ocrx_word' id='word_1_475' title='bbox 3103 3101 3280 3158; x_wconf 87' lang='lat' dir='ltr'>habet</span> <span class='ocrx_word' id='word_1_476' title='bbox 3339 3103 3736 3160; x_wconf 80' lang='lat' dir='ltr'>voluntatem.</span> 
     </span>
    </p>
   </div>
   <div class='ocr_carea' id='block_1_63' title="bbox 2081 3192 3742 3264">
    <p class='ocr_par' dir='ltr' id='par_1_63' title="bbox 2081 3192 3742 3264">
     <span class='ocr_line' id='line_1_63' title="bbox 2081 3192 3742 3264; baseline 0 -16"><span class='ocrx_word' id='word_1_477' title='bbox 2081 3192 2350 3248; x_wconf 87' lang='lat' dir='ltr'>Diximus</span> <span class='ocrx_word' id='word_1_478' title='bbox 2382 3192 2453 3248; x_wconf 91' lang='lat' dir='ltr'>de</span> <span class='ocrx_word' id='word_1_479' title='bbox 2481 3209 2653 3264; x_wconf 91' lang='lat' dir='ltr'>equo,</span> <span class='ocrx_word' id='word_1_480' title='bbox 2687 3209 2901 3263; x_wconf 90' lang='lat' dir='ltr'>equum</span> <span class='ocrx_word' id='word_1_481' title='bbox 2933 3197 2991 3248; x_wconf 89' lang='lat' dir='ltr'>et</span> <span class='ocrx_word' id='word_1_482' title='bbox 3021 3208 3392 3248; x_wconf 84' lang='lat' dir='ltr'>ascensorem</span> <span class='ocrx_word' id='word_1_483' title='bbox 3429 3192 3655 3264; x_wconf 85' lang='lat' dir='ltr'>dejecit</span> <span class='ocrx_word' id='word_1_484' title='bbox 3686 3194 3742 3248; x_wconf 90' lang='lat' dir='ltr'>in</span> 
     </span>
    </p>
   </div>
   <div class='ocr_carea' id='block_1_64' title="bbox 325 3254 3746 3353">
    <p class='ocr_par' dir='ltr' id='par_1_64' title="bbox 325 3254 3746 3353">
     <span class='ocr_line' id='line_1_64' title="bbox 325 3254 3746 3353; baseline 0.001 -20"><span class='ocrx_word' id='word_1_485' title='bbox 325 3277 562 3350; x_wconf 89' lang='lat' dir='ltr'>quando</span> <span class='ocrx_word' id='word_1_486' title='bbox 592 3276 879 3334; x_wconf 91' lang='lat' dir='ltr'>diluvium</span> <span class='ocrx_word' id='word_1_487' title='bbox 909 3282 1016 3349; x_wconf 88' lang='lat' dir='ltr'>est,</span> <span class='ocrx_word' id='word_1_488' title='bbox 1048 3296 1260 3351; x_wconf 91' lang='lat' dir='ltr'>corpus</span> <span class='ocrx_word' id='word_1_489' title='bbox 1310 3281 1367 3336; x_wconf 93' lang='lat' dir='ltr'>in</span> <span class='ocrx_word' id='word_1_490' title='bbox 1401 3281 1593 3338; x_wconf 89' lang='lat' dir='ltr'>medio</span> <span class='ocrx_word' id='word_1_491' title='bbox 1639 3287 1746 3338; x_wconf 89' lang='lat' dir='ltr'>est.</span> <span class='ocrx_word' id='word_1_492' title='bbox 1781 3285 1963 3340; x_wconf 90' lang='lat' dir='ltr'>Tran-</span> <span class='ocrx_word' id='word_1_493' title='bbox 1995 3254 2037 3320; x_wconf 60' lang='grc' dir='ltr'>ί]</span> <span class='ocrx_word' id='word_1_494' title='bbox 2079 3297 2262 3338; x_wconf 91' lang='lat' dir='ltr'>mare.</span> <span class='ocrx_word' id='word_1_495' title='bbox 2301 3279 2562 3336; x_wconf 83' lang='lat' dir='ltr'>Diximus</span> <span class='ocrx_word' id='word_1_496' title='bbox 2596 3281 2694 3352; x_wconf 89' lang='lat' dir='ltr'>qui</span> <span class='ocrx_word' id='word_1_497' title='bbox 2727 3285 2868 3336; x_wconf 90' lang='lat' dir='ltr'>sunt</span> <span class='ocrx_word' id='word_1_498' title='bbox 2915 3280 3049 3352; x_wconf 91' lang='lat' dir='ltr'>equi</span> <span class='ocrx_word' id='word_1_499' title='bbox 3083 3298 3094 3334; x_wconf 93' lang='lat'><strong>:</strong></span> <span class='ocrx_word' id='word_1_500' title='bbox 3133 3281 3405 3338; x_wconf 84' lang='lat' dir='ltr'>dicamus</span> <span class='ocrx_word' id='word_1_501' title='bbox 3468 3283 3571 3353; x_wconf 91' lang='lat' dir='ltr'>qui</span> <span class='ocrx_word' id='word_1_502' title='bbox 3605 3288 3746 3338; x_wconf 87' lang='lat' dir='ltr'>sunt</span> 
     </span>
    </p>
   </div>
   <div class='ocr_carea' id='block_1_65' title="bbox 325 3365 1968 3442">
    <p class='ocr_par' dir='ltr' id='par_1_65' title="bbox 325 3365 1968 3442">
     <span class='ocr_line' id='line_1_65' title="bbox 325 3365 1968 3442; baseline 0.004 -20"><span class='ocrx_word' id='word_1_503' title='bbox 325 3365 586 3439; x_wconf 88' lang='lat' dir='ltr'>quillitas</span> <span class='ocrx_word' id='word_1_504' title='bbox 617 3366 787 3432; x_wconf 90' lang='lat' dir='ltr'>redit,</span> <span class='ocrx_word' id='word_1_505' title='bbox 829 3370 886 3422; x_wconf 90' lang='lat' dir='ltr'>et</span> <span class='ocrx_word' id='word_1_506' title='bbox 913 3383 1122 3424; x_wconf 90' lang='lat' dir='ltr'>corvus</span> <span class='ocrx_word' id='word_1_507' title='bbox 1154 3368 1321 3442; x_wconf 85' lang='lat' dir='ltr'>fugit.</span> <span class='ocrx_word' id='word_1_508' title='bbox 1346 3370 1454 3435; x_wconf 87' lang='lat' dir='ltr'>Qui</span> <span class='ocrx_word' id='word_1_509' title='bbox 1487 3375 1626 3426; x_wconf 90' lang='lat' dir='ltr'>sunt</span> <span class='ocrx_word' id='word_1_510' title='bbox 1655 3371 1750 3428; x_wconf 90' lang='lat' dir='ltr'>isti</span> <span class='ocrx_word' id='word_1_511' title='bbox 1784 3374 1968 3429; x_wconf 82' lang='lat' dir='ltr'>corvi?</span> 
     </span>
    </p>
   </div>
   <div class='ocr_carea' id='block_1_66' title="bbox 318 3454 1963 3534">
    <p class='ocr_par' dir='ltr' id='par_1_66' title="bbox 318 3454 1963 3534">
     <span class='ocr_line' id='line_1_66' title="bbox 318 3454 1963 3534; baseline 0.003 -24"><span class='ocrx_word' id='word_1_512' title='bbox 318 3455 427 3519; x_wconf 88' lang='lat' dir='ltr'>Qui</span> <span class='ocrx_word' id='word_1_513' title='bbox 458 3459 598 3510; x_wconf 89' lang='lat' dir='ltr'>sunt</span> <span class='ocrx_word' id='word_1_514' title='bbox 627 3454 773 3527; x_wconf 89' lang='lat' dir='ltr'>pulli</span> <span class='ocrx_word' id='word_1_515' title='bbox 812 3472 1117 3512; x_wconf 91' lang='lat' dir='ltr'>corvorum</span> <span class='ocrx_word' id='word_1_516' title='bbox 1153 3455 1182 3511; x_wconf 86' lang='lat'><strong>?</strong></span> <span class='ocrx_word' id='word_1_517' title='bbox 1211 3458 1329 3529; x_wconf 91' lang='lat' dir='ltr'>Ego</span> <span class='ocrx_word' id='word_1_518' title='bbox 1388 3463 1527 3530; x_wconf 89' lang='lat' dir='ltr'>puto</span> <span class='ocrx_word' id='word_1_519' title='bbox 1586 3477 1786 3516; x_wconf 89' lang='lat' dir='ltr'>corvos</span> <span class='ocrx_word' id='word_1_520' title='bbox 1814 3461 1963 3534; x_wconf 88' lang='lat' dir='ltr'>nigri</span> 
     </span>
    </p>
   </div>
   <div class='ocr_carea' id='block_1_67' title="bbox 318 3543 1965 3618">
    <p class='ocr_par' dir='ltr' id='par_1_67' title="bbox 318 3543 1965 3618">
     <span class='ocr_line' id='line_1_67' title="bbox 318 3543 1965 3618; baseline 0.004 -18"><span class='ocrx_word' id='word_1_521' title='bbox 318 3543 551 3610; x_wconf 91' lang='lat' dir='ltr'>coloris,</span> <span class='ocrx_word' id='word_1_522' title='bbox 585 3545 683 3616; x_wconf 92' lang='lat' dir='ltr'>qui</span> <span class='ocrx_word' id='word_1_523' title='bbox 739 3560 973 3617; x_wconf 90' lang='lat' dir='ltr'>semper</span> <span class='ocrx_word' id='word_1_524' title='bbox 1031 3553 1467 3618; x_wconf 87' lang='lat' dir='ltr'>persequuntur</span> <span class='ocrx_word' id='word_1_525' title='bbox 1501 3550 1777 3606; x_wconf 84' lang='lat' dir='ltr'>cadavera</span> <span class='ocrx_word' id='word_1_526' title='bbox 1807 3568 1965 3607; x_wconf 89' lang='lat' dir='ltr'>mor-</span> 
     </span>
    </p>
   </div>
   <div class='ocr_carea' id='block_1_68' title="bbox 317 3633 1967 3712">
    <p class='ocr_par' dir='ltr' id='par_1_68' title="bbox 317 3633 1967 3712">
     <span class='ocr_line' id='line_1_68' title="bbox 317 3633 1967 3712; baseline 0.005 -26"><span class='ocrx_word' id='word_1_527' title='bbox 317 3636 577 3688; x_wconf 89' lang='lat' dir='ltr'>tuorum:</span> <span class='ocrx_word' id='word_1_528' title='bbox 615 3633 712 3704; x_wconf 90' lang='lat' dir='ltr'>qui</span> <span class='ocrx_word' id='word_1_529' title='bbox 745 3650 978 3704; x_wconf 90' lang='lat' dir='ltr'>semper</span> <span class='ocrx_word' id='word_1_530' title='bbox 1006 3651 1142 3691; x_wconf 91' lang='lat' dir='ltr'>voce</span> <span class='ocrx_word' id='word_1_531' title='bbox 1174 3636 1523 3692; x_wconf 85' lang='lat' dir='ltr'>raucissima</span> <span class='ocrx_word' id='word_1_532' title='bbox 1551 3637 1704 3694; x_wconf 80' lang='lat' dir='ltr'>rixas</span> <span class='ocrx_word' id='word_1_533' title='bbox 1734 3655 1967 3712; x_wconf 88' lang='lat' dir='ltr'>compa-</span> 
     </span>
    </p>
   </div>
   <div class='ocr_carea' id='block_1_69' title="bbox 324 3721 1971 3797">
    <p class='ocr_par' dir='ltr' id='par_1_69' title="bbox 324 3721 1971 3797">
     <span class='ocr_line' id='line_1_69' title="bbox 324 3721 1971 3797; baseline 0.005 -21"><span class='ocrx_word' id='word_1_534' title='bbox 324 3723 479 3787; x_wconf 87' lang='lat' dir='ltr'>rant,</span> <span class='ocrx_word' id='word_1_535' title='bbox 541 3721 838 3778; x_wconf 69' lang='lat' dir='ltr'>daemones</span> <span class='ocrx_word' id='word_1_536' title='bbox 895 3739 1042 3793; x_wconf 88' lang='lat' dir='ltr'>esse,</span> <span class='ocrx_word' id='word_1_537' title='bbox 1104 3729 1160 3779; x_wconf 91' lang='lat' dir='ltr'>et</span> <span class='ocrx_word' id='word_1_538' title='bbox 1217 3725 1553 3797; x_wconf 91' lang='lat' dir='ltr'>quicunque</span> <span class='ocrx_word' id='word_1_539' title='bbox 1609 3729 1971 3786; x_wconf 67' lang='lat' dir='ltr'>daemonibus</span> 
     </span>
    </p>
   </div>
   <div class='ocr_carea' id='block_1_70' title="bbox 324 3807 1968 3885">
    <p class='ocr_par' dir='ltr' id='par_1_70' title="bbox 324 3807 1968 3885">
     <span class='ocr_line' id='line_1_70' title="bbox 324 3807 1968 3885; baseline 0.005 -20"><span class='ocrx_word' id='word_1_540' title='bbox 324 3807 649 3876; x_wconf 87' lang='lat' dir='ltr'>servierint,</span> <span class='ocrx_word' id='word_1_541' title='bbox 675 3811 843 3880; x_wconf 82' lang='lat' dir='ltr'>juxta</span> <span class='ocrx_word' id='word_1_542' title='bbox 873 3826 1074 3867; x_wconf 90' lang='lat' dir='ltr'>corvos</span> <span class='ocrx_word' id='word_1_543' title='bbox 1105 3816 1162 3867; x_wconf 89' lang='lat' dir='ltr'>et</span> <span class='ocrx_word' id='word_1_544' title='bbox 1207 3813 1318 3885; x_wconf 90' lang='lat' dir='ltr'>ipsi</span> <span class='ocrx_word' id='word_1_545' title='bbox 1369 3813 1622 3871; x_wconf 90' lang='lat' dir='ltr'>colorem</span> <span class='ocrx_word' id='word_1_546' title='bbox 1665 3833 1968 3874; x_wconf 88' lang='lat' dir='ltr'>corvorum</span> 
     </span>
    </p>
   </div>
   <div class='ocr_carea' id='block_1_71' title="bbox 328 3896 1970 3976">
    <p class='ocr_par' dir='ltr' id='par_1_71' title="bbox 328 3896 1970 3976">
     <span class='ocr_line' id='line_1_71' title="bbox 328 3896 1970 3976; baseline 0.005 -22"><span class='ocrx_word' id='word_1_547' title='bbox 328 3896 644 3970; x_wconf 83' lang='lat' dir='ltr'>accipiunt.</span> <span class='ocrx_word' id='word_1_548' title='bbox 674 3896 855 3970; x_wconf 88' lang='lat' dir='ltr'>Igitur</span> <span class='ocrx_word' id='word_1_549' title='bbox 885 3899 1068 3953; x_wconf 88' lang='lat' dir='ltr'>nostri</span> <span class='ocrx_word' id='word_1_550' title='bbox 1102 3905 1389 3971; x_wconf 88' lang='lat' dir='ltr'>parentes,</span> <span class='ocrx_word' id='word_1_551' title='bbox 1450 3903 1602 3959; x_wconf 90' lang='lat' dir='ltr'>sicut</span> <span class='ocrx_word' id='word_1_552' title='bbox 1647 3907 1772 3976; x_wconf 85' lang='lat' dir='ltr'>jam</span> <span class='ocrx_word' id='word_1_553' title='bbox 1824 3908 1970 3962; x_wconf 84' lang='lat' dir='ltr'>dixi-</span> 
     </span>
    </p>
   </div>
   <div class='ocr_carea' id='block_1_72' title="bbox 325 3985 1972 4063">
    <p class='ocr_par' dir='ltr' id='par_1_72' title="bbox 325 3985 1972 4063">
     <span class='ocr_line' id='line_1_72' title="bbox 325 3985 1972 4063; baseline 0.005 -21"><span class='ocrx_word' id='word_1_554' title='bbox 325 4002 480 4054; x_wconf 90' lang='lat' dir='ltr'>mus,</span> <span class='ocrx_word' id='word_1_555' title='bbox 511 3985 611 4060; x_wconf 91' lang='lat' dir='ltr'>qui</span> <span class='ocrx_word' id='word_1_556' title='bbox 647 3985 819 4042; x_wconf 90' lang='lat' dir='ltr'>idolis</span> <span class='ocrx_word' id='word_1_557' title='bbox 878 3987 1207 4043; x_wconf 88' lang='lat' dir='ltr'>serviebant</span> <span class='ocrx_word' id='word_1_558' title='bbox 1262 3994 1317 4044; x_wconf 90' lang='lat' dir='ltr'>et</span> <span class='ocrx_word' id='word_1_559' title='bbox 1373 3991 1758 4063; x_wconf 73' lang='lat' dir='ltr'>daemonibus,</span> <span class='ocrx_word' id='word_1_560' title='bbox 1798 3995 1972 4050; x_wconf 78' lang='lat' dir='ltr'>&#39;corvi</span> 
     </span>
    </p>
   </div>
   <div class='ocr_carea' id='block_1_73' title="bbox 326 4075 1976 4151">
    <p class='ocr_par' dir='ltr' id='par_1_73' title="bbox 326 4075 1976 4151">
     <span class='ocr_line' id='line_1_73' title="bbox 326 4075 1976 4151; baseline 0.005 -21"><span class='ocrx_word' id='word_1_561' title='bbox 326 4079 512 4132; x_wconf 88' lang='lat' dir='ltr'>erant.</span> <span class='ocrx_word' id='word_1_562' title='bbox 541 4075 666 4132; x_wconf 89' lang='lat' dir='ltr'>Non</span> <span class='ocrx_word' id='word_1_563' title='bbox 697 4075 853 4131; x_wconf 89' lang='lat' dir='ltr'>enim</span> <span class='ocrx_word' id='word_1_564' title='bbox 886 4076 1263 4132; x_wconf 85' lang='lat' dir='ltr'>inveniuntur</span> <span class='ocrx_word' id='word_1_565' title='bbox 1305 4079 1418 4134; x_wconf 91' lang='lat' dir='ltr'>nisi</span> <span class='ocrx_word' id='word_1_566' title='bbox 1479 4080 1577 4135; x_wconf 91' lang='lat' dir='ltr'>ubi</span> <span class='ocrx_word' id='word_1_567' title='bbox 1636 4080 1888 4151; x_wconf 91' lang='lat' dir='ltr'>illuvies,</span> <span class='ocrx_word' id='word_1_568' title='bbox 1919 4088 1976 4139; x_wconf 90' lang='lat' dir='ltr'>et</span> 
     </span>
    </p>
   </div>
   <div class='ocr_carea' id='block_1_74' title="bbox 327 4164 1974 4238">
    <p class='ocr_par' dir='ltr' id='par_1_74' title="bbox 327 4164 1974 4238">
     <span class='ocr_line' id='line_1_74' title="bbox 327 4164 1974 4238; baseline 0.006 -19"><span class='ocrx_word' id='word_1_569' title='bbox 327 4164 634 4238; x_wconf 88' lang='lat' dir='ltr'>spurcitia,</span> <span class='ocrx_word' id='word_1_570' title='bbox 668 4170 725 4221; x_wconf 89' lang='lat' dir='ltr'>et</span> <span class='ocrx_word' id='word_1_571' title='bbox 753 4165 1036 4222; x_wconf 89' lang='lat' dir='ltr'>cadavera</span> <span class='ocrx_word' id='word_1_572' title='bbox 1065 4171 1431 4224; x_wconf 87' lang='lat' dir='ltr'>mortuorum</span> <span class='ocrx_word' id='word_1_573' title='bbox 1461 4169 1822 4228; x_wconf 88' lang='lat' dir='ltr'>fuerint.Nos</span> <span class='ocrx_word' id='word_1_574' title='bbox 1841 4189 1974 4230; x_wconf 91' lang='lat' dir='ltr'>vero</span> 
     </span>
    </p>
   </div>
   <div class='ocr_carea' id='block_1_75' title="bbox 331 4252 1977 4332">
    <p class='ocr_par' dir='ltr' id='par_1_75' title="bbox 331 4252 1977 4332">
     <span class='ocr_line' id='line_1_75' title="bbox 331 4252 1977 4332; baseline 0.006 -24"><span class='ocrx_word' id='word_1_575' title='bbox 331 4252 432 4326; x_wconf 90' lang='lat' dir='ltr'>qui</span> <span class='ocrx_word' id='word_1_576' title='bbox 462 4253 534 4310; x_wconf 90' lang='lat' dir='ltr'>de</span> <span class='ocrx_word' id='word_1_577' title='bbox 563 4253 751 4310; x_wconf 92' lang='lat' dir='ltr'>corvis</span> <span class='ocrx_word' id='word_1_578' title='bbox 783 4253 904 4310; x_wconf 90' lang='lat' dir='ltr'>nati</span> <span class='ocrx_word' id='word_1_579' title='bbox 933 4271 1162 4324; x_wconf 89' lang='lat' dir='ltr'>sumus,</span> <span class='ocrx_word' id='word_1_580' title='bbox 1208 4273 1321 4312; x_wconf 89' lang='lat' dir='ltr'>non</span> <span class='ocrx_word' id='word_1_581' title='bbox 1355 4257 1638 4314; x_wconf 90' lang='lat' dir='ltr'>cadavera</span> <span class='ocrx_word' id='word_1_582' title='bbox 1685 4266 1977 4332; x_wconf 86' lang='lat' dir='ltr'>exspecta-</span> 
     </span>
    </p>
   </div>
   <div class='ocr_carea' id='block_1_76' title="bbox 283 4342 1976 4409">
    <p class='ocr_par' dir='ltr' id='par_1_76' title="bbox 283 4342 1976 4409">
     <span class='ocr_line' id='line_1_76' title="bbox 283 4342 1976 4409; baseline 0.007 -15"><span class='ocrx_word' id='word_1_583' title='bbox 283 4384 290 4391; x_wconf 93' lang='lat'>.</span> <span class='ocrx_word' id='word_1_584' title='bbox 325 4356 480 4409; x_wconf 91' lang='lat' dir='ltr'>mus,</span> <span class='ocrx_word' id='word_1_585' title='bbox 518 4343 619 4398; x_wconf 90' lang='lat' dir='ltr'>sed</span> <span class='ocrx_word' id='word_1_586' title='bbox 648 4359 859 4399; x_wconf 87' lang='lat' dir='ltr'>rorem.</span> <span class='ocrx_word' id='word_1_587' title='bbox 895 4342 1047 4399; x_wconf 91' lang='lat' dir='ltr'>Pulli</span> <span class='ocrx_word' id='word_1_588' title='bbox 1079 4345 1234 4400; x_wconf 89' lang='lat' dir='ltr'>enim</span> <span class='ocrx_word' id='word_1_589' title='bbox 1270 4363 1576 4404; x_wconf 88' lang='lat' dir='ltr'>corvorum</span> <span class='ocrx_word' id='word_1_590' title='bbox 1605 4347 1878 4404; x_wconf 90' lang='lat' dir='ltr'>dicuntur</span> <span class='ocrx_word' id='word_1_591' title='bbox 1905 4351 1976 4406; x_wconf 91' lang='lat' dir='ltr'>de</span> 
     </span>
    </p>
   </div>
   <div class='ocr_carea' id='block_1_77' title="bbox 322 4430 1976 4510">
    <p class='ocr_par' dir='ltr' id='par_1_77' title="bbox 322 4430 1976 4510">
     <span class='ocr_line' id='line_1_77' title="bbox 322 4430 1976 4510; baseline 0.005 -24"><span class='ocrx_word' id='word_1_592' title='bbox 322 4446 451 4486; x_wconf 88' lang='lat' dir='ltr'>rore</span> <span class='ocrx_word' id='word_1_593' title='bbox 479 4430 688 4488; x_wconf 88' lang='lat' dir='ltr'>vivere.</span> <span class='ocrx_word' id='word_1_594' title='bbox 723 4431 814 4488; x_wconf 89' lang='lat' dir='ltr'>Sic</span> <span class='ocrx_word' id='word_1_595' title='bbox 845 4432 1003 4488; x_wconf 91' lang='lat' dir='ltr'>enim</span> <span class='ocrx_word' id='word_1_596' title='bbox 1034 4433 1369 4506; x_wconf 73' lang='lat' dir='ltr'>phi1030phi</span> <span class='ocrx_word' id='word_1_597' title='bbox 1428 4436 1654 4505; x_wconf 88' lang='lat' dir='ltr'>dicunt,</span> <span class='ocrx_word' id='word_1_598' title='bbox 1703 4440 1858 4510; x_wconf 91' lang='lat' dir='ltr'>quod</span> <span class='ocrx_word' id='word_1_599' title='bbox 1906 4440 1976 4494; x_wconf 90' lang='lat' dir='ltr'>de</span> 
     </span>
    </p>
   </div>
   <div class='ocr_carea' id='block_1_78' title="bbox 326 4518 1976 4594">
    <p class='ocr_par' dir='ltr' id='par_1_78' title="bbox 326 4518 1976 4594">
     <span class='ocr_line' id='line_1_78' title="bbox 326 4518 1976 4594; baseline 0.005 -20"><span class='ocrx_word' id='word_1_600' title='bbox 326 4535 456 4576; x_wconf 89' lang='lat' dir='ltr'>rore</span> <span class='ocrx_word' id='word_1_601' title='bbox 483 4520 688 4576; x_wconf 86' lang='lat' dir='ltr'>vivant</span> <span class='ocrx_word' id='word_1_602' title='bbox 716 4518 862 4594; x_wconf 92' lang='lat' dir='ltr'>pulli</span> <span class='ocrx_word' id='word_1_603' title='bbox 892 4537 1220 4577; x_wconf 90' lang='lat' dir='ltr'>corvorum.</span> <span class='ocrx_word' id='word_1_604' title='bbox 1253 4522 1443 4579; x_wconf 89' lang='lat' dir='ltr'>Vultis</span> <span class='ocrx_word' id='word_1_605' title='bbox 1497 4529 1555 4580; x_wconf 91' lang='lat' dir='ltr'>et</span> <span class='ocrx_word' id='word_1_606' title='bbox 1609 4525 1768 4582; x_wconf 91' lang='lat' dir='ltr'>aliud</span> <span class='ocrx_word' id='word_1_607' title='bbox 1829 4527 1976 4583; x_wconf 87' lang='lat' dir='ltr'>scire</span> 
     </span>
    </p>
   </div>
   <div class='ocr_carea' id='block_1_79' title="bbox 2075 3359 3750 3442">
    <p class='ocr_par' dir='ltr' id='par_1_79' title="bbox 2075 3359 3750 3442">
     <span class='ocr_line' id='line_1_79' title="bbox 2075 3359 3750 3442; baseline -0.001 -15"><span class='ocrx_word' id='word_1_608' title='bbox 2075 3359 2620 3442; x_wconf 15' lang='lat' dir='ltr'>equiles.Egoiputo</span> <span class='ocrx_word' id='word_1_609' title='bbox 2650 3387 2836 3440; x_wconf 91' lang='lat' dir='ltr'>equos</span> <span class='ocrx_word' id='word_1_610' title='bbox 2868 3369 3138 3426; x_wconf 91' lang='lat' dir='ltr'>homines</span> <span class='ocrx_word' id='word_1_611' title='bbox 3158 3385 3288 3426; x_wconf 89' lang='lat' dir='ltr'>esse</span> <span class='ocrx_word' id='word_1_612' title='bbox 3320 3377 3750 3442; x_wconf 83' lang='lat' dir='ltr'>peecatores,et</span> 
     </span>
    </p>
   </div>
   <div class='ocr_carea' id='block_1_80' title="bbox 2075 3458 3750 3532">
    <p class='ocr_par' dir='ltr' id='par_1_80' title="bbox 2075 3458 3750 3532">
     <span class='ocr_line' id='line_1_80' title="bbox 2075 3458 3750 3532; baseline 0.001 -17"><span class='ocrx_word' id='word_1_613' title='bbox 2075 3459 2307 3532; x_wconf 91' lang='lat' dir='ltr'>equites</span> <span class='ocrx_word' id='word_1_614' title='bbox 2340 3459 2638 3514; x_wconf 73' lang='lat' dir='ltr'>dazmones</span> <span class='ocrx_word' id='word_1_615' title='bbox 2670 3458 2769 3530; x_wconf 91' lang='lat' dir='ltr'>qui</span> <span class='ocrx_word' id='word_1_616' title='bbox 2829 3459 3097 3530; x_wconf 86' lang='lat' dir='ltr'>equitant</span> <span class='ocrx_word' id='word_1_617' title='bbox 3127 3459 3182 3513; x_wconf 91' lang='lat' dir='ltr'>in</span> <span class='ocrx_word' id='word_1_618' title='bbox 3215 3459 3324 3515; x_wconf 89' lang='lat' dir='ltr'>eis.</span> <span class='ocrx_word' id='word_1_619' title='bbox 3387 3459 3449 3514; x_wconf 91' lang='lat' dir='ltr'>Si</span> <span class='ocrx_word' id='word_1_620' title='bbox 3510 3463 3750 3532; x_wconf 83' lang='lat' dir='ltr'>quando</span> 
     </span>
    </p>
   </div>
   <div class='ocr_carea' id='block_1_81' title="bbox 2077 3546 3744 3620">
    <p class='ocr_par' dir='ltr' id='par_1_81' title="bbox 2077 3546 3744 3620">
     <span class='ocr_line' id='line_1_81' title="bbox 2077 3546 3744 3620; baseline -0.001 -15"><span class='ocrx_word' id='word_1_621' title='bbox 2077 3565 2213 3617; x_wconf 76' lang='lat' dir='ltr'>ergo</span> <span class='ocrx_word' id='word_1_622' title='bbox 2249 3548 2577 3604; x_wconf 89' lang='lat' dir='ltr'>viderimus</span> <span class='ocrx_word' id='word_1_623' title='bbox 2616 3546 2875 3619; x_wconf 87' lang='lat' dir='ltr'>aliquem</span> <span class='ocrx_word' id='word_1_624' title='bbox 2926 3548 3165 3603; x_wconf 87' lang='lat' dir='ltr'>fratrem</span> <span class='ocrx_word' id='word_1_625' title='bbox 3197 3556 3656 3620; x_wconf 88' lang='lat' dir='ltr'>persequentem</span> <span class='ocrx_word' id='word_1_626' title='bbox 3685 3557 3744 3604; x_wconf 83' lang='lat' dir='ltr'>et</span> 
     </span>
    </p>
   </div>
   <div class='ocr_carea' id='block_1_82' title="bbox 2076 3632 3738 3709">
    <p class='ocr_par' dir='ltr' id='par_1_82' title="bbox 2076 3632 3738 3709">
     <span class='ocr_line' id='line_1_82' title="bbox 2076 3632 3738 3709; baseline 0.002 -21"><span class='ocrx_word' id='word_1_627' title='bbox 2076 3632 2387 3696; x_wconf 87' lang='lat' dir='ltr'>inimicum</span> <span class='ocrx_word' id='word_1_628' title='bbox 2420 3654 2570 3703; x_wconf 89' lang='lat' dir='ltr'>esse,</span> <span class='ocrx_word' id='word_1_629' title='bbox 2605 3637 2864 3693; x_wconf 87' lang='lat' dir='ltr'>sciamus</span> <span class='ocrx_word' id='word_1_630' title='bbox 2889 3635 3026 3708; x_wconf 88' lang='lat' dir='ltr'>quia</span> <span class='ocrx_word' id='word_1_631' title='bbox 3052 3635 3148 3692; x_wconf 87' lang='lat' dir='ltr'>ille</span> <span class='ocrx_word' id='word_1_632' title='bbox 3176 3653 3370 3709; x_wconf 88' lang='lat' dir='ltr'>equus</span> <span class='ocrx_word' id='word_1_633' title='bbox 3417 3644 3529 3695; x_wconf 88' lang='lat' dir='ltr'>est.</span> <span class='ocrx_word' id='word_1_634' title='bbox 3561 3638 3738 3693; x_wconf 68' lang='lat' dir='ltr'>Caete-</span> 
     </span>
    </p>
   </div>
   <div class='ocr_carea' id='block_1_83' title="bbox 2082 3725 3742 3800">
    <p class='ocr_par' dir='ltr' id='par_1_83' title="bbox 2082 3725 3742 3800">
     <span class='ocr_line' id='line_1_83' title="bbox 2082 3725 3742 3800; baseline -0.001 -16"><span class='ocrx_word' id='word_1_635' title='bbox 2082 3745 2212 3784; x_wconf 91' lang='lat' dir='ltr'>rum</span> <span class='ocrx_word' id='word_1_636' title='bbox 2245 3743 2426 3798; x_wconf 91' lang='lat' dir='ltr'>eques</span> <span class='ocrx_word' id='word_1_637' title='bbox 2448 3725 2720 3782; x_wconf 91' lang='lat' dir='ltr'>diabolus</span> <span class='ocrx_word' id='word_1_638' title='bbox 2745 3731 2853 3797; x_wconf 89' lang='lat' dir='ltr'>est,</span> <span class='ocrx_word' id='word_1_639' title='bbox 2887 3726 2986 3798; x_wconf 92' lang='lat' dir='ltr'>qui</span> <span class='ocrx_word' id='word_1_640' title='bbox 3021 3743 3130 3782; x_wconf 90' lang='lat' dir='ltr'>sua</span> <span class='ocrx_word' id='word_1_641' title='bbox 3160 3725 3370 3782; x_wconf 87' lang='lat' dir='ltr'>lancea</span> <span class='ocrx_word' id='word_1_642' title='bbox 3401 3727 3515 3784; x_wconf 90' lang='lat' dir='ltr'>dos</span> <span class='ocrx_word' id='word_1_643' title='bbox 3542 3743 3742 3800; x_wconf 85' lang='lat' dir='ltr'>percu-</span> 
     </span>
    </p>
   </div>
   <div class='ocr_carea' id='block_1_84' title="bbox 2080 3814 3744 3890">
    <p class='ocr_par' dir='ltr' id='par_1_84' title="bbox 2080 3814 3744 3890">
     <span class='ocr_line' id='line_1_84' title="bbox 2080 3814 3744 3890; baseline -0.001 -17"><span class='ocrx_word' id='word_1_644' title='bbox 2080 3815 2170 3873; x_wconf 88' lang='lat' dir='ltr'>tit.</span> <span class='ocrx_word' id='word_1_645' title='bbox 2207 3816 2322 3872; x_wconf 91' lang='lat' dir='ltr'>Iste</span> <span class='ocrx_word' id='word_1_646' title='bbox 2352 3815 2555 3882; x_wconf 90' lang='lat' dir='ltr'>currit,</span> <span class='ocrx_word' id='word_1_647' title='bbox 2587 3828 2642 3871; x_wconf 82' lang='lat' dir='ltr'>et</span> <span class='ocrx_word' id='word_1_648' title='bbox 2669 3814 2768 3871; x_wconf 92' lang='lat' dir='ltr'>ille</span> <span class='ocrx_word' id='word_1_649' title='bbox 2812 3815 3081 3888; x_wconf 90' lang='lat' dir='ltr'>percutit.</span> <span class='ocrx_word' id='word_1_650' title='bbox 3129 3815 3242 3871; x_wconf 92' lang='lat' dir='ltr'>Sed</span> <span class='ocrx_word' id='word_1_651' title='bbox 3302 3821 3360 3871; x_wconf 90' lang='lat' dir='ltr'>et</span> <span class='ocrx_word' id='word_1_652' title='bbox 3391 3816 3526 3889; x_wconf 92' lang='lat' dir='ltr'>ipse</span> <span class='ocrx_word' id='word_1_653' title='bbox 3555 3834 3744 3890; x_wconf 87' lang='lat' dir='ltr'>equus</span> 
     </span>
    </p>
   </div>
   <div class='ocr_carea' id='block_1_85' title="bbox 2082 3903 3740 3974">
    <p class='ocr_par' dir='ltr' id='par_1_85' title="bbox 2082 3903 3740 3974">
     <span class='ocr_line' id='line_1_85' title="bbox 2082 3903 3740 3974; baseline -0.002 -12"><span class='ocrx_word' id='word_1_654' title='bbox 2082 3904 2413 3962; x_wconf 89' lang='lat' dir='ltr'>calcaribus</span> <span class='ocrx_word' id='word_1_655' title='bbox 2442 3904 2698 3970; x_wconf 90' lang='lat' dir='ltr'>ducitur,</span> <span class='ocrx_word' id='word_1_656' title='bbox 2730 3903 3081 3974; x_wconf 87' lang='lat' dir='ltr'>confoditur,</span> <span class='ocrx_word' id='word_1_657' title='bbox 3115 3908 3173 3960; x_wconf 92' lang='lat' dir='ltr'>et</span> <span class='ocrx_word' id='word_1_658' title='bbox 3201 3903 3427 3960; x_wconf 90' lang='lat' dir='ltr'>invitus</span> <span class='ocrx_word' id='word_1_659' title='bbox 3491 3904 3740 3961; x_wconf 83' lang='lat' dir='ltr'>insanit.</span> 
     </span>
    </p>
   </div>
   <div class='ocr_carea' id='block_1_86' title="bbox 2084 3991 3746 4064">
    <p class='ocr_par' dir='ltr' id='par_1_86' title="bbox 2084 3991 3746 4064">
     <span class='ocr_line' id='line_1_86' title="bbox 2084 3991 3746 4064; baseline -0.001 -12"><span class='ocrx_word' id='word_1_660' title='bbox 2084 4020 2110 4045; x_wconf 87' lang='grc'><em>‹‹</em></span> <span class='ocrx_word' id='word_1_661' title='bbox 2145 3995 2260 4052; x_wconf 90' lang='lat' dir='ltr'>Nec</span> <span class='ocrx_word' id='word_1_662' title='bbox 2293 3994 2350 4049; x_wconf 93' lang='lat' dir='ltr'>in</span> <span class='ocrx_word' id='word_1_663' title='bbox 2383 3992 2545 4048; x_wconf 89' lang='lat' dir='ltr'>tibiis</span> <span class='ocrx_word' id='word_1_664' title='bbox 2566 3993 2671 4047; x_wconf 91' lang='lat' dir='ltr'>viri</span> <span class='ocrx_word' id='word_1_665' title='bbox 2704 3991 3137 4064; x_wconf 89' lang='lat' dir='ltr'>beneplacitum</span> <span class='ocrx_word' id='word_1_666' title='bbox 3194 3994 3306 4049; x_wconf 89' lang='lat' dir='ltr'>erit</span> <span class='ocrx_word' id='word_1_667' title='bbox 3361 3993 3435 4048; x_wconf 92' lang='lat' dir='ltr'>ei.</span> <span class='ocrx_word' id='word_1_668' title='bbox 3475 4017 3503 4042; x_wconf 85' lang='grc'><em>››</em></span> <span class='ocrx_word' id='word_1_669' title='bbox 3536 3994 3746 4050; x_wconf 81' lang='lat' dir='ltr'>Videte</span> 
     </span>
    </p>
   </div>
   <div class='ocr_carea' id='block_1_87' title="bbox 2084 4079 3738 4156">
    <p class='ocr_par' dir='ltr' id='par_1_87' title="bbox 2084 4079 3738 4156">
     <span class='ocr_line' id='line_1_87' title="bbox 2084 4079 3738 4156; baseline -0.001 -17"><span class='ocrx_word' id='word_1_670' title='bbox 2084 4084 2224 4156; x_wconf 89' lang='lat' dir='ltr'>quid</span> <span class='ocrx_word' id='word_1_671' title='bbox 2257 4083 2433 4139; x_wconf 87' lang='lat' dir='ltr'>dicat.</span> <span class='ocrx_word' id='word_1_672' title='bbox 2467 4082 2591 4138; x_wconf 90' lang='lat' dir='ltr'>Non</span> <span class='ocrx_word' id='word_1_673' title='bbox 2624 4079 2788 4152; x_wconf 86' lang='lat' dir='ltr'>dixit,</span> <span class='ocrx_word' id='word_1_674' title='bbox 2823 4081 2881 4136; x_wconf 90' lang='lat' dir='ltr'>in</span> <span class='ocrx_word' id='word_1_675' title='bbox 2913 4080 3103 4152; x_wconf 84' lang='lat' dir='ltr'>capite</span> <span class='ocrx_word' id='word_1_676' title='bbox 3132 4081 3265 4149; x_wconf 92' lang='lat' dir='ltr'>viri,</span> <span class='ocrx_word' id='word_1_677' title='bbox 3297 4098 3409 4138; x_wconf 91' lang='lat' dir='ltr'>non</span> <span class='ocrx_word' id='word_1_678' title='bbox 3469 4083 3643 4151; x_wconf 76' lang='lat' dir='ltr'>dixit,</span> <span class='ocrx_word' id='word_1_679' title='bbox 3681 4085 3738 4138; x_wconf 89' lang='lat' dir='ltr'>in</span> 
     </span>
    </p>
   </div>
   <div class='ocr_carea' id='block_1_88' title="bbox 2084 4170 3728 4242">
    <p class='ocr_par' dir='ltr' id='par_1_88' title="bbox 2084 4170 3728 4242">
     <span class='ocr_line' id='line_1_88' title="bbox 2084 4170 3728 4242; baseline -0.003 -12"><span class='ocrx_word' id='word_1_680' title='bbox 2084 4172 2358 4230; x_wconf 84' lang='lat' dir='ltr'>manibus</span> <span class='ocrx_word' id='word_1_681' title='bbox 2386 4170 2494 4226; x_wconf 90' lang='lat' dir='ltr'>viri</span> <span class='ocrx_word' id='word_1_682' title='bbox 2529 4187 2540 4226; x_wconf 88' lang='lat'>:</span> <span class='ocrx_word' id='word_1_683' title='bbox 2570 4171 2692 4240; x_wconf 86' lang='lat' dir='ltr'>sed,</span> <span class='ocrx_word' id='word_1_684' title='bbox 2746 4171 2805 4225; x_wconf 81' lang='lat' dir='ltr'>in</span> <span class='ocrx_word' id='word_1_685' title='bbox 2853 4170 3022 4235; x_wconf 78' lang='lat' dir='ltr'>tibiis,</span> <span class='ocrx_word' id='word_1_686' title='bbox 3084 4187 3212 4242; x_wconf 69' lang='lat' dir='ltr'>quae</span> <span class='ocrx_word' id='word_1_687' title='bbox 3270 4171 3531 4225; x_wconf 89' lang='lat' dir='ltr'>deorsum</span> <span class='ocrx_word' id='word_1_688' title='bbox 3559 4175 3728 4225; x_wconf 84' lang='lat' dir='ltr'>sunt.</span> 
     </span>
    </p>
   </div>
   <div class='ocr_carea' id='block_1_89' title="bbox 2160 4257 3736 4329">
    <p class='ocr_par' dir='ltr' id='par_1_89' title="bbox 2160 4257 3736 4329">
     <span class='ocr_line' id='line_1_89' title="bbox 2160 4257 3736 4329; baseline -0.002 -12"><span class='ocrx_word' id='word_1_689' title='bbox 2160 4283 2180 4310; x_wconf 74' lang='grc' dir='ltr'><strong>α</strong></span> <span class='ocrx_word' id='word_1_690' title='bbox 2217 4261 2330 4316; x_wconf 89' lang='lat' dir='ltr'>Nec</span> <span class='ocrx_word' id='word_1_691' title='bbox 2360 4261 2419 4314; x_wconf 91' lang='lat' dir='ltr'>in</span> <span class='ocrx_word' id='word_1_692' title='bbox 2451 4259 2611 4314; x_wconf 90' lang='lat' dir='ltr'>tibiis</span> <span class='ocrx_word' id='word_1_693' title='bbox 2640 4258 2747 4313; x_wconf 90' lang='lat' dir='ltr'>viri</span> <span class='ocrx_word' id='word_1_694' title='bbox 2778 4258 3210 4329; x_wconf 88' lang='lat' dir='ltr'>beneplacitum</span> <span class='ocrx_word' id='word_1_695' title='bbox 3245 4259 3348 4316; x_wconf 88' lang='lat' dir='ltr'>erit</span> <span class='ocrx_word' id='word_1_696' title='bbox 3373 4257 3445 4314; x_wconf 89' lang='lat' dir='ltr'>ei.</span> <span class='ocrx_word' id='word_1_697' title='bbox 3483 4280 3509 4307; x_wconf 72' lang='grc' dir='ltr'>»ι</span> <span class='ocrx_word' id='word_1_698' title='bbox 3540 4258 3736 4314; x_wconf 62' lang='lat' dir='ltr'>Tibiae</span> 
     </span>
    </p>
   </div>
   <div class='ocr_carea' id='block_1_90' title="bbox 2085 4346 3741 4420">
    <p class='ocr_par' dir='ltr' id='par_1_90' title="bbox 2085 4346 3741 4420">
     <span class='ocr_line' id='line_1_90' title="bbox 2085 4346 3741 4420; baseline -0.001 -16"><span class='ocrx_word' id='word_1_699' title='bbox 2085 4349 2180 4406; x_wconf 90' lang='lat' dir='ltr'>hic</span> <span class='ocrx_word' id='word_1_700' title='bbox 2211 4349 2362 4404; x_wconf 88' lang='lat' dir='ltr'>sicut</span> <span class='ocrx_word' id='word_1_701' title='bbox 2388 4351 2443 4403; x_wconf 91' lang='lat' dir='ltr'>et</span> <span class='ocrx_word' id='word_1_702' title='bbox 2473 4348 2716 4414; x_wconf 87' lang='lat' dir='ltr'>femora,</span> <span class='ocrx_word' id='word_1_703' title='bbox 2751 4362 2983 4419; x_wconf 89' lang='lat' dir='ltr'>semper</span> <span class='ocrx_word' id='word_1_704' title='bbox 3013 4347 3073 4402; x_wconf 91' lang='lat' dir='ltr'>in</span> <span class='ocrx_word' id='word_1_705' title='bbox 3131 4347 3379 4403; x_wconf 88' lang='lat' dir='ltr'>libidine</span> <span class='ocrx_word' id='word_1_706' title='bbox 3431 4346 3741 4420; x_wconf 82' lang='lat' dir='ltr'>accipiun-</span> 
     </span>
    </p>
   </div>
   <div class='ocr_carea' id='block_1_91' title="bbox 2085 4435 3742 4509">
    <p class='ocr_par' dir='ltr' id='par_1_91' title="bbox 2085 4435 3742 4509">
     <span class='ocr_line' id='line_1_91' title="bbox 2085 4435 3742 4509; baseline 0.001 -15"><span class='ocrx_word' id='word_1_707' title='bbox 2085 4445 2200 4494; x_wconf 88' lang='lat' dir='ltr'>tur.</span> <span class='ocrx_word' id='word_1_708' title='bbox 2237 4437 2500 4509; x_wconf 89' lang='lat' dir='ltr'>Denique</span> <span class='ocrx_word' id='word_1_709' title='bbox 2530 4437 2670 4492; x_wconf 91' lang='lat' dir='ltr'>etin</span> <span class='ocrx_word' id='word_1_710' title='bbox 2703 4435 2962 4492; x_wconf 85' lang='lat' dir='ltr'>Ezechiel</span> <span class='ocrx_word' id='word_1_711' title='bbox 2994 4436 3151 4493; x_wconf 92' lang='lat' dir='ltr'>Deus</span> <span class='ocrx_word' id='word_1_712' title='bbox 3196 4437 3432 4494; x_wconf 86' lang='lat' dir='ltr'>videtur</span> <span class='ocrx_word' id='word_1_713' title='bbox 3464 4455 3498 4492; x_wconf 87' lang='lat' dir='ltr'>a</span> <span class='ocrx_word' id='word_1_714' title='bbox 3519 4436 3742 4495; x_wconf 84' lang='lat' dir='ltr'>lumbis</span> 
     </span>
    </p>
   </div>
   <div class='ocr_carea' id='block_1_92' title="bbox 2085 4524 3731 4598">
    <p class='ocr_par' dir='ltr' id='par_1_92' title="bbox 2085 4524 3731 4598">
     <span class='ocr_line' id='line_1_92' title="bbox 2085 4524 3731 4598; baseline -0.001 -15"><span class='ocrx_word' id='word_1_715' title='bbox 2085 4543 2272 4598; x_wconf 89' lang='lat' dir='ltr'>usque</span> <span class='ocrx_word' id='word_1_716' title='bbox 2303 4543 2566 4596; x_wconf 89' lang='lat' dir='ltr'>sursum,</span> <span class='ocrx_word' id='word_1_717' title='bbox 2597 4524 2905 4594; x_wconf 87' lang='lat' dir='ltr'>clectreus,</span> <span class='ocrx_word' id='word_1_718' title='bbox 2927 4542 2962 4581; x_wconf 93' lang='lat' dir='ltr'>a</span> <span class='ocrx_word' id='word_1_719' title='bbox 2991 4525 3212 4583; x_wconf 88' lang='lat' dir='ltr'>lumbis</span> <span class='ocrx_word' id='word_1_720' title='bbox 3234 4543 3426 4598; x_wconf 90' lang='lat' dir='ltr'>usque</span> <span class='ocrx_word' id='word_1_721' title='bbox 3463 4527 3731 4583; x_wconf 85' lang='lat' dir='ltr'>deorsum</span> 
     </span>
    </p>
   </div>
   <div class='ocr_carea' id='block_1_93' title="bbox 325 4609 3736 4689">
    <p class='ocr_par' dir='ltr' id='par_1_93' title="bbox 325 4609 3736 4689">
     <span class='ocr_line' id='line_1_93' title="bbox 325 4609 3736 4689; baseline 0.001 -23"><span class='ocrx_word' id='word_1_722' title='bbox 325 4609 672 4682; x_wconf 81' lang='lat' dir='ltr'>mysterium</span> <span class='ocrx_word' id='word_1_723' title='bbox 704 4611 776 4666; x_wconf 90' lang='lat' dir='ltr'>de</span> <span class='ocrx_word' id='word_1_724' title='bbox 805 4610 993 4666; x_wconf 90' lang='lat' dir='ltr'>corvis</span> <span class='ocrx_word' id='word_1_725' title='bbox 1021 4611 1049 4664; x_wconf 88' lang='lat'><strong><em>?</em></strong></span> <span class='ocrx_word' id='word_1_726' title='bbox 1078 4611 1232 4667; x_wconf 87' lang='lat' dir='ltr'>Elias</span> <span class='ocrx_word' id='word_1_727' title='bbox 1290 4612 1724 4684; x_wconf 87' lang='lat' dir='ltr'>interpretatur,</span> <span class='ocrx_word' id='word_1_728' title='bbox 1761 4638 1787 4668; x_wconf 85' lang='lat'><strong>«</strong></span> <span class='ocrx_word' id='word_1_729' title='bbox 1817 4616 1973 4672; x_wconf 92' lang='lat' dir='ltr'>Deus</span> <span class='ocrx_word' id='word_1_730' title='bbox 2003 4621 2049 4686; x_wconf 80' lang='grc' dir='ltr'>Ι)</span> <span class='ocrx_word' id='word_1_731' title='bbox 2083 4618 2290 4689; x_wconf 89' lang='lat' dir='ltr'>igneus</span> <span class='ocrx_word' id='word_1_732' title='bbox 2321 4616 2543 4686; x_wconf 71' lang='lat' dir='ltr'>(Ezech.</span> <span class='ocrx_word' id='word_1_733' title='bbox 2581 4633 2619 4680; x_wconf 77' lang='grc' dir='ltr'>ι,</span> <span class='ocrx_word' id='word_1_734' title='bbox 2653 4616 2728 4682; x_wconf 79' lang='grc'>4),</span> <span class='ocrx_word' id='word_1_735' title='bbox 2762 4614 2822 4670; x_wconf 89' lang='lat' dir='ltr'>Si</span> <span class='ocrx_word' id='word_1_736' title='bbox 2855 4614 2989 4685; x_wconf 91' lang='lat' dir='ltr'>quis</span> <span class='ocrx_word' id='word_1_737' title='bbox 3019 4631 3257 4671; x_wconf 90' lang='lat' dir='ltr'>sursum</span> <span class='ocrx_word' id='word_1_738' title='bbox 3320 4621 3433 4685; x_wconf 90' lang='lat' dir='ltr'>est,</span> <span class='ocrx_word' id='word_1_739' title='bbox 3469 4615 3606 4672; x_wconf 87' lang='lat' dir='ltr'>huic</span> <span class='ocrx_word' id='word_1_740' title='bbox 3634 4633 3736 4671; x_wconf 84' lang='lat' dir='ltr'>au-</span> 
     </span>
    </p>
   </div>
   <div class='ocr_carea' id='block_1_94' title="bbox 324 4698 1970 4776">
    <p class='ocr_par' dir='ltr' id='par_1_94' title="bbox 324 4698 1970 4776">
     <span class='ocr_line' id='line_1_94' title="bbox 324 4698 1970 4776; baseline 0.002 -20"><span class='ocrx_word' id='word_1_741' title='bbox 324 4699 632 4756; x_wconf 90' lang='lat' dir='ltr'>Dominus.</span> <span class='ocrx_word' id='word_1_742' title='bbox 670 4722 697 4748; x_wconf 81' lang='grc'><strong>››</strong></span> <span class='ocrx_word' id='word_1_743' title='bbox 729 4699 906 4766; x_wconf 84' lang='lat' dir='ltr'>Elias,</span> <span class='ocrx_word' id='word_1_744' title='bbox 934 4698 1042 4755; x_wconf 90' lang='lat' dir='ltr'>hoc</span> <span class='ocrx_word' id='word_1_745' title='bbox 1073 4706 1182 4766; x_wconf 86' lang='lat' dir='ltr'>est,</span> <span class='ocrx_word' id='word_1_746' title='bbox 1214 4701 1516 4758; x_wconf 61' lang='lat' dir='ltr'>&quot;Dominus</span> <span class='ocrx_word' id='word_1_747' title='bbox 1571 4709 1768 4760; x_wconf 90' lang='lat' dir='ltr'>noster</span> <span class='ocrx_word' id='word_1_748' title='bbox 1797 4709 1970 4776; x_wconf 88' lang='lat' dir='ltr'>atque</span> 
     </span>
    </p>
   </div>
   <div class='ocr_carea' id='block_1_95' title="bbox 320 4788 1970 4865">
    <p class='ocr_par' dir='ltr' id='par_1_95' title="bbox 320 4788 1970 4865">
     <span class='ocr_line' id='line_1_95' title="bbox 320 4788 1970 4865; baseline 0.003 -22"><span class='ocrx_word' id='word_1_749' title='bbox 320 4789 600 4856; x_wconf 83' lang='lat' dir='ltr'>Salvator,</span> <span class='ocrx_word' id='word_1_750' title='bbox 653 4807 688 4844; x_wconf 86' lang='lat' dir='ltr'>a</span> <span class='ocrx_word' id='word_1_751' title='bbox 729 4789 949 4846; x_wconf 75' lang='lat' dir='ltr'>Judaeis</span> <span class='ocrx_word' id='word_1_752' title='bbox 1001 4788 1462 4862; x_wconf 85' lang='lat' dir='ltr'>persecutionem</span> <span class='ocrx_word' id='word_1_753' title='bbox 1539 4793 1781 4865; x_wconf 86' lang='lat' dir='ltr'>patitur,</span> <span class='ocrx_word' id='word_1_754' title='bbox 1833 4801 1888 4848; x_wconf 88' lang='lat' dir='ltr'>et</span> <span class='ocrx_word' id='word_1_755' title='bbox 1937 4813 1970 4848; x_wconf 86' lang='lat' dir='ltr'>a</span> 
     </span>
    </p>
   </div>
   <div class='ocr_carea' id='block_1_96' title="bbox 320 4878 1969 4954">
    <p class='ocr_par' dir='ltr' id='par_1_96' title="bbox 320 4878 1969 4954">
     <span class='ocr_line' id='line_1_96' title="bbox 320 4878 1969 4954; baseline 0.002 -20"><span class='ocrx_word' id='word_1_756' title='bbox 320 4878 530 4942; x_wconf 85' lang='lat' dir='ltr'>corvis,</span> <span class='ocrx_word' id='word_1_757' title='bbox 564 4878 619 4933; x_wconf 89' lang='lat' dir='ltr'>id</span> <span class='ocrx_word' id='word_1_758' title='bbox 652 4885 742 4940; x_wconf 85' lang='lat' dir='ltr'>est</span> <span class='ocrx_word' id='word_1_759' title='bbox 769 4880 1032 4951; x_wconf 89' lang='lat' dir='ltr'>gentium</span> <span class='ocrx_word' id='word_1_760' title='bbox 1069 4879 1283 4950; x_wconf 86' lang='lat' dir='ltr'>populo</span> <span class='ocrx_word' id='word_1_761' title='bbox 1325 4881 1600 4950; x_wconf 86' lang='lat' dir='ltr'>pascitur.</span> <span class='ocrx_word' id='word_1_762' title='bbox 1637 4907 1660 4929; x_wconf 81' lang='grc'>‹‹</span> <span class='ocrx_word' id='word_1_763' title='bbox 1699 4883 1763 4936; x_wconf 88' lang='lat' dir='ltr'>Et</span> <span class='ocrx_word' id='word_1_764' title='bbox 1793 4883 1969 4954; x_wconf 85' lang='lat' dir='ltr'>pullis</span> 
     </span>
    </p>
   </div>
   <div class='ocr_carea' id='block_1_97' title="bbox 320 4968 1965 5044">
    <p class='ocr_par' dir='ltr' id='par_1_97' title="bbox 320 4968 1965 5044">
     <span class='ocr_line' id='line_1_97' title="bbox 320 4968 1965 5044; baseline 0.001 -22"><span class='ocrx_word' id='word_1_765' title='bbox 320 4984 640 5024; x_wconf 62' lang='lat' dir='ltr'>corvorum‘</span> <span class='ocrx_word' id='word_1_766' title='bbox 662 4968 1070 5023; x_wconf 84' lang='lat' dir='ltr'>invocantibus</span> <span class='ocrx_word' id='word_1_767' title='bbox 1099 4985 1298 5022; x_wconf 74' lang='lat' dir='ltr'>eum.»</span> <span class='ocrx_word' id='word_1_768' title='bbox 1327 4969 1386 5022; x_wconf 88' lang='lat' dir='ltr'>Si</span> <span class='ocrx_word' id='word_1_769' title='bbox 1420 4969 1650 5025; x_wconf 83' lang='lat' dir='ltr'>invocas</span> <span class='ocrx_word' id='word_1_770' title='bbox 1677 4972 1965 5044; x_wconf 57' lang='lat' dir='ltr'>cun‘1,pul-</span> 
     </span>
    </p>
   </div>
   <div class='ocr_carea' id='block_1_98' title="bbox 318 5055 1969 5130">
    <p class='ocr_par' dir='ltr' id='par_1_98' title="bbox 318 5055 1969 5130">
     <span class='ocr_line' id='line_1_98' title="bbox 318 5055 1969 5130; baseline 0.002 -18"><span class='ocrx_word' id='word_1_771' title='bbox 318 5055 414 5112; x_wconf 91' lang='lat' dir='ltr'>lus</span> <span class='ocrx_word' id='word_1_772' title='bbox 445 5073 507 5114; x_wconf 91' lang='lat' dir='ltr'>es</span> <span class='ocrx_word' id='word_1_773' title='bbox 540 5076 553 5112; x_wconf 84' lang='lat'><strong>:</strong></span> <span class='ocrx_word' id='word_1_774' title='bbox 589 5058 638 5113; x_wconf 89' lang='lat' dir='ltr'>si</span> <span class='ocrx_word' id='word_1_775' title='bbox 672 5062 850 5124; x_wconf 90' lang='lat' dir='ltr'>taces,</span> <span class='ocrx_word' id='word_1_776' title='bbox 881 5074 1089 5113; x_wconf 92' lang='lat' dir='ltr'>corvus</span> <span class='ocrx_word' id='word_1_777' title='bbox 1121 5074 1183 5113; x_wconf 90' lang='lat' dir='ltr'>es</span> <span class='ocrx_word' id='word_1_778' title='bbox 1219 5074 1231 5112; x_wconf 92' lang='lat'><strong>:</strong></span> <span class='ocrx_word' id='word_1_779' title='bbox 1269 5081 1295 5107; x_wconf 83' lang='lat'><strong>«</strong></span> <span class='ocrx_word' id='word_1_780' title='bbox 1333 5058 1399 5113; x_wconf 87' lang='lat' dir='ltr'>Et</span> <span class='ocrx_word' id='word_1_781' title='bbox 1430 5057 1608 5130; x_wconf 84' lang='lat' dir='ltr'>pullis</span> <span class='ocrx_word' id='word_1_782' title='bbox 1665 5077 1969 5116; x_wconf 89' lang='lat' dir='ltr'>corvorum</span> 
     </span>
    </p>
   </div>
   <div class='ocr_carea' id='block_1_99' title="bbox 319 5143 1971 5221">
    <p class='ocr_par' dir='ltr' id='par_1_99' title="bbox 319 5143 1971 5221">
     <span class='ocr_line' id='line_1_99' title="bbox 319 5143 1971 5221; baseline 0.005 -23"><span class='ocrx_word' id='word_1_783' title='bbox 319 5143 726 5203; x_wconf 87' lang='lat' dir='ltr'>invocantibus</span> <span class='ocrx_word' id='word_1_784' title='bbox 782 5163 939 5202; x_wconf 91' lang='lat' dir='ltr'>eum.</span> <span class='ocrx_word' id='word_1_785' title='bbox 995 5168 1024 5196; x_wconf 83' lang='grc'><strong>››</strong></span> <span class='ocrx_word' id='word_1_786' title='bbox 1075 5146 1347 5220; x_wconf 85' lang='lat' dir='ltr'>Legimus</span> <span class='ocrx_word' id='word_1_787' title='bbox 1405 5146 1464 5202; x_wconf 92' lang='lat' dir='ltr'>in</span> <span class='ocrx_word' id='word_1_788' title='bbox 1515 5148 1847 5221; x_wconf 89' lang='lat' dir='ltr'>propheta:</span> <span class='ocrx_word' id='word_1_789' title='bbox 1907 5153 1971 5206; x_wconf 86' lang='lat' dir='ltr'>El</span> 
     </span>
    </p>
   </div>
   <div class='ocr_carea' id='block_1_100' title="bbox 318 5235 1974 5305">
    <p class='ocr_par' dir='ltr' id='par_1_100' title="bbox 318 5235 1974 5305">
     <span class='ocr_line' id='line_1_100' title="bbox 318 5235 1974 5305; baseline 0.004 -16"><span class='ocrx_word' id='word_1_790' title='bbox 318 5235 495 5289; x_wconf 76' lang='lat' dir='ltr'>omnis</span> <span class='ocrx_word' id='word_1_791' title='bbox 551 5237 648 5305; x_wconf 77' lang='lat' dir='ltr'>qui</span> <span class='ocrx_word' id='word_1_792' title='bbox 702 5237 1034 5292; x_wconf 75' lang='lat' dir='ltr'>invocaveril</span> <span class='ocrx_word' id='word_1_793' title='bbox 1089 5252 1290 5292; x_wconf 82' lang='lat' dir='ltr'>nomen</span> <span class='ocrx_word' id='word_1_794' title='bbox 1349 5237 1596 5304; x_wconf 79' lang='lat' dir='ltr'>Domini,</span> <span class='ocrx_word' id='word_1_795' title='bbox 1653 5239 1838 5294; x_wconf 73' lang='lat' dir='ltr'>salvus</span> <span class='ocrx_word' id='word_1_796' title='bbox 1868 5241 1974 5296; x_wconf 77' lang='lat' dir='ltr'>erit</span> 
     </span>
    </p>
   </div>
   <div class='ocr_carea' id='block_1_101' title="bbox 321 5321 1968 5401">
    <p class='ocr_par' dir='ltr' id='par_1_101' title="bbox 321 5321 1968 5401">
     <span class='ocr_line' id='line_1_101' title="bbox 321 5321 1968 5401; baseline 0.003 -23"><span class='ocrx_word' id='word_1_797' title='bbox 321 5321 476 5389; x_wconf 82' lang='lat' dir='ltr'>(Joel.</span> <span class='ocrx_word' id='word_1_798' title='bbox 509 5339 572 5388; x_wconf 81' lang='grc' dir='ltr'>ιι,</span> <span class='ocrx_word' id='word_1_799' title='bbox 603 5323 714 5394; x_wconf 83' lang='grc'>32).</span> <span class='ocrx_word' id='word_1_800' title='bbox 748 5324 930 5397; x_wconf 88' lang='lat' dir='ltr'>Igitur</span> <span class='ocrx_word' id='word_1_801' title='bbox 962 5325 1010 5380; x_wconf 90' lang='lat' dir='ltr'>si</span> <span class='ocrx_word' id='word_1_802' title='bbox 1045 5325 1113 5381; x_wconf 88' lang='lat' dir='ltr'>de</span> <span class='ocrx_word' id='word_1_803' title='bbox 1143 5325 1330 5380; x_wconf 90' lang='lat' dir='ltr'>corvis</span> <span class='ocrx_word' id='word_1_804' title='bbox 1381 5325 1727 5398; x_wconf 85' lang='lat' dir='ltr'>simpliciter</span> <span class='ocrx_word' id='word_1_805' title='bbox 1755 5327 1968 5401; x_wconf 87' lang='lat' dir='ltr'>accipi-</span> 
     </span>
    </p>
   </div>
   <div class='ocr_carea' id='block_1_102' title="bbox 318 5413 1966 5488">
    <p class='ocr_par' dir='ltr' id='par_1_102' title="bbox 318 5413 1966 5488">
     <span class='ocr_line' id='line_1_102' title="bbox 318 5413 1966 5488; baseline 0.003 -19"><span class='ocrx_word' id='word_1_806' title='bbox 318 5427 454 5469; x_wconf 88' lang='lat' dir='ltr'>mus</span> <span class='ocrx_word' id='word_1_807' title='bbox 487 5424 502 5468; x_wconf 85' lang='lat'>:</span> <span class='ocrx_word' id='word_1_808' title='bbox 535 5427 672 5484; x_wconf 89' lang='lat' dir='ltr'>ergo</span> <span class='ocrx_word' id='word_1_809' title='bbox 702 5417 760 5468; x_wconf 89' lang='lat' dir='ltr'>et</span> <span class='ocrx_word' id='word_1_810' title='bbox 790 5415 942 5468; x_wconf 90' lang='lat' dir='ltr'>corvi</span> <span class='ocrx_word' id='word_1_811' title='bbox 976 5413 1119 5470; x_wconf 90' lang='lat' dir='ltr'>salvi</span> <span class='ocrx_word' id='word_1_812' title='bbox 1150 5415 1351 5470; x_wconf 87' lang='lat' dir='ltr'>erunt?</span> <span class='ocrx_word' id='word_1_813' title='bbox 1381 5415 1708 5488; x_wconf 78' lang='lat' dir='ltr'>Responde,</span> <span class='ocrx_word' id='word_1_814' title='bbox 1747 5417 1966 5488; x_wconf 70' lang='lat' dir='ltr'>Judzee,</span> 
     </span>
    </p>
   </div>
   <div class='ocr_carea' id='block_1_103' title="bbox 316 5500 1966 5578">
    <p class='ocr_par' dir='ltr' id='par_1_103' title="bbox 316 5500 1966 5578">
     <span class='ocr_line' id='line_1_103' title="bbox 316 5500 1966 5578; baseline 0.002 -20"><span class='ocrx_word' id='word_1_815' title='bbox 316 5501 606 5574; x_wconf 91' lang='lat' dir='ltr'>responde</span> <span class='ocrx_word' id='word_1_816' title='bbox 631 5500 730 5572; x_wconf 90' lang='lat' dir='ltr'>qui</span> <span class='ocrx_word' id='word_1_817' title='bbox 763 5501 1069 5558; x_wconf 89' lang='lat' dir='ltr'>Judaicam</span> <span class='ocrx_word' id='word_1_818' title='bbox 1109 5504 1363 5560; x_wconf 87' lang='lat' dir='ltr'>litteram</span> <span class='ocrx_word' id='word_1_819' title='bbox 1419 5508 1648 5561; x_wconf 90' lang='lat' dir='ltr'>tantum</span> <span class='ocrx_word' id='word_1_820' title='bbox 1683 5507 1966 5578; x_wconf 90' lang='lat' dir='ltr'>sequeris,</span> 
     </span>
    </p>
   </div>
   <div class='ocr_carea' id='block_1_104' title="bbox 315 5591 1964 5668">
    <p class='ocr_par' dir='ltr' id='par_1_104' title="bbox 315 5591 1964 5668">
     <span class='ocr_line' id='line_1_104' title="bbox 315 5591 1964 5668; baseline 0.003 -21"><span class='ocrx_word' id='word_1_821' title='bbox 315 5591 464 5648; x_wconf 90' lang='lat' dir='ltr'>dicis</span> <span class='ocrx_word' id='word_1_822' title='bbox 496 5591 640 5647; x_wconf 89' lang='lat' dir='ltr'>istos</span> <span class='ocrx_word' id='word_1_823' title='bbox 662 5606 864 5647; x_wconf 89' lang='lat' dir='ltr'>corvos</span> <span class='ocrx_word' id='word_1_824' title='bbox 894 5609 1025 5647; x_wconf 88' lang='lat' dir='ltr'>vere</span> <span class='ocrx_word' id='word_1_825' title='bbox 1050 5610 1250 5650; x_wconf 91' lang='lat' dir='ltr'>corvos</span> <span class='ocrx_word' id='word_1_826' title='bbox 1281 5594 1440 5650; x_wconf 84' lang='lat' dir='ltr'>esse?</span> <span class='ocrx_word' id='word_1_827' title='bbox 1463 5595 1586 5650; x_wconf 92' lang='lat' dir='ltr'>Non</span> <span class='ocrx_word' id='word_1_828' title='bbox 1621 5595 1964 5668; x_wconf 88' lang='lat' dir='ltr'>interpreta-</span> 
     </span>
    </p>
   </div>
   <div class='ocr_carea' id='block_1_105' title="bbox 390 5698 1961 5774">
    <p class='ocr_par' dir='ltr' id='par_1_105' title="bbox 390 5698 1961 5774">
     <span class='ocr_line' id='line_1_105' title="bbox 390 5698 1961 5774; baseline 0.003 -20"><span class='ocrx_word' id='word_1_829' title='bbox 390 5703 560 5756; x_wconf 69' lang='lat' dir='ltr'>1Imn</span> <span class='ocrx_word' id='word_1_830' title='bbox 611 5716 742 5754; x_wconf 91' lang='lat' dir='ltr'>vero</span> <span class='ocrx_word' id='word_1_831' title='bbox 803 5698 1198 5774; x_wconf 81' lang='lat' dir='ltr'>tibias__ipsas</span> <span class='ocrx_word' id='word_1_832' title='bbox 1259 5702 1492 5774; x_wconf 29' lang='grc' dir='ltr'>,ξίν-ἡμας</span> <span class='ocrx_word' id='word_1_833' title='bbox 1557 5719 1785 5774; x_wconf 87' lang='lat' dir='ltr'>nempe.</span> <span class='ocrx_word' id='word_1_834' title='bbox 1846 5721 1961 5758; x_wconf 91' lang='lat' dir='ltr'>non</span> 
     </span>
    </p>
   </div>
   <div class='ocr_carea' id='block_1_106' title="bbox 315 5767 1961 5844">
    <p class='ocr_par' dir='ltr' id='par_1_106' title="bbox 315 5767 1961 5844">
     <span class='ocr_line' id='line_1_106' title="bbox 315 5767 1961 5844; baseline 0.004 -20"><span class='ocrx_word' id='word_1_835' title='bbox 315 5787 536 5836; x_wconf 86' lang='lat' dir='ltr'>ocreas,</span> <span class='ocrx_word' id='word_1_836' title='bbox 570 5788 672 5827; x_wconf 84' lang='lat' dir='ltr'>seu</span> <span class='ocrx_word' id='word_1_837' title='bbox 704 5767 1102 5844; x_wconf 73' lang='grc' dir='ltr'>περεκνημέδοῖς</span> <span class='ocrx_word' id='word_1_838' title='bbox 1135 5767 1397 5842; x_wconf 62' lang='grc' dir='ltr'>ἱυῖθὶιὶεῑ</span> <span class='ocrx_word' id='word_1_839' title='bbox 1419 5790 1566 5844; x_wconf 89' lang='lat' dir='ltr'>opus</span> <span class='ocrx_word' id='word_1_840' title='bbox 1596 5767 1777 5831; x_wconf 47' lang='lat' dir='ltr'>est&#39;ex</span> <span class='ocrx_word' id='word_1_841' title='bbox 1809 5774 1961 5830; x_wconf 79' lang='lat' dir='ltr'>Grae-</span> 
     </span>
    </p>
   </div>
   <div class='ocr_carea' id='block_1_107' title="bbox 2084 4703 3738 4778">
    <p class='ocr_par' dir='ltr' id='par_1_107' title="bbox 2084 4703 3738 4778">
     <span class='ocr_line' id='line_1_107' title="bbox 2084 4703 3738 4778; baseline 0.001 -18"><span class='ocrx_word' id='word_1_842' title='bbox 2084 4723 2216 4762; x_wconf 83' lang='lat' dir='ltr'>reus</span> <span class='ocrx_word' id='word_1_843' title='bbox 2248 4711 2336 4760; x_wconf 88' lang='lat' dir='ltr'>est</span> <span class='ocrx_word' id='word_1_844' title='bbox 2367 4721 2378 4758; x_wconf 85' lang='lat'><strong>:</strong></span> <span class='ocrx_word' id='word_1_845' title='bbox 2415 4705 2462 4760; x_wconf 90' lang='lat' dir='ltr'>si</span> <span class='ocrx_word' id='word_1_846' title='bbox 2497 4703 2594 4776; x_wconf 89' lang='lat' dir='ltr'>qui</span> <span class='ocrx_word' id='word_1_847' title='bbox 2654 4704 2952 4768; x_wconf 82' lang='lat' dir='ltr'>deorsum,</span> <span class='ocrx_word' id='word_1_848' title='bbox 2985 4704 3123 4759; x_wconf 87' lang='lat' dir='ltr'>huic</span> <span class='ocrx_word' id='word_1_849' title='bbox 3181 4704 3458 4776; x_wconf 88' lang='lat' dir='ltr'>gehenna</span> <span class='ocrx_word' id='word_1_850' title='bbox 3517 4721 3738 4778; x_wconf 64' lang='lat' dir='ltr'>prepa-</span> 
     </span>
    </p>
   </div>
   <div class='ocr_carea' id='block_1_108' title="bbox 2083 4791 3736 4865">
    <p class='ocr_par' dir='ltr' id='par_1_108' title="bbox 2083 4791 3736 4865">
     <span class='ocr_line' id='line_1_108' title="bbox 2083 4791 3736 4865; baseline 0 -17"><span class='ocrx_word' id='word_1_851' title='bbox 2083 4801 2206 4850; x_wconf 81' lang='lat' dir='ltr'>rata</span> <span class='ocrx_word' id='word_1_852' title='bbox 2239 4799 2343 4849; x_wconf 77' lang='lat' dir='ltr'>est.</span> <span class='ocrx_word' id='word_1_853' title='bbox 2381 4819 2404 4840; x_wconf 78' lang='grc'><em>‹‹</em></span> <span class='ocrx_word' id='word_1_854' title='bbox 2441 4793 2552 4848; x_wconf 75' lang='lat' dir='ltr'>Nec</span> <span class='ocrx_word' id='word_1_855' title='bbox 2588 4792 2644 4846; x_wconf 90' lang='lat' dir='ltr'>in</span> <span class='ocrx_word' id='word_1_856' title='bbox 2684 4792 2842 4847; x_wconf 85' lang='lat' dir='ltr'>tibiis</span> <span class='ocrx_word' id='word_1_857' title='bbox 2874 4791 2982 4847; x_wconf 76' lang='lat' dir='ltr'>viri</span> <span class='ocrx_word' id='word_1_858' title='bbox 3012 4792 3446 4865; x_wconf 87' lang='lat' dir='ltr'>beneplacitum</span> <span class='ocrx_word' id='word_1_859' title='bbox 3483 4800 3574 4850; x_wconf 84' lang='lat' dir='ltr'>est</span> <span class='ocrx_word' id='word_1_860' title='bbox 3604 4795 3676 4849; x_wconf 87' lang='lat' dir='ltr'>ei.</span> 
     </span>
    </p>
   </div>
   <div class='ocr_carea' id='block_1_109' title="bbox 2079 4881 3735 4948">
    <p class='ocr_par' dir='ltr' id='par_1_109' title="bbox 2079 4881 3735 4948">
     <span class='ocr_line' id='line_1_109' title="bbox 2079 4881 3735 4948; baseline -0.001 -10"><span class='ocrx_word' id='word_1_861' title='bbox 2079 4883 2353 4938; x_wconf 83' lang='lat' dir='ltr'>Dicamus</span> <span class='ocrx_word' id='word_1_862' title='bbox 2410 4881 2734 4936; x_wconf 81' lang='lat' dir='ltr'>secundum</span> <span class='ocrx_word' id='word_1_863' title='bbox 2798 4881 3074 4936; x_wconf 84' lang='lat' dir='ltr'>litteram.</span> <span class='ocrx_word' id='word_1_864' title='bbox 3137 4882 3423 4948; x_wconf 88' lang='lat' dir='ltr'>Quoniam</span> <span class='ocrx_word' id='word_1_865' title='bbox 3488 4883 3735 4946; x_wconf 78' lang='lat' dir='ltr'>dixerat,</span> 
     </span>
    </p>
   </div>
   <div class='ocr_carea' id='block_1_110' title="bbox 2085 4967 3734 5040">
    <p class='ocr_par' dir='ltr' id='par_1_110' title="bbox 2085 4967 3734 5040">
     <span class='ocr_line' id='line_1_110' title="bbox 2085 4967 3734 5040; baseline 0 -14"><span class='ocrx_word' id='word_1_866' title='bbox 2085 4997 2104 5019; x_wconf 74' lang='grc' dir='ltr'><strong><em>α</em></strong></span> <span class='ocrx_word' id='word_1_867' title='bbox 2141 4972 2262 5027; x_wconf 85' lang='lat' dir='ltr'>Non</span> <span class='ocrx_word' id='word_1_868' title='bbox 2298 4972 2351 5024; x_wconf 91' lang='lat' dir='ltr'>in</span> <span class='ocrx_word' id='word_1_869' title='bbox 2389 4970 2730 5026; x_wconf 79' lang='lat' dir='ltr'>fortitudine.</span> <span class='ocrx_word' id='word_1_870' title='bbox 2764 4969 2896 5037; x_wconf 85' lang='lat' dir='ltr'>equi</span> <span class='ocrx_word' id='word_1_871' title='bbox 2929 4967 3290 5026; x_wconf 86' lang='lat' dir='ltr'>voluntatem</span> <span class='ocrx_word' id='word_1_872' title='bbox 3328 4971 3595 5040; x_wconf 85' lang='lat' dir='ltr'>habebit,</span> <span class='ocrx_word' id='word_1_873' title='bbox 3633 4995 3659 5016; x_wconf 69' lang='grc' dir='ltr'>η</span> <span class='ocrx_word' id='word_1_874' title='bbox 3681 4978 3734 5027; x_wconf 83' lang='lat' dir='ltr'>et</span> 
     </span>
    </p>
   </div>
   <div class='ocr_carea' id='block_1_111' title="bbox 2079 5057 3732 5133">
    <p class='ocr_par' dir='ltr' id='par_1_111' title="bbox 2079 5057 3732 5133">
     <span class='ocr_line' id='line_1_111' title="bbox 2079 5057 3732 5133; baseline 0 -17"><span class='ocrx_word' id='word_1_875' title='bbox 2079 5061 2244 5133; x_wconf 88' lang='lat' dir='ltr'>quasi</span> <span class='ocrx_word' id='word_1_876' title='bbox 2281 5059 2617 5114; x_wconf 89' lang='lat' dir='ltr'>bellatorem</span> <span class='ocrx_word' id='word_1_877' title='bbox 2650 5057 2845 5113; x_wconf 87' lang='lat' dir='ltr'>virum</span> <span class='ocrx_word' id='word_1_878' title='bbox 2877 5057 3292 5130; x_wconf 85' lang='lat' dir='ltr'>descripserat:</span> <span class='ocrx_word' id='word_1_879' title='bbox 3325 5059 3561 5116; x_wconf 89' lang='lat' dir='ltr'>videtur</span> <span class='ocrx_word' id='word_1_880' title='bbox 3591 5061 3732 5116; x_wconf 89' lang='lat' dir='ltr'>mihi</span> 
     </span>
    </p>
   </div>
   <div class='ocr_carea' id='block_1_112' title="bbox 2078 5146 3728 5219">
    <p class='ocr_par' dir='ltr' id='par_1_112' title="bbox 2078 5146 3728 5219">
     <span class='ocr_line' id='line_1_112' title="bbox 2078 5146 3728 5219; baseline 0.002 -15"><span class='ocrx_word' id='word_1_881' title='bbox 2078 5149 2173 5204; x_wconf 91' lang='lat' dir='ltr'>hic</span> <span class='ocrx_word' id='word_1_882' title='bbox 2204 5148 2303 5203; x_wconf 88' lang='lat' dir='ltr'>ubi</span> <span class='ocrx_word' id='word_1_883' title='bbox 2334 5147 2499 5213; x_wconf 85' lang='lat' dir='ltr'>dixit,</span> <span class='ocrx_word' id='word_1_884' title='bbox 2532 5163 2641 5202; x_wconf 86' lang='lat' dir='ltr'>non</span> <span class='ocrx_word' id='word_1_885' title='bbox 2675 5148 2734 5202; x_wconf 79' lang='lat' dir='ltr'>in</span> <span class='ocrx_word' id='word_1_886' title='bbox 2764 5146 2942 5213; x_wconf 77' lang='lat' dir='ltr'>tibiis,</span> <span class='ocrx_word' id='word_1_887' title='bbox 2973 5163 3087 5204; x_wconf 91' lang='lat' dir='ltr'>non</span> <span class='ocrx_word' id='word_1_888' title='bbox 3120 5164 3325 5204; x_wconf 85' lang='lat' dir='ltr'>vocare</span> <span class='ocrx_word' id='word_1_889' title='bbox 3354 5147 3610 5219; x_wconf 72' lang='lat' dir='ltr'>tibias,‘,</span> <span class='ocrx_word' id='word_1_890' title='bbox 3635 5149 3728 5206; x_wconf 84' lang='lat' dir='ltr'>sed</span> 
     </span>
    </p>
   </div>
   <div class='ocr_carea' id='block_1_113' title="bbox 2078 5232 3727 5314">
    <p class='ocr_par' dir='ltr' id='par_1_113' title="bbox 2078 5232 3727 5314">
     <span class='ocr_line' id='line_1_113' title="bbox 2078 5232 3727 5314; baseline 0.002 -24"><span class='ocrx_word' id='word_1_891' title='bbox 2078 5232 2494 5311; x_wconf 71' lang='grc' dir='ltr'>περικνημίδας.</span> <span class='ocrx_word' id='word_1_892' title='bbox 2557 5235 2838 5292; x_wconf 89' lang='lat' dir='ltr'>Videmus</span> <span class='ocrx_word' id='word_1_893' title='bbox 2898 5253 3034 5308; x_wconf 87' lang='lat' dir='ltr'>ergo</span> <span class='ocrx_word' id='word_1_894' title='bbox 3104 5237 3503 5314; x_wconf 85' lang='lat' dir='ltr'>quodcunque</span> <span class='ocrx_word' id='word_1_895' title='bbox 3561 5239 3727 5294; x_wconf 84' lang='lat' dir='ltr'>tibias</span> 
     </span>
    </p>
   </div>
   <div class='ocr_carea' id='block_1_114' title="bbox 2077 5323 3727 5399">
    <p class='ocr_par' dir='ltr' id='par_1_114' title="bbox 2077 5323 3727 5399">
     <span class='ocr_line' id='line_1_114' title="bbox 2077 5323 3727 5399; baseline 0.001 -16"><span class='ocrx_word' id='word_1_896' title='bbox 2077 5328 2281 5383; x_wconf 86' lang='lat' dir='ltr'>texerit</span> <span class='ocrx_word' id='word_1_897' title='bbox 2313 5344 2426 5382; x_wconf 91' lang='lat' dir='ltr'>non</span> <span class='ocrx_word' id='word_1_898' title='bbox 2460 5323 2685 5398; x_wconf 91' lang='lat' dir='ltr'>placere</span> <span class='ocrx_word' id='word_1_899' title='bbox 2732 5324 2873 5392; x_wconf 89' lang='lat' dir='ltr'>Deo,</span> <span class='ocrx_word' id='word_1_900' title='bbox 2929 5326 3029 5380; x_wconf 91' lang='lat' dir='ltr'>sed</span> <span class='ocrx_word' id='word_1_901' title='bbox 3091 5326 3234 5382; x_wconf 91' lang='lat' dir='ltr'>illud</span> <span class='ocrx_word' id='word_1_902' title='bbox 3295 5329 3457 5399; x_wconf 90' lang='lat' dir='ltr'>quod</span> <span class='ocrx_word' id='word_1_903' title='bbox 3490 5345 3727 5386; x_wconf 88' lang='lat' dir='ltr'>sursum</span> 
     </span>
    </p>
   </div>
   <div class='ocr_carea' id='block_1_115' title="bbox 2076 5413 3728 5491">
    <p class='ocr_par' dir='ltr' id='par_1_115' title="bbox 2076 5413 3728 5491">
     <span class='ocr_line' id='line_1_115' title="bbox 2076 5413 3728 5491; baseline 0 -18"><span class='ocrx_word' id='word_1_904' title='bbox 2076 5421 2183 5473; x_wconf 88' lang='lat' dir='ltr'>est.</span> <span class='ocrx_word' id='word_1_905' title='bbox 2217 5417 2339 5473; x_wconf 89' lang='lat' dir='ltr'>Non</span> <span class='ocrx_word' id='word_1_906' title='bbox 2375 5415 2562 5488; x_wconf 85' lang='lat' dir='ltr'>placet</span> <span class='ocrx_word' id='word_1_907' title='bbox 2591 5414 2705 5470; x_wconf 90' lang='lat' dir='ltr'>Deo</span> <span class='ocrx_word' id='word_1_908' title='bbox 2735 5413 2796 5469; x_wconf 92' lang='lat' dir='ltr'>in</span> <span class='ocrx_word' id='word_1_909' title='bbox 2843 5414 3204 5485; x_wconf 87' lang='lat' dir='ltr'>fortitudine,</span> <span class='ocrx_word' id='word_1_910' title='bbox 3271 5435 3389 5474; x_wconf 90' lang='lat' dir='ltr'>non</span> <span class='ocrx_word' id='word_1_911' title='bbox 3447 5418 3648 5491; x_wconf 84' lang='lat' dir='ltr'>placet</span> <span class='ocrx_word' id='word_1_912' title='bbox 3677 5419 3728 5474; x_wconf 86' lang='lat' dir='ltr'>in</span> 
     </span>
    </p>
   </div>
   <div class='ocr_carea' id='block_1_116' title="bbox 2077 5503 3727 5578">
    <p class='ocr_par' dir='ltr' id='par_1_116' title="bbox 2077 5503 3727 5578">
     <span class='ocr_line' id='line_1_116' title="bbox 2077 5503 3727 5578; baseline 0 -16"><span class='ocrx_word' id='word_1_913' title='bbox 2077 5506 2235 5562; x_wconf 88' lang='lat' dir='ltr'>tibiis</span> <span class='ocrx_word' id='word_1_914' title='bbox 2268 5506 2394 5572; x_wconf 89' lang='lat' dir='ltr'>viri,</span> <span class='ocrx_word' id='word_1_915' title='bbox 2446 5503 2634 5578; x_wconf 89' lang='lat' dir='ltr'>placet</span> <span class='ocrx_word' id='word_1_916' title='bbox 2664 5508 2860 5559; x_wconf 91' lang='lat' dir='ltr'>autem</span> <span class='ocrx_word' id='word_1_917' title='bbox 2890 5504 2948 5558; x_wconf 91' lang='lat' dir='ltr'>in</span> <span class='ocrx_word' id='word_1_918' title='bbox 2977 5505 3188 5562; x_wconf 90' lang='lat' dir='ltr'>timore</span> <span class='ocrx_word' id='word_1_919' title='bbox 3210 5523 3339 5562; x_wconf 90' lang='lat' dir='ltr'>suo.</span> <span class='ocrx_word' id='word_1_920' title='bbox 3374 5507 3588 5565; x_wconf 80' lang='lat' dir='ltr'>Virtus</span> <span class='ocrx_word' id='word_1_921' title='bbox 3620 5525 3727 5564; x_wconf 86' lang='lat' dir='ltr'>non</span> 
     </span>
    </p>
   </div>
   <div class='ocr_carea' id='block_1_117' title="bbox 2077 5590 3725 5670">
    <p class='ocr_par' dir='ltr' id='par_1_117' title="bbox 2077 5590 3725 5670">
     <span class='ocr_line' id='line_1_117' title="bbox 2077 5590 3725 5670; baseline 0.002 -19"><span class='ocrx_word' id='word_1_922' title='bbox 2077 5595 2285 5668; x_wconf 85' lang='lat' dir='ltr'>placet,</span> <span class='ocrx_word' id='word_1_923' title='bbox 2317 5595 2493 5650; x_wconf 91' lang='lat' dir='ltr'>timor</span> <span class='ocrx_word' id='word_1_924' title='bbox 2519 5593 2724 5665; x_wconf 89' lang='lat' dir='ltr'>placet.</span> <span class='ocrx_word' id='word_1_925' title='bbox 2759 5590 3077 5649; x_wconf 89' lang='lat' dir='ltr'>Bellantem</span> <span class='ocrx_word' id='word_1_926' title='bbox 3115 5595 3388 5663; x_wconf 87' lang='lat' dir='ltr'>destruit,</span> <span class='ocrx_word' id='word_1_927' title='bbox 3423 5601 3725 5670; x_wconf 83' lang='lat' dir='ltr'>rogantem</span> 
     </span>
    </p>
   </div>
   <div class='ocr_carea' id='block_1_118' title="bbox 2077 5698 3721 5772">
    <p class='ocr_par' dir='ltr' id='par_1_118' title="bbox 2077 5698 3721 5772">
     <span class='ocr_line' id='line_1_118' title="bbox 2077 5698 3721 5772; baseline 0.003 -14"><span class='ocrx_word' id='word_1_928' title='bbox 2077 5721 2142 5758; x_wconf 91' lang='lat' dir='ltr'>co</span> <span class='ocrx_word' id='word_1_929' title='bbox 2174 5708 2328 5758; x_wconf 88' lang='lat' dir='ltr'>textu</span> <span class='ocrx_word' id='word_1_930' title='bbox 2364 5709 2418 5757; x_wconf 89' lang='lat' dir='ltr'>et</span> <span class='ocrx_word' id='word_1_931' title='bbox 2451 5702 2684 5756; x_wconf 87' lang='lat' dir='ltr'>Patrum</span> <span class='ocrx_word' id='word_1_932' title='bbox 2720 5698 3211 5772; x_wconf 84' lang='lat' dir='ltr'>interpretatione.</span> <span class='ocrx_word' id='word_1_933' title='bbox 3275 5705 3643 5762; x_wconf 82' lang='lat' dir='ltr'>Ambrosius</span> <span class='ocrx_word' id='word_1_934' title='bbox 3674 5707 3721 5762; x_wconf 85' lang='lat' dir='ltr'>in</span> 
     </span>
    </p>
   </div>
   <div class='ocr_carea' id='block_1_119' title="bbox 2077 5771 2957 5844">
    <p class='ocr_par' dir='ltr' id='par_1_119' title="bbox 2077 5771 2957 5844">
     <span class='ocr_line' id='line_1_119' title="bbox 2077 5771 2957 5844; baseline -0.002 -14"><span class='ocrx_word' id='word_1_935' title='bbox 2077 5774 2317 5844; x_wconf 86' lang='lat' dir='ltr'>Psalter,</span> <span class='ocrx_word' id='word_1_936' title='bbox 2352 5774 2526 5830; x_wconf 90' lang='lat' dir='ltr'>habet</span> <span class='ocrx_word' id='word_1_937' title='bbox 2554 5777 2614 5827; x_wconf 76' lang='lat' dir='ltr'>in</span> <span class='ocrx_word' id='word_1_938' title='bbox 2641 5771 2957 5828; x_wconf 75' lang='lat' dir='ltr'>tibialibus.</span> 
     </span>
    </p>
   </div>
  </div>
