3992 6194
239 375 396 438 1333

1397 376 1888 442 BREVIARIUM
1934 376 2013 439 IN
2061 378 2443 440 PSALMUS.

3489 374 3648 437 1334

245 508 451 575 elevat,
483 507 739 567 humiles
787 508 1022 580 exaltat,
1057 512 1340 584 superbos
1388 513 1607 584 dejicit.
1650 533 1676 564 υ
1706 514 1884 568 Bene-
1918 511 1969 576 Α
2001 509 2379 581 Evangelium
2411 510 2628 565 intrare
2648 526 2758 565 non
2793 511 2995 582 potuit.
3018 512 3134 568 Nos
3165 527 3300 585 ergo
3324 512 3644 586 recipimus

239 598 522 670 placitum
571 603 661 655 est
689 600 804 656 Deo
853 617 1032 674 super
1060 603 1337 658 timentes
1367 619 1523 658 eum.
1563 626 1582 650 ι
1624 603 1782 658 Unus
1813 602 1886 656 ti-

239 705 370 745 mor
427 687 625 760 plures
684 690 924 746 timores
974 691 1224 763 projicit.
1288 691 1497 748 Melius
1553 697 1642 747 est
1701 691 1886 746 unum

236 777 464 840 timere,
501 783 565 832 ut
597 777 794 848 plures
817 796 932 834 non
969 779 1196 847 timeas,
1218 797 1396 852 quam
1429 780 1628 853 plures
1659 780 1887 847 timere,

237 869 307 922 ut
330 882 516 920 unum
548 882 663 921 non
694 867 922 924 timeas.
959 890 985 917 «
1020 869 1087 924 Et
1118 869 1172 923 in
1197 868 1280 924 eis
1311 871 1411 941 qui
1443 876 1680 940 sperant
1710 885 1888 941 super

237 953 640 1011 misericordia
669 955 817 1026 ejus.
854 980 874 1008 ι
916 957 1166 1029 Sperant
1195 974 1310 1013 non
1343 957 1401 1012 in
1432 958 1707 1030 operibus
1737 957 1884 1024 suis,

237 1044 338 1100 sed
392 1043 450 1098 in
513 1043 911 1101 misericordia
952 1046 1184 1117 judicii.
1240 1047 1492 1102 Laudato
1547 1046 1880 1112 Dominum,

237 1133 517 1205 quoniam
568 1134 784 1189 bonum
814 1138 903 1190 est
950 1134 1252 1207 psalmus;
1289 1135 1566 1208 quoniam
1603 1136 1701 1207 qui
1752 1152 1883 1208 spe-

239 1226 371 1277 rant
416 1237 595 1294 super
643 1223 1043 1280 misericordia
1073 1225 1222 1296 ejus,
1255 1225 1378 1281 sola
1423 1225 1743 1281 salvatione
1791 1241 1882 1279 sa-

237 1315 471 1367 nantur.
496 1311 599 1366 Cui
633 1316 722 1368 est
740 1312 925 1384 gloria
954 1313 1011 1368 in
1039 1315 1254 1370 saecula
1276 1315 1643 1370 saeculorum.
1674 1321 1880 1370 Amen.

745 1402 1068 1458 PSALMUS
1107 1404 1195 1459 CX
1206 1403 1367 1459 LVII.

313 1510 341 1538 ‹‹
373 1490 588 1558 Lauda,
633 1489 980 1562 Jerusalem,
1038 1492 1344 1549 Dominum
1406 1512 1418 1549 :
1480 1493 1654 1549 lauda
1701 1499 1882 1550 Deum

236 1581 428 1647 tuum,
449 1579 608 1634 Sion.
634 1602 655 1631 ι
693 1579 861 1635 Modo
883 1580 1216 1636 audivimus
1238 1587 1505 1637 sanctum
1531 1581 1880 1654 Prophetam

236 1667 647 1740 praedicantem
679 1673 916 1740 propter
962 1671 1490 1742 prmvaricationem
1529 1671 1673 1745 legis
1705 1688 1884 1742 popu-

238 1755 361 1811 lum
405 1755 718 1812 Judaicum
768 1774 896 1814 esse
942 1760 1262 1827 desertum,
1295 1765 1352 1816 et
1401 1762 1696 1832 quomodo
1727 1776 1882 1816 nunc

237 1843 453 1901 dicitur
501 1863 515 1900 :

236 1933 420 1990 Deum
451 1940 644 2003 tuum,
675 1936 832 1992 Sion.
869 1959 896 1985 ››
927 1936 1146 1994 Deinde
1178 1937 1318 2010 quid
1351 1939 1618 2009 sequitur
1642 1937 1669 1992 ?

308 2046 336 2072 ‹‹
370 2023 655 2086 Quoniam
687 2025 1029 2082 confortavit
1063 2042 1222 2082 seras
1253 2031 1553 2098 portarum
1585 2031 1880 2082 tuarum.»

238 2110 383 2184 Ergo
399 2113 469 2168 de
486 2113 596 2168 ista
609 2113 1578 2185 Jerusalemloquitur,deistaSion
1603 2130 1616 2170 :
1641 2137 1667 2163 «
1688 2115 1884 2171 Lauda

235 2199 422 2255 Deum
475 2205 668 2268 tuum,
700 2202 859 2257 Sion.
899 2226 918 2250 ιι
956 2201 1192 2266 Quare?
1223 2225 1251 2254 «
1279 2203 1564 2269 Quoniam
1597 2203 1884 2258 conforta-

232 2288 316 2343 vit
345 2306 508 2345 seras
551 2295 852 2362 portarum
905 2296 1162 2347 tuarum.
1200 2315 1227 2340 ››
1259 2293 1381 2348 Non
1432 2298 1571 2347 sunt
1603 2298 1800 2364 portes,
1827 2298 1884 2347 et

235 2378 530 2449 quomodo
562 2394 702 2434 sera:
755 2380 924 2436 salvas
956 2381 1146 2438 sunt?
1177 2404 1205 2430 ‹‹
1241 2381 1540 2437 Benedixit
1570 2380 1720 2436 ﬁlios
1751 2386 1882 2438 tuos

235 2466 294 2522 in
327 2471 401 2522 te.
440 2489 460 2517 ι
495 2467 797 2531 Quomodo
828 2469 1142 2532 benedixit,
1172 2470 1272 2542 qui
1304 2471 1449 2525 dixit
1480 2489 1492 2527 :
1530 2471 1886 2542 Relinquetur

235 2555 386 2610 vobis
414 2555 604 2612 domus
635 2566 813 2614 vestra
841 2559 1071 2614 deserta.
1105 2560 1267 2629 (Luc.
1302 2577 1424 2624 xm,
1456 2560 1587 2630 35)?

307 2665 335 2691 ‹‹
368 2641 476 2706 Qui
509 2644 706 2714 posuit
735 2645 883 2701 ﬁnes
929 2651 1062 2702 tuos
1094 2663 1314 2718 pacem.
1351 2671 1373 2698 ι
1413 2647 1520 2701 Ubi
1552 2663 1662 2720 pax
1696 2648 1884 2719 posita

235 2736 346 2796 est,
380 2749 505 2802 qua:
552 2731 702 2788 bello
751 2733 1031 2789 subversa
1060 2735 1194 2790 est?
1231 2755 1252 2782 ι
1292 2735 1355 2790 Et
1403 2735 1575 2807 adipe
1605 2736 1883 2796 frumenti

235 2819 414 2875 satiat
445 2825 519 2875 te.
555 2843 582 2868 ››
630 2822 1014 2878 Frumentum
1059 2823 1290 2894 adipem
1322 2823 1542 2880 habet?
1574 2825 1617 2880 Ο
1648 2827 1879 2892 ludam,

236 2909 541 2979 responde.
577 2911 959 2966 Frumentum
991 2911 1223 2984 adipem
1255 2911 1478 2969 habet?
1507 2913 1564 2968 Si
1599 2929 1735 2986 ergo
1771 2915 1883 2969 fru-

238 3001 499 3054 mentum
552 2998 754 3070 adipes
802 3017 918 3056 non
952 2999 1146 3065 habet,
1179 3005 1236 3056 et
1282 3000 1652 3073 compelleris
1683 3019 1881 3059 neces-

236 3087 408 3142 sitate
430 3087 812 3160 spiritualiter
837 3087 1178 3162 intelligere,
1198 3091 1520 3145 secundum
1554 3091 1730 3146 istum
1753 3108 1882 3147 ver-

237 3175 489 3232 siculum
520 3181 577 3232 et
602 3181 807 3232 caetera
836 3177 1212 3250 intelligenda
1233 3185 1390 3234 sunt.
1429 3201 1456 3228 ‹‹
1477 3179 1692 3246 Lauda,
1719 3182 1882 3236 Jeru-

572 1867 599 1898 (ι
647 1848 862 1949 Lauda,
913 1848 1273 1949 {crusalemﬁ
1299 1849 1671 1949 Dominum“:
1707 1849 1881 1906 lauda
1913 1885 1960 1949 B

1999 605 2195 671 portas
2227 601 2559 672 prophetas,
2585 605 2641 656 et
2672 617 2772 672 per
2799 605 2994 673 portas
3024 601 3406 671 ingredimur.
3429 603 3536 658 Sed
3563 604 3644 657 vi-

1998 690 2244 744 deamus
2295 707 2422 760 qua:
2473 690 2590 744 sint
2638 705 2777 745 sera:
2809 694 3131 762 portarum.
3178 691 3340 746 Multi
3389 691 3644 748 latrones

1997 777 2167 834 multi
2201 779 2359 834 fures
2387 779 2631 850 cupiunt.
2661 779 2878 834 intrare
2902 795 3004 849 per
3031 785 3250 849 portas.
3287 785 3490 838 Omnes
3519 798 3646 850 qua?

1994 871 2124 922 ante
2170 885 2257 922 me
2308 875 2586 931 venerunt,
2636 871 2784 938 [ures
2834 871 3140 938 fueruntet
3189 870 3431 926 latrones
3463 872 3636 943 (Joan.

1995 973 2050 1023 x,
2082 957 2157 1023 8).
2190 956 2233 1012 Ο
2289 956 2337 1010 si
2368 961 2424 1012 et
2472 955 2618 1011 mihi
2673 957 3012 1012 concederet
3059 958 3365 1025 Dominus,
3400 965 3462 1014 ut
3512 977 3643 1016 sera

1993 1061 2182 1100 essem
2236 1046 2306 1101 de
2351 1045 2533 1117 portis
2589 1045 2768 1100 Sionl
2815 1046 2873 1099 Si
2905 1046 3040 1118 quis
3087 1046 3490 1104 haereticorum
3541 1066 3643 1121 per

1994 1133 2125 1188 illas
2156 1134 2214 1189 in
2248 1133 2543 1205 Evangelii
2575 1133 3020 1206 dispositionem
3053 1135 3224 1191 vellet
3254 1138 3503 1204 intrare;
3535 1155 3638 1211 ego

1994 1227 2210 1278 starem
2243 1223 2301 1277 in
2335 1224 2538 1295 portis,
2573 1227 2629 1278 et
2674 1223 3040 1295 prohibercm
3071 1223 3258 1280 illum.
3298 1247 3324 1276 ‹‹
3355 1227 3641 1291 Quoniam

1994 1312 2338 1368 confortavit
2367 1329 2528 1368 seras
2560 1317 2859 1384 portarum
2887 1317 3146 1368 tuarum.
3177 1332 3202 1363 υ
3244 1319 3323 1370 Da
3355 1315 3496 1370 mihi
3534 1316 3640 1371 ali-

1993 1417 2169 1473 quem
2203 1401 2661 1458 ecclesiasticum
2705 1401 2919 1467 virum,
2953 1402 3270 1474 Scripturis
3303 1403 3640 1462 coelestibus

1992 1491 2311 1560 eruditum,
2372 1491 2421 1546 si
2478 1490 2685 1546 viderit
2743 1491 2958 1547 venire.
3011 1493 3387 1562 Eunomium,
3447 1495 3642 1550 venire

1993 1579 2218 1650 Arium,
2252 1578 2397 1634 velle
2446 1579 2649 1635 tollere
2701 1579 2923 1651 aliquid
2976 1581 3046 1636 de
3090 1581 3391 1653 prephetis
3441 1588 3644 1639 contra

1995 1685 2144 1724 nos:
2184 1684 2376 1724 nonne
2423 1673 2539 1723 stat
2592 1669 2760 1740 quasi
2816 1669 2992 1724 sera?
3024 1686 3214 1725 nonne
3266 1671 3444 1726 vincit
3474 1675 3640 1744 quasi

1992 1758 2169 1813 sera?
2203 1782 2227 1804 ‹‹
2263 1757 2548 1821 Quoniam
2582 1757 2931 1813 conl'ortavit
2977 1775 3137 1814 seras
3185 1765 3486 1830 portarum
3518 1767 3644 1817 tua-

1994 1864 2145 1902 rum.
2183 1869 2210 1894 .»
2242 1846 2488 1902 Pulchre
2519 1847 2686 1913 dixit,
2717 1843 3096 1920 con/ortavit;
3130 1852 3195 1902 ut
3224 1852 3460 1920 quando
3483 1851 3638 1905 vide-

1993 1936 2072 1991 ris
2102 1935 2288 1990 virum
2335 1934 2797 1990 ecclesiasticum
2853 1937 3272 2008 disputantem,
3306 1955 3419 1993 non
3471 1943 3641 2011 putes

1992 2023 2160 2079 illum
2191 2040 2320 2079 esse
2349 2023 2448 2094 qui
2477 2023 2759 2094 disputat,
2785 2025 2883 2079 sed
2919 2025 3018 2096 qui
3051 2026 3338 2081 confortat
3367 2027 3638 2084 ecclesia-

1993 2113 2224 2169 sticum.
2250 2135 2276 2162 «
2301 2113 2369 2167 Et
2398 2111 2566 2183 adipe
2588 2112 2865 2167 frumenti
2897 2113 3073 2168 satiat
3102 2117 3176 2169 te.
3207 2137 3232 2161 ››
3256 2117 3398 2182 Nisi,
3423 2115 3638 2187 inquit,

1992 2219 2228 2274 granum
2275 2203 2453 2256 tritici
2498 2201 2767 2267 ceciderit,
2819 2204 2998 2274 ipsum
3044 2203 3221 2257 solum
3267 2205 3485 2259 salvum
3535 2207 3641 2260 erit

1991 2295 2176 2359 (Joan.
2212 2308 2313 2357 xu,
2344 2291 2434 2354 24,
2470 2292 2583 2345 25L
2630 2291 2692 2345 Si
2737 2293 2917 2346 autem
2952 2293 3131 2362 ipsum
3175 2293 3456 2363 ceciderit,
3490 2294 3638 2349 mul-

1992 2391 2074 2436 tos
2103 2381 2278 2436 salvos
2307 2380 2465 2451 facit.
2511 2379 2794 2434 Dominus
2845 2384 3042 2436 noster
3069 2396 3320 2453 granum
3372 2382 3546 2437 tritici
3581 2383 3638 2438 in

1991 2476 2209 2525 terram
2242 2469 2469 2536 cecidit,
2501 2473 2560 2524 et
2589 2485 2695 2524 nos
2729 2468 3154 2541 multiplicavit.
3181 2471 3292 2525 Sed
3327 2471 3481 2526 istud
3515 2487 3644 2543 gra-

1994 2575 2135 2614 num
2169 2558 2446 2613 frumenti
2480 2557 2938 2629 pinguissimum
2971 2562 3079 2625 est,
3106 2558 3424 2615 medullam
3447 2561 3639 2626 habet,

1993 2648 2224 2720 adipem
2247 2647 2440 2702 habet.
2468 2647 2583 2702 «Et
2615 2647 2783 2718 adipe
2812 2647 3089 2702 frumenti
3118 2648 3293 2703 satiat
3323 2653 3400 2704 te.
3429 2671 3456 2697 »
3485 2649 3640 2704 Felix

1992 2742 2081 2792 est
2110 2737 2210 2808 qui
2235 2735 2293 2790 in
2325 2737 2617 2790 frumento
2645 2735 2756 2790 isto
2787 2736 3016 2806 adipem
3051 2734 3340 2808 intelligit.
3368 2737 3639 2810 Legimus

1994 2829 2228 2880 sanctas
2257 2823 2575 2894 Scipturas.
2613 2824 2723 2896 Ego
2773 2839 2987 2895 corpus
3035 2827 3172 2879 Jesu
3211 2827 3224 2860 ¹
3262 2825 3638 2896 Evangelium

1996 2919 2173 2987 puto;
2209 2919 2442 2968 sanctas
2472 2913 2808 2984 Scripturas
2842 2917 2981 2984 puto
3032 2913 3359 2968 doctrinam
3391 2915 3540 2986 ejus.
3574 2916 3643 2970 Et

1995 3002 2229 3076 quando
2260 3001 2420 3070 dicit,
2455 3003 2558 3070 Qui
2604 3019 2714 3056 non
2761 3001 3052 3057 comederit
3095 3019 3316 3082 carnem
3363 3019 3560 3071 meam,
3592 3008 3642 3059 et

1996 3093 2189 3147 biberit
2232 3093 2561 3160 sanguinem
2608 3107 2789 3146 meum
2840 3093 3058 3158 (Joann.
3118 3107 3194 3161 vr,
3239 3092 3352 3162 54),
3408 3091 3542 3148 licet
3588 3096 3645 3147 et

1995 3181 2054 3235 in
2087 3180 2364 3252 mysterio
2398 3179 2585 3251 possit
2634 3178 2881 3252 intelligi
2915 3197 2926 3234 :
2961 3183 3157 3234 tamen
3207 3179 3399 3235 verius
3431 3197 3642 3252 corpus

235 3263 440 3331 salem,
463 3265 796 3321 Dominum.
821 3289 848 3314 »
878 3265 1228 3336 Jerusalem,
1260 3269 1404 3324 visio
1427 3271 1599 3340 pacis.
1634 3292 1654 3317 α
1685 3269 1883 3324 Lauda
1913 3252 1956 3318 Ο
1993 3269 2231 3334 Christi,
2265 3273 2321 3324 et
2353 3267 2594 3339 sanguis
2639 3269 2789 3338 ejus,
2825 3285 3018 3324 sermo
3065 3268 3498 3339 Scripturarum
3531 3273 3640 3337 est,

233 3352 418 3408 Deum
470 3358 661 3422 tuum,
693 3355 850 3411 Sion.
897 3377 925 3404 »
975 3355 1111 3411 Sion
1160 3357 1397 3425 specula
1446 3358 1878 3429 interpretatur.

232 3442 454 3498 Videtis
503 3459 640 3515 ergo
671 3443 812 3516 quid
863 3444 1036 3500 dicat.
1071 3468 1098 3494 «
1134 3446 1348 3517 Lauda,
1395 3446 1743 3516 Jerusalem,
1781 3449 1882 3503 Do-

232 3519 481 3586 minum.
517 3553 546 3581 »
597 3531 942 3604 Ubicunque
987 3532 1132 3589 visio
1180 3535 1341 3606 pacis
1380 3538 1488 3600 est,
1544 3535 1881 3607 ubicunque

231 3619 642 3693 contemplatio
702 3621 822 3691 Dei,
881 3620 962 3676 ibi
1012 3621 1142 3678 laus
1199 3622 1297 3678 Dei
1358 3624 1441 3678 ﬁt.
1493 3624 1691 3679 Lauda
1743 3641 1880 3697 ergo

229 3707 486 3764 Ecclesia
563 3709 894 3777 Dominum,
966 3713 1199 3780 quando
1268 3712 1506 3785 coeperit
1585 3714 1644 3768 in
1713 3713 1878 3768 illum

229 3797 461 3853 credere
541 3803 598 3854 et
667 3799 882 3856 habere
967 3817 1192 3872 pacem,
1261 3807 1318 3856 et
1383 3804 1622 3873 cceperit
1685 3803 1880 3858 videre

230 3901 457 3958 pacem,
506 3885 616 3942 hoc
671 3892 782 3952 est,
826 3889 1150 3945 Jerusalem
1199 3889 1483 3946 visionem
1538 3891 1719 3961 pacis.
1772 3891 1879 3956 Qui

232 3973 397 4046 prius
427 3989 589 4030 seras
621 3991 826 4031 servus
865 3975 1178 4047 idolorum,
1212 3977 1399 4032 factus
1430 3994 1492 4033 es
1523 3993 1725 4034 servus
1755 3977 1876 4034 Dei.

233 4062 430 4118 Lauda
458 4079 594 4136 ergo
621 4064 804 4120 Deum
837 4069 1028 4120 tuum.
1053 4067 1294 4131 Quando
1323 4083 1456 4122 vero
1487 4067 1730 4139 coeperis
1753 4069 1877 4138 jam

232 4150 448 4207 habere
486 4152 814 4218 scientiam,
848 4159 906 4209 et
950 4171 1080 4210 esse
1129 4155 1385 4228 specula,
1420 4156 1526 4211 hoc
1571 4161 1660 4211 est
1690 4156 1824 4212 Sion
1864 4175 1876 4212 :

232 4238 408 4297 lauda
438 4241 778 4308 Dominum,
813 4243 920 4299 hoc
954 4251 1065 4308 est,
1099 4248 1159 4300 tu
1211 4244 1406 4315 lauda,
1438 4246 1784 4311 Jerusalem,
1817 4251 1877 4301 tu

232 4328 408 4384 lauda
457 4330 642 4385 Sion:
679 4338 740 4386 tu
791 4333 1183 4390 ecclesiastica
1240 4335 1458 4400 anima,
1491 4341 1550 4389 tu
1599 4335 1876 4391 Ecclesia.

230 4416 355 4473 Non
389 4417 633 4473 laudent
663 4418 937 4485 heretici,
972 4439 1085 4476 non
1138 4422 1378 4479 laudent
1409 4424 1746 4496 Synagogae,
1777 4425 1875 4478 sed

233 4510 295 4561 tu
325 4504 521 4560 lauda.
557 4506 790 4570 Quare?
820 4530 846 4555 ‹‹
882 4509 1167 4571 Quoniam
1198 4511 1542 4565 confortavit
1572 4528 1730 4566 seras
1755 4529 1882 4582 por-

1991 3358 2257 3413 doctrina
2289 3356 2481 3412 divina
2511 3360 2618 3411 est.
2643 3357 2703 3412 Si
2735 3357 2968 3428 quando
2997 3357 3152 3412 imus
3169 3358 3239 3411 ad
3275 3359 3639 3430 mysterium,

1991 3447 2091 3518 qui
2125 3445 2312 3501 ﬁdelis
2355 3450 2465 3511 est,
2500 3444 2792 3518 intelligit,
2828 3446 2876 3501 si
2911 3446 2968 3499 in
3018 3444 3307 3500 maculam
3345 3446 3641 3513 ceciderit,

1992 3534 2376 3609 periclitatur.
2412 3534 2470 3590 Si
2523 3535 2758 3605 quando
2809 3534 3085 3589 audimus
3137 3550 3467 3590 sermonem
3519 3535 3619 3590 Dei

1990 3629 2047 3680 et
2089 3639 2282 3679 sermo
2313 3623 2432 3687 Dei,
2467 3628 2524 3678 et
2570 3641 2704 3678 caro
2755 3622 2991 3688 Christi,
3025 3628 3081 3677 et
3131 3623 3373 3696 sanguis
3422 3624 3551 3694 ejus
3581 3624 3640 3678 in

1990 3713 2233 3768 auribus
2266 3711 2482 3767 nostris
2513 3712 2803 3781 funditur,
2838 3715 2895 3766 et
2945 3729 3060 3766 non
3093 3711 3252 3766 aliud
3287 3712 3640 3785 cogitamus,

1989 3802 2048 3857 in
2080 3804 2366 3872 quantum
2400 3800 2726 3872 periculurn
2752 3799 3109 3856 incurrimus
3135 3800 3148 3854 l
3179 3823 3205 3849 «
3236 3801 3503 3872 Etadipe
3524 3802 3641 3856 fru-

1990 3889 2169 3946 menti
2204 3889 2379 3944 satiat
2407 3894 2482 3946 te.
2507 3909 2534 3941 η
2571 3889 3007 3961 Pinguissimus
3039 3906 3231 3944 sermo
3264 3889 3497 3944 divinus
3528 3894 3634 3944 est.

1990 3981 2204 4036 Omnes
2239 3979 2416 4036 habet
2446 3979 2504 4034 in
2555 3996 2616 4035 se
2647 3979 2904 4035 delicias.
2941 3977 3230 4049 Quidquid
3265 3977 3536 4043 volueris,
3569 3995 3637 4032 ex

1990 4084 2259 4124 sermone
2281 4067 2477 4123 divino
2501 4067 2782 4133 nascitur,
2804 4068 2956 4121 sicut
2975 4066 3213 4119 tradunt
3241 4064 3424 4118 Judaei
3459 4079 3470 4117 :
3499 4081 3638 4135 quo-

1991 4159 2148 4215 niam
2195 4174 2410 4213 manna
2441 4156 2677 4228 quando
2725 4153 3128 4212 comedebant,
3164 4154 3490 4207 secundum
3540 4170 3636 4206 vo-

1990 4246 2274 4301 luntatem
2318 4243 2808 4313 uniuscujusque,
2844 4242 2926 4294 sic
2975 4240 3235 4307 sapiebat
3268 4241 3452 4296 inore
3484 4242 3634 4313 (Sap.

1989 4352 2102 4399 xvx,
2131 4336 2222 4397 20,
2254 4336 2365 4400 2i).
2403 4338 2479 4385 Ac
2514 4331 2561 4383 si
2594 4331 2836 4385 dixisset
2862 4347 2872 4383 :
2897 4330 3003 4394 Qui
3030 4345 3246 4383 manna
3276 4331 3635 4398 comedebat,

1989 4422 2038 4477 si
2071 4421 2440 4477 desiderabat
2472 4418 2644 4479 mala,
2680 4418 2726 4471 si
2763 4418 2977 4489 pirum,
3012 4419 3059 4472 si
3093 4434 3286 4484 uvam,
3322 4417 3370 4471 si
3403 4435 3637 4489 panem,

1989 4512 2035 4565 si
2069 4527 2292 4579 carnes,
2329 4509 2655 4564 secundum
2687 4505 3029 4578 qualitatem
3075 4511 3131 4560 et
3162 4506 3516 4562 voluntatem
3549 4523 3639 4561 co-

229 4597 424 4650 tarum
470 4598 727 4650 tuarum.
764 4617 792 4643 »
837 4596 1030 4666 Diligit
1073 4597 1334 4653 Dominus
1377 4603 1564 4668 portas
1594 4600 1746 4668 Sion,
1788 4618 1879 4655 su-
1913 4614 1959 4678 Ι)
1990 4598 2302 4667 medentis,
2337 4597 2418 4652 ita
2464 4601 2520 4652 et
2570 4613 2743 4668 sapor
2801 4597 2857 4650 in
2913 4612 3128 4650 manna
3159 4600 3302 4650 erat.
3337 4595 3428 4650 Sic
3477 4601 3533 4649 et
3577 4595 3634 4649 in

231 4699 329 4753 per
386 4687 577 4740 omnia
635 4685 992 4741 tabernacula
1058 4687 1217 4742 Iacob
1278 4687 1454 4757 (Psal.
1519 4705 1742 4750 cxxxw,
1802 4692 1877 4756 '3).

234 4773 434 4829 Portas
463 4774 599 4829 Sion
623 4774 880 4830 diximus
912 4774 1246 4846 prophetas.
1273 4777 1556 4842 Quoniam
1590 4795 1726 4849 ergo
1751 4796 1878 4850 por-

233 4865 293 4918 ta
322 4862 459 4918 Sion
502 4864 771 4918 novimus
805 4864 1121 4936 prophetas
1167 4864 1281 4919 dici
1339 4881 1350 4919 :
1403 4866 1706 4922 videamus
1754 4885 1879 4939 quas

233 4951 355 5006 sint
403 4969 543 5008 serae
593 4956 915 5024 portarum.
968 4953 1125 5008 Vera:
1181 4953 1336 5009 enim
1388 4954 1654 5011 Ecclesiae
1705 4963 1879 5029 porta:

233 5040 528 5112 prophetas
574 5047 734 5098 sunt.
790 5042 926 5097 Sine
957 5043 1256 5114 prophetis
1306 5042 1621 5100 Ecclesiam
1655 5045 1877 5118 ing'redi

234 5145 348 5186 non
381 5146 720 5201 possumus.
755 5130 1111 5187 Manichacus
1134 5132 1349 5188 intrare
1377 5132 1563 5188 voluit
1593 5135 1719 5190 sine
1745 5152 1879 5207 por-

233 5218 330 5288 tis,
363 5223 422 5275 et
453 5236 567 5275 non
597 5219 1122 5277 intravit.Marcion
1175 5238 1290 5276 non
1323 5221 1527 5293 recipit
1559 5217 1739 5280 Vetus
1771 5226 1877 5280 Te-

234 5313 616 5375 stamentum,
649 5314 708 5365 et
748 5309 874 5364 sine
921 5308 1105 5381 portis
1152 5309 1376 5366 Veteris
1427 5311 1784 5368 Testamenti
1818 5313 1875 5368 in

309 5451 488 5533 '“Euc.
522 5450 670 5533 refer
700 5451 1182 5533 interpolatorum
1237 5453 1546 5533 lgnatianae
1569 5455 1767 5533 _epist.
1803 5456 1872 5510 ad

233 5519 738 5596 Philadelphenos,
775 5519 873 5596 ubi
923 5539 985 5578 se
1034 5524 1114 5577 ait
1157 5519 1468 5596 confugere
1514 5525 1586 5579 ad
1627 5519 1875 5596 Evange~

230 5592 375 5647 lium
407 5592 677 5665 tanquam
707 5594 785 5650 ad
814 5610 1038 5650 carnem
1083 5596 1206 5650 Jesu
1237 5592 1457 5665 Christi.
1493 5596 1636 5651 Vide
1665 5602 1722 5651 et
1752 5592 1873 5651 Cle-

232 5670 412 5722 ment.
445 5665 723 5722 Alexand.
757 5666 981 5736 Peedag.
1017 5668 1059 5722 Ι.
1096 5685 1135 5731 ι,
1166 5684 1214 5722 c.
1247 5669 1283 5720 6
1311 5686 1324 5735 ;
1358 5667 1665 5739 Origenem
1698 5667 1754 5724 in
1778 5673 1876 5725 Le-

1991 4705 2162 4744 carne
2213 4685 2452 4757 Christi,
2504 4685 2603 4757 qui
2656 4690 2745 4741 est
2793 4701 2984 4740 sermo
3028 4683 3324 4753 doctrinae,
3367 4683 3475 4738 hoc
3525 4689 3635 4748 est,

1993 4777 2424 4849 Scripturarum
2461 4780 2800 4831 sanctarum
2834 4773 3256 4846 interpretatio,
3293 4774 3447 4827 sicut
3475 4773 3637 4828 volu-

1994 4884 2146 4932 mus,
2180 4867 2259 4920 ita
2306 4869 2362 4920 et
2413 4865 2610 4919 cibum
2661 4863 3001 4935 accipimus.
3045 4862 3103 4918 Si
3154 4869 3393 4917 sanctus
3441 4878 3525 4928 es,
3557 4862 3639 4915 in-

1989 4954 2152 5010 venis
2183 4953 2575 5026 refrigerium.
2610 4954 2666 5007 Si
2702 4956 2969 5024 peccator
3015 4968 3098 5014 es,
3131 4950 3354 5005 invenis
3383 4954 3640 5005 tormen-

1991 5049 2140 5099 tum.
2175 5066 2202 5092 ‹‹
2241 5044 2308 5098 Et
2338 5042 2506 5113 adipe
2540 5041 2817 5096 frumenti
2869 5041 3042 5095 satiat
3073 5044 3146 5095 te.
3183 5061 3210 5087 ››
3243 5039 3366 5093 Non
3399 5038 3642 5094 dimittit

1991 5132 2246 5204 reliquas
2275 5129 2571 5202 reliquias.
2598 5128 2898 5184 Benedixit
2919 5128 3070 5183 filios
3093 5133 3224 5183 tuos
3254 5128 3313 5181 in
3333 5131 3407 5182 te.
3429 5150 3455 5176 «
3472 5129 3642 5192 Quot-

1989 5226 2133 5292 quot
2163 5225 2358 5276 autem
2410 5224 2752 5290 receperunt
2799 5235 2956 5279 eum,
2990 5217 3149 5272 dedit
3179 5216 3263 5271 eis
3295 5220 3638 5287 potestatem

1989 5309 2140 5366 filios
2198 5308 2299 5364 Dei
2359 5308 2484 5364 fieri
2541 5308 2717 5379 (Joan.
2755 5323 2793 5370 ι,
2849 5308 2956 5376 12).
3014 5327 3034 5355 ι
3087 5304 3194 5372 Qui
3244 5305 3441 5376 posuit
3495 5307 3641 5362 ﬁnes

1983 5454 2137 5508 vitic.
2198 5453 2356 5508 hom.
2415 5452 2468 5504 7.
2527 5467 2575 5504 c.
2615 5452 2714 5512 1ος
2748 5450 2955 5504 Euseb.
2993 5451 3034 5503 1.
3069 5464 3131 5504 ιιι
3165 5449 3406 5517 Theolog,
3440 5450 3637 5504 Eccles.

1985 5531 2188 5578 contra
2232 5523 2569 5577 Marcellum
2622 5525 3017 5591 Ancyranum.
3053 5521 3166 5574 Alii
3221 5520 3350 5574 libri
3403 5520 3636 5589 habent,

1986 5612 2179 5668 corpus
2213 5594 2433 5661 Christi,
2472 5609 2574 5664 pro
2604 5593 2747 5648 Jesu.
