3992 6194
273 323 428 394 13815
1764 322 2189 390 ΑΡΡΕΝΒΙΧ.
2291 375 2301 385 .
3526 323 3688 384 1336

273 464 408 517 tuos
437 474 664 532 pacem.
700 478 729 508 »
762 458 826 515 In
879 456 992 514 alio
1041 456 1268 530 psalmo
1319 457 1571 532 legimus
1605 474 1616 512 :
1651 459 1714 513 Et
1742 463 1920 528 factus
1950 461 1998 523 Α
2034 459 2201 529 quasi
2235 457 2351 524 nix,
2377 463 2434 516 et
2461 457 2590 532 ipsa
2619 457 2717 515 nix
2733 462 2821 516 est
2837 455 3002 531 quasi
3025 455 3177 516 lane.
3223 455 3368 514 Vide
3408 459 3467 514 te
3505 456 3687 514 mise-

273 551 437 606 estin
476 565 610 622 pace
655 549 803 606 locus
831 549 945 620 ejus
991 548 1161 616 (Psal.
1196 565 1356 615 Lxxv,
1390 549 1466 620 3).
1515 551 1715 604 Parem
1744 565 1920 604 meam
2032 547 2342 604 ricordiam
2397 547 2649 612 Domini.
2683 547 2858 605 Cibus
2887 545 3139 615 Domini,
3172 545 3345 601 nobis
3391 546 3454 602 in
3500 547 3686 602 vesti-

273 640 342 695 do
386 638 533 698 vobis
581 656 600 693 :
645 654 837 710 pacem
882 653 1066 692 meam
1122 637 1373 708 relinquo
1422 639 1588 705 vobis,
1624 654 1736 692 non
1783 639 1924 694 sicut
2032 640 2296 692 montum
2327 637 2587 693 vertitur.
2621 637 2852 692 Dixerat
2878 636 3135 692 Joannes
3161 636 3233 690 de
3272 635 3532 692 Domino
3565 635 3693 691 Sal-

274 727 518 783 mundus
574 727 734 782 habet
785 742 984 798 pacem
1022 727 1199 797 (Joan.
1256 743 1368 798 xw,
1419 727 1511 798 27)
1561 742 1574 780 :
1628 726 1918 798 siquidem

274 816 480 873 mundi
512 833 642 888 pax,
674 818 940 871 nostrum
981 815 1200 870 bellum
1231 819 1341 870 est.
1375 815 1562 872 Meam
1614 832 1815 888 pacem
1847 816 1922 871 do

273 905 460 963 vobis.
497 904 723 960 Bellum
752 903 1022 960 habetote
1053 920 1186 958 cum
1235 905 1480 972 mundo,
1513 909 1570 960 et
1598 921 1788 960 meam
1819 921 1920 976 pa-

277 1011 403 1051 cem
435 992 746 1050 habebitis.
785 1014 811 1042 ‹‹
842 991 950 1057 Qui
968 993 1164 1064 posuit
1193 993 1341 1049 ﬁnes
1362 997 1495 1049 tuos
1523 1010 1789 1065 pacem.»
1813 993 1921 1058 Qui

275 1099 412 1157 ergo
445 1099 560 1138 non
609 1085 697 1138 est
726 1082 787 1137 in
834 1098 975 1154 pace
1024 1098 1161 1138 cum
1211 1082 1407 1148 fratre,
1440 1082 1550 1139 iste
1597 1099 1710 1138 non
1744 1087 1833 1138 est
1861 1083 1920 1137 in

276 1170 495 1228 ﬁnibus
551 1171 896 1228 Jerusalem.
945 1172 1111 1227 Dicat
1166 1170 1379 1243 aliquis
1440 1189 1451 1228 :
1513 1171 1660 1238 Quid
1718 1171 1921 1228 facio?

274 1261 402 1317 Non
431 1259 557 1316 vult
587 1259 732 1317 mihi
757 1260 1141 1328 .reconciliari
1193 1261 1387 1328 frater,
1420 1277 1556 1333 ergo
1587 1265 1747 1318 extra
1775 1261 1922 1318 fines

277 1367 409 1407 sum
437 1349 802 1407 Jerusalem?
834 1351 1134 1418 Quantum,
1164 1348 1378 1421 inquit,
1401 1365 1470 1406 ea:
1495 1350 1640 1405 vobis
1669 1358 1765 1413 est,
1798 1366 1924 1404 cum

273 1441 526 1497 omnibus
548 1439 861 1498 hominibus
875 1455 1064 1511 pacem
1078 1439 1333 1496 habentes
1348 1441 1520 1509 (Rom.
1539 1455 1638 1510 xu,
1657 1440 1762 1511 18).
1781 1439 1923 1496 Cum

273 1531 358 1586 his
377 1528 472 1604 qui
500 1530 742 1585 oderunt
766 1545 960 1602 pacem
991 1545 1148 1584 eram
1173 1529 1436 1600 paciﬁcus
1467 1530 1642 1600 (Psal.
1668 1546 1818 1597 cxix,
1841 1529 1918 1600 7).

274 1620 358 1674 Tu
389 1619 598 1674 habeto
630 1633 854 1690 pacem,
878 1617 926 1674 si
949 1616 1100 1672 alius
1131 1617 1423 1672 irascitur.
1454 1616 1550 1672 [lle
1576 1616 1793 1672 bellum
1817 1617 1920 1674 ha-

273 1709 394 1774 bet,
427 1711 484 1763 et
513 1723 616 1779 per
661 1704 882 1762 bellum
914 1705 1077 1760 illius
1125 1705 1228 1760 tibi
1261 1723 1372 1776 pax
1421 1706 1701 1762 nascitur.
1734 1705 1923 1763 Vultis

275 1795 423 1854 scire
454 1795 745 1868 quomodo
767 1799 824 1851 et
851 1793 1069 1850 bellum
1104 1812 1217 1868 pax
1246 1794 1366 1850 sit?
1396 1795 1600 1851 Infelix
1620 1795 1806 1852 Judas
1826 1812 1920 1853 ve-

274 1885 473 1944 niebat
488 1885 560 1940 ad
583 1883 992 1957 proditionem,
1017 1888 1074 1940 et
1102 1883 1379 1940 Dominus
1399 1884 1448 1942 ei
1469 1885 1628 1957 pacis
1650 1885 1914 1942 osculum

271 1974 524 2048 porrigit
543 1974 690 2046 (Luc.
724 1990 860 2041 xxu,
881 1975 912 2028 4
957 2015 969 2041 ,
1003 1974 1113 2046 48),
1135 1972 1235 2030 ille
1265 1973 1464 2030 osculo
1491 1972 1710 2030 bellum
1741 1979 1916 2031 creat.

351 2088 371 2114 ι
400 2063 506 2129 Qui
529 2063 746 2120 emittit
775 2062 1077 2135 eloquium
1112 2079 1285 2119 suum
1319 2067 1504 2120 terres.
1532 2086 1559 2112 ››
1593 2064 1918 2135 Responde,

274 2154 474 2210 Judme
507 2170 519 2208 :
556 2151 605 2208 si
632 2153 703 2208 de
733 2152 1030 2208 frumento
1061 2151 1311 2222 dicebat,
1352 2155 1411 2208 et
1441 2152 1613 2223 adipe
1643 2151 1920 2209 frumenti

273 2241 451 2302 satiat
465 2246 544 2313 te,
565 2242 859 2314 quomodo
877 2257 1034 2297 nunc
1054 2239 1231 2297 dicit:
1254 2241 1360 2306 Qui
1384 2241 1599 2297 emittit
1619 2241 1920 2314 eloquium

273 2348 448 2389 suum
506 2330 724 2387 terra)?
763 2350 791 2382 υ
846 2333 912 2386 In
960 2331 1238 2402 principio
1287 2339 1409 2386 erat
1469 2330 1692 2388 Verbum
1740 2331 1917 2401 (Joan.

275 2438 314 2488 ι,
349 2421 423 2492 1).
456 2423 575 2475 Hoc
603 2419 860 2482 Verbum
893 2419 952 2474 in
984 2435 1156 2474 carne
1188 2420 1458 2475 mittitur.
1493 2420 1560 2474 Et
1600 2443 1626 2469 «
1661 2420 1918 2475 Verbum

279 2524 414 2566 caro
444 2509 663 2564 factum
709 2512 816 2576 est,
851 2511 906 2563 et
935 2507 1217 2563 habitavit
1261 2507 1321 2563 in
1354 2507 1524 2564 nobis
1555 2509 1711 2579 (Ibid.
1750 2509 1852 2577 14).
1887 2529 1914 2562 ιι

278 2618 307 2647 ‹‹
339 2596 446 2660 Qui
477 2595 693 2652 emittit
744 2595 1042 2668 eloquium
1066 2613 1241 2652 suum
1271 2600 1458 2652 terras.
1491 2618 1518 2647 ››
1555 2597 1630 2653 Eo
1661 2601 1919 2670 tempore

280 2685 637 2758 completum
669 2689 759 2742 est
791 2710 806 2743 :
839 2686 1001 2742 Terra
1029 2686 1179 2743 dedit
1224 2688 1506 2756 fructuum
1554 2703 1718 2742 suum
1747 2687 1917 2759 (Psal.

276 2791 426 2842 LXVI,
454 2774 529 2847 7).
563 2797 592 2826 »
627 2775 736 2844 Qui
765 2775 982 2832 emittit
1009 2775 1310 2848 eloquium
1342 2792 1516 2831 suum
1557 2780 1743 2832 terrae.
1777 2797 1804 2826 »
1839 2777 1921 2834 De

275 2863 686 2936 prmdicatione
699 2863 959 2936 loquitur
978 2880 1118 2922 evan
1127 2863 1328 2935 gelica,
1342 2869 1399 2920 et
1412 2865 1482 2920 de
1499 2865 1762 2920 doctrina
1781 2881 1919 2936 apo-

277 2952 587 3012 stolorum.
610 2953 874 3026 Denique
901 2953 1204 3025 sequitur:
1227 2976 1255 3004 «
1286 2952 1568 3010 Velociter
1586 2954 1770 3009 currit
1793 2971 1920 3010 ser-

277 3059 373 3102 mo
405 3043 553 3115 ejus.
588 3065 616 3093 »
650 3044 713 3100 In
763 3043 924 3099 omni
952 3041 1109 3099 enim
1158 3047 1313 3098 terra
1341 3042 1576 3099 auditus
1608 3047 1698 3099 est
1730 3059 1921 3100 sermo

280 3133 429 3204 ejus,
489 3135 546 3186 et
600 3132 660 3186 in
720 3133 860 3188 orbe
914 3136 1228 3200 terrarum,
1272 3131 1594 3204 apostolica
1635 3131 1918 3189 doctrina.

280 3199 445 3276 linus
493 3219 669 3276 homo
692 3237 920 3292 pauper
971 3224 1030 3276 et
1069 3199 1418 3292 jamisenex
1465 3221 1801 3292 praedicavit
1850 3222 1922 3278 ab
1951 3199 1994 3265 C

272 3308 602 3368 Jerusalem
653 3325 842 3381 usque
893 3309 964 3364 ad
1015 3307 1309 3383 Illyricum
1360 3310 1533 3380 (Rom.
1581 3326 1673 3376 xv,
1727 3311 1839 3382 19),
1868 3315 1925 3366 et

282 3419 304 3446 α
337 3397 610 3455 velociter
641 3398 826 3454 currit
882 3414 1074 3455 sermo
1105 3400 1255 3469 ejus.
1289 3419 1317 3447 »
1353 3398 1639 3462 Quoniam
1671 3415 1807 3472 ergo
1837 3415 1926 3456 ve-

276 3483 441 3544 nerat
471 3488 540 3543 de
569 3486 896 3544 Jerusalem
942 3504 1131 3560 usque
1161 3486 1476 3560 Illyricum,
1508 3492 1566 3542 et
1597 3509 1626 3538 «
1655 3487 1928 3546 velociter

275 3575 534 3634 cucurrit
550 3593 745 3632 sermo
766 3577 896 3648 ejus
919 3594 932 3644 ;
961 3599 987 3625 ››
1019 3576 1229 3632 deinde
1252 3575 1539 3648 sequitur,
1563 3580 1621 3632 et
1645 3576 1928 3649 dicitipse

202 3735 205 3737 _
277 3678 470 3719 sermo
501 3664 602 3735 qui
634 3664 1001 3735 praedixerat,
1029 3665 1096 3720 :le
1122 3664 1450 3721 Jerusalem
1476 3683 1662 3738 usque
1692 3667 1764 3722 ad
1788 3665 1927 3738 Illy-

277 3750 467 3806 ricum
499 3766 513 3805 :
555 3753 680 3807 Volo
707 3758 896 3807 autem
929 3754 1010 3809 ire
1051 3761 1102 3808 et
1136 3754 1210 3810 ad
1246 3755 1561 3825 Hispanias.
1602 3755 1714 3811 Hoc
1737 3753 1926 3827 loqui-

277 3842 376 3896 tur
404 3839 704 3912 apostolus
741 3840 958 3898 Paulus
985 3841 1143 3910 (lbii.
1183 3843 1296 3913 24).
1331 3842 1534 3898 Videte
1563 3841 1924 3899 velocitatem

279 3928 590 3986 sermonis.
625 3929 750 3984 Non
801 3933 889 3985 est
934 3933 1242 3986 contentus
1272 3931 1340 3986 ad
1393 3931 1696 3999 orientem,
1730 3933 1801 3988 ad
1831 3950 1926 3989 oc-

277 4018 566 4076 cidentem
598 4035 830 4076 currere
858 4018 1168 4075 desiderat.

353 4127 381 4156 «
415 4107 522 4171 Qui
553 4107 653 4164 dat
683 4107 875 4163 nivem
910 4105 1062 4164 sicut
1110 4107 1330 4173 lanam,
1363 4105 1637 4164 nebulam
1669 4107 1823 4164 sicut
1851 4107 1929 4163 ci-

286 4211 484 4254 nerem
515 4195 758 4268 spargit.
783 4219 804 4245 ιι
840 4200 949 4257 etc.
973 4196 1197 4252 Videtis
1229 4200 1450 4270 quanta
1480 4195 1558 4252 sit
1589 4195 1932 4263 difﬁcultas,

285 4300 464 4355 quam
508 4285 758 4340 obscura
807 4284 928 4340 sint
977 4301 1106 4356 quae
1137 4285 1435 4342 dicuntur.
1471 4308 1498 4336 «
1529 4287 1676 4340 Ante
1728 4285 1930 4342 faciem

283 4372 522 4445 frigoris
544 4374 674 4444 ejus
705 4373 840 4445 quis
862 4373 1218 4430 sustinebit?
1253 4375 1433 4444 Cujus
1454 4374 1482 4428 ‘?
1511 4373 1666 4430 Nihil
1697 4375 1928 4430 dicitur.

287 4462 508 4520 Deinde
538 4463 770 4520 dicitur.

2028 729 2226 781 vatore
2257 743 2270 781 :
2305 729 2442 784 Ecce
2489 726 2670 797 Agnus
2718 727 2838 796 Dei,
2869 726 2963 796 qui
3009 725 3155 781 tollit
3200 727 3428 796 peccata
3478 727 3694 780 mundi

2031 815 2222 886 (Jaan.
2255 833 2294 886 ι,
2327 817 2440 884 29).
2475 815 2541 870 Et
2568 816 2628 871 in
2673 814 2786 872 alio
2823 812 2948 870 loco
2979 813 3160 872 Isaias
3191 830 3207 868 ε
3239 815 3414 882 Quasi
3463 817 3593 870 ovis
3621 815 3696 869 ad

2029 904 2312 960 victimam
2367 904 2561 960 ductus
2617 907 2697 959 est
2745 904 2872 976 (Isa.
2917 919 3036 972 LIII,
3082 902 3160 972 7).
3205 906 3285 958 De
3335 903 3456 958 isto
3509 902 3699 974 igitur

2033 1009 2206 1062 anno,
2240 997 2296 1049 et
2324 993 2394 1050 de
2426 993 2538 1050 ista
2567 1009 2691 1059 ove,
2722 991 2857 1052 lana
2885 990 2997 1048 ista
3027 996 3116 1048 est
3144 991 3317 1062 quasi
3352 993 3458 1048 nix
3495 1009 3512 1046 :
3549 992 3700 1047 Dicit

2031 1082 2208 1138 Isaias
2251 1098 2263 1137 :
2317 1082 2377 1138 Si
2419 1083 2633 1153 fuerint
2681 1083 2902 1154 peccata
2943 1084 3123 1137 vestra
3168 1083 3328 1152 quasi
3375 1083 3697 1146 coccinea,

2031 1173 2186 1242 quasi
2262 1173 2445 1228 nivem
2513 1171 2773 1232 dealbabo
2832 1170 2956 1241 (Isa.
3017 1187 3056 1238 ι,
3118 1171 3228 1240 18).
3285 1171 3532 1242 Aperges
3588 1187 3696 1236 ne,

2029 1261 2277 1329 Domine,
2311 1261 2540 1334 hyssopo
2568 1264 2619 1318 et
2666 1259 2975 1316 mundabor
3001 1277 3018 1314 :
3051 1259 3269 1316 lauabis
3292 1275 3403 1330 me,
3435 1269 3497 1316 et
3527 1276 3701 1332 super

2030 1351 2210 1405 nivem
2241 1350 2544 1406 dealbabor
2572 1349 2740 1419 (Psal.
2776 1365 2828 1416 L,
2858 1348 2935 1418 9).
2969 1369 2997 1398 «
3029 1347 3137 1412 Qui
3168 1347 3271 1404 dat
3299 1347 3507 1403 nivem
3542 1348 3699 1403 sicut

2028 1428 2246 1496 lanam:
2283 1462 2308 1488 »
2347 1437 2532 1504 Tolle,
2563 1438 2829 1504 Domine,
2860 1438 3060 1494 sordes
3085 1453 3246 1494 meas
3275 1453 3289 1492 :
3323 1436 3472 1494 tolle
3506 1438 3698 1510 quod—

2031 1543 2262 1600 cunque
2310 1527 2431 1582 vitii
2463 1532 2570 1584 est.
2619 1527 2820 1583 Nivem
2857 1530 3020 1582 tuam
3051 1529 3109 1581 et
3155 1526 3482 1598 puritatem
3531 1530 3697 1583 tuam

2030 1616 2224 1672 tribue
2271 1615 2568 1672 mentibus
2615 1615 2983 1674 Christianis.
3019 1615 3142 1673 Nisi
3189 1621 3252 1670 tu
3285 1615 3464 1672 nobis
3499 1615 3700 1672 nivem

2031 1705 2260 1763 dederis
2293 1705 2720 1762 munditiarum
2769 1709 3027 1770 tuarum,
3059 1704 3488 1762 vestimentum
3523 1710 3695 1761 tuum

2032 1793 2244 1851 habere
2268 1811 2380 1860 non
2409 1810 2746 1866 possumus.
2782 1793 3050 1851 Christus
3077 1793 3513 1850 vestimentum
3555 1811 3697 1850 nos-

2031 1889 2188 1940 trum
2219 1888 2328 1939 est.
2362 1883 2422 1939 Si
2454 1882 2726 1940 volumus
2747 1882 2963 1940 Christi
2993 1882 3206 1940 habere
3237 1883 3696 1951 vestimentum,

2030 1972 2235 2030 mundi
2267 1972 2457 2029 simus
2487 1971 2659 2044 quasi
2691 1972 2809 2028 nix.
2835 1994 2862 2022 «
2897 1970 3184 2029 Nebulam
3216 1971 3398 2044 quasi
3428 1972 3686 2029 cinerem

2031 2062 2272 2134 spargit.
2310 2085 2332 2111 ι
2369 2061 2514 2119 Male
2545 2062 2963 2133 interpretatus
2985 2065 3076 2118 est
3106 2060 3350 2118 Latinus
3385 2061 3691 2118 nebulam.

2029 2151 2192 2216 Quod
2225 2150 2382 2206 enim
2431 2146 2648 2224 ὁμίχλη
2685 2150 2901 2207 dicitur
2951 2150 3009 2206 in
3057 2150 3275 2217 Greco,
3306 2149 3374 2206 in
3405 2150 3694 2206 Hebraico

2029 2238 2208 2296 habet
2265 2242 2531 2311 pruinam
2618 2241 2816 2312 (Ἥβῃ).
2879 2239 3142 2311 Denique
3187 2240 3269 2296 ita
3328 2241 3618 2312 sequitur
3681 2258 3695 2297 :

2033 2348 2061 2377 «
2091 2328 2371 2384 Pruinam
2405 2328 2557 2385 sicut
2607 2327 2860 2386 cinerem
2910 2329 3156 2401 spargit.
3192 2351 3220 2377 »
3255 2328 3442 2385 Docet
3471 2346 3612 2399 nos,
3643 2337 3702 2387 et

2029 2418 2164 2474 facit
2194 2418 2362 2474 nobis
2408 2417 2822 2480 vestimentum
2853 2418 3021 2489 quasi
3066 2418 3281 2486 nivem,
3311 2423 3370 2474 et
3415 2436 3559 2476 cum
3591 2438 3698 2477 nos

2026 2507 2288 2564 vestierit
2307 2507 2649 2564 vestimento
2664 2523 2791 2573 suo,
2808 2510 2947 2566 tunc
2964 2506 3132 2566 nobis
3153 2507 3366 2564 tribuit
3380 2507 3696 2565 alimenta.

2031 2619 2059 2646 ‹‹
2091 2596 2365 2654 Pruinam
2387 2597 2540 2653 sicut
2569 2595 2825 2654 cinerem
2857 2595 3098 2668 spargit.
3122 2620 3151 2648 ››
3182 2595 3324 2653 Vide
3352 2598 3502 2670 quid
3536 2599 3696 2655 dicat

2033 2707 2062 2737 ‹‹
2093 2686 2256 2742 Sicut
2284 2686 2560 2742 cinerem.
2585 2705 2615 2736 »
2646 2685 2749 2740 Vis
2769 2702 2899 2742 esse
2930 2685 3239 2743 mundus?
3270 2701 3379 2759 age
3402 2688 3697 2760 peniten-

2028 2775 2191 2830 tiam.
2235 2776 2442 2832 Panem
2496 2790 2686 2832 meum
2714 2777 2855 2831 sicut
2909 2777 3155 2831 cinerem
3212 2776 3571 2847 manducavi,
3637 2783 3695 2833 et

2026 2868 2213 2936 potum
2267 2879 2448 2919 meum
2497 2880 2622 2919 cum
2668 2865 2798 2934 ﬂetu
2851 2865 3149 2920 miscebam
3203 2865 3377 2935 (Psal.
3429 2882 3502 2932 cr,
3569 2867 3690 2937 10).

2029 2954 2231 3010 Nonne
2259 2953 2422 3010 vides
2440 2953 2732 3026 quomodo
2748 2953 3021 3025 pruinam
3055 2970 3227 3009 suam
3250 2954 3407 3010 sicut
3423 2954 3690 3011 cinerem

2030 3041 2298 3116 spargit?
2328 3041 2576 3102 Grandis
2609 3059 2805 3098 rerum
2837 3043 3108 3100 mutatio.
3132 3043 3215 3098 De
3243 3043 3440 3100 cinere
3470 3045 3575 3100 nix
3602 3045 3696 3101 fit.

2037 3137 2110 3187 De
2140 3131 2481 3203 poenitentia
2510 3131 2770 3187 mundus
2799 3131 3071 3188 efficitur.

2106 3241 2132 3268 «
2169 3219 2346 3276 Mittit
2374 3218 2714 3292 crystallum
2748 3237 2916 3277 suam
2947 3220 3104 3276 sicut
3146 3220 3472 3278 buccellae.
3509 3246 3538 3273 η
3573 3226 3694 3290 Quo

2036 3308 2208 3364 modo
2249 3324 2430 3380 panes
2482 3308 2852 3380 franguntur,
2885 3313 2944 3364 et
2970 3308 3244 3366 buccelle
3295 3310 3489 3379 ﬁunt;
3521 3312 3609 3368 sic
3639 3317 3696 3368 et

2034 3395 2344 3470 crystallus
2389 3396 2700 3470 frangitur,
2729 3401 2786 3454 et
2815 3397 2876 3453 in
2923 3397 3218 3455 buccellae
3246 3400 3524 3456 vertitur.
3555 3402 3691 3475 Cry-

2035 3486 2244 3544 stallus
2292 3491 2564 3542 naturam
2613 3485 2765 3542 hanc
2808 3485 3005 3556 habet,
3037 3487 3190 3543 sicut
3234 3505 3406 3561 aquas
3453 3492 3684 3562 quando

2037 3575 2416 3648 congelantur
2464 3593 2477 3630 :
2531 3575 2685 3647 quod
2745 3591 2853 3631 nos
2902 3574 3146 3646 glaciem
3195 3576 3483 3634 dicimus.
3535 3579 3685 3634 Inter

2038 3664 2376 3739 crystallum
2423 3681 2560 3738 ergo
2607 3669 2665 3720 et
2696 3680 2912 3736 aquam
2964 3665 3074 3721 hoc
3105 3665 3370 3735 interest,
3403 3669 3563 3739 quod
3603 3672 3692 3724 est

2037 3755 2185 3810 inter
2219 3770 2434 3826 aquam
2467 3759 2525 3810 et
2555 3752 2802 3826 glaciem
2837 3771 2850 3809 :
2886 3753 3167 3826 quoniam
3216 3771 3378 3826 aqua
3404 3755 3693 3813 latissime

2040 3842 2340 3900 funditur:
2376 3846 2654 3900 caeterum
2677 3841 2992 3915 crystallus
3009 3843 3177 3915 quasi
3207 3845 3615 3919 compingitur
3642 3847 3701 3902 in

2041 3949 2123 4004 se,
2156 3937 2212 3989 et
2245 3933 2303 3988 in
2334 3949 2516 3990 unam
2548 3933 2801 3988 formam
2849 3932 3156 4006 redigitur.
3186 3933 3243 3987 8i
3275 3937 3522 4005 quando
3551 3951 3704 4009 aqua

2041 4020 2417 4094 congelascit,
2469 4019 2814 4094 crystallum
2857 4019 3056 4078 efﬁcit.
3085 4020 3373 4086 Quoniam
3419 4040 3560 4094 ergo
3590 4041 3702 4080 nos

2040 4110 2099 4166 in
2129 4114 2319 4166 totum
2351 4109 2525 4165 Verbi
2559 4126 2766 4169 carnes
2795 4126 3003 4182 capere
3030 4127 3146 4166 non
3177 4127 3506 4183 possumus,
3535 4113 3696 4168 fran-

2041 4203 2278 4272 guntur,
2329 4203 2394 4253 ut
2443 4214 2544 4270 per
2593 4202 2787 4269 partes
2836 4197 2968 4255 illas
3017 4199 3340 4271 capiamus.
3384 4199 3496 4255 Res
3537 4205 3685 4256 sunt

2041 4289 2323 4358 obscurae,
2356 4292 2413 4342 et
2460 4286 2959 4358 interpretationis
3005 4287 3326 4345 difﬁcultas
3372 4306 3490 4346 non
3516 4289 3695 4346 nobis

2043 4375 2306 4434 concedit
2351 4375 2528 4432 latius
2577 4375 2758 4448 loqui.
2795 4399 2823 4426 «
2851 4379 3001 4432 Ante
3045 4377 3252 4433 faciem
3302 4378 3543 4452 frigoris
3567 4381 3698 4452 ejus

2043 4465 2176 4538 quis
2212 4464 2578 4521 sustinebit?
2612 4489 2639 4515 ››
2674 4465 2900 4536 Cujus?
2932 4464 3044 4520 Alii
3065 4466 3270 4522 dicunt
3287 4467 3568 4537 crystalli,
3595 4468 3693 4524 alii

356 4575 384 4602 ‹‹
421 4552 648 4609 Emittit
676 4551 976 4623 eloquium
1001 4568 1200 4617 suum,
1223 4555 1281 4608 et
1309 4551 1645 4624 liquetaciet
1674 4569 1760 4608 ea.
1799 4575 1826 4602 »
1861 4558 1938 4609 De
1967 4571 2012 4634 Β
2044 4554 2299 4610 Domini.
2333 4553 2478 4610 Mihi
2530 4557 2726 4609 autem
2775 4553 3003 4610 videtur
3050 4555 3121 4611 de
3157 4556 3268 4612 Deo
3315 4556 3457 4611 dici.
3493 4581 3518 4607 ‹‹
3552 4560 3695 4614 Ante

283 4640 385 4698 illo
410 4643 480 4698 de
501 4658 615 4713 quo
641 4640 890 4701 dixerat:
913 4663 938 4690 (ι
958 4639 1180 4695 Emittit
1200 4640 1497 4712 eloquium
1513 4658 1685 4697 suum
1711 4645 1894 4697 terras.
1910 4666 1934 4691 ››

286 4730 520 4788 Emittit
551 4730 792 4786 verbum
840 4746 1035 4784 suum.
1072 4729 1212 4794 Quis
1264 4731 1531 4786 emittit?
1565 4735 1712 4786 Deus
1745 4732 1931 4786 Pater.

284 4821 356 4876 Et
384 4821 640 4876 Verbum
673 4821 797 4875 erat
828 4819 979 4889 apud
1016 4818 1222 4887 Deum,
1255 4823 1310 4874 et
1342 4819 1491 4874 Deus
1523 4825 1647 4874 erat
1676 4820 1930 4876 Verbum

281 4909 546 4974 Diximus
563 4910 788 4966 Patrem
809 4925 820 4963 :
839 4907 1096 4962 diximus
1129 4908 1334 4963 Filium
1355 4925 1366 4964 :
1384 4925 1500 4964 non
1532 4925 1848 4980 possumus
1867 4912 1926 4966 in

281 4998 460 5071 duplo
492 5014 740 5056 numero
769 4997 1025 5062 credere,
1059 4996 1172 5051 nisi
1207 4997 1570 5070 compleatur
1601 4997 1876 5054 Trinitas.

357 5107 384 5139 α
416 5086 598 5142 Flavit
647 5087 892 5159 spiritus
930 5085 1080 5158 ejus,
1113 5090 1170 5141 et
1219 5085 1403 5142 ﬂuent
1429 5101 1612 5157 aqum.
1650 5111 1671 5138 ι
1708 5086 1933 5144 Videtis

283 5175 562 5248 quoniam
595 5175 694 5232 ubi
725 5180 917 5247 Pater,
949 5180 1007 5232 et
1036 5174 1291 5232 Verbum
1325 5175 1450 5241 Dei,
1483 5175 1679 5230 statim
1711 5179 1768 5231 et
1797 5177 1930 5249 Spi-

281 5264 430 5325 ritus
444 5266 686 5324 sanctus
707 5266 798 5316 est
814 5280 826 5318 :
844 5262 1163 5319 Videamus
1187 5280 1322 5336 ergo
1338 5264 1408 5318 ab
1433 5263 1601 5319 initio
1615 5264 1766 5335 quod
1788 5264 1928 5319 dici-

281 5359 378 5410 tur
411 5370 422 5409 :
464 5377 483 5400 α
515 5355 579 5407 Et
597 5350 766 5424 adipe
789 5351 1062 5408 frumenti
1080 5352 1255 5408 satiat
1284 5343 1602 5408 te:emittit
1632 5353 1927 5426 eloquium

283 5459 456 5498 suum
509 5444 696 5510 terrae,
757 5440 1032 5495 velociter
1079 5441 1262 5496 currit
1308 5457 1500 5497 sermo
1541 5442 1690 5513 ejus.
1748 5461 1768 5490 α
1821 5442 1930 5496 Re-

286 5537 457 5606 pente
488 5529 625 5604 quid
647 5527 956 5600 sequitur?
978 5555 1001 5578 ‹‹
1033 5530 1138 5594 Qui
1171 5531 1266 5588 dat
1289 5531 1478 5589 nivem
1503 5531 1653 5587 sicut
1675 5531 1929 5587 lanam.»

283 5623 481 5679 Sermo
541 5617 793 5685 Domini,
854 5618 950 5688 qui
1026 5617 1296 5674 velociter
1353 5621 1550 5688 currit,
1615 5622 1698 5675 sic
1758 5622 1931 5677 datur

2049 4643 2250 4699 faciem
2281 4641 2512 4715 frigoris
2549 4643 2678 4713 ejus
2701 4643 2832 4714 quis
2863 4643 3226 4699 sustinebit?
3247 4645 3386 4708 Quae
3409 4651 3701 4704 tormenta

2045 4734 2323 4789 dicuntur
2343 4733 2398 4786 in
2425 4732 2747 4804 Scripturis
2774 4732 2992 4787 sanctis
3018 4735 3304 4804 peccatori
3329 4739 3699 4808 prosperata?

2045 4821 2199 4876 Nihil
2253 4820 2523 4892 gehenna
2575 4820 2822 4876 calidius
2855 4825 2961 4886 est,
2996 4827 3054 4876 et
3098 4826 3296 4878 tamen
3327 4824 3459 4895 ipsa
3490 4826 3700 4899 frigida

2042 4917 2148 4967 est.
2185 4911 2462 4966 Gebenna
2514 4927 2580 4966 ex
2618 4910 2747 4982 igne
2779 4914 2886 4965 est.
2921 4911 3033 4966 Sed
3082 4911 3132 4966 si
3165 4911 3300 4983 quis
3329 4930 3366 4968 a
3409 4913 3699 4971 cbaritate

2043 4999 2392 5072 refrigucrit,
2427 4998 2679 5054 mittitur
2731 4998 2787 5054 in
2820 4997 3099 5071 gehennae
3148 5000 3369 5073 ignem.
3399 5003 3696 5076 Scripth

2041 5093 2132 5145 est
2186 5106 2198 5143 :
2261 5088 2540 5160 quoniam
2588 5087 2647 5143 in
2695 5086 3031 5144 novissimis
3083 5087 3294 5146 diebus
3361 5092 3703 5166 refrigsat

2041 5177 2296 5233 charitas
2353 5175 2675 5236 multorum
2733 5176 2946 5248 (Matth.
3008 5195 3158 5249 xxiv,
3211 5181 3300 5237 12.
3350 5180 3695 5254 Quicunque

2041 5282 2178 5338 ergo
2209 5266 2296 5322 sic
2325 5264 2671 5336 infriguerit,
2703 5265 2813 5322 iste
2844 5265 3098 5322 mittitur
3128 5267 3185 5323 in
3236 5269 3458 5342 ignem.
3494 5270 3694 5328 Domi-

2042 5373 2154 5410 nus
2187 5355 2354 5410 nobis
2413 5359 2646 5426 praestet
2693 5371 2763 5410 ne
2814 5355 3050 5427 quando
3101 5356 3288 5434 frigus
3332 5359 3699 5434 ingrediatur

2041 5445 2216 5498 corda
2247 5447 2446 5498 nostra
2477 5462 2490 5511 ;
2527 5459 2641 5498 non
2674 5459 3007 5514 peccamus,
3039 5445 3152 5501 nisi
3194 5453 3327 5503 ante
3359 5449 3700 5524 refriguerit

2039 5532 2314 5589 Charitas.
2341 5531 2600 5604 Denique
2632 5532 2773 5604 quid
2796 5531 3055 5606 loquitur
3078 5537 3393 5609 Apostolus
3417 5539 3447 5593 ?
3474 5539 3694 5612 Spiritu

2038 5625 2303 5694 ferventes
2349 5623 2526 5693 (Rom.
2584 5638 2688 5692 xu,
2741 5622 2860 5693 11).,
2895 5624 3146 5682 EtDeus
3189 5630 3378 5683 noster
3433 5629 3693 5700 ignis“
