3992 6194
266 352 426 426 1337

1429 374 1927 442 BREVIARIUM
1971 378 2050 444 IN
2093 381 2238 446 PSA
2249 382 2479 447 LMOS.

3528 392 3686 456 {338

267 488 458 561 (Deut.
491 506 567 565 Iv,
599 493 712 567 34).
745 493 810 553 Si
836 512 972 572 ergo
1014 498 1170 559 Deus
1211 509 1410 563 noster
1458 507 1614 581 ignis
1645 517 1735 569 est
1768 530 1781 568 :
1818 530 1921 586 pro
1951 513 1997 581 A
2033 514 2093 574 in
2112 517 2738 592 prmsentiseculo,sed
2758 521 2815 580 in
2834 521 3348 584 futuro.«Lsudate
3365 527 3678 586 Dominum

264 583 473 674 pterea
489 581 644 674 ignis
665 590 772 653 est,
790 592 854 643 ut
875 589 1061 662 frigus
1085 593 1301 651 diaboli
1322 597 1533 669 ejiciat.
1559 603 1771 674 Aquilo
1787 581 1922 662 ven-

262 674 364 726 tus
406 670 852 744 frigidissimus,
882 680 1120 737 nomine
1165 689 1360 742 autem
1411 670 1918 751 Dexter-vocatur.

267 757 526 817 Pulchre
572 762 736 832 dixit,
786 771 1043 825 vocatur.
1091 775 1432 848 Assumpsit
1475 780 1633 837 enim
1671 783 1783 839 sibi
1817 801 1920 841 no-

263 863 425 912 men,
475 865 612 906 cum
661 851 902 910 sinister
930 857 1026 912 sit.
1059 859 1117 914 Si
1150 863 1323 934 cujus
1352 882 1488 938 ergo
1526 869 1727 927 anima
1755 873 1918 929 refri—

260 937 435 1005 xerit,
469 942 536 994 ut
562 941 773 1013 Aquilo
816 950 1021 1003 ventus
1069 937 1490 1023 frigidissimus
1534 963 1643 1016 est.
1678 963 1918 1027 Quando

261 1030 464 1082 autem
495 1028 655 1086 calor
685 1031 988 1092 charitatis
1016 1036 1075 1092 in
1107 1041 1279 1098 corde
1318 1049 1515 1102 nostro
1563 1049 1920 1122 mtrigescit?

259 1114 324 1169 Si
354 1118 700 1188 peccaverit,
732 1120 782 1176 si
813 1123 1120 1195 refrixerit,
1172 1129 1219 1185 si
1272 1137 1540 1191 mortuus
1589 1114 1778 1196 fuerit.
1825 1141 1914 1197 Di-

261 1203 518 1278 ligenter
571 1210 851 1267 attendite
879 1229 1006 1284 quae
1038 1215 1167 1272 dico
1199 1234 1212 1274 :
1247 1219 1307 1275 Si
1339 1223 1642 1294 refrixerit,
1676 1227 1726 1283 si
1755 1245 1916 1286 mor-

260 1296 405 1352 tuus
454 1295 650 1354 fuerit.
700 1300 1092 1374 Refrigescere
1139 1313 1334 1366 autem
1385 1318 1748 1374 mortuorum
1803 1325 1912 1388 est,

261 1381 451 1442 calere
477 1384 821 1446 viventium.
876 1391 933 1446 Si
974 1394 1108 1464 quis
1157 1412 1292 1471 ergo
1343 1401 1649 1470 refrixerit,
1679 1412 1736 1463 et
1765 1381 1915 1466 mox;

258 1474 400 1528 tuus
433 1473 626 1546 fuerit,
661 1476 852 1536 mittet
881 1480 1035 1538 Deus
1064 1486 1308 1544 verbum
1341 1507 1536 1560 suum,
1570 1499 1629 1550 et
1664 1494 1914 1568 liquefa-

259 1559 376 1619 ciet
405 1578 562 1618 eum.
597 1564 884 1624 Dominus
923 1577 1155 1642 praestet
1201 1580 1265 1631 ut
1307 1583 1365 1634 et
1414 1559 1681 1640 nostrum
1725 1559 1914 1659 frigus

257 1648 546 1742 liquetlat,
598 1657 664 1730 ut
719 1657 1061 1728 crystallum
1110 1662 1252 1721 illud
1305 1667 1584 1742 solvatur,
1634 1677 1693 1729 et
1738 1648 1914 1732 molle

257 1738 380 1794 ﬂat.
420 1741 722 1831 -_Emittet
749 1747 995 1806 verbum
1027 1767 1226 1822 suum,
1279 1761 1335 1813 et
1382 1738 1716 1831 liquefaciet
1759 1781 1846 1820 ea.
1881 1789 1909 1815 ‹‹

254 1829 340 1882 Da
370 1827 513 1884 mihi
545 1836 910 1902 peccatorem
939 1853 1118 1909 quem
1150 1827 1592 1904 Dominus—non
1624 1867 1718 1908 res

253 1931 372 1970 non
404 1915 623 1987 habere,
647 1921 922 1990 calorem,
955 1928 1058 1985 sed
1089 1932 1278 1988 totum
1330 1951 1461 1991 esse
1510 1915 1811 2011 frigidum,
1857 1948 1915 1999 et

253 2007 576 2062 mortuum.
609 2008 668 2064 Si
699 2011 772 2068 ad
812 2029 1143 2074 sermonem
1196 2020 1299 2076 Dei
1351 2007 1741 2096 compunctus
1791 2007 1913 2086 fue-

252 2091 350 2159 rit,
409 2098 468 2149 et
523 2098 762 2178 emperit
821 2118 996 2174 agere
1058 2091 1502 2182 pmnitentiam;
1543 2119 1602 2170 et
1663 2117 1912 2176 durissi-

252 2197 418 2238 mum
450 2173 744 2243 cor'illius
774 2173 1106 2250 emollitum
1139 2196 1337 2263 fuerit,
1369 2216 1435 2256 eo
1465 2206 1729 2276 tempore
1754 2223 1913 2263 com-

250 2268 446 2342 pletur
495 2290 573 2329 εα
619 2275 861 2334 Emittet
913 2281 1156 2340 verbum
1211 2303 1412 2356 suum,
1468 2297 1528 2346 et
1581 2268 1916 2366 liquefaciet

253 2360 647 2429 eas,»Emittit
665 2368 836 2422 Pater
855 2384 867 2421 :
884 2368 1142 2428 Verbum
1163 2375 1417 2434 mittitur
1437 2396 1449 2433 :
1469 2360 1914 2456 ungit-Spiritus

253 2452 518 2504 sanctus.
544 2473 571 2500 «
608 2451 796 2510 Flavit
825 2456 1073 2528 spiritus
1103 2463 1266 2532 ejus;
1302 2487 1332 2514 »
1360 2451 1581 2540 spiritu
1601 2451 1910 2531 ferventes.

250 2535 459 2629 frigus
499 2555 614 2629 non
654 2540 980 2616 expellitur,
1029 2549 1146 2607 nisi
1202 2535 1676 2629 calore—Spiritus
1703 2563 1911 2619 sancti.

248 2621 357 2679 Ubi
388 2629 528 2682 sunt
559 2628 932 2701 Eunomiani,
968 2636 1068 2693 ubi
1097 2640 1322 2708 Ariani,
1356 2621 1911 2718 ubi-Macedoniam,

247 2711 353 2783 qui
381 2713 588 2771 dicunt
617 2718 908 2789 Spiritum
941 2730 1210 2792 sanctum
1268 2747 1387 2788 non
1437 2739 1732 2793 numerari
1777 2756 1911 2796 cum

244 2799 417 2858 Patre
437 2808 496 2858 et
520 2804 665 2896 Filio
685 2807 713 2862 ‘2
742 2808 898 2866 Deus
919 2813 1090 2871 Pater
1111 2818 1288 2874 mittit
1313 2837 1325 2875 :
1352 2821 1609 2880 Verbum
1635 2827 1909 2896 mittitur,

245 2892 304 2943 et
354 2893 550 2947 tamen
610 2894 782 2965 plena
837 2901 1066 2958 sanitas
1123 2921 1237 2962 non
1308 2913 1417 2981 est,
1480 2913 1596 2969 nisi
1653 2892 1912 2987 Spiritus

246 2981 495 3034 sanctus
540 2981 781 3040 ﬂaverit.
816 3008 844 3036 α
893 2988 1078 3048 Flavit
1121 2995 1376 3066 spiritus
1421 3001 1573 3072 ejus,
1623 2981 1911 3062 et-fluent

245 3081 428 3155 aquae.
465 3090 493 3117 »
527 3070 706 3141 Aquae
741 3089 869 3145 quas
898 3084 1036 3133 ante
1065 3081 1223 3138 duras
1264 3070 1464 3155 erant,
1490 3089 1696 3147 molles
1745 3094 1904 3150 ﬂent.

243 3152 351 3216 Qui
386 3160 524 3212 ante
562 3157 861 3252 justitiam
909 3167 1113 3224 audire
1160 3172 1248 3227 vel
1298 3152 1449 3232 dare
1491 3194 1605 3234 non
1655 3186 1907 3252 poterat,

2030 606 2102 662 de
2133 606 2310 664 cmlis.
2346 629 2372 661 ι
2408 610 2514 676 Qui
2545 611 2688 668 estis
2717 611 2777 668 in
2807 613 2989 680 calis,
3022 615 3122 687 qui
3151 616 3292 673 estis
3322 617 3382 672 in
3409 617 3674 687 excelsis,

2030 695 2298 754 claudate
2326 715 2460 755 eum
2493 701 2551 756 in
2585 702 2847 758 excelsis.
2878 727 2907 756 »
2938 705 3185 773 Excelsi,
3217 706 3451 764 laudate
3484 708 3676 764 Excel-

2030 802 2185 843 sum.
2217 791 2346 845 Non
2377 789 2525 846 dixit
2554 790 2882 850 humilibus
2911 797 2968 850 et
2995 796 3270 852 deorsum
3303 796 3528 869 positis,
3552 797 3675 854 lau-

2029 875 2164 932 date
2195 895 2208 932 :
2245 879 2346 934 sed
2377 896 2478 936 vos
2509 882 2610 954 qui
2642 881 2700 938 in
2733 882 2974 940 sublimi
3007 885 3170 942 estis.

2100 984 2358 1042 Laudate
2386 1003 2545 1057 eum,
2577 1005 2782 1046 omnes
2813 991 3002 1064 angeli
3034 993 3180 1063 ejus.
3209 1014 3236 1042 ι)
3265 991 3442 1050 Vides
3467 995 3526 1050 in
3558 1011 3674 1067 quo

2026 1073 2211 1144 gradu
2271 1079 2410 1132 sunt
2466 1076 2700 1149 angeli?
2769 1079 3032 1136 Primum
3103 1081 3299 1139 throni
3374 1083 3668 1142 dicuntur.

2027 1160 2266 1233 Throni,
2292 1165 2479 1222 sedes.
2512 1167 2636 1222 Non
2658 1172 2935 1242 putemus
2958 1170 3266 1228 cathedras
3287 1188 3435 1239 esse,
3451 1172 3510 1228 in
3542 1174 3672 1248 qui-

2025 1251 2137 1308 bus
2158 1251 2313 1310 Deus
2335 1255 2564 1311 sedeat:
2591 1259 2689 1313 sed
2713 1257 2957 1315 virtutes
2978 1258 3206 1332 aliquas
3229 1260 3287 1316 in
3313 1261 3672 1328 caelestibus,

2025 1339 2082 1395 in
2099 1340 2315 1412 quibus
2327 1343 2480 1400 Deus
2498 1345 2698 1402 sedeat
2714 1349 3142 1421 semper,quasi
3165 1349 3224 1405 in
3239 1350 3522 1423 quadriga
3543 1367 3672 1408 sua.

2025 1430 2319 1488 «Laudate
2338 1449 2705 1501 eum,omnes
2727 1435 2920 1509 angeli
2942 1439 3123 1510 ejus.»
3149 1438 3256 1504 Qui
3287 1439 3534 1513 angelus
3563 1445 3673 1513 est,

2023 1517 2603 1594 laudatzquidzsmon
2626 1528 2734 1596 est,
2755 1524 2996 1583 laudare
3018 1545 3134 1584 non
3158 1528 3672 1601 potest.«Laudate

2023 1623 2391 1680 eum,omnes
2419 1611 2662 1669 virtutes
2687 1615 2836 1685 ejus.
2874 1638 2901 1665 ››
2932 1616 3077 1681 Quia
3103 1616 3174 1673 ad
3206 1618 3410 1676 laudes
3437 1615 3540 1675 Dei
3571 1635 3675 1675 an-

2022 1697 2184 1769 gelos
2217 1700 2682 1770 provocavimus,
2718 1708 2775 1760 et
2803 1704 2978 1761 homo
3009 1711 3354 1763 cunctarum
3393 1707 3675 1764 virtutum

2023 1802 2235 1843 nomen
2269 1789 2416 1845 scire
2461 1807 2578 1846 non
2628 1795 2837 1864 potest,
2871 1794 3221 1867 generaliter
3250 1795 3378 1852 dico
3413 1813 3426 1852 :
3461 1819 3490 1847 «
3523 1797 3674 1860 Lau-

1721 1853 1864 1925 llicit
1949 1883 1990 1948 Β
2021 1874 2153 1930 date
2200 1891 2360 1944 eum,
2392 1894 2596 1936 omnes
2629 1853 2906 1938 .virtutesu
2933 1884 3081 1954 ejus.
3119 1906 3146 1934 »
3181 1885 3346 1942 Hunc
3385 1857 3674 1959 usqueide

2021 1963 2765 2026 invisibilibus.»Laudate
2795 1988 2929 2027 eum
2975 1974 3075 2044 qui
3133 1974 3274 2030 estis
3321 1974 3676 2032 invisibiles.

2023 2053 2086 2107 In
2118 2051 2374 2111 visibilis.
2412 2055 2709 2114 humanus
2775 2059 2982 2117 oculus
3021 2079 3136 2118 non
3178 2067 3368 2134 potest
3430 2064 3678 2121 intueri.

2027 2140 2192 2198 Nunc
2221 2144 2379 2200 venit
2408 2145 2480 2201 ad
2522 2151 2821 2205 creaturas
2853 2166 3000 2221 quas
3031 2151 3216 2208 oculis
3245 2153 3565 2210 cernimus.

2098 2272 2125 2299 ‹‹
2161 2250 2417 2308 Laudate
2445 2269 2601 2325 eum,
2635 2254 2720 2311 sol
2752 2260 2809 2312 et
2837 2256 2999 2313 luna.
3032 2281 3060 2309 »
3093 2259 3321 2326 Videte,
3373 2260 3624 2333 gentiles
3659 2279 3671 2318 :

2021 2337 2229 2406 videte,
2289 2341 2614 2399 Manichaai.
2675 2343 2771 2401 Sol
2845 2344 3066 2415 laudat,
3127 2365 3244 2404 non
3302 2350 3599 2411 Laudatur
3658 2368 3670 2408 :

2023 2447 2051 2475 «
2085 2426 2341 2482 Laudate
2385 2445 2543 2496 eum,
2595 2430 2679 2487 sol
2732 2437 2792 2489 et
2835 2433 2993 2491 luna.
3042 2455 3069 2486 ι
3128 2439 3242 2493 Vos
3281 2437 3466 2494 solem
3496 2439 3672 2498 deum

2023 2513 2239 2572 dicitis.
2269 2517 2411 2575 Ecce
2443 2523 2575 2591 post
2604 2525 2828 2592 quanta
2858 2521 3078 2580 laudat.
3116 2547 3144 2575 ‹‹
3177 2525 3436 2584 Laudate
3479 2529 3675 2588 Domi-

2022 2619 2163 2659 num
2196 2605 2268 2660 de
2297 2605 2748 2676 coelis;laudate
2799 2629 2934 2670 eum
2983 2613 3044 2670 in
3093 2615 3357 2673 excelsis.
3415 2617 3671 2676 Laudate

2023 2707 2183 2760 eum,
2233 2711 2438 2753 omnes
2469 2698 2657 2771 angeli
2689 2701 2838 2771 ejus.
2873 2702 3130 2762 Laudate
3157 2721 3312 2773 eum,
3336 2721 3542 2764 omnes
3565 2707 3676 2772 vir-

2023 2785 2178 2838 tutes
2207 2784 2355 2854 ejus.
2389 2808 2416 2836 »
2452 2791 2605 2842 Deus
2634 2793 2826 2846 vester
2872 2790 2927 2845 in
2971 2791 3177 2862 quinto
3209 2795 3397 2866 gradu
3429 2793 3680 2856 laudans

2023 2871 2282 2940 ponitur.
2319 2897 2345 2922 «
2381 2875 2637 2933 Laudate
2685 2895 2842 2947 eum,
2876 2879 2963 2938 sol
2995 2885 3050 2938 et
3079 2880 3241 2938 luna.
3273 2905 3302 2932 η
3339 2881 3463 2939 Non
3509 2884 3674 2956 dixit,

2016 2957 2158 3015 luna
2187 2964 2244 3015 et
2275 2961 2362 3018 sol
2393 2981 2406 3018 :
2440 2964 2563 3031 sed,
2606 2967 2687 3022 sol
2729 2972 2779 3024 et
2827 2970 2988 3026 luna.
3021 2970 3183 3036 Quod
3228 2972 3424 3043 majus
3473 2973 3534 3030 in
3584 2973 3673 3030 lu-

2018 3047 2174 3104 mine
2205 3054 2316 3116 est,
2349 3051 2513 3124 prius
2544 3052 2761 3112 laudat.
2797 3057 3002 3115 Videte
3040 3060 3304 3118 ordinem
3353 3060 3675 3122 visibilium

2019 3156 2046 3183 ‹‹
2078 3136 2334 3195 Laudate
2364 3140 2543 3208 enim,
2576 3143 2693 3210 sol;
2729 3169 2751 3197 ι
2791 3153 2921 3218 post
2950 3146 3156 3216 solem,
3189 3148 3372 3217 luna;
3407 3155 3539 3222 post
3581 3150 3670 3214 lu-

242 3241 354 3304 ίείε
405 3261 563 3302 nunc
615 3248 944 3322 discipulus
1000 3261 1110 3314 est.
1155 3231 1444 3323 Quoniam
1494 3231 1980 3330 ,ίιῐεηῖῖιῌιὶῑιζο
2019 3241 2178 3330 ξητῑιν
2211 3249 2238 3276 “
2272 3245 2476 3330 οωτὲθε
2521 3231 2721 3330 sit"?
2776 3257 2803 3282 ”
2856 3235 3242 3330 Munium
3282 3237 3524 3330 ιμοίτςτί
3559 3257 3675 3297 non

241 3329 419 3388 locuti
453 3350 685 3407 sumus,
717 3343 776 3395 et
805 3357 932 3412 quae
965 3353 1320 3418 sequuntur,
1375 3354 1688 3412 manifesta
1715 3365 1857 3415 sunt

241 3435 477 3496 oremus
510 3424 848 3499 Dominum,
884 3436 949 3487 ut
979 3439 1179 3492 nostra
1225 3439 1443 3498 duritia
1491 3445 1819 3514 mollescat,
1850 3449 1912 3504 et

242 3513 699 3609 nostrapeccata
720 3525 1144 3609 purgentur,ut
1167 3528 1502 3588 efficiamur
1523 3535 1693 3606 quasi
1715 3535 1904 3609 ignis:

240 3599 304 3652 ut
336 3599 614 3689 et‘frigus
643 3604 888 3676 diaboli,
920 3613 1336 3688 quodcumque
1380 3625 1491 3689 est,
1539 3599 1597 3678 in
1632 3599 1906 3683 cordibus

236 3687 477 3780 nostris,
501 3691 848 3762 expellatur,
880 3703 937 3755 et
968 3687 1270 3762 calcamus
1298 3687 1521 3780 Spiritu
1553 3717 1775 3769 sancto.
1805 3715 1905 3772 Est

236 3774 457 3874 quippe
477 3782 535 3832 et
565 3780 756 3874 malus
787 3785 968 3842 calor.
999 3793 1219 3850 Omnes
1249 3774 1674 3868 adulterantes,
1729 3806 1900 3874 quasi

226 3860 508 3953 clibanus
536 3868 715 3924 corda
743 3885 944 3930 eorum
977 3881 1144 3945 (Osee
1169 3898 1268 3951 vu,
1299 3885 1370 3953 4).
1405 3886 1515 3942 Sed
1573 3860 1672 3944 ille

234 3947 427 4049 calore
461 3952 722 4049 Spiritus
751 3962 941 4018 sancti
981 3947 1310 4037 expellitur.
1336 3947 1448 4028 'Cui
1479 3975 1556 4031 sit
1596 3975 1784 4049 gloria
1824 3947 1895 4037 in

234 4036 444 4098 saecula
475 4041 851 4103 mulorum.
885 4036 1086 4108 Amen.

735 4136 1070 4198 PSALMUS
1107 4145 1386 4204 CXLVIII.

230 4197 742 4303 Αλέξξξςτζεξηλέιρξξ
773 4217 836 4303 :3
1264 4197 1712 4303 ἰὲὶέ..ρεαιωυε
1772 4229 1888 4286 duo

297 4267 543 4372 esse
567 4267 748 4372 ἓξὲξξὲ
772 4278 832 4372 i3:
863 4267 1724 4372 tum!43003531533355
1748 4267 1888 4372 <13?"-

343 4339 355 4351 .
488 4341 501 4354 .
608 4344 621 4358 ⁹
667 4330 708 4332 ν-
731 4330 741 4332 -
772 4330 832 4336 νη
869 4330 1032 4341 ---υ-ιν
1075 4330 1131 4343 νυ
1158 4330 1267 4346 μνυ
1297 4330 1467 4350 usqu
1495 4330 1724 4368 γυκιυυ.
1748 4330 1885 4372 ιίυυ·

298 4355 548 4433 primum
564 4346 752 4433 titulo
783 4351 902 4408 sint
921 4330 1367 4433 psalmiposita.
1393 4364 1549 4423 Scire
1571 4374 1767 4426 autem
1791 4371 1885 4427 de-

299 4411 534 4513 ξῗξξιὲεέυ
558 4411 1064 4513 ἕξοιὲίδτξλνὲυαξ.
1079 4411 1315 4513 silenis
1335 4436 1408 4513 de.
1428 4437 1541 4493 ﬁne
1567 4411 1884 4513 ευόοτίοτίε

539 4481 652 4582 fat
699 4489 940 4582 ‘aliud
991 4481 1541 4582 alleliuia—in‘itviulmv

2022 3317 2251 3371 tantum
2285 3319 2537 3391 majores
2563 3319 2874 3389 stellae,sed
2908 3325 3164 3384 minores
3196 3325 3413 3399 pariter
3434 3327 3682 3392 laudent

2021 3401 2357 3460 Dominum.
2400 3407 2565 3463 Dicat
2619 3409 2833 3484 aliquis
2888 3429 2902 3466 :
2951 3414 3252 3478 Quomodo
3281 3415 3389 3484 sol,
3425 3421 3482 3472 et
3509 3416 3674 3486 luna,

2019 3494 2075 3545 et
2105 3491 2283 3549 stella:
2326 3494 2570 3553 laudant
2617 3501 2842 3562 Deum?
2872 3502 2932 3558 In
2982 3519 3047 3560 eo
3092 3505 3248 3576 quod
3281 3522 3314 3566 a
3343 3522 3448 3566 suo
3480 3507 3670 3566 officio

2017 3582 2074 3634 et
2104 3582 2337 3638 servitio
2368 3602 2484 3641 non
2516 3588 2815 3646 recedunt.
2853 3591 3168 3650 Servitium
3223 3593 3512 3668 ipsorum,
3540 3595 3672 3657 laus

2014 3668 2110 3724 Dei
2144 3675 2250 3726 est.
2286 3672 2577 3730 Grandem
2609 3675 2888 3735 honorem
2920 3679 3122 3748 habes,
3155 3682 3416 3740 humana
3440 3684 3658 3748 anima.

2012 3757 2130 3828 Sol,
2163 3763 2220 3814 et
2249 3759 2410 3829 luna,
2440 3767 2496 3819 et
2527 3764 2706 3821 stellae
2751 3784 2853 3839 pro
2902 3774 2960 3826 te
3011 3776 3274 3838 currunt,
3309 3790 3411 3845 pro
3452 3779 3507 3832 te
3539 3792 3659 3834 ser-

2008 3845 2195 3901 viunt.
2228 3849 2456 3922 Angeli,
2507 3852 2745 3922 'l‘hroni,
2793 3857 3228 3918 Dominationes
3275 3878 3392 3918 non
3441 3862 3660 3923 habent

2008 3933 2191 3990 solem
2226 3941 2644 4010 necessarium,
2668 3961 2784 4000 non
2827 3945 3051 4016 lunam,
3077 3965 3196 4006 non
3218 3949 3438 4008 stellas.
3473 3956 3659 4024 Super

2003 4021 2187 4079 solem
2218 4025 2374 4082 enim
2398 4032 2454 4084 et
2482 4028 2685 4088 lunam
2717 4039 2858 4092 sunt
2890 4035 2948 4090 in
2981 4035 3334 4095 coelestibus.
3368 4038 3463 4098 Sol
3496 4021 3653 4096 enim

2001 4113 2058 4167 et
2081 4111 2242 4181 luna,
2265 4119 2321 4171 et
2351 4117 2531 4172 stella:
2564 4125 2798 4194 propter
2827 4140 2933 4179 nos
2964 4129 3104 4180 sunt
3136 4143 3148 4181 :
3183 4127 3352 4184 nobis
3373 4128 3651 4186 serviunt.

1999 4198 2152 4258 Dicit
2181 4208 2238 4258 et
2265 4205 2624 4276 Apostolus:
2667 4210 2823 4280 quod
2871 4211 3002 4284 ipsa
3047 4217 3312 4276 creatura
3355 4217 3653 4290 congemi-

1997 4288 2126 4357 scit,
2161 4294 2218 4346 et
2247 4293 2502 4362 parturit
2530 4294 2589 4350 in
2621 4294 2965 4358 liberatione
3009 4318 3307 4361 servorum
3340 4305 3441 4364 Dei
3475 4288 3648 4377 (Rom.

1994 4394 2118 4444 VIII,
2151 4379 2264 4449 2'2).
2295 4380 2538 4443 Quando
2595 4389 2792 4441 autem
2826 4387 2930 4448 filii
2957 4388 3063 4448 Dei
3091 4397 3380 4466 assumpti
3412 4395 3649 4464 fuerint,

1993 4468 2052 4521 et
2097 4464 2228 4538 ipsa
2277 4474 2549 4527 creatura
2590 4473 2661 4530 de
2710 4473 2820 4532 hoc
2870 4478 3104 4538 servitio
3152 4464 3453 4540 liberatur.
3484 4485 3651 4543 Dicat

984 4531 1246 4673 sum.
1288 4531 1882 4665 ιίῖέιξξξμεεῖξεξξέέξ
1918 4622 1959 4673 η
3129 4569 3458 4673 mw
3495 4575 3650 4673 99°-

312 4663 325 4673 ,
433 4666 444 4673 ι
521 4663 549 4673 .-
644 4646 861 4673 innmm
897 4653 1100 4673 nmnnn
1124 4659 1224 4673 νυνι
1257 4662 1330 4673 ..η-
1363 4663 1458 4673 η...
1498 4667 1550 4673 -._
1589 4669 1771 4673 _____,
1829 4657 1838 4667 -
1993 4658 2086 4673 mn
2133 4661 2162 4673 Α
2223 4661 2334 4673 η..-
2466 4666 2594 4673 ..Α-μ

295 4622 353 4680 et
383 4624 553 4695 scire,
627 4631 864 4690 uoniam
897 4622 1573 4718 omdag"bgzi,gi'§;i“fn"
1911 4622 1959 4687 Π
1993 4622 2164 4700 modo
2199 4643 2384 4702 luna?
2414 4650 2716 4713 Quomodo
2748 4653 2927 4712 stellae
2959 4645 3320 4716 liberantur?
3351 4663 3462 4720 Sed
3501 4662 3652 4720 libe-

295 4694 512 4777 hagbenj'
541 4644 797 4777 αῧείᾳίαφ
830 4711 885 4762 et
917 4708 997 4777 in,
1031 4711 1146 4769 fine
1177 4714 1449 4774 habeant.
1487 4669 1652 4777 Mur“
1677 4732 1875 4777 autem
1995 4735 2171 4777 rainrx
2211 4751 2282 4777 na
2312 4737 2546 4777 .Ianmnq
2599 4741 2787 4777 υἰιιουι
2842 4761 2853 4773 .
2907 4762 3010 4777 nm.
3055 4749 3302 4777 mum..-
3359 4768 3460 4777 ..-η
3493 4750 3619 4777 Li..-

659 4701 797 4783 luta,
830 4711 892 4783 et_
917 4708 1005 4783 in,
1031 4701 1146 4769 rmé
1177 4701 1460 4774 habeant.
1487 4701 1876 4783 ii'ulti'aidiéiﬁ

295 4771 506 4892 ﬂutant
531 4773 810 4852 quoniam
842 4771 1087 4859 alterius
1127 4771 1878 4874 psalmi:npriii'cip'i'u-rr‘i~

346 4855 418 4892 OD
451 4847 541 4892 est
569 4848 668 4892 lia-
704 4848 804 4892 and
857 4850 952 4892 111.
995 4855 1262 4892 ηιαΙ-ιηιια
1319 4877 1416 4892 η...
1469 4879 1524 4892 ...-
1590 4867 1874 4892 ___'__:_:-

346 4855 418 4942 οἱ)
441 4847 541 4942 ‘est
569 4847 676 4942 ita;
704 4848 805 4926 sed
857 4850 952 4929 ille
995 4847 1286 4942 psalmusn
1319 4847 1418 4942 qu‘i
1469 4847 1547 4942 in
1568 4847 1879 4942 principio

286 4907 462 4997 habet
537 4907 828 4997 alleluia,‘
861 4907 1879 4997 ipsereti—iri'hnjeuhabstFl-lgc’“to:

297 4987 421 5040 tum
452 4998 634 5108 quare
667 4988 830 5046 dixi?
864 4987 948 5076 Ut.
965 4997 1165 5079 sciatis
1197 4987 1375 5072 quare
1403 4987 1880 5084 {61516133180

297 5051 406 5108 duo
437 5070 466 5107 ε
495 5053 672 5108 lelma
702 5069 1009 5108 nmnnmin
1043 5074 1157 5108 amt

289 5051 406 5109 duo
437 5051 672 5114 alleluia
701 5063 1015 5135 pmposita
1042 5051 1180 5126 sint.

295 5158 317 5187 ι
351 5143 610 5230 Laudate
639 5146 957 5209 Dominum
1007 5155 1079 5212 de
1125 5159 1286 5218 caelis
1318 5179 1329 5219 :
1364 5162 1598 5223 laudate
1647 5186 1785 5230 eum
1818 5171 1878 5230 in

220 5229 478 5319 excelsis.
508 5236 594 5292 Ad
626 5235 862 5298 laudem
889 5242 1014 5318 Dei,
1043 5247 1168 5307 sola
1196 5249 1504 5311 hominum
1527 5263 1739 5317 natura
1759 5279 1876 5319 non

223 5318 454 5388 sufﬁcit,
479 5323 811 5397 jungantur
839 5335 898 5386 et
921 5331 1069 5390 cali.
1096 5359 1121 5386 «
1165 5337 1424 5398 Laudate
1455 5345 1772 5403 Dominum
1805 5318 1876 5404 de

225 5406 397 5497 caelis.
433 5431 462 5459 »
493 5410 622 5468 Non
654 5413 818 5485 dixit,
853 5418 1107 5492 laudate,
1140 5427 1299 5497 cceli;
1341 5431 1442 5486 sed
1493 5449 1593 5488 vos
1639 5433 1876 5492 laudate

225 5495 320 5590 qui
348 5498 582 5590 estisgin
614 5502 796 5590 cmlis,
828 5506 939 5563 hoc
969 5516 1078 5582 est,
1113 5517 1210 5587 qui
1255 5495 1533 5576 habitatis
1583 5521 1640 5576 in
1689 5523 1870 5590 cmlis,

226 5583 435 5684 throni,
478 5588 928 5684 dominationes,
982 5583 1316 5676 potestates,
1368 5610 1686 5684 seraphim,
1737 5583 1870 5670 che-I

225 5673 497 5742 rubim,et
525 5691 697 5737 omne
728 5701 938 5744 nomen
972 5673 1127 5768 quod
1169 5673 1649 5775 nominaturlnon
1677 5703 1868 5764 solum

1555 5781 1584 5816 Δ

1995 4735 2174 4798 ratur,
2211 4751 2283 4790 ne
2312 4737 2547 4794 Judaeos
2599 4741 2791 4799 videat
2841 4761 2853 4798 :
2907 4762 3011 4802 nec
3053 4749 3324 4821 gentiles,
3358 4768 3462 4808 nec
3493 4750 3646 4808 blas-

1992 4820 2338 4892 phemantes
2371 4826 2685 4890 Dominum
2717 4849 2914 4890 suum.
2951 4820 3122 4892 Videt
3171 4839 3511 4910 parricidas,
3545 4858 3649 4897 ve-

1994 4910 2092 4965 det
2137 4910 2491 4982 homicidas,
2525 4923 2582 4974 et
2614 4923 2810 4978 tamen
2855 4922 3032 4979 servit
3080 4924 3325 5000 imperio
3371 4929 3499 5000 ejus
3547 4930 3648 5002 qui

1982 4997 2186 5067 jussit.
2220 4999 2421 5057 Solem
2455 5003 2612 5060 enim
2641 5022 2815 5064 suum
2841 5009 2978 5065 oriri
3013 5010 3149 5068 facit
3168 4997 3346 5085 super
3365 4997 3650 5086 justas—et

1991 5083 2206 5158 impios
2241 5087 2450 5161 (Matth.
2483 5109 2538 5160 v,
2571 5094 2680 5166 45).
2705 5120 2732 5145 ι(
2770 5097 3024 5154 Laudate
3051 5118 3207 5168 cum,
3241 5083 3446 5160 omnes
3466 5103 3642 5162 stellae

1987 5178 2044 5230 et
2095 5173 2315 5233 lumen.
2353 5201 2380 5228 »
2425 5179 2590 5237 Dicat
2635 5181 2879 5257 aliquis;
2929 5186 3089 5251 Quod
3138 5194 3228 5246 est
3272 5190 3468 5251 lumen
3517 5192 3644 5252 sine

1987 5263 2130 5332 sole,
2165 5264 2289 5321 sine
2321 5267 2533 5337 stellis,
2560 5270 2686 5328 sine
2715 5272 2894 5330 luna?
2922 5275 3122 5334 Dicere
3153 5283 3643 5355 possumusinter

1987 5358 2215 5411 noctem
2247 5360 2303 5412 et
2331 5355 2510 5425 diem,
2542 5360 2630 5415 vel
2682 5361 2836 5417 inter
2885 5363 3040 5420 diem
3091 5373 3152 5422 et
3194 5373 3446 5440 noctem,
3481 5372 3642 5444 quod

2001 5440 2224 5514 absque
2253 5443 2375 5502 sole
2407 5445 2597 5504 lucet:
2623 5447 2758 5505 licet
2789 5452 2961 5507 multi
2992 5460 3198 5526 putent
3228 5457 3422 5530 ipsum
3454 5440 3646 5532 splen-

1983 5529 2181 5586 dorem
2235 5532 2379 5588 solis
2427 5551 2574 5591 esse.
2625 5537 2857 5593 Dicitur
2890 5557 2902 5596 :
2937 5566 2962 5590 ‹‹
3020 5529 3274 5603 Laudate
3322 5563 3479 5613 eum,
3519 5563 3644 5602 om-

1984 5635 2086 5676 nes
2114 5619 2291 5678 stellm
2322 5628 2379 5679 et
2409 5623 2628 5682 lumen.
2665 5650 2695 5678 »
2729 5629 2795 5686 Ut
2828 5635 3120 5703 quomodo
3151 5636 3222 5692 de
3251 5636 3681 5735 invisibilibus‘

1984 5708 2202 5735 ἐξελ-..ι
2267 5712 2571 5735 ,,'-_-._1-1_
2618 5733 2698 5735 μη
3059 5723 3070 5733 ο
3113 5730 3121 5735 ,
3182 5729 3189 5735 .
3325 5726 3336 5735 .
3504 5725 3514 5735 .

1981 5708 2224 5782 dixerat,
2261 5734 2289 5761 «
2322 5712 2576 5772 Laudate
2609 5733 2765 5789 eum,
2793 5735 2997 5778 omnes
3020 5723 3264 5782 virtutes
3284 5726 3442 5796 ejus;
3468 5725 3551 5783 sic
3582 5743 3613 5782 e
3651 5708 3674 5750 ³
