3992 6194
269 375 425 441 1339

267 513 339 568 de
368 508 700 567 visibilibus
731 509 912 576 dicat,
929 507 1162 566 laudate
1192 523 1528 577 eum,omne
1548 507 1702 581 quod
1734 503 1910 573 lucet,
1942 500 1996 566 A

337 623 366 649 ‹‹
396 599 655 655 Laudate
702 615 859 665 eum,
910 598 1037 655 coeli
1082 597 1382 655 caelorum.
1417 618 1445 647 »
1494 595 1691 654 Plures
1739 594 1912 651 caelos

264 680 539 736 dicimus.
573 678 835 751 Denique
865 679 1173 750 Apostolus
1205 694 1393 750 usque
1423 679 1494 734 ad
1527 677 1764 734 tertium
1801 693 1912 732 cce-

263 768 389 824 lum
421 771 652 840 raptum
686 785 749 823 se
784 784 912 823 esse
955 767 1096 824 dicit
1147 768 1220 839 (II
1265 767 1386 824 Cor.
1438 784 1537 836 xu,
1587 766 1663 837 2).
1715 765 1916 820 Videte

264 858 446 931 igitur
495 861 754 929 quantus
809 856 1000 929 fulgor
1047 860 1154 924 est,
1203 861 1270 912 ut
1317 855 1528 912 coelum
1559 855 1686 911 coeli
1719 853 1812 910 sit.
1847 855 1916 910 Et

265 951 473 1004 caetera
501 964 627 1019 quae
658 950 1006 1018 sequuntur,
1039 946 1183 1002 dixit
1212 946 1283 1001 de
1313 945 1664 1001 visibilibus.

340 1057 368 1086 «
398 1035 546 1100 Quia
575 1035 700 1106 ipse
731 1035 898 1102 dixit,
951 1038 1008 1090 et
1053 1035 1205 1091 facta
1234 1038 1391 1090 sunt.
1426 1035 1524 1090 Dei
1548 1033 1804 1106 jussisse
1834 1034 1912 1088 fe-

264 1124 416 1181 cisse
463 1120 582 1191 est;
634 1125 762 1195 ejus
808 1123 1122 1197 imperium
1162 1123 1384 1180 fabrica
1415 1127 1522 1180 est.
1557 1147 1584 1173 ‹‹
1618 1123 1764 1189 Quia
1793 1121 1918 1194 ipse

265 1213 432 1284 dixit,
460 1217 518 1269 et
551 1213 701 1268 facta
731 1217 887 1279 sunt,
905 1214 1230 1269 secundum
1261 1212 1404 1268 illud
1439 1213 1591 1285 quod
1616 1212 1674 1266 in
1707 1211 1915 1268 Genesi

267 1304 549 1375 scriptum
581 1307 670 1358 est
703 1320 715 1357 :
751 1303 819 1358 Et
848 1301 996 1358 dixit
1023 1303 1201 1366 Deus,
1233 1307 1291 1358 et
1319 1301 1454 1357 fecit
1483 1301 1636 1357 Deus
1667 1301 1820 1373 (Gen.
1876 1317 1914 1366 1,

264 1394 319 1458 3,
352 1394 406 1458 6,
439 1395 594 1460 etc.).
629 1395 748 1447 Hoc
774 1396 883 1457 est,
917 1391 1064 1447 dixit
1094 1391 1248 1448 Deus
1288 1391 1484 1459 Pater;
1537 1391 1673 1446 fecit
1714 1389 1914 1445 Filius.

266 1481 431 1539 Dicat
475 1481 736 1553 aliquis:
772 1483 919 1554 Ergo
971 1482 1159 1552 major
1206 1485 1296 1536 est
1341 1479 1438 1535 ille
1482 1479 1583 1550 qui
1623 1479 1816 1550 jubet,
1865 1481 1920 1534 et

265 1570 457 1626 minor
486 1575 574 1625 est
603 1569 712 1626 iste
742 1571 834 1625 cui
859 1569 1342 1641 jubetur.Dicunt
1361 1569 1470 1625 hoc
1492 1567 1920 1633 Ariani,dicunt

266 1659 374 1715 hoc
404 1658 776 1724 Eunomiani,
811 1662 867 1712 et
894 1657 1095 1712 dicunt
1126 1653 1918 1726 Macedoniani.Respondeo

266 1746 376 1803 tibi
421 1748 746 1803 secundum
797 1763 1037 1818 sensum
1086 1750 1255 1801 tuum
1291 1746 1381 1801 :0
1413 1745 1700 1816 baeretice,
1751 1743 1917 1809 dicis,

270 1837 458 1907 major
497 1839 587 1891 est
635 1836 804 1891 Pater
833 1835 934 1907 qui
957 1836 1185 1907 jubeat,
1220 1839 1278 1890 et
1310 1834 1501 1890 minor
1528 1839 1618 1891 est
1648 1834 1827 1894 Eilius
1858 1833 1917 1888 in

268 1939 335 1980 eo
367 1925 520 1996 quod
549 1924 834 1995 jubeatur
865 1924 936 1978 ab
979 1922 1166 1979 illo.Si
1194 1923 1301 1980 hoc
1323 1924 1648 1980 secundum
1675 1939 1916 1979 sensum

267 2013 596 2069 humanum
631 2013 846 2084 accipis
881 2029 893 2069 :
928 2013 1214 2084 responde
1247 2012 1412 2081 mihi,
1437 2013 1577 2084 quid
1604 2016 1693 2068 est
1723 2012 1917 2082 majus

261 2103 570 2174 jubere,an
595 2103 820 2160 facere?
840 2102 977 2158 Dico
1003 2120 1015 2157 :
1041 2101 1143 2158 fiat
1169 2103 1465 2172 domus,et
1491 2100 1643 2157 alius
1664 2101 1801 2156 facit
1823 2101 1922 2156 do-

271 2209 456 2248 mum.
477 2193 677 2248 Dicere
711 2191 853 2247 nihil
874 2192 1095 2264 grande
1115 2196 1226 2257 est,
1251 2192 1438 2247 facere
1456 2189 1709 2246 difficile.
1736 2190 1921 2260 Major

263 2298 400 2355 ergo
422 2280 517 2337 ille
540 2281 641 2353 qui
673 2281 1012 2353 facit,quam
1044 2281 1145 2352 qui
1179 2279 1576 2352 praecipit.Sed
1603 2279 1789 2334 ethoc
1816 2278 1924 2333 im-

273 2372 440 2443 pium
469 2376 588 2438 est;
622 2387 737 2425 non
767 2369 925 2425 enim
957 2370 1137 2426 Filius
1165 2369 1352 2441 major
1391 2373 1481 2425 est
1526 2369 1714 2424 Patre.
1758 2367 1922 2423 Sicut

274 2459 432 2515 enim
465 2458 572 2514 hoc
604 2458 852 2529 impium
883 2463 971 2513 est
1002 2459 1072 2512 de
1105 2457 1248 2513 Filio
1278 2462 1481 2513 contra
1522 2457 1750 2512 Patrem
1800 2473 1920 2511 cre-

274 2545 521 2613 dere,sic
552 2550 607 2601 et
638 2544 779 2600 illud
813 2545 1061 2618 impium
1085 2549 1173 2602 est
1195 2547 1266 2601 de
1289 2545 1454 2601 Patre
1486 2549 1687 2601 contra
1710 2544 1920 2600 Filium

273 2636 527 2692 credere.
555 2658 581 2684 «
617 2633 763 2699 Quia
792 2635 919 2707 ipse
950 2633 1115 2700 dixit,
1138 2638 1195 2690 et
1225 2635 1377 2690 facta
1407 2639 1581 2702 sunt;
1609 2634 1734 2706 ipse
1757 2650 1922 2689 man-

271 2723 450 2794 davit,
479 2726 536 2779 et
559 2726 752 2778 creata
781 2726 940 2780 sunt.
975 2745 1004 2772 »
1035 2723 1160 2779 Una
1208 2727 1418 2779 natura
1455 2723 1627 2794 jubet
1665 2727 1722 2778 et
1761 2722 1919 2778 facit.

275 2813 430 2869 Deus
465 2812 656 2884 jubet,
707 2815 763 2868 et
809 2813 962 2868 Deus
1009 2811 1163 2868 facit.
1197 2813 1375 2868 Jubet
1405 2811 1590 2884 pictor
1621 2815 1685 2867 ut
1722 2811 1927 2884 pingat

275 2900 461 2973 pictor
494 2917 507 2954 :
536 2903 594 2956 et
624 2899 811 2972 pictor
840 2899 1029 2973 pingit
1061 2901 1214 2972 quod
1243 2900 1403 2972 pingi
1437 2904 1807 2972 praeceperat.

349 3012 376 3041 «
404 2987 622 3046 Statuit
651 3004 719 3044 ea
747 2989 806 3044 in
840 2989 1141 3057 saeculum,
1175 2993 1232 3045 et
1261 2989 1320 3044 in
1349 2989 1629 3044 saeculum
1678 2988 1870 3045 seculi
1907 3005 1919 3044 :

275 3081 630 3150 praceptum
659 3078 873 3150 posuit,
904 3083 962 3133 et
991 3094 1106 3134 non
1138 3078 1472 3150 praeteribit.
1498 3101 1525 3128 ››
1561 3077 1810 3134 Grandis
1839 3081 1927 3134 est

278 3166 537 3222 hominis
568 3165 774 3235 honor,
807 3171 865 3222 et
893 3166 1133 3239 grandis
1162 3165 1494 3223 infelicitas.
1528 3166 1625 3222 Sol
1655 3166 1760 3222 tibi
1795 3183 1925 3222 cur-

1762 363 2182 431 APPENDIX.

3511 361 3666 424 1340

2103 523 2122 549 ι
2160 499 2414 556 Laudate
2443 497 2757 556 Dominum
2790 497 2860 553 de
2889 499 3064 552 terra.
3091 517 3119 545 ››
3150 493 3439 560 Quoniam
3468 495 3674 551 lauda-

2023 595 2231 647 verunt
2280 588 2492 661 angeli,
2540 587 2803 644 laudavit
2849 586 3058 642 coelum
3094 601 3108 641 :
3142 579 3340 641 laudét
3392 590 3450 641 et
3492 589 3677 643 terra.

2022 680 2342 735 Videamus
2370 679 2440 734 de
2469 681 2623 736 terra
2669 676 2771 749 qui
2820 675 2984 748 prius
3023 674 3284 731 laudent.
3319 697 3347 724 ‹‹
3382 678 3680 730 Dracones

2024 774 2080 826 et
2109 785 2314 826 omnes
2345 767 2564 840 abyssi,
2597 766 2770 838 ignis,
2804 765 3044 837 grando,
3081 764 3199 830 nix,
3232 762 3472 836 glacies,
3508 763 3682 835 spiri~

2024 860 2118 912 tus
2150 853 2706 928 procellarum,quze
2728 852 2950 908 faciunt
2969 852 3210 907 verbum
3235 853 3360 921 ejus
3393 869 3407 906 :
3444 856 3688 907 montes

2025 950 2084 1000 et
2113 960 2318 1001 omnes
2369 942 2565 1011 colles,
2612 942 2772 1016 ligna
2818 941 3135 1008 fructifera,
3167 945 3226 996 et
3255 956 3462 996 omnes
3493 940 3688 1009 cedri,

2027 1033 2246 1100 bestiae,
2277 1037 2336 1089 et
2365 1033 2639 1092 universa
2680 1047 2906 1103 pecora,
2957 1034 3254 1103 serpentes
3307 1033 3363 1085 et
3409 1029 3690 1085 volucres

2026 1126 2312 1195 pennatis.
2341 1144 2363 1172 ι
2399 1122 2535 1177 Post
2563 1125 2727 1176 tanta
2753 1121 2897 1192 quid
2927 1118 3182 1175 dicitur?
3215 1119 3346 1175 Post
3369 1119 3688 1188 dracones,

2028 1217 2159 1285 post
2197 1215 2517 1284 serpentes,
2550 1215 2682 1282 post
2727 1209 2941 1281 ignem,
2977 1212 3109 1280 post
3154 1207 3529 1281 grandinem,
3559 1213 3694 1279 post

2027 1300 2249 1358 bestias
2274 1304 2330 1356 et
2359 1299 2633 1355 universa
2663 1314 2889 1370 pecora,
2910 1315 2941 1352 o
2972 1297 3276 1368 homo,qui
3307 1296 3414 1352 tibi
3436 1296 3694 1369 grandis

2027 1389 2340 1458 videris,de
2369 1393 2426 1444 te
2451 1387 2746 1453 dicitur,et
2774 1403 2888 1442 non
2921 1387 2992 1441 de
3022 1385 3276 1458 simplici
3298 1384 3569 1454 homine,
3589 1385 3692 1440 sed

2028 1479 2100 1534 de
2120 1477 2214 1533 his
2245 1476 2587 1533 hominibus
2609 1476 2709 1548 qui
2732 1475 2887 1531 inter
2907 1475 3206 1530 hominem
3235 1474 3490 1544 majores
3519 1479 3691 1529 sunt.

2105 1588 2126 1614 α
2165 1566 2345 1638 Reges
2390 1571 2576 1634 terrae,
2631 1567 2687 1620 et
2733 1579 2938 1620 omnes
2987 1561 3205 1634 populi,
3254 1561 3588 1634 principes,
3640 1568 3696 1616 et

2030 1671 2234 1710 omnes
2257 1653 2488 1726 judices
2518 1657 2702 1708 terrae.
2740 1675 2762 1701 ι»
2792 1651 3011 1708 Deinde
3041 1651 3181 1722 quid
3216 1651 3524 1723 sequitur?

2102 1765 2130 1793 «
2161 1745 2410 1800 Juvenes
2443 1746 2501 1798 et
2530 1741 2800 1813 virgines,
2823 1756 2995 1797 senes
3022 1757 3155 1796 cum
3179 1739 3529 1812 junioribus
3565 1739 3693 1795 lau-

2030 1833 2174 1889 dent
2211 1847 2424 1888 nomen
2474 1829 2730 1896 Domini,
2779 1829 2918 1901 quia
2963 1828 3282 1885 exaltatum
3333 1835 3425 1884 esl
3470 1845 3695 1883 nomen

2029 1923 2157 1994 ejus
2187 1921 2394 1987 solius,
2429 1940 2456 1969 »
2489 1924 2546 1975 et
2573 1923 2780 1975 caetera
2830 1935 2954 1988 quae
3001 1921 3352 1988 sequuntur.
3387 1916 3434 1972 Ο
3467 1921 3696 1987 quanta

2029 2013 2090 2067 in
2139 2011 2271 2067 istis
2320 2008 2596 2082 mysteria
2645 2006 3043 2064 continentur!
3103 2005 3521 2061 Laudaverunt
3579 2022 3690 2059 cce-

2031 2100 2221 2167 lestia,
2277 2099 2665 2155 laudaverunt
2729 2094 3046 2160 invisibile,
3101 2110 3255 2150 nunc
3315 2093 3388 2148 ad
3457 2098 3691 2149 terrena

2028 2189 2421 2255 descendit,et
2457 2187 2531 2243 ad
2555 2185 2954 2242 laudationem
2981 2184 3368 2256 Dei,primum
3402 2183 3695 2241 dracones

2030 2282 2089 2334 et
2145 2275 2341 2349 abyssi
2399 2274 2784 2332 concitantur.
2849 2274 2949 2330 Ubi
3018 2272 3323 2328 abundavit
3375 2280 3676 2340 peccatum

2029 2365 2502 2437 superabundavit
2550 2363 2733 2434 gratia
2780 2363 2954 2433 (Rom.
3004 2377 3057 2428 ν,
3105 2361 3218 2431 20).
3262 2360 3371 2426 Qui
3431 2359 3696 2432 primum

2031 2455 2205 2511 draco
2252 2470 2405 2521 eras,
2457 2451 2560 2524 qui
2607 2451 2868 2508 habebas
2915 2466 3138 2506 venena
3185 2449 3530 2521 serpentis:
3569 2466 3605 2504 o
3635 2455 3694 2504 tu

2032 2543 2132 2615 qui
2167 2542 2428 2614 primum
2459 2541 2708 2613 abyssus
2739 2555 2888 2604 eras,
2920 2543 2977 2594 et
3005 2538 3259 2594 tenebrze
3279 2553 3466 2609 super
3480 2539 3698 2608 abysso

2034 2633 2372 2689 ferebantur
2424 2630 2577 2701 (Gen.
2640 2647 2675 2700 ι,
2725 2629 2802 2699 2).
2851 2627 3057 2684 Videte
3105 2627 3246 2698 quid
3305 2625 3467 2682 dicat
3512 2643 3524 2679 ε
3589 2626 3696 2682 Ubi

2033 2722 2336 2786 dracones,
2369 2719 2471 2775 ubi
2515 2735 2758 2786 venena,
2811 2716 2913 2774 ubi
2952 2717 3223 2788 abyssus,
3257 2715 3357 2771 ubi
3389 2716 3699 2772 tenebrae?

2032 2812 2116 2867 Ne
2144 2811 2421 2882 desperes
2451 2808 2650 2882 igitur.
2684 2808 2728 2864 Ο
2757 2811 2820 2864 tu
2851 2806 2951 2879 qui
2996 2807 3170 2862 draco
3202 2821 3358 2873 eras,
3393 2805 3494 2876 qui
3529 2811 3690 2860 tene-

2034 2901 2245 2956 brosus
2275 2915 2429 2966 eras,
2466 2903 2524 2954 et
2571 2897 2757 2953 Deum
2811 2895 3052 2952 laudare
3097 2911 3214 2951 non
3267 2893 3543 2962 audebas,
3577 2910 3689 2966 age

2035 2988 2462 3062 paenitentiam,
2497 2991 2555 3044 et
2585 2986 2785 3043 statim
2827 2985 3199 3042 converteris.
3252 2983 3415 3040 Licet
3464 2983 3524 3037 in
3571 2983 3684 3038 He-

2035 3078 2187 3134 braeo
2241 3095 2356 3134 non
2410 3077 2628 3134 habeat"
2667 3077 2966 3141 dracones,
2996 3075 3096 3131 sed
3137 3073 3351 3130 habeat
3375 3089 3690 3138 THANIXIM,

2036 3168 2190 3240 quod
2235 3167 2650 3239 interpretatur
2696 3173 2826 3221 cete.
2881 3164 3106 3220 Dicitur
3146 3167 3344 3220 autem
3393 3166 3524 3218 cete
3563 3162 3698 3216 inﬁ-

277 3254 667 3325 rit,elementa
691 3254 797 3310 tibi
829 3255 1090 3311 serviunt
1118 3273 1130 3312 :
1165 3259 1224 3312 et
1248 3259 1310 3312 tu
1341 3255 1576 3328 ignoras
1598 3258 1925 3312 Creatorem
1958 3242 2000 3309 C
2039 3257 2176 3314 uita
2207 3272 2336 3313 esse
2367 3253 2813 3328 magnitudinis.
2838 3253 3100 3326 Denique
3130 3253 3255 3325 ipse
3282 3256 3408 3308 cete
3437 3251 3501 3306 in
3534 3252 3703 3322 abys-

275 3345 495 3400 tuum?
526 3367 555 3394 «
588 3344 946 3416 Praeceptum
999 3344 1216 3416 posuit,
1261 3349 1316 3400 et
1368 3361 1479 3401 non
1529 3344 1861 3417 prateribit.
1899 3368 1926 3394 α

282 3434 642 3506 Praeceptum
673 3432 781 3489 soli
809 3433 1174 3506 posuit.Ecce
1205 3450 1308 3505 per
1332 3437 1526 3489 tantos
1563 3450 1748 3489 annos
1787 3450 1929 3506 prae-

277 3526 512 3596 ceptum
565 3523 665 3579 Dei
715 3539 1019 3595 nunquam
1065 3523 1361 3595 praeteriit.
1412 3524 1473 3578 In
1525 3526 1755 3578 tantum
1815 3539 1932 3578 non

281 3611 582 3682 prseteriit,
663 3615 728 3666 ut
809 3628 1019 3668 cursus
1075 3627 1144 3667 ex
1200 3611 1460 3667 humana
1533 3611 1934 3668 observatione

281 3699 745 3770 comprehensus
806 3699 901 3756 sit.
945 3721 973 3752 ι
1025 3703 1386 3772 Praeceptum
1443 3701 1657 3772 posuit,
1710 3704 1766 3756 et
1814 3717 1931 3757 non

281 3787 618 3862 prateribit.
655 3809 682 3836 »
717 3789 892 3843 Lunae
941 3794 1296 3861 praeceptum
1337 3790 1556 3862 posuit,
1604 3793 1668 3845 ut
1698 3807 1800 3862 per
1829 3791 1932 3847 tri-

280 3876 447 3951 ginta
475 3875 600 3932 dies
631 3881 856 3933 crescat
877 3880 1053 3949 atque
1075 3877 1692 3951 decrescat.Numquid
1724 3896 1933 3936 cursus

285 3982 426 4023 suos
477 3964 793 4038 aliquando
846 3964 1076 4020 mutat?
1125 3965 1189 4020 In
1239 3965 1382 4021 ccelo
1432 3972 1787 4039 praeceptum
1838 3968 1933 4023 Dei

283 4058 569 4124 servatur,
599 4057 656 4110 et
684 4053 743 4109 in
775 4058 931 4109 terra
962 4070 1078 4108 non
1109 4054 1548 4109 servatur.Mari
1582 4059 1935 4126 praeceptum

287 4144 507 4217 posuit,
540 4147 604 4199 ut
633 4142 830 4200 littora
860 4160 967 4200 sua
996 4159 1111 4198 non
1142 4142 1495 4215 egrediatur.
1541 4142 1711 4199 Venit
1759 4144 1933 4200 Ocea-

287 4250 423 4288 mus
452 4238 689 4289 tumens
721 4232 1018 4298 ﬂuctibus,
1037 4236 1094 4288 et
1123 4232 1181 4288 in
1210 4248 1271 4288 se
1301 4233 1473 4300 redit,
1496 4237 1552 4288 et
1584 4237 1934 4305 praeceptum

286 4322 387 4377 Dei
416 4321 704 4377 meminit.
753 4322 934 4377 Totus
985 4322 1244 4377 mundus
1292 4321 1408 4378 Deo
1462 4321 1660 4393 servit,
1692 4326 1748 4377 et
1786 4340 1937 4396 prae-

288 4413 520 4481 ceptum
555 4409 682 4480 ejus
715 4409 1078 4476 meminit,et
1101 4409 1276 4466 homo
1308 4409 1469 4466 solus
1500 4427 1616 4466 non
1648 4411 1934 4467 meminit.

291 4499 424 4554 Ideo
465 4497 721 4554 dicimus
770 4504 827 4553 et
876 4497 935 4552 in
985 4497 1256 4554 Oratione
1303 4497 1607 4555 Dominica
1637 4517 1648 4555 :
1681 4501 1808 4557 Fiat
1849 4516 1935 4555 vo-

287 4589 472 4644 luntas
521 4595 617 4644 tua
666 4588 806 4642 sicut
850 4589 910 4641 in
958 4587 1086 4642 cwlo
1134 4595 1184 4642 ει
1231 4588 1290 4642 in
1337 4595 1483 4642 terra
1527 4588 1732 4660 (Ma/th.
1765 4605 1844 4659 v1,
1875 4590 1937 4642 6-

294 4677 401 4748 10).
432 4677 597 4734 Sicut
625 4676 686 4732 in
721 4674 860 4732 coelo
894 4674 1081 4749 angeli
1111 4675 1213 4731 tibi
1250 4676 1531 4742 serviunt,
1574 4681 1631 4733 et
1677 4681 1944 4733 creatura

295 4766 495 4832 servit,
528 4766 610 4821 ita
641 4765 855 4821 serviat
885 4769 943 4821 et
971 4764 1166 4821 homo.
1196 4765 1241 4818 Ο
1275 4763 1472 4821 infelix
1496 4765 1802 4822 hominum
1836 4783 1939 4838 ge-

291 4858 428 4911 nus!
466 4853 777 4911 Descendit
801 4853 870 4909 ad
906 4857 959 4909 te
991 4853 1140 4910 Deus
1176 4871 1186 4906 :
1222 4853 1500 4924 quoniam
1525 4859 1585 4910 tu
1621 4856 1690 4911 ad
1728 4853 1936 4910 caelum

291 4962 406 5000 non
437 4945 525 5001 vis
555 4945 890 5001 ascendere.
923 4947 1050 4998 Non
1083 4942 1190 4998 tibi
1221 4943 1439 4999 sufﬁcit
1470 4945 1623 5016 quod
1656 4961 1772 5000 non
1804 4961 1940 5000 sus-

292 5034 439 5104 cipis
472 5053 485 5091 :
519 5035 620 5090 sed
654 5029 1942 5106 occidis,crucifigis,blasphemas,ﬂagellas?

294 5122 419 5178 Non
451 5122 558 5179 tibi
590 5121 808 5180 sufficit
838 5121 992 5192 quod
1025 5119 1261 5189 occidis,
1281 5121 1380 5176 sed
1408 5137 1512 5177 nec
1539 5123 1940 5194 penitentiam

295 5211 422 5284 agis
454 5213 608 5284 quod
639 5212 940 5268 occideris.
977 5210 1127 5265 Dixit
1156 5211 1227 5265 de
1257 5209 1688 5267 invisibilibus:
1723 5212 1944 5268 dixitet

293 5301 366 5356 de
393 5300 748 5370 visibilibus,
775 5301 874 5357 sed
907 5301 978 5356 de
1007 5297 1339 5356 visibilibus
1369 5299 1701 5356 coelestibus
1749 5319 1761 5356 :
1788 5318 1943 5356 nunc

289 5389 468 5446 etiam
501 5390 572 5445 de
603 5394 778 5446 terra.
801 5390 1004 5446 Videte
1034 5388 1298 5445 ordinem
1331 5388 1648 5447 laudantis.
1684 5391 1942 5447 Primum

292 5479 538 5536 laudant
567 5477 905 5545 invisibilia,
939 5478 1146 5534 deinde
1172 5477 1442 5534 visibilia.
1478 5480 1545 5534 Et
1576 5479 1703 5553 ipsa
1740 5480 1940 5537 visibi-

290 5569 371 5626 lia
402 5569 748 5625 dividuntur
799 5566 857 5621 in
915 5567 1029 5622 duo
1080 5583 1093 5621 :
1152 5567 1209 5622 in
1253 5567 1509 5624 coelestia
1540 5573 1595 5624 et
1625 5570 1942 5626 terrestria.

293 5659 450 5720 Dixit
479 5660 550 5716 de
581 5657 940 5728 coelestibus,
975 5673 1132 5712 nunc
1164 5656 1304 5714 dicit
1337 5659 1408 5714 de
1439 5660 1836 5717 terrestribus.

2041 3345 2126 3402 sis
2153 3361 2283 3401 esse
2313 3344 2545 3400 dicitur.
2583 3342 2852 3399 Dicamus
2895 3358 3031 3414 ergo
3073 3341 3332 3413 primum
3363 3339 3700 3396 secundum

2041 3433 2316 3491 litteram.
2366 3433 2569 3489 Videte
2616 3431 2756 3504 quid
2801 3431 2978 3502 dicat,
3030 3430 3287 3486 Laudate
3335 3445 3406 3484 ea
3456 3445 3587 3500 qua:
3647 3428 3701 3482 in

2042 3521 2190 3578 mari
2243 3524 2402 3589 sunt,
2457 3524 2515 3576 et
2559 3518 2793 3574 laudate
2834 3535 2904 3574 ea
2950 3533 3077 3590 quae
3123 3520 3284 3573 extra
3333 3532 3502 3573 mare
3541 3522 3697 3580 sunt,

2042 3615 2333 3666 Dracones
2363 3612 2421 3664 et
2447 3623 2652 3664 omnes
2702 3607 2920 3680 abyssi.
2967 3609 3012 3661 A
3061 3610 3220 3679 parte
3265 3609 3463 3661 totum
3494 3621 3689 3677 synec-

2042 3697 2337 3755 dochicos.
2395 3697 2611 3754 Deinde
2659 3695 2947 3768 sequitur,
2991 3697 3158 3765 Ignis.
3207 3693 3414 3750 Videte
3462 3709 3691 3749 concor-

2043 3789 2280 3845 dantem
2325 3784 2678 3842 discordiam
2711 3801 2874 3855 aquae
2905 3787 2964 3840 et
2991 3783 3145 3856 ignis
3177 3799 3190 3838 :
3224 3781 3407 3839 simul
3461 3781 3704 3838 laudant

2045 3881 2245 3933 Deum.
2281 3899 2310 3925 «
2347 3876 2633 3931 Dracones
2690 3877 2748 3929 et
2803 3888 3007 3928 omnes
3067 3871 3284 3944 abyssi.
3338 3893 3365 3922 ››
3418 3871 3705 3926 Universa

2044 3981 2170 4038 qua
2201 3966 2524 4020 nascuntur
2569 3978 2638 4016 ex
2683 3977 2856 4033 aqua,
2891 3964 3218 4017 nascuntur
3269 3975 3338 4015 ex
3386 3959 3543 4032 igne,
3595 3959 3705 4015 hoc

2045 4058 2134 4111 est
2179 4069 2248 4109 ex
2290 4053 2535 4107 humore
2579 4055 2638 4106 et
2689 4050 2905 4116 calore;
2957 4065 3063 4105 nec
3113 4049 3269 4122 ignis
3315 4047 3479 4104 solus
3527 4065 3703 4120 gene-

2046 4159 2174 4198 rare
2225 4145 2420 4214 potest
2467 4140 2594 4195 sine
2641 4138 2905 4209 humore,
2956 4154 3065 4196 nec
3110 4136 3326 4192 humor
3365 4137 3489 4193 sine
3534 4137 3693 4208 igne.

2046 4229 2202 4286 Nihil
2235 4233 2324 4285 est
2352 4233 2472 4283 tam
2512 4225 2872 4282 contrarium
2921 4242 3097 4296 quam
3148 4224 3357 4280 humor
3397 4222 3597 4292 calori,
3632 4227 3695 4278 et

2047 4319 2206 4375 color
2232 4316 2488 4372 humori.
2525 4317 2743 4372 Tamen
2771 4314 3068 4370 voluntate
3087 4313 3212 4382 Dei,
3237 4313 3362 4369 haec
3389 4329 3516 4384 qua
3543 4312 3702 4368 inter

2049 4425 2112 4466 se
2141 4408 2370 4464 diversa
2424 4410 2582 4473 sunt,
2631 4405 2693 4460 in
2743 4409 2942 4460 nostra
2985 4403 3286 4459 nativitate
3323 4403 3702 4459 concordant.

2049 4522 2076 4549 ‹‹
2110 4497 2366 4563 Graudo,
2399 4495 2516 4560 nix,
2551 4493 2786 4567 glacies,
2811 4496 2868 4549 et
2887 4492 3131 4565 spiritus
3151 4489 3700 4565 procellarum,quae

1973 4614 2020 4678 Β
2052 4585 2274 4644 faciunt
2300 4584 2544 4642 verbum
2575 4583 2725 4654 ejus.
2764 4605 2785 4631 ι»
2821 4581 3005 4638 Multa
3050 4585 3191 4638 sunt
3237 4592 3368 4652 quae
3415 4581 3701 4678 dicantur,

2051 4681 2110 4734 et
2157 4677 2214 4731 in
2266 4673 2516 4747 singulis
2564 4671 2864 4728 immorari
2915 4687 3031 4727 non
3085 4685 3355 4743 possum.
3385 4693 3414 4719 (ι
3449 4668 3706 4737 Graudo,

2053 4767 2171 4838 nix,
2204 4764 2442 4838 glacies,
2469 4765 2525 4818 et
2555 4760 2799 4834 spiritus
2830 4758 3245 4834 procellarum.
3280 4781 3308 4807 ι»
3340 4758 3559 4814 Omnia
3582 4775 3706 4830 qua

2047 4857 2315 4912 videmus
2372 4853 2433 4908 in
2489 4851 2733 4919 mundo,
2794 4848 2963 4905 nobis
3020 4847 3305 4904 serviunt.
3353 4847 3701 4919 Serpentes,

2049 4943 2266 5018 abyssi,
2319 4941 2493 5014 ignis,
2543 4937 2785 5013 grando,
2846 4937 2966 5003 nix,
3016 4935 3260 5010 spiritus
3310 4935 3706 5007 procellarum

2048 5033 2320 5090 videntur
2349 5029 2476 5087 sine
2504 5028 2727 5084 ratione
2759 5043 2889 5082 esse
2919 5043 2932 5080 :
2967 5026 3070 5082 sed
3095 5024 3264 5082 nobis
3294 5024 3584 5080 serviunt.
3609 5025 3709 5081 Die

2049 5123 2324 5179 hesterna
2353 5121 2674 5192 tempestas
2704 5115 2833 5186 fuit,
2866 5115 3174 5172 videbatur
3199 5114 3374 5170 nobis
3403 5129 3536 5170 esse
3566 5129 3704 5170 con-

2049 5210 2297 5268 trarium
2333 5225 2345 5263 :
2379 5210 2503 5263 erat
2532 5204 2718 5278 frigus
2761 5222 2773 5260 :
2807 5209 2933 5260 erat
2960 5204 3174 5261 humor
3209 5222 3222 5260 :
3256 5207 3427 5260 erant
3472 5201 3700 5276 pluviae.

2050 5305 2172 5356 Hoc
2197 5299 2352 5371 quod
2377 5296 2447 5352 ad
2471 5295 2677 5350 horam
2701 5293 2870 5350 nobis
2896 5293 3128 5350 videtur
3155 5308 3286 5349 esse
3316 5293 3702 5358 contrarium,

2053 5407 2156 5464 pro
2207 5387 2375 5444 nobis
2423 5388 2512 5442 est
2557 5385 2859 5441 :fructum
2905 5382 3064 5439 enim
3112 5381 3284 5438 nobis
3331 5381 3508 5454 parit.
3565 5380 3712 5439 Vide

2053 5479 2209 5535 enim
2243 5476 2382 5550 quid
2423 5473 2565 5530 dicit
2599 5490 2613 5528 :
2651 5471 2752 5528 Illa
2781 5476 2840 5528 et
2867 5470 2970 5527 illa
3013 5488 3140 5544 quas
3193 5469 3417 5527 faciunt
3463 5471 3708 5528 verbum

2054 5570 2202 5641 ejus.
2227 5565 2536 5630 Erubesce,
2571 5561 2767 5616 homo.
2803 5560 3138 5632 Serpentes,
3171 5558 3392 5631 abyssi,
3420 5557 3546 5624 nix,
3580 5561 3709 5634 plu-

2053 5659 2180 5732 viae,
2236 5655 2578 5728 tempestas,
2629 5651 2873 5708 verbum
2927 5649 3030 5706 Dei
3079 5648 3324 5714 faciunt,
3373 5652 3433 5705 et
3478 5653 3544 5713 tu
3595 5667 3706 5706 non
