3992 6194
263 385 412 450 1341

1425 389 1926 457 BREVIARIUM
1971 388 2053 456 lN
2093 389 2486 454 PSALMOS.

3521 386 3680 448 1342

263 519 428 578 facis.
489 542 517 570 «
576 519 803 583 Montes
858 527 916 580 et
969 541 1174 581 omnes
1230 525 1426 582 colles.
1463 549 1490 575 ››
1525 528 1639 582 Nec
1688 530 1914 582 montes
1944 541 1999 606 Α
2027 529 2124 580 tus
2157 523 2421 595 psalmus
2452 523 2562 580 hoc
2591 521 2758 578 titulo
2791 525 3181 595 praenotatur:
3211 543 3238 572 ‹‹
3262 519 3532 578 Psalmus
3561 519 3676 577 Da-

269 613 575 667 mutantur
602 611 662 667 in
694 613 890 681 colles,
937 631 1043 670 nec
1072 613 1250 671 valles
1282 615 1340 671 in
1373 621 1601 673 montes
1636 635 1648 672 :
1683 621 1917 671 servant

265 703 538 755 naturam
569 717 802 758 suam.«
831 703 1012 776 Ligna
1042 705 1358 774 fructifera,
1383 710 1439 761 et
1465 722 1669 761 omnes
1699 705 1912 761 cedri.»

267 787 511 860 Lignum
569 791 732 848 vides
790 793 960 864 quasi
989 795 1206 850 siccum
1269 793 1506 850 amissis
1537 794 1711 862 foliis,
1743 797 1918 850 testas

263 893 395 934 cum
428 879 674 948 venerit,
705 881 812 937 tibi
845 883 1027 939 mittit
1078 900 1339 956 germen,
1400 885 1506 940 tibi
1537 885 1764 940 fructus
1794 900 1918 956 par-

261 965 428 1022 turit.
468 968 720 1041 Lignum
743 969 850 1026 tibi
883 972 1137 1029 fructum
1170 975 1342 1046 parit,
1367 977 1427 1030 et
1451 979 1515 1030 tu
1547 975 1663 1030 Deo
1694 973 1919 1029 fructus

262 1071 378 1111 non
409 1057 588 1128 paris.
625 1080 654 1108 ‹‹
686 1059 753 1114 Et
807 1076 1013 1118 omnes
1068 1063 1245 1119 cedri.
1311 1085 1339 1113 »
1391 1063 1625 1119 Imitare
1655 1063 1916 1118 cedrum.

262 1143 427 1200 Cedri
461 1145 735 1203 nituntur
791 1150 862 1204 ad
925 1150 1042 1206 alta
1070 1152 1238 1225 quasi
1291 1153 1364 1209 ad
1397 1153 1609 1210 ccelum
1640 1153 1724 1209 ire
1756 1151 1920 1208 festi-

261 1241 426 1290 nant.
459 1237 530 1292 Et
557 1241 619 1292 tu
651 1237 884 1296 imitare
913 1239 1073 1314 ligna
1152 1242 1594 1299 irrationabilia.
1655 1263 1676 1291 ι
1715 1242 1920 1298 BestiaeI

263 1330 321 1378 et
353 1325 632 1383 universa
669 1345 904 1400 pecora.
935 1352 963 1380 »
995 1331 1123 1387 Non
1159 1335 1396 1388 mutant
1425 1337 1696 1389 naturam
1724 1348 1917 1408 suam.

260 1413 470 1471 Omnia
501 1421 665 1473 stant
697 1418 755 1473 in
814 1420 1019 1476 ordine
1079 1437 1205 1486 suo,
1239 1422 1461 1493 absque
1506 1421 1630 1478 solo
1660 1420 1920 1502 homine,

261 1507 352 1561 cui
387 1506 587 1563 omnia
619 1507 884 1578 subjecta
934 1515 1094 1565 sunt.
1148 1533 1175 1559 «
1232 1511 1545 1583 Serpentes
1575 1514 1632 1566 et
1659 1510 1923 1566 volucres

263 1599 548 1668 pennatis.
586 1619 613 1645 ››
645 1597 849 1669 Neque
890 1615 958 1653 ea
989 1615 1117 1670 quae
1151 1599 1209 1654 in
1243 1599 1385 1656 coelo
1415 1604 1577 1665 sunt,
1607 1600 1678 1656 ad
1707 1604 1923 1655 terram

261 1686 504 1742 veniunt
537 1704 549 1741 :
584 1688 685 1742 sed
743 1686 823 1742 ibi
857 1691 968 1743 Deo
1027 1689 1313 1744 serviunt.
1357 1689 1523 1745 Dicat
1560 1688 1799 1756 aliquis,
1832 1705 1921 1744 se-

263 1776 522 1832 cundum
555 1775 861 1833 historiam
914 1776 1171 1849 loqueris
1206 1795 1219 1832 :
1256 1795 1370 1834 non
1403 1778 1551 1835 dicis
1583 1776 1914 1850 allegorice.

265 1865 324 1970 S‘i
392 1865 717 1967 secundum
785 1865 1094 1970 historiam
1163 1867 1312 1970 dicis
1353 1885 1366 1924 :
1409 1883 1623 1970 quare”
1659 1867 1918 1970 primum
1949 1905 1996 1970 Β

263 1953 480 2027 abyssi,
513 1959 572 2010 et
603 1954 719 2026 nix,
751 1959 808 2012 et
850 1956 1095 2029 grando,
1148 1956 1360 2013 deinde
1393 1955 1568 2028 ligna
1595 1956 1915 2023 fructifera,

262 2046 319 2098 et
347 2046 553 2098 caetera
582 2041 1007 2100 irrationabilia
1038 2043 1282 2100 laudant
1312 2045 1518 2115 Deum,
1547 2049 1603 2100 et
1632 2045 1704 2100 ad
1740 2049 1920 2100 extre-

264 2147 427 2188 mum
457 2131 633 2188 homo
654 2132 682 2186 ?
722 2133 1014 2206 Legamus
1043 2133 1314 2188 Genesim
1347 2134 1492 2204 (cap.
1530 2135 1592 2201 ι),
1621 2137 1677 2188 et
1708 2149 1916 2189 secun-

262 2221 405 2275 dum
454 2219 722 2276 ordinem
753 2220 1094 2291 nativitatis,
1127 2225 1186 2276 et
1215 2222 1730 2289 creaturarum,ita
1758 2222 1917 2278 vide-

262 2309 460 2364 bimus
492 2312 704 2364 cuncta
734 2307 992 2366 laudare.
1029 2309 1111 2365 Ibi
1144 2309 1304 2366 enim
1335 2310 1620 2383 scriptum
1655 2316 1766 2383 est,
1801 2312 1918 2385 pri-

263 2412 432 2452 mum
463 2412 561 2452 eas
592 2396 926 2454 animantes
953 2397 1135 2455 factas
1163 2415 1451 2472 esse,quaa
1482 2399 1542 2454 in
1572 2417 1728 2472 aqua
1756 2404 1920 2468 sunt,

261 2485 475 2542 deinde
531 2501 602 2542 ea
653 2485 805 2542 facta
862 2504 990 2560 quae
1021 2488 1080 2542 in
1113 2491 1268 2544 terra
1314 2493 1455 2544 sunt
1485 2505 1498 2544 :
1534 2489 1742 2545 deinde
1772 2490 1924 2546 facta

267 2573 547 2643 volatilia,
575 2579 630 2632 et
662 2580 867 2648 postea
897 2576 1194 2633 hominem
1227 2594 1410 2633 unum
1445 2577 1790 2651 fecit.Igitur
1817 2596 1924 2634 sic-

275 2662 628 2736 ut'primum
660 2665 881 2722 factum
914 2669 1004 2722 est
1037 2683 1050 2722 :
1085 2667 1169 2722 sic
1211 2666 1412 2723 laudat
1440 2667 1777 2724 Dominum.
1811 2669 1923 2724 Sed

269 2752 422 2810 alius
464 2769 678 2810 sensus
708 2759 816 2821 est,
850 2755 894 2810 Ο
924 2755 1120 2823 homo,
1182 2755 1456 2812 universa
1486 2756 1598 2812 ista
1628 2773 1752 2829 quae
1782 2757 1939 2824 dixi,‘

265 2843 438 2914 cujus
469 2859 648 2898 causa
678 2843 832 2898 facta
860 2848 1000 2899 sunt
1039 2844 1068 2898 ‘2
1123 2845 1350 2911 Bestiae,
1410 2849 1732 2918 serpentes,
1764 2845 1925 2918 ligna

268 2931 589 2998 fructifera,
622 2931 888 2988 volucres
920 2937 1185 3006 pennata
1245 2951 1258 2989 :
1320 2934 1441 2990 haec
1476 2934 1744 2992 universa
1776 2936 1832 2990 in
1857 2952 1923 2992 eo

273 3018 521 3076 laudant
549 3025 751 3087 Deum,
785 3021 926 3093 quia
980 3039 1094 3077 non
1155 3028 1389 3079 mutant
1428 3029 1699 3079 naturam
1731 3042 1921 3081 suam.

275 3131 303 3157 «
341 3109 526 3180 Reges
555 3112 803 3179 terrae,et
833 3125 1037 3166 omnes
1071 3111 1292 3184 pepuli,
1317 3111 1608 3185 principes
1638 3117 1696 3168 et
1721 3129 1926 3170 omnes

265 3196 498 3268 judices
554 3201 741 3254 terrae.
800 3197 1052 3254 Juvenes
1108 3204 1164 3256 et
1231 3199 1505 3274 virgines,
1563 3217 1732 3258 senes
1785 3219 1922 3258 cum

2024 613 2116 669 vid
2129 655 2151 679 ,.
2169 615 2406 685 quando
2429 614 2640 668 domus
2657 612 3054 669 aedificabatur
3075 615 3206 684 post
3222 611 3672 683 captivitatem,»

2025 703 2082 758 id
2115 708 2205 760 est
2235 707 2366 776 post
2396 701 2798 774 paenitentiam
2828 701 3041 758 domus
3085 701 3299 758 Christi
3329 701 3672 758 aediﬁcatur.

2026 792 2313 856 Quoniam
2363 791 2542 864 igitur
2600 790 2746 846 dixit
2798 791 3036 863 primo:
3075 814 3096 839 α
3131 792 3372 847 Cantate
3427 789 3674 846 Domino

2028 883 2323 940 canticum
2355 898 2592 955 novum,
2627 905 2648 934 ι
2685 887 2743 938 et
2772 899 2956 938 novus
3003 882 3258 955 populus
3313 885 3509 938 cantat
3538 898 3674 937 can-

2027 973 2210 1028 ticum
2269 989 2508 1039 novum,
2540 976 2596 1028 et
2623 971 2921 1028 benedixit
2950 988 3056 1028 nos
3095 972 3167 1026 ad
3227 970 3450 1042 reliqua
3478 987 3677 1028 curra-

2030 1078 2184 1117 mus.

2101 1174 2128 1199 ‹‹
2168 1154 2411 1208 Latetur
2459 1150 2637 1208 Israel
2695 1151 2753 1205 in
2811 1166 2878 1207 eo
2936 1150 3036 1222 qui
3093 1149 3228 1205 fecit
3264 1151 3483 1222 ipsum.
3516 1169 3544 1198 »
3579 1147 3678 1204 Ille

2031 1238 2277 1311 laetetur,
2309 1240 2410 1313 qui
2441 1256 2618 1297 sensu
2647 1239 2802 1296 videt
2831 1239 3037 1295 Deum.
3074 1237 3250 1294 Israel
3280 1239 3438 1294 enim
3464 1237 3558 1293 hic
3589 1237 3678 1291 in-

2031 1332 2406 1401 terpretatur,
2437 1345 2614 1385 sensu
2664 1328 2868 1384 videns
2901 1332 3101 1383 Deum.
3165 1349 3192 1376 «
3253 1331 3321 1382 Et
3374 1325 3477 1381 filii
3539 1325 3678 1382 Sion

2031 1417 2329 1476 exsultent
2358 1419 2416 1475 in
2449 1434 2583 1492 rege
2613 1435 2740 1475 suo.
2799 1439 2828 1467 »
2863 1416 2993 1474 Filii
3046 1414 3338 1484 Ecclesiae,
3394 1413 3498 1470 filii
3549 1413 3680 1472 novi

2033 1507 2254 1580 populi,
2285 1507 2576 1564 exsultent
2604 1507 2663 1562 in
2694 1523 2828 1580 rege
2859 1505 3059 1575 suo,in
3088 1503 3443 1575 Christo,qui
3475 1505 3683 1575 regnat

2033 1597 2092 1651 in
2123 1596 2228 1652 eis.
2264 1596 2489 1653 Videtis
2539 1597 2830 1668 quomodo
2887 1595 3090 1651 leviter
3146 1609 3381 1650 summa
3438 1607 3681 1665 quaque

2033 1685 2505 1758 perstringimus.

2106 1796 2134 1824 ‹‹
2169 1775 2427 1830 Laudent
2466 1791 2677 1831 nomen
2736 1775 2865 1846 ejus
2925 1773 2984 1828 in
3041 1771 3238 1828 choro.
3275 1792 3303 1820 »
3335 1771 3680 1843 Ubicunque

2031 1863 2247 1920 chorus
2303 1868 2414 1931 est,
2472 1863 2552 1919 ibi
2609 1863 2848 1918 diversae
2877 1879 3047 1918 voces
3078 1862 3139 1917 in
3170 1877 3355 1916 unum
3387 1859 3676 1917 canticum

2028 1955 2443 2024 congeruntur.
2504 1952 2803 2016 Quomodo
2861 1950 3014 2005 enim
3066 1950 3309 2007 diversas
3349 1965 3538 2015 voces,
3571 1949 3682 2006 hoc

2027 2047 2138 2112 est,
2169 2059 2303 2098 cum
2335 2041 2513 2098 simul
2544 2041 2761 2098 fuerint
2788 2040 3423 2114 congregatae,chorum
3451 2039 3679 2096 Domini

2027 2131 2310 2188 efﬁciunt.

2101 2244 2127 2270 ‹‹
2164 2220 2431 2277 Laudent
2461 2236 2673 2278 nomen
2705 2222 2833 2292 ejus
2868 2219 2928 2274 in
2958 2219 3154 2276 choro.
3191 2241 3218 2269 »
3252 2218 3357 2275 Ubi
3390 2218 3680 2276 dissensio

2029 2313 2138 2378 est,
2172 2309 2273 2365 ubi
2305 2309 2546 2377 invidia,
2582 2309 2662 2365 ibi
2694 2309 2910 2366 chorus
2942 2326 3058 2365 non
3088 2313 3198 2365 est.

2105 2421 2132 2449 «
2164 2399 2425 2455 Laudent
2454 2415 2666 2455 nomen
2693 2399 2822 2470 ejus
2851 2398 2910 2453 in
2943 2398 3120 2454 choro
3171 2414 3185 2454 :
3231 2397 3290 2452 in
3321 2400 3600 2469 tympano
3627 2400 3685 2453 et

2031 2487 2304 2560 psalterio
2335 2487 2592 2560 psallant
2621 2488 2731 2544 ei.»
2763 2487 2990 2544 Chorus
3018 2487 3128 2544 iste
3159 2487 3452 2542 canticum
3484 2487 3682 2551 habet,

2036 2582 2095 2634 et
2123 2584 2494 2651 tympanum,
2553 2581 2611 2632 et
2650 2576 2993 2650 psalterium
3023 2577 3219 2632 habet.
3254 2575 3679 2648 Crucifigamus

2032 2683 2276 2739 corpora
2306 2670 2506 2722 nostra
2561 2666 2812 2732 Christo,
2870 2670 2927 2722 et
2957 2666 3056 2722 tali
3088 2671 3365 2738 tympano
3396 2681 3682 2721 canamus

2032 2759 2169 2823 Deo,
2199 2756 2258 2811 in
2290 2760 2567 2828 tympano
2599 2760 2656 2810 et
2686 2753 2958 2826 psalterio
2992 2754 3245 2826 psallant
3298 2753 3369 2809 ei.
3432 2755 3684 2826 Tympa-

2033 2861 2175 2900 num
2209 2862 2321 2902 non
2359 2846 2533 2900 habet
2561 2845 2924 2909 carnem,sed
2951 2842 3261 2916 pellem.Et
3285 2859 3391 2898 nos
3422 2843 3685 2916 quandiu

2032 2933 2226 2989 carnei
2246 2950 2476 2998 sumus,
2510 2950 2624 2989 non
2655 2949 2865 2988 sumus
2893 2935 3264 3004 tympanum.
3313 2931 3684 3002 Tympanum

2034 3039 2148 3078 non
2179 3026 2288 3088 est,
2321 3021 2432 3078 nisi
2465 3022 2618 3095 quod
2653 3037 2766 3076 non
2828 3021 3043 3077 habeat
3094 3036 3300 3076 carnes
3334 3036 3347 3075 :
3383 3019 3498 3075 nisi
3529 3019 3685 3090 quod

2032 3111 2311 3181 tenditur,
2342 3112 2712 3184 Tympanum
2773 3127 2887 3166 non
2922 3113 3113 3182 potest
3140 3125 3269 3165 esse
3296 3113 3682 3174 contractum,

1991 3195 2000 3200 ”
2039 3200 2137 3255 sed
2167 3204 2494 3255 extensum.
2524 3201 2590 3255 Et
2619 3216 2727 3256 nos
2752 3204 2988 3272 peccata
3017 3215 3133 3255 non
3164 3198 3532 3264 contrahant,
3583 3198 3684 3254 sed

266 3285 606 3356 junioribus
636 3286 878 3342 laudent
906 3304 1118 3344 nomen
1147 3273 1404 3356 Domini,
1434 3289 1572 3362 quia
1603 3289 1926 3347 exaltatum
1959 3273 2002 3339 C
2033 3289 2267 3361 justitia
2295 3287 2518 3344 dilatet.
2543 3289 2630 3342 Ad
2662 3287 2888 3361 reliqua
2918 3303 3350 3361 percurramus.
3377 3309 3404 3337 «
3440 3288 3502 3342 In
3533 3289 3684 3359 tym-

273 3378 364 3429 est
393 3389 606 3430 nomen
626 3375 756 3446 ejus
786 3374 991 3432 solius.
1026 3398 1054 3425 »
1079 3376 1283 3433 Omnis
1303 3379 1696 3444 aestas,omnis
1728 3395 1923 3450 sexus,

272 3464 583 3534 omnisque
614 3467 872 3536 potestas
904 3463 1072 3520 illum
1106 3465 1326 3538 laudet,
1357 3466 1450 3522 cui
1485 3468 1650 3523 Pater
1677 3485 1924 3524 evacua-

274 3550 350 3607 tis
369 3551 783 3624 potestatibus,
817 3553 978 3609 dedit
1009 3569 1219 3610 nomen
1253 3555 1542 3612 excelsam
1577 3573 1589 3610 :
1625 3573 1730 3612 nec
1762 3557 1924 3628 quis-

271 3655 450 3711 quam
481 3639 593 3696 sibi
623 3657 738 3712 quo
771 3641 974 3714 utitur,
1008 3647 1252 3709 revocet,
1287 3645 1387 3700 sed
1421 3643 1473 3700 ei
1503 3645 1573 3700 de
1606 3662 1720 3717 quo
1752 3651 1810 3700 et
1838 3662 1925 3701 se-

276 3728 498 3799 quitur.

343 3837 371 3864 ‹‹
404 3816 705 3872 Confessio
733 3818 862 3889 ejus
891 3835 1070 3891 super
1098 3819 1307 3876 caelum
1337 3825 1396 3876 et
1425 3825 1660 3877 terram.
1698 3844 1719 3868 ι
1755 3823 1921 3890 Quia,

265 3905 440 3976 juxta
466 3904 1040 3977 Apostolum,omnia
1067 3908 1118 3963 ei
1149 3909 1502 3964 confitentur
1533 3927 1546 3965 :
1584 3927 1699 3966 non
1729 3911 1923 3969 solum

273 3991 530 4048 ccelestia
561 4009 630 4048 ac
656 3998 907 4062 terrena,
956 4011 1158 4051 verum
1215 3997 1390 4052 etiam
1423 4002 1481 4053 et
1513 3997 1740 4055 inferna
1769 4000 1922 4071 (Phi-

273 4081 413 4154 lipp.
448 4099 509 4152 II,
545 4083 654 4153 10).
694 4105 722 4132 ‹‹
756 4082 822 4138 Et
849 4083 1121 4140 exaltavit
1170 4101 1347 4142 cornu
1381 4086 1578 4160 populi
1612 4087 1724 4145 sui.
1755 4109 1782 4141 ι
1818 4090 1921 4145 Ec-

271 4169 581 4228 clesiastici
612 4171 833 4245 utique.

350 4281 377 4312 ιι
410 4261 674 4332 Hymnus
699 4262 976 4319 omnibus
993 4264 1212 4320 sanctis
1240 4265 1388 4336 ejus,
1422 4263 1558 4322 ﬁliis
1590 4266 1786 4338 Israel,
1820 4284 1922 4340 po-

269 4348 410 4420 pulo
441 4349 935 4422 apprOpinquanti
966 4353 1100 4408 sibi.
1138 4375 1165 4401 ››
1197 4353 1298 4410 His
1329 4354 1644 4427 deputatur
1673 4356 1923 4413 co.lestis

269 4436 548 4510 hymnus,
585 4437 684 4509 qui
717 4437 775 4492 in
807 4455 873 4494 eo
932 4441 1116 4496 sancti
1178 4443 1365 4498 effecti
1425 4449 1602 4512 sunt;
1636 4445 1737 4518 qui
1785 4462 1921 4502 eum

272 4529 468 4582 mente
497 4525 904 4600 conspiciunt;
937 4527 1037 4600 qui
1069 4529 1199 4600 ejus
1234 4529 1365 4586 ﬁdei
1396 4533 1872 4606 appropinquant
1903 4553 1917 4604 ;

2037 3395 2189 3451 pano
2219 3382 2277 3434 et
2299 3377 2574 3450 psalterio
2607 3377 2863 3450 psallant
2891 3377 2964 3432 ei.
3004 3400 3023 3426 ι
3061 3377 3224 3442 Quod
3258 3379 3314 3431 in
3345 3376 3509 3433 choro
3538 3376 3688 3431 dici-

2038 3484 2192 3537 mus,
2222 3467 2331 3522 hoc
2361 3467 2630 3522 dicamus
2661 3466 2718 3520 in
2747 3465 3039 3538 psalterio.
3074 3464 3421 3522 Psalterium
3454 3464 3687 3536 proprie

2040 3573 2228 3629 genus
2281 3555 2482 3628 organi
2516 3561 2605 3611 est
2635 3554 2865 3620 musici,
2918 3555 3072 3626 quod
3106 3558 3194 3610 est
3224 3554 3388 3626 quasi
3435 3553 3683 3609 cithara.

2033 3643 2488 3701 Similitudinem
2521 3643 2696 3699 habet
2725 3642 2982 3708 citharae,
3015 3643 3115 3698 sed
3165 3659 3279 3698 non
3319 3645 3408 3698 est
3436 3641 3681 3697 cithara.

2037 3735 2193 3790 Inter
2224 3731 2566 3806 psalterium
2591 3737 2649 3788 et
2677 3731 3103 3800 citharam,hoc
3127 3731 3371 3788 interest
3402 3748 3415 3786 :
3448 3730 3687 3787 Cithara

2038 3824 2315 3878 deorsum
2349 3821 2715 3894 percutitur;
2748 3825 3022 3876 caeterum
3053 3820 3396 3894 psalterium
3443 3835 3680 3876 sursum

2038 3912 2385 3984 percutitur,
2418 3910 2574 3982 quod
2603 3909 2775 3965 verbo
2790 3909 3013 3982 vulgari
3044 3909 3258 3965 dicitur
3285 3906 3682 3980 polyphthon-

2034 4017 2195 4073 gum.
2231 4005 2349 4056 Hoc
2379 4004 2469 4056 est
2498 4015 2634 4071 ergo
2667 3997 3034 4072 psalterium.
3058 3998 3161 4054 Hic
3191 4013 3327 4069 ergo
3354 3994 3685 4068 precipitur

2035 4090 2229 4155 nobis,
2285 4093 2349 4144 ut
2405 4090 2464 4144 in
2521 4087 2746 4144 cantico
2803 4103 2950 4142 novo
3006 4101 3287 4141 canamus
3347 4084 3506 4151 Deo;
3565 4099 3679 4138 non

2034 4179 2308 4236 deorsum
2364 4179 2434 4233 de
2489 4176 2735 4244 cithara,
2791 4176 2890 4232 sed
2940 4175 3273 4240 desursum,
3333 4173 3442 4228 hoc
3498 4176 3584 4228 est
3620 4171 3679 4226 in

2033 4268 2330 4341 psalterio.

2109 4379 2136 4406 ‹‹
2168 4356 2312 4420 Quia
2341 4357 2488 4412 bene
2516 4353 2796 4426 placitum
2828 4357 2916 4409 est
2938 4351 3180 4408 Domino
3211 4351 3269 4406 in
3302 4350 3518 4424 populo
3549 4367 3678 4416 suo,

2034 4450 2092 4501 et
2118 4443 2388 4500 exaltavit
2419 4447 2756 4498 mansuetos
2815 4440 2873 4496 in
2922 4439 3192 4498 salutem.
3232 4464 3251 4488 υ
3287 4443 3446 4497 Beati
3472 4443 3629 4496 mites
3659 4459 3675 4492 :

2032 4535 2292 4606 quoniam
2339 4535 2447 4604 ipsi
2492 4529 2840 4604 possidebunt
2881 4534 3086 4586 terram
3127 4529 3342 4600 (Matth.
3384 4545 3439 4593 v,
3493 4528 3568 4596 4).
3619 4525 3676 4580 Si

272 4631 422 4706 quos
452 4615 525 4671 ab
555 4631 621 4671 eo
643 4616 1219 4706 perversitasiniqua
1250 4636 1366 4675 non
1397 4626 1664 4691 seperat;
1698 4624 1924 4695 quinos
1951 4641 2000 4706 Ι)
2033 4639 2170 4696 ergo
2200 4621 2278 4677 ibi
2310 4621 2545 4690 dicitur,
2578 4620 2732 4676 beati
2783 4619 2973 4689 mites,
3031 4619 3141 4674 hoc
3194 4622 3294 4706 est,
3335 4614 3672 4706 mansueti:

271 4703 550 4777 dignetur
569 4705 804 4761 tradere
860 4705 918 4760 in
953 4722 1197 4778 regnum
1232 4707 1346 4763 Deo
1396 4708 1572 4776 Patri,
1607 4715 1662 4766 et
1692 4714 1919 4769 confor-

273 4809 398 4848 mes
446 4793 673 4848 efﬁcere
705 4792 952 4850 claritati
987 4795 1245 4868 corporis
1277 4796 1366 4852 sui
1401 4815 1417 4850 :
1450 4799 1655 4868 utjam
1692 4817 1803 4856 non
1869 4803 1919 4857 ei

273 4880 443 4936 locali
475 4886 531 4937 et
562 4881 896 4939 transitoria
927 4888 1126 4955 cantu,
1179 4885 1274 4940 sed
1318 4890 1593 4958 perpetuo
1625 4893 1679 4942 ct
1713 4888 1919 4945 immo-

275 4969 376 5024 bili
435 4970 685 5026 cmlestis
741 4972 1014 5028 stationis
1073 4973 1310 5046 hymno,
1360 4976 1490 5048 jugi
1527 4976 1923 5035 modulatione

274 5076 556 5116 canamus
591 5077 603 5115 :
639 5061 777 5134 quia
806 5061 915 5134 ipsi
949 5067 1040 5118 est
1070 5079 1206 5119 cum
1247 5068 1459 5121 aeterno
1518 5065 1682 5122 Patre
1711 5072 1768 5123 et
1795 5067 1921 5140 Spi-

272 5148 390 5204 ritu
423 5154 625 5206 ancto
651 5149 839 5206 honor
868 5154 925 5207 et
957 5150 1142 5224 gloria
1174 5152 1232 5208 in
1296 5153 1508 5210 saecula
1565 5156 1920 5214 seculorum.

275 5243 476 5296 Amen.

797 5328 1126 5387 PSALMUS
1163 5331 1398 5388 CXLIX.

276 5417 387 5472 Iste
418 5416 685 5490 psalmus
714 5417 901 5475 lectus
930 5423 1041 5489 est,
1083 5419 1185 5493 qui
1215 5420 1392 5478 habet
1421 5421 1477 5479 in
1511 5423 1798 5497 principio
1834 5442 1846 5480 :

343 5527 372 5553 «
405 5505 644 5563 Cantate
673 5505 922 5564 Domino
979 5509 1270 5566 canticum
1315 5528 1552 5584 noyum.
1614 5536 1641 5563 η
1693 5514 1837 5578 Quia
1866 5519 1922 5570 et

272 5593 688 5667 nonagesimus
720 5596 964 5670 quintus
1015 5597 1304 5671 psalmus,
1349 5601 1768 5675 nonagesimus
1797 5617 1922 5676 sep-

271 5682 452 5740 timus
476 5685 678 5741 eadem
713 5685 930 5744 habent
960 5686 1264 5761 principia.
1301 5689 1727 5763 Nonagesimus
1759 5693 1922 5766 quin-

2031 4710 2306 4784 quoniam
2341 4710 2725 4783 possidebunt
2746 4713 3047 4774 terram,et
3075 4707 3168 4763 hic
3189 4705 3401 4763 dicitur
3425 4722 3436 4760 :
3457 4728 3483 4754 ‹‹
3509 4702 3676 4760 Exal-

2032 4801 2173 4856 tavit
2193 4804 2532 4860 mansuetos
2562 4799 2621 4854 in
2654 4797 2933 4865 salutem;
2958 4821 2986 4847 »
3017 4801 3073 4852 et
3101 4796 3196 4853 isti
3231 4793 3523 4850 mansueti
3557 4793 3677 4847 hae-

2035 4890 2279 4945 reditate
2311 4887 2696 4961 possidebunt
2725 4892 2939 4943 terram
2975 4903 2986 4940 :
3021 4903 3157 4957 ergo
3217 4886 3328 4941 ista
3377 4888 3530 4939 terra
3560 4899 3675 4938 non

2033 4984 2121 5034 est
2150 4979 2448 5044 deorsum,
2483 4977 2581 5032 sed
2615 4977 2926 5032 desursum
2959 4980 3065 5030 est.
3098 4974 3243 5038 Quid
3275 4975 3430 5028 enim
3488 4970 3628 5027 dicit
3652 4973 3679 5024 ‘I

2033 5067 2317 5124 Exaltavit
2345 5069 2685 5123 mansuetos
2714 5066 2772 5121 in
2803 5066 3072 5122 salutem.
3107 5065 3165 5120 Si
3197 5063 3353 5119 enim
3385 5061 3678 5118 mansueti

2033 5156 2206 5213 istam
2236 5160 2452 5212 terram
2484 5153 2852 5227 possiderent
2897 5171 3026 5226 qua:
3086 5154 3360 5209 deorsum
3393 5155 3502 5218 est,
3561 5167 3676 5207 non

2031 5245 2268 5314 diceret,
2301 5244 2592 5302 exaltavit.

2109 5356 2133 5383 α
2165 5335 2550 5392 Exsultabant
2577 5332 2764 5390 sancti
2797 5333 2854 5388 in
2888 5333 3097 5405 gloria.
3142 5354 3168 5381 ››
3200 5331 3262 5388 In
3295 5348 3412 5403 qua
3441 5330 3626 5403 gloria
3649 5330 3678 5384 *Ρ

2031 5424 2500 5498 Exsurge,gloria
2530 5438 2930 5494 mea,exsurge
2952 5421 3293 5494 psalterium
3323 5426 3380 5476 et
3408 5419 3634 5476 cithara
3658 5435 3671 5472 :

2030 5529 2339 5586 exsurgam
2383 5511 2658 5569 diluculo.
2714 5513 2776 5566 In
2831 5528 2945 5580 qua
2972 5510 3207 5582 gloria?
3264 5509 3498 5566 Necdum
3525 5509 3675 5562 enim

2029 5607 2148 5658 erat
2177 5604 2402 5676 spiritus
2433 5603 2590 5657 datus
2645 5619 2661 5655 :
2722 5602 2850 5672 quia
2879 5603 3033 5656 Iesus
3060 5600 3291 5656 necdum
3318 5600 3433 5653 erat
3461 5596 3670 5667 gloriﬁ-

2029 5696 2184 5748 catus
2213 5694 2389 5764 (Joan.
2440 5708 2538 5760 γη,
2573 5691 2684 5762 39),
2718 5690 2826 5746 hoc
2881 5695 2989 5756 est,
3022 5707 3135 5749 non
3187 5691 3308 5746 erat
3337 5683 3670 5743 crucifixus.
