3992 6194
268 374 422 433 1345

1458 368 1952 430 BREVIARIUM
1994 370 2077 430 ΙΝ
2128 366 2507 431 PSALMOS.

3512 375 3670 438 i346

269 508 516 560 mortem
542 500 985 559 immortalitate
1009 502 1403 574 potentialiter
1427 518 1799 567 consumens,
1825 501 1913 555 in-
1941 503 1997 568 Α
2026 502 2635 572 concupiscentiisque
2659 501 2861 557 evictis
2881 502 3237 575 carnalibus,
3259 506 3419 579 digni
3451 507 3667 563 inventi

266 590 705 649 commutabilis
725 593 854 648 vitae
877 592 962 647 eis
983 590 1255 646 tribuerit
1274 590 1523 663 gloriam
1554 608 1566 645 :
1599 606 1779 663 quam
1811 602 1915 645 nec

269 682 476 740 oculus
501 681 665 746 vidit,
697 698 801 737 nec
831 681 991 736 auris
1029 679 1269 748 audivit,
1304 694 1408 734 nec
1440 678 1499 733 in
1530 694 1629 734 cor
1658 678 1915 734 hominis

267 772 537 828 ascendit
582 771 629 842 (Ι
658 770 783 825 Cor.
818 787 880 839 ιι,
911 770 989 841 9).
1040 792 1069 820 κ
1103 769 1359 825 Laudate
1406 784 1542 824 eum
1590 768 1915 823 secundum

266 858 713 917 multitudinem
740 857 1169 932 magnitudinis
1191 858 1341 929 ejus.
1367 880 1395 907 »
1426 857 1573 923 Quia
1597 855 1915 913 multifario

263 951 486 1008 honore
542 948 856 1004 distinctas
913 947 1240 1004 cmlestium
1298 962 1608 1019 corporum
1674 946 1917 1018 deputat

267 1038 627 1103 mansiones,
651 1037 804 1093 sicut
832 1036 1120 1093 Dominus
1147 1036 1229 1092 ait
1256 1054 1269 1093 :
1301 1036 1459 1108 Apud
1478 1041 1704 1092 Patrem
1728 1050 1916 1091 meum

264 1128 453 1184 multa:
479 1128 790 1182 mansiones
818 1135 949 1181 sunt
979 1128 1153 1197 (Joan.
1186 1142 1301 1193 xiv,
1337 1128 1415 1197 2).

341 1239 371 1269 α
404 1216 661 1273 Laudate
690 1231 826 1271 eum
857 1216 917 1271 in
950 1231 1095 1271 sono
1122 1216 1299 1270 tubae.
1338 1238 1357 1264 ι
1398 1219 1459 1269 In
1494 1231 1608 1286 quo
1638 1213 1790 1270 bello
1820 1230 1913 1269 oc-

268 1308 375 1362 cisi
416 1306 725 1362 vicerunt:
775 1309 1109 1360 conterente
1168 1304 1416 1359 Domino
1476 1304 1753 1359 Satanam
1802 1302 1914 1357 sub

268 1396 517 1468 pedibus
546 1410 746 1451 eorum
795 1396 969 1466 (Rom.
1002 1408 1117 1460 xvn,
1150 1395 1262 1463 20).
1316 1416 1343 1441 «
1376 1393 1631 1449 Laudate
1674 1409 1807 1447 eum
1854 1392 1913 1447 in

269 1484 549 1556 psalterio
569 1489 625 1538 et
649 1483 892 1539 cithara.
920 1507 942 1533 ι
976 1483 1051 1538 Eo
1074 1483 1227 1553 quod
1252 1482 1336 1538 eis
1356 1482 1443 1537 vel
1470 1483 1542 1537 de
1562 1482 1706 1536 coelo
1729 1480 1914 1537 canti-

267 1588 404 1629 cum
425 1572 571 1646 legis
595 1570 838 1639 implere
861 1571 1220 1644 praestiterit:
1240 1570 1328 1626 vel
1352 1574 1484 1642 post
1503 1570 1914 1626 mortiﬁcatam

265 1677 503 1718 carnem
529 1676 659 1733 quae
685 1660 909 1716 cithara
938 1659 1238 1732 accipitur,
1264 1660 1323 1714 in
1355 1675 1416 1714 se
1447 1658 1840 1714 viviﬁcaverit.

338 1774 365 1800 ‹‹
402 1751 661 1806 Laudate
689 1766 824 1805 eum
857 1750 914 1804 in
945 1753 1221 1822 tympano
1250 1754 1307 1805 et
1338 1747 1535 1803 choro.
1575 1770 1603 1797 ››
1653 1747 1715 1802 In
1759 1752 1915 1818 tym-

267 1856 439 1912 pano,
472 1840 626 1911 quod
658 1838 1076 1895 mortificatum
1122 1854 1335 1910 corpus
1365 1835 1915 1893 sitimmortalitate

265 1930 569 1985 donatum.
628 1928 691 1984 In
740 1928 936 1996 choro,
973 1928 1127 1999 quod
1160 1926 1357 1982 choris
1388 1927 1466 1981 sit
1493 1926 1772 1998 angelicis
1820 1941 1914 1981 so-

264 2018 507 2074 ciatum.
544 2041 566 2069 ι
624 2016 884 2073 Laudate
937 2032 1070 2073 eum
1121 2019 1180 2071 in
1228 2015 1464 2071 chordis
1509 2020 1567 2070 et
1613 2030 1853 2085 organo.
1884 2036 1913 2063 ››

266 2106 430 2170 Quod
456 2122 558 2178 per
578 2107 845 2161 ciborum
874 2104 1295 2160 abstinentiam
1318 2104 1551 2159 retortis
1568 2103 1912 2169 visceribus,

2025 596 2164 645 sunt
2196 605 2373 662 regno
2405 590 2527 655 Dei,
2556 590 2626 645 ad
2658 590 3048 648 concinendas
3072 594 3305 651 divinas
3333 595 3558 653 laudes.

2099 701 2127 729 «
2160 678 2417 734 Laudate
2461 695 2596 734 eum
2645 680 2703 734 in
2754 680 3038 751 cymbalis
3077 683 3221 739 bene
3269 686 3663 743 sonantibus:

2025 766 2260 823 laudate
2290 784 2425 823 eum
2456 768 2515 823 in
2546 767 2832 840 cymbalis
2861 769 3008 825 bene
3041 769 3444 829 tinnientibus.
3481 796 3508 825 »
3555 778 3667 831 lm-

2024 856 2216 929 pletur
2234 856 2356 912 hac
2374 856 2504 912 laus
2529 857 2587 912 in
2621 857 2904 930 cymbalis
2929 858 3076 915 bene
3107 861 3452 917 sonantibus
3476 863 3669 919 exsul-

2023 947 2425 1018 tantibusque,
2448 962 2515 1001 eo
2546 946 2699 1017 quod
2726 947 3097 1019 corruptione
3119 950 3313 1005 carnis
3332 952 3667 1023 sanguinis-

2024 1051 2139 1107 que
2186 1034 2454 1107 depulsa,
2485 1036 2830 1109 conformati
2878 1037 2951 1092 ad
2995 1037 3314 1109 imaginem
3354 1040 3664 1108 Creatoris,

2024 1124 2183 1180 omni
2215 1124 2579 1196 plenitudine
2609 1108 2731 1197 spei
2766 1124 3072 1196 completa,
3106 1108 3261 1183 sicut
3290 1127 3376 1183 sol
3408 1128 3667 1201 resplen-

2024 1215 2201 1269 deant
2248 1213 2306 1268 in
2357 1229 2534 1285 regno
2563 1213 2661 1269 Dei
2696 1214 2882 1269 Patris
2912 1215 3347 1287 omnipotentis.
3402 1240 3431 1268 ‹‹
3463 1218 3668 1276 Omnis

2025 1302 2273 1374 spiritus
2304 1302 2502 1357 laudet
2527 1303 2858 1357 Dominum.
2892 1325 2917 1351 ››
2950 1308 3015 1358 In
3046 1304 3156 1359 hoc
3185 1321 3322 1377 ergo
3343 1324 3520 1379 regno
3551 1324 3667 1365 non

2024 1408 2181 1457 caro,
2213 1407 2327 1445 non
2376 1392 2639 1463 sanguis,
2676 1408 2789 1446 non
2844 1393 3163 1464 corruptio,
3197 1396 3297 1449 sed
3342 1396 3517 1451 homo
3540 1399 3666 1467 jam

2025 1480 2350 1552 spiritualis
2380 1485 2539 1536 totus
2569 1480 2809 1536 effectus
2842 1499 2854 1535 :
2892 1486 3071 1537 Deum
3102 1482 3161 1537 in
3193 1484 3398 1555 spiritu
3428 1486 3668 1556 (quiest

2024 1570 2289 1641 spiritus)
2321 1569 2559 1624 laudare
2592 1586 2705 1624 non
2740 1571 2989 1625 desinat.
3040 1572 3148 1637 Qui
3193 1572 3361 1628 nobis
3392 1580 3668 1645 praestare

2025 1658 2317 1730 dignetur,
2352 1664 2415 1712 ut
2446 1662 2501 1713 in
2536 1658 2642 1713 hoc
2670 1658 2885 1715 saeculo
2915 1660 3162 1715 factores
3191 1660 3337 1733 legis
3367 1662 3575 1733 effecti,
3606 1664 3666 1719 in

2024 1747 2203 1819 hujus
2232 1747 2362 1802 vita:
2403 1762 2589 1818 agone
2619 1748 2866 1819 probati,
2899 1752 2956 1803 et
2985 1749 3184 1805 fideles
3217 1750 3455 1822 inventi,
3489 1754 3667 1825 spiris

1947 1877 1995 1943 Β
2024 1836 2283 1892 tualibus
2332 1836 2499 1891 ditati
2548 1836 2853 1907 fructibus,
2906 1837 2999 1892 bis
3048 1854 3379 1895 mereamur
3425 1843 3669 1916 adjungi

2026 1924 2490 1981 concinentibus.
2517 1924 2629 1995 Ipsi
2660 1923 2843 1997 gloria
2872 1930 2928 1979 et
2956 1925 3269 1997 imperium
3291 1945 3427 1984 cum
3452 1936 3669 1987 aeterno

2025 2015 2192 2069 Patre
2222 2018 2281 2068 et
2309 2012 2527 2084 Spiritu
2560 2018 2782 2078 sancto,
2816 2018 2874 2068 et
2914 2014 2975 2068 in
3005 2021 3217 2071 cuneta
3246 2018 3459 2075 saecula
3488 2036 3668 2076 saecu-

2023 2102 2237 2157 lorum.
2283 2108 2492 2158 Amen.

554 2391 1138 2487 SECUNDA
1190 2352 1872 2487 'EXPOSITIO
1946 2391 2344 2485 SUPER
2406 2391 3004 2486 PSALMUM
3068 2394 3389 2487 CXIX.

334 2732 657 2787 Veniamus
686 2732 756 2787 ad
791 2731 1086 2805 psalmum
1110 2732 1209 2805 qui
1244 2737 1377 2805 post
1403 2732 1793 2788 centesimum
1820 2733 1917 2788 de-

262 2803 485 2875 cimum
519 2808 787 2859 octavum
838 2803 1135 2875 psalmum
1167 2803 1353 2859 lectus
1384 2809 1492 2859 est.
1545 2805 1912 2860 Centesimus

264 2874 527 2948 decimus
559 2879 796 2948 octavus
837 2874 1119 2948 psalmus,
1150 2877 1238 2948 (ut
1270 2877 1602 2946 frequenter
1630 2875 1911 2948 diximus)

263 2944 557 3019 litteratus
586 2951 693 3019 est,
726 2944 975 3019 hoc'est,
1009 2944 1398 3019 alphabetites
1439 2953 1529 3002 est
1563 2964 1575 3002 :
1628 2947 1700 3002 ab
1730 2944 1910 3003 ALsrn

262 3016 648 3100 enim‘in‘cipit
669 3018 946 3100 usquead
972 3016 1295 3100 extremam
1312 3017 1564 3100 litteram
1587 3019 1905 3099 Hebraeam,

264 3103 393 3160 quas
415 3087 692 3160 Hebraice
714 3087 931 3160 dicitur
951 3104 1123 3160 Tum.
1157 3089 1227 3143 Et
1250 3088 1467 3160 singuli
1491 3105 1713 3160 versus,
1740 3106 1772 3143 a
1793 3089 1910 3144 sin-

2025 2733 2207 2788 duum
2242 2733 2531 2788 decimum
2566 2733 2865 2805 quintum.
2887 2733 3230 2806 Quicunque
3261 2736 3318 2791 in
3350 2737 3554 2809 quinto
3576 2740 3670 2795 de-

2024 2822 2174 2876 cimo
2208 2822 2399 2890 fuerit,
2429 2824 2550 2891 jam
2574 2822 2747 2892 juxta
2776 2820 3059 2893 templum
3094 2828 3202 2889 cst,
3236 2829 3293 2879 et
3322 2825 3477 2880 istud
3512 2832 3664 2882 tem-

2023 2909 2209 2981 plum,
2242 2910 2411 2980 cujus
2442 2925 2597 2965 nunc
2629 2911 2830 2965 ruinas
2870 2910 3162 2978 videmus,
3195 2912 3436 2969 offendit
3467 2915 3664 2971 Domi‘

2023 3014 2163 3053 num
2223 3015 2420 3054 suum.
2479 3000 2548 3054 Et
2607 2999 2760 3070 quod
2821 2999 2969 3055 dixit
3025 3000 3366 3057 Dominus?
3420 3005 3661 3077 Surgite,

2019 3088 2276 3143 abeamus
2323 3088 2451 3143 hinc
2497 3088 2674 3159 (Joan.
2708 3104 2820 3155 xxv,
2852 3089 2961 3160 3i).
3010 3090 3079 3144 Et
3117 3091 3257 3161 quid
3290 3091 3430 3147 dicit
3460 3095 3518 3148 in
3550 3094 3663 3151 alio

260 3158 1910 3262 ξξὲξῖ,ξίίεξῗτῖἷὲἓὲἒέῗῗὲῗξοΨξὲἓῗ.ἓὲἧςΞίίῗξη¹ςίὲί2ἱδίἕῗ⁴
1940 3166 1981 3231 C
2021 3184 2146 3241 loco
2166 3186 2195 3240 τί
2226 3186 2584 3257 Relinquetur
2628 3186 2776 3241 vobis
2823 3158 3013 3241 άονίιιιδ
3052 3158 3239 3243 ves—Ira
3268 3188 3477 3246 deserta
3506 3192 3662 3262 (Luc-

262 3230 494 3303 braicaa,
517 3235 574 3286 et
598 3230 1014 3303 octoni'versus
1036 3248 1069 3285 a
1086 3230 1341 3303 singulis
1362 3230 1573 3303 litteris
1596 3231 1904 3303 incipiunt.

263 3300 435 3355 Verbi
471 3318 668 3373 causa,
703 3301 773 3356 ab
804 3320 838 3356 a
866 3300 1081 3364 littera.
1113 3300 1241 3373 quae
1288 3301 1502 3373 dicitur
1548 3300 1750 3368 Αιεριῐ,
1782 3308 1910 3358 octo

261 3388 475 3445 versus,
496 3372 804 3445 incipiunt.
840 3372 1096 3445 Rursum
1134 3372 1276 3428 cum
1312 3372 1395 3427 illi
1428 3374 1575 3445 finiti
1609 3374 1844 3441 fuerint,
1879 3391 1912 3428 a

260 3444 521 3516 secunda
549 3443 743 3516 littera
772 3460 901 3516 quae
930 3444 1145 3516 dicitur
1174 3461 1337 3509 smn,
1384 3444 1482 3499 alii
1529 3450 1657 3500 octo
1707 3461 1910 3501 versus

262 3515 570 3586 incipiunt.
602 3519 667 3571 Et
716 3515 995 3588 in’gtertio
1043 3515 1162 3570 illis
1209 3516 1412 3588 finitis,
1442 3516 1519 3588 ab
1560 3517 1741 3571 altera
1781 3534 1909 3588 quae

259 3585 498 3660 vocatur
516 3602 750 3660 culmen,
776 3585 875 3642 alii
901 3591 1029 3642 octo
1050 3603 1255 3660 versus
1275 3586 1584 3660 incipiunt.
1608 3588 1757 3660 Ergo
1781 3585 1911 3643 cen-

262 3657 509 3731 tesimus
537 3658 798 3731 decimus
819 3662 1065 3731 octavus
1091 3658 1357 3730 psalmus
1378 3657 1769 3731 alphabetitfes
1797 3664 1905 3714 est.

262 3729 321 3803 Si
352 3728 623 3803 volumus
651 3729 841 3803 legere
862 3728 1338 3803 epistolam,_non
1356 3728 1673 3803 possumus
1698 3730 1905 3803 legere,

262 3748 321 3783 zu
352 3748 623 3784 voxumus
653 3748 841 3801 legere
862 3748 1191 3854 episwiam,
1217 3748 1331 3785 non
1356 3748 1673 3802 possumus
1698 3748 1905 3803 legere,

262 3799 376 3855 nisi
409 3800 575 3870 prius
605 3800 863 3873 sciamus
917 3802 1138 3856 itteras.
1188 3801 1281 3856 Sic
1325 3800 1505 3873 igitur
1549 3806 1605 3856 et
1636 3818 1742 3856 nos
1793 3818 1906 3873 non

262 3885 581 3941 possumus
608 3871 940 3941 Scripturas
982 3871 1501 3944 cognoscerefnisi
1530 3872 1792 3997 (primum
1824 3872 1907 3927 al-

262 3941 579 3997 phabetum
602 3941 959 3997 noverimus.
983 3942 1347 3997 Centesimus
1372 3960 1509 3997 ergo
1572 3944 1796 3997 ecimus
1818 3960 1907 3997 oc-

260 3941 585 4016 phabetum
602 3941 959 4016 noverimus.
983 3941 1351 4016 centesimus
1364 3960 1509 4016 ergo
1530 3941 1796 4016 decimus
1818 3960 1909 3999 oc-

260 4017 427 4084 tavus
466 4011 728 4084 psalmus
758 4011 1141 4084 alphabetites
1173 4013 1410 4070 moralis
1440 4011 1550 4081 ést,
1582 4020 1640 4070 et
1672 4015 1909 4070 instruit

262 4083 440 4157 vitam
469 4083 760 4157 nostram.
804 4083 1043 4157 thuia
1073 4100 1227 4140 nunc
1258 4102 1373 4141 non
1406 4089 1496 4141 est
1524 4085 1805 4157 temporis
1836 4087 1906 4142 de

262 4154 533 4229 universo
581 4154 809 4229 psalmo
858 4154 1070 4229 dicere,
1104 4157 1372 4229 dicamus
1420 4174 1577 4213 nunc
1616 4154 1687 4213 de
1716 4158 1906 4229 primo

260 4226 551 4296 graduum
580 4226 832 4299 psalmo,
866 4229 965 4299 qui
999 4228 1084 4284 sic
1117 4228 1324 4300 incipit
1358 4247 1370 4284 :

330 4354 359 4380 ι(
394 4332 478 4386 Ad
511 4332 824 4387 Dominum
856 4350 988 4387 cum
1023 4334 1333 4390 tribularer
1353 4334 1619 4402 clamavi,
1643 4340 1701 4391 et
1729 4352 1905 4391 exau-

258 4418 402 4474 divit
452 4434 564 4475 me.
600 4440 629 4468 ιο
676 4424 988 4491 Propterea
1037 4426 1231 4477 autem
1284 4429 1567 4478 vocantur
1611 4424 1901 4494 graduum

259 4507 592 4604 psalmi,_ut
620 4508 954 4604 frequenter
992 4508 1579 4604 diximus,-quonia—m
1624 4513 1904 4583 gradibus
1935 4538 1979 4604 D

258 4596 612 4669 quibusdam
637 4597 709 4653 ad
739 4596 963 4667 majora
988 4596 1458 4653 conscendimus.
1482 4602 1648 4653 Nunc
1678 4617 1793 4656 non
1815 4607 1904 4657 est

258 4685 537 4757 temporis
568 4687 640 4742 de
669 4684 942 4741 omnibus
974 4684 1217 4758 psalmis
1247 4687 1539 4757 graduum
1577 4688 1900 4760 disputare,

257 4780 314 4830 et
342 4775 553 4841 dicere,
587 4774 880 4847 quomodo
932 4790 1034 4846 per
1077 4773 1340 4846 singulos
1382 4774 1639 4846 psalmos
1684 4778 1901 4849 gradus

258 4864 421 4930 fiant,
437 4864 587 4919 utad
606 4878 842 4919 summa
862 4864 1188 4919 veniamus.
1207 4862 1443 4919 Interim
1462 4864 1728 4921 dicamus
1748 4883 1902 4923 nunc

259 4952 327 5008 de
350 4952 539 5024 primo
550 4953 757 5025 gradu,
774 4952 1172 5024 relinquentes
1194 4952 1536 5024 mysterium
1556 4970 1735 5025 quare
1752 4956 1902 5012 deci-

258 5057 389 5097 mus
407 5042 648 5113 quintus
668 5042 885 5113 gradus
906 5042 1162 5108 dicatur;
1186 5042 1453 5097 eamdem
1471 5043 1627 5098 enim
1653 5060 1769 5099 rem
1797 5045 1902 5101 fre-

259 5135 503 5202 quenter
515 5131 726 5201 dicere,
741 5130 978 5186 taedium
993 5134 1082 5186 est
1099 5130 1494 5186 audientibus.
1512 5130 1673 5188 Unde
1692 5138 1747 5189 et
1762 5137 1902 5207 Apo-

255 5218 441 5275 stolus
454 5220 787 5291 quindecim
802 5220 923 5274 dies
938 5236 999 5275 se
1016 5224 1265 5275 testatur
1282 5218 1489 5275 fecisse
1501 5223 1654 5292 apud
1674 5223 1897 5279 Petrum

252 5307 310 5363 in
334 5306 737 5380 Hierosolyma
760 5308 963 5377 (Galat.
992 5325 1053 5373 ιι,
1081 5309 1157 5378 2),
1183 5313 1248 5363 ut
1277 5308 1567 5365 conferret
1586 5316 1899 5385 utrumque

254 5396 719 5461 Testamentum,
786 5402 844 5451 et
908 5397 1327 5468 septenarium,
1386 5403 1441 5452 et
1508 5401 1894 5457 octonarium.

254 5482 436 5541 Multa
465 5490 607 5540 sunt
637 5501 762 5557 quae
794 5485 1086 5540 dicantur.
1124 5507 1152 5536 «
1175 5486 1259 5540 Ad
1292 5484 1605 5542 Dominum
1638 5505 1771 5544 cum
1802 5490 1901 5545 tri-

254 5572 489 5629 bularer
545 5573 814 5641 clamavi,
866 5579 923 5629 et
977 5574 1273 5629 exaudivit
1327 5591 1441 5631 me.
1480 5598 1505 5623 »
1556 5577 1899 5650 Quicunque

254 5661 445 5721 adhuc
484 5662 544 5720 in
592 5663 713 5721 imo
752 5663 940 5737 gradu
971 5667 1079 5735 est,
1112 5661 1351 5737 respicit
1379 5663 1735 5723 altissimum
1765 5682 1896 5746 gra-

2022 3291 2144 3343 xm,
2176 3274 2288 3343 35).
2340 3274 2626 3329 Dominus
2672 3290 2944 3346 egressus
2979 3281 3086 3345 est,
3119 3281 3175 3331 et
3218 3277 3503 3349 templum
3535 3297 3662 3336 cor-

2021 3363 2156 3417 ruit.
2182 3362 2298 3417 Hoc
2321 3362 2500 3435 igitur
2519 3363 2807 3433 templum
2830 3364 2889 3418 in
2911 3364 3157 3419 circuitu
3181 3366 3515 3437 quindecim
3538 3385 3667 3441 gra-

2021 3450 2131 3506 dus
2180 3450 2372 3505 habet.
2419 3451 2596 3523 Signa
2643 3450 2841 3523 aliqua
2884 3452 3199 3509 videmus:
3252 3462 3574 3525 numerate,
3609 3464 3668 3514 et

2020 3549 2291 3604 videbitis
2337 3548 2417 3603 ita
2455 3564 2583 3603 esse
2617 3552 2681 3603 ut
2709 3549 2982 3605 dicimus.
3016 3550 3222 3606 Levitas
3252 3552 3455 3625 igitur,
3486 3559 3541 3610 et
3572 3574 3665 3611 sa-

2020 3636 2721 3708 cerdotes,unusquisque
2747 3639 3075 3693 secundum
3098 3640 3362 3695 ordinem
3388 3642 3581 3698 stabat
3605 3644 3665 3699 in

2020 3724 2320 3798 gradibus.
2354 3724 2527 3779 Verbi
2572 3742 2749 3781 causa
2782 3744 2794 3781 :
2851 3726 2958 3791 Qui
3005 3726 3263 3799 pontifex
3299 3734 3442 3796 erat,
3476 3733 3668 3788 stabat

2020 3821 2079 3877 in
2113 3823 2302 3894 primo
2350 3823 2556 3895 gradu,
2592 3822 2701 3878 hoc
2748 3828 2837 3880 est
2876 3824 2935 3879 in
2980 3825 3185 3897 quinto
3226 3827 3451 3884 decimo
3482 3830 3666 3902 gradu

2020 3928 2281 3965 sursum.
2309 3910 2372 3966 In
2396 3912 2650 3966 secundo
2674 3928 2804 3968 vero
2835 3913 3019 3985 gradu
3044 3914 3283 3970 stabant
3313 3917 3663 3985 sacerdotes,

2017 4012 2073 4065 et
2117 4008 2174 4064 in
2224 4009 2369 4081 ipsis
2416 4010 2818 4066 sacerdotibus
2865 4015 2992 4067 erat
3034 4012 3361 4068 diversitas.
3396 4013 3457 4068 In
3490 4014 3658 4071 tertio

2017 4114 2251 4154 rursum
2286 4099 2541 4155 minores
2573 4099 2825 4155 stabant.
2852 4099 2913 4153 In
2938 4104 3144 4170 quarto
3168 4117 3401 4157 rursum
3423 4103 3661 4158 stabant

2017 4197 2243 4253 Levites.
2268 4202 2335 4253 Et
2363 4198 2513 4254 inter
2535 4198 2763 4254 Levitas
2793 4201 2918 4253 erat
2946 4198 3132 4255 multa
3152 4200 3457 4257 diversitas
3486 4220 3498 4258 :
3534 4202 3661 4274 qui-

2015 4302 2246 4357 cunque
2295 4290 2421 4341 erat
2468 4290 2784 4351 extremus,
2838 4285 2935 4341 ille
2988 4286 3047 4341 in
3103 4286 3421 4346 novissimo
3468 4291 3657 4363 gradu

2013 4377 2154 4429 erat.
2179 4374 2553 4429 Considerate
2576 4373 2852 4444 quoniam
2881 4379 3175 4433 terrenum
3206 4376 3316 4435 hoc
3345 4381 3656 4453 templum,

2012 4469 2263 4525 caelestis
2293 4468 2496 4542 templi
2527 4470 2714 4541 figura
2741 4476 2831 4527 est
2862 4488 2874 4526 :
2907 4472 3081 4529 Stella
3109 4477 3258 4530 enim
3287 4494 3320 4531 a
3347 4478 3512 4533 stella
3540 4478 3655 4551 dif-

2007 4560 2117 4627 fert
2173 4564 2233 4612 in
2288 4558 2544 4616 claritate
2596 4578 2613 4615 :
2672 4562 2754 4615 ita
2810 4565 2860 4616 et
2928 4566 3255 4620 resurrectio
3309 4570 3656 4624 mortuorum

2013 4656 2062 4723 (Ι
2103 4655 2222 4711 Cor.
2272 4673 2363 4722 xv,
2408 4658 2500 4723 tl,
2543 4658 2655 4728 42).
2716 4658 2871 4714 Felix
2918 4660 3017 4731 qui
3070 4662 3126 4717 in
3174 4662 3378 4733 quinto
3426 4664 3654 4722 decimo

2012 4744 2197 4817 gradu
2252 4745 2312 4800 in
2370 4744 2588 4802 caelesti
2642 4747 2992 4815 Jerusalem,
3042 4753 3099 4804 et
3154 4750 3214 4806 in
3261 4751 3479 4824 templo
3526 4770 3655 4811 esse

2010 4841 2305 4903 meruerit.
2356 4843 2572 4899 Tamen
2621 4844 2761 4915 quia
2802 4844 2947 4901 illud
2996 4848 3217 4919 grande
3261 4855 3370 4918 est,
3402 4855 3462 4906 et
3504 4850 3652 4907 illud

2011 4934 2152 5002 puto
2178 4948 2307 4987 esse
2338 4932 2759 5004 apostolorum,
2793 4940 3236 5008 martyrumque
3266 4944 3604 4996 sanctorum
3634 4958 3647 4997 :

2011 5045 2118 5084 nos
2147 5045 2403 5097 oremus,
2434 5038 2495 5085 ut
2525 5030 2731 5087 saltem
2764 5032 2821 5087 in
2856 5033 3061 5089 ultimo
3092 5036 3275 5106 gradu
3306 5037 3507 5109 templi
3540 5042 3652 5094 Do-

2012 5118 2155 5173 mini
2186 5134 2316 5175 esse
2340 5135 2687 5175 mereamur.
2714 5122 2775 5177 ln
2803 5122 3049 5178 diversis
3071 5126 3307 5195 quidem
3340 5131 3498 5181 stant
3518 5143 3650 5200 gra-

2009 5206 2202 5275 dibus,
2236 5208 2337 5262 sed
2388 5225 2571 5263 unum
2622 5209 2915 5280 psalmum
2960 5212 3017 5267 in
3060 5212 3263 5269 laudes
3294 5215 3523 5271 Domini
3556 5234 3649 5274 ca-

2009 5300 2177 5350 nunt.
2206 5296 2444 5352 Diversa
2471 5296 2598 5354 loca
2626 5303 2802 5355 sunt:
2837 5302 2936 5355 sed
2971 5318 3086 5357 una
3109 5302 3235 5358 laus
3261 5305 3506 5361 Domini.
3532 5306 3648 5363 Hoc

2008 5392 2163 5463 quod
2197 5392 2453 5449 diximus
2485 5394 2555 5449 de
2586 5395 2805 5450 caelesti
2833 5397 3181 5463 Jerusalem,
3230 5418 3382 5457 nunc
3414 5403 3645 5459 interim

2006 5480 2065 5534 in
2116 5481 2227 5536 isto
2280 5481 2491 5537 saeculo
2544 5483 2867 5557 constituti,
2924 5491 3058 5558 puto
3107 5488 3316 5545 diebus
3374 5491 3647 5547 omnibus

2007 5579 2279 5635 exerceri.
2310 5578 2473 5635 Alius
2521 5586 2787 5637 nostrum
2836 5584 2894 5639 in
2944 5586 3131 5657 primo
3171 5588 3355 5659 gradu
3388 5591 3497 5654 est,
3531 5602 3646 5642 non

2005 5668 2275 5742 desperet
2304 5668 2657 5742 secundum;
2685 5673 2785 5747 qui
2805 5672 2863 5731 in
2888 5676 3144 5734 secundo
3172 5676 3358 5751 gradu
3388 5678 3496 5749 est,
3527 5692 3644 5739 non
