3992 6194
449 320 608 380 134⁸7

1948 305 2373 367 ΑΡΡΕΝΟΙΧ.
3590 323 3686 384 ιδιε

445 452 713 522 desperet
741 447 1000 503 tertium.
1034 444 1252 502 Felices
1298 446 1606 515 martyres,
1639 455 1890 514 quorum
1923 437 2094 493 multi
2122 452 2176 518 Α
2207 443 2264 492 et
2285 455 2400 494 non
2422 438 2621 494 statim
2654 442 2930 512 putemus
2954 439 3102 512 quod
3125 441 3171 497 si
3185 441 3685 520 jejunaverimus,con.

449 541 524 596 de
542 537 858 595 novissimo
889 536 1100 609 gradu,
1123 535 1182 590 in
1215 532 1470 606 primum
1506 531 1756 604 gradum
1784 528 2096 586 ascendere

449 631 812 686 meruerunt.
845 624 953 693 Qui
1003 625 1145 679 vivit
1196 623 1255 677 in
1304 622 1418 678 isto
1467 619 1700 686 saeculo,
1743 634 1858 674 non
1907 619 2098 690 potest

448 718 645 774 statim
673 717 743 771 de
769 715 959 788 primo
980 713 1054 768 ad
1074 727 1377 767 summum
1400 708 1811 765 conscendere.
1846 705 1971 761 Non
2001 705 2098 760 de-

448 807 656 863 bemus
704 804 885 877 igitur
930 800 1188 858 contenti
1230 815 1359 856 esse
1405 799 1594 870 primo
1623 795 1834 869 gradu,
1866 809 2098 865 semper

446 895 729 950 debemus
759 892 831 947 ad
865 891 1088 962 majora
1119 887 1336 944 conari.
1387 885 1504 943 Nec
1535 885 1637 956 qui
1681 884 1743 939 in
1775 882 2095 938 novissimo

447 988 556 1051 est,
578 983 846 1053 desperet
876 979 1131 1051 primum
1157 996 1168 1045 ;
1204 992 1308 1033 nec
1339 975 1440 1046 qui
1472 975 1533 1031 in
1563 973 1753 1048 primo
1782 976 1893 1040 est,
1925 971 2098 1026 debet

446 1085 576 1124 esse
603 1083 883 1123 securus:
917 1069 1108 1138 potest
1137 1064 1294 1120 enim
1325 1063 1529 1118 cadere
1560 1062 1622 1118 in
1655 1060 1952 1117 ultimum.
1976 1059 2095 1131 Ego

444 1162 588 1231 puto
620 1156 763 1211 illud
795 1172 924 1212 esse
954 1154 1111 1227 quod
1152 1152 1446 1226 signiﬁcat
1491 1151 1670 1207 etiam
1701 1150 1884 1207 Jacob
1915 1147 2095 1217 scala,

448 1246 684 1318 quando
718 1244 865 1316 fugit
893 1243 1071 1299 Jacob
1105 1243 1256 1297 Esau
1289 1242 1530 1296 fratrem
1562 1255 1762 1296 suum.
1814 1240 1881 1293 Et
1923 1238 2095 1308 venit,

448 1335 661 1406 inquit,
693 1337 750 1389 in
785 1333 990 1398 Bethel,
1030 1341 1082 1387 et
1131 1331 1391 1387 dormivit
1441 1330 1538 1397 ibi,
1571 1338 1622 1385 et
1648 1328 1829 1400 posuit
1857 1326 2100 1399 lapidem

445 1424 516 1479 ad
561 1428 721 1494 caput
767 1439 933 1478 suum
978 1421 1131 1490 (Gen.
1184 1437 1381 1489 XXVIII,
1432 1420 1540 1486 ll).
1592 1417 1797 1472 Videte
1855 1414 2092 1484 ἀσκητήν

447 1519 738 1582 nostrum,
772 1511 1032 1584 fugiebat
1066 1509 1362 1564 hominem
1394 1504 1893 1569 crudelissimum,
1921 1504 2097 1575 fugie-

446 1604 546 1657 bat
577 1603 838 1667 fratrem,
870 1604 926 1654 et
955 1598 1236 1654 auxilium
1282 1595 1502 1651 invenit
1549 1595 1606 1648 in
1658 1593 1870 1665 lapide.
1925 1592 2098 1663 Lapis

444 1691 543 1746 ille
573 1689 839 1744 Christus
875 1693 965 1743 est
997 1704 1008 1741 :
1064 1685 1214 1758 lapis
1246 1685 1338 1739 hic
1370 1685 1462 1740 his
1495 1684 1597 1756 qui
1629 1683 2096 1755 persecutionem

448 1779 770 1851 patiuntur,
804 1775 1088 1832 auxilium
1118 1779 1225 1830 est.
1261 1775 1544 1830 Caeterum
1575 1772 1794 1828 Judsais
1825 1769 2095 1826 incredu-

446 1867 539 1934 lis,
569 1866 721 1938 lapis
762 1863 1122 1930 offensionis,
1154 1868 1213 1918 et
1259 1867 1422 1935 petra
1469 1859 1729 1918 scandali
1757 1862 1825 1929 '(I
1852 1862 1998 1915 Petr.
2032 1877 2094 1928 ιι,

444 1958 522 2028 8).
572 1958 637 2011 Et
682 1954 836 2022 vidit,
889 1953 1096 2025 inquit,
1150 1953 1228 2008 ibi
1275 1953 1434 2008 Jacob
1489 1952 1692 2006 scalam
1745 1956 1982 2004 erectam
2026 1949 2095 2004 de

449 2055 597 2101 terra
631 2061 801 2116 usque
827 2043 897 2098 ad
923 2043 1146 2108 emtam,
1176 2050 1226 2098 et
1257 2042 1317 2096 in
1346 2042 1496 2112 caelo,
1529 2039 1742 2112 inquit,
1781 2040 2092 2094 Dominum.

447 2137 511 2190 Et
544 2134 695 2198 vidit,
721 2132 938 2208 inquit,
971 2132 1190 2203 angelos
1233 2130 1578 2185 ascendentes
1624 2137 1676 2184 et
1722 2127 2098 2183 descendentes

449 2223 602 2295 (Gen.
636 2239 833 2288 xxvm,
871 2222 956 2285 12,
991 2221 1099 2290 13).
1143 2219 1346 2274 Videte
1377 2218 1515 2290 quid
1547 2217 1704 2272 dicat
1735 2234 1746 2271 :
1800 2214 1958 2270 Vidit
1987 2233 2095 2270 an-

449 2313 608 2385 gelos
631 2311 1121 2368 conscendentes:
1147 2307 1294 2362 vidit
1315 2305 1560 2362 Paulum
1584 2306 2092 2362 conscendentem.

449 2401 608 2456 Vidit
629 2399 866 2471 angelos
889 2397 1306 2454 descendentes
1332 2413 1344 2450 :
1375 2396 1560 2451 Judas
1585 2395 1844 2467 proditor
1864 2409 2098 2448 corrue-

450 2489 571 2544 bat.
607 2488 765 2542 Vidit
795 2485 1034 2558 angelos
1064 2484 1443 2539 ascendentes
1477 2501 1489 2538 :
1543 2487 1778 2538 sanctos
1827 2481 2096 2537 homines

451 2579 523 2633 de
568 2583 722 2632 terra
770 2576 842 2631 ad
893 2574 1103 2630 coelum
1154 2578 1481 2645 pergentes.
1529 2572 1688 2626 Vidit
1729 2571 1966 2643 angelos
1996 2571 2095 2626 de-

452 2667 838 2723 scendentes:
890 2661 1191 2718 diabolum
1239 2666 1296 2716 et
1342 2661 1634 2716 daemones
1674 2677 1808 2716 cum
1841 2659 2096 2715 exercitu

452 2773 559 2812 suo
592 2756 662 2811 de
692 2753 835 2810 caelo
866 2751 1274 2825 prmcipitatos.
1298 2749 1550 2806 Grandis
1571 2753 1662 2805 est
1685 2748 2002 2804 difficultas
2027 2749 2097 2804 de

450 2846 622 2903 terris
669 2844 741 2900 ad
791 2841 1048 2898 coelestia
1099 2841 1507 2896 conscendere.
1565 2837 1816 2894 Facilius
1870 2837 2097 2892 ruimus

455 2951 632 3008 quam
659 2931 1110 2989 conscendimus
1136 2947 1148 2984 :
1182 2928 1350 2984 facile
1375 2927 1623 2992 ruimus,
1651 2928 1708 2982 in
1732 2926 2097 2982 ascendendo

455 3023 696 3097 grandis
741 3021 908 3078 labor
955 3025 1062 3087 est,
1094 3017 1334 3091 grandis
1364 3019 1546 3074 sudor
1573 3021 1680 3073 est.
1730 3017 1788 3072 Si
1835 3017 1996 3071 fuero
2037 3015 2096 3070 in

454 3114 642 3186 primo
661 3111 1168 3184 gradu,quantum
1189 3107 1333 3162 mihi
1352 3111 1531 3163 restat
1553 3123 1738 3178 usque
1759 3105 1832 3161 ad
1853 3104 2094 3161 caelum!

2126 1820 2174 1886 B

2206 527 2559 583 scandamus
2606 529 2680 583 ad
2730 545 2910 601 regna
2957 529 3470 605 coelorumJejunia
3507 555 3582 596 nos
3617 560 3690 601 non

2206 617 2430 672 ducunt
2458 618 2530 672 ad
2562 633 2742 690 regna
2769 617 3043 674 caelorum
3077 635 3089 674 ε
3139 620 3230 676 sed
3273 622 3598 698 sinejejuniis,
3618 649 3690 688 non

2204 706 2654 762 conscendimus
2701 707 2773 763 ad
2824 723 3001 780 regna
3049 707 3330 765 ccslorum.
3357 712 3466 768 Sola
3503 732 3587 772 non
3615 737 3693 791 pro

2205 800 2364 862 sunt,
2381 811 2515 850 cum
2537 795 2667 851 aliis
2691 801 2954 868 prosunt.
2971 800 3084 852 Hoc
3105 801 3280 854 totum
3301 815 3453 870 quare
3469 802 3695 869 dixiiouia

2205 884 2375 954 quasi
2406 884 2853 940 fundamentum
2893 890 2982 941 est
3009 888 3428 944 ascendentibus
3453 891 3509 946 ad
3535 895 3696 964 majora.

2205 973 2512 1029 Secundus
2541 989 2673 1030 vero
2704 975 2922 1046 gradus
2950 979 3038 1031 est
3070 992 3082 1030 :
3129 976 3324 1032 seculo
3350 980 3623 1050 renuntiare,
3643 987 3695 1039 ni-

2205 1061 2288 1117 hil
2319 1063 2391 1117 de
2428 1061 2640 1118 saeculo
2685 1079 2962 1134 quaerere,
2995 1069 3220 1120 terrena
3264 1071 3583 1125 contemnere.
3621 1071 3698 1126 Ali-

2205 1150 2340 1222 quis
2370 1151 2524 1208 dicat
2555 1168 2568 1206 :
2622 1155 2689 1206 Et
2716 1152 2826 1208 hoc
2857 1153 3040 1208 facere
3071 1154 3346 1211 secundus
3370 1157 3481 1211 est?
3514 1158 3598 1230 Ego
3620 1161 3698 1216 dico

2206 1241 2552 1296 secundum.
2586 1240 2742 1296 Nihil
2773 1245 2863 1297 est
2889 1246 3121 1298 terrena
3151 1242 3418 1299 dimittere
3444 1262 3455 1300 :
3496 1246 3598 1302 vitia
3623 1251 3699 1303 ani-

2207 1343 2316 1384 mm
2361 1327 2676 1398 dimittere,
2737 1329 2957 1401 grande
3004 1333 3110 1384 est.
3165 1329 3219 1384 Si
3265 1329 3402 1384 enim
3445 1332 3700 1402 jejunavero,

2206 1417 2316 1474 hoc
2345 1422 2455 1486 est,
2480 1416 2530 1472 si
2559 1417 2718 1474 fuero
2753 1419 2810 1474 in
2844 1418 3034 1490 primo
3063 1419 3239 1490 gradu
3269 1437 3281 1473 :
3311 1419 3355 1474 si
3381 1420 3596 1476 dimisero
3617 1437 3700 1492 pos-

2207 1508 2500 1562 sessiones
2528 1523 2708 1573 meas,
2737 1507 2846 1563 hoc
2867 1512 2976 1575 est,
3004 1507 3054 1562 si
3086 1507 3239 1563 fuero
3270 1508 3322 1562 in
3344 1510 3555 1564 secundo
3569 1512 3699 1581 gradu,

2207 1596 2348 1667 quid
2399 1595 2544 1650 mihi
2595 1597 2852 1670 prodest,
2885 1596 2934 1652 si
2987 1596 3213 1652 rixosus
3253 1613 3390 1664 sum,
3418 1598 3459 1652 si
3483 1598 3700 1654 iracundus

2207 1701 2362 1752 sum,
2414 1687 2465 1741 si
2512 1687 2814 1743 detractor
2858 1703 3014 1755 sum,
3067 1687 3116 1742 si
3167 1686 3380 1742 invidus
3428 1687 3569 1742 sum?
3606 1687 3699 1741 Nihil

2207 1776 2427 1848 grande
2456 1779 2546 1830 est
2574 1779 2805 1832 terrena
2853 1775 3146 1832 dimittere
3175 1793 3189 1833 :
3238 1777 3436 1846 majora
3474 1781 3577 1832 sunt
3601 1777 3701 1843 vitia,

2207 1880 2332 1936 quis
2382 1863 2732 1920 dimittenda
2774 1869 2936 1920 sunt.
2983 1865 3120 1936 Sed,
3149 1864 3296 1921 dicat
3333 1863 3528 1936 aliquis,
3551 1863 3700 1920 difﬁcile

2205 1957 2294 2009 est
2325 1971 2337 2008 :
2385 1953 2606 2026 grande
2652 1957 2742 2009 est
2775 1971 2787 2009 :
2839 1954 3056 2009 durum
3094 1959 3201 2011 est.
3233 1954 3296 2010 Et
3320 1953 3432 2010 ideo
3455 1954 3616 2026 grande
3633 1959 3698 2016 est.

2207 2041 2344 2113 quia
2373 2041 2610 2098 difficile
2639 2048 2729 2098 est
2760 2059 2772 2097 :
2810 2041 3035 2098 athleta
3064 2059 3178 2098 non
3208 2047 3500 2111 coronatur,
3516 2043 3597 2098 nisi
3615 2042 3698 2113 legi-

2205 2131 2344 2186 time
2375 2131 2695 2187 certaverit.
2728 2131 2881 2187 Nulli
2917 2131 3091 2187 faciat
3119 2132 3547 2204 desperationem,
3563 2132 3701 2186 arduus

2205 2237 2485 2276 ascensus
2537 2225 2645 2289 est,
2693 2220 2952 2277 difficilis
3001 2226 3136 2278 est:
3190 2220 3481 2294 desperatio
3517 2220 3702 2277 nascitur.

2206 2308 2332 2364 Noli
2364 2310 2693 2382 desperare,
2744 2327 2777 2365 o
2827 2310 3026 2381 homo,
3074 2311 3132 2366 in
3164 2311 3351 2382 quinto
3378 2309 3558 2365 decimo
3586 2307 3703 2382 gradu

2210 2398 2492 2454 Dominus
2523 2415 2704 2471 supra
2733 2403 2859 2467 est;
2895 2399 3163 2456 intuetur
3189 2404 3279 2468 te;
3307 2399 3395 2455 dat
3420 2397 3643 2454 auxilium.
3670 2396 3704 2450 Si

2206 2487 2266 2542 in
2297 2487 2485 2559 primo
2517 2487 2701 2559 gradu
2733 2505 2814 2556 es,
2839 2493 2895 2543 et
2923 2488 3159 2544 videtur
3184 2488 3282 2543 tibi
3311 2487 3496 2560 grande
3513 2501 3604 2541 esse
3623 2499 3704 2556 spa-

2205 2576 2354 2631 tium
2385 2576 2538 2632 inter
2567 2576 2848 2648 primum,
2871 2580 2930 2633 et
2948 2578 3224 2649 quintum
3249 2576 3530 2642 decimum;
3554 2572 3634 2630 noli
3650 2588 3703 2626 re-

2207 2665 2427 2736 spicere
2473 2666 2744 2737 gradum,
2776 2666 2877 2722 sed
2926 2666 3140 2722 ccelum
3189 2665 3386 2738 aspice.
3414 2665 3472 2720 Et
3497 2663 3590 2718 vide
3615 2659 3704 2732 quid

2205 2753 2378 2809 dicat.
2403 2757 2528 2809 Non
2559 2754 2706 2810 dixit
2733 2771 2747 2811 :
2780 2754 2911 2810 Vidi
2935 2755 3249 2811 Dominum
3276 2757 3489 2812 stantem
3514 2752 3554 2806 in
3572 2749 3703 2822 quinto

2206 2841 2432 2898 decimo
2461 2843 2646 2915 gradu
2680 2859 2693 2898 :
2747 2860 2853 2900 nos
2883 2843 3043 2900 enim
3077 2845 3148 2901 ad
3187 2848 3416 2901 stantem
3456 2847 3499 2897 et
3530 2830 3702 2895 eiectum

2207 2931 2519 2987 Dominum
2551 2933 2848 3004 pervenire
2872 2950 2985 2988 non
3013 2939 3374 3007 poteramus;
3402 2931 3482 2988 sed
3505 2928 3590 2984 vide
3609 2923 3703 2997 quid

2207 3019 2360 3076 dicat
2408 3036 2422 3075 :
2491 3021 2613 3077 Vidi
2674 3022 2968 3077 Dominum
3037 3025 3352 3078 innitentem
3404 3034 3530 3091 super
3573 3015 3706 3072 natam

2207 3107 2360 3180 (Gen.
2396 3123 2590 3177 xxvm,
2627 3111 2736 3181 13).
2789 3109 2933 3166 Vide
2981 3112 3129 3183 quid
3179 3111 3326 3166 dicat
3366 3111 3426 3165 de
3456 3123 3507 3164 eo
3537 3105 3607 3178 qui
3634 3109 3708 3158 sta-

451 3202 510 3256 Si
543 3202 705 3256 fuero
737 3199 796 3253 in
827 3197 1104 3265 secundo,
1138 3196 1185 3252 si
1219 3196 1279 3250 in
1311 3196 1500 3264 tertio,
1530 3195 1578 3250 si
1611 3196 1667 3249 in
1700 3199 1928 3266 quarto,
1961 3193 2010 3249 si
2040 3193 2100 3248 in
2131 3187 2174 3255 C
2214 3197 2312 3252 bat
2345 3214 2356 3251 :
2391 3197 2714 3253 Incurvavit
2742 3215 2825 3266 se,
2857 3203 2914 3254 et
2943 3197 3274 3255 humiliavit
3301 3215 3374 3266 se,
3403 3201 3458 3252 ut
3481 3211 3560 3250 nos
3580 3205 3706 3264 posse-

454 3290 706 3356 dscimo,
737 3288 879 3360 quid
931 3285 1076 3341 mihi
1116 3285 1354 3356 prodest
1383 3284 1499 3338 nisi
1530 3285 1599 3339 ad
1633 3299 1934 3338 summum
1969 3298 2097 3354 per-

453 3396 660 3436 venero
681 3378 708 3431 ?
747 3377 856 3432 Fac
888 3375 1030 3431 mihi
1065 3375 1238 3431 istam
1269 3373 1486 3430 scalam
1518 3373 1854 3445 quindecim
1886 3371 2098 3427 habere

453 3470 670 3543 gradus
705 3483 718 3522 :
773 3465 906 3522 veni
941 3481 1125 3536 usque
1169 3464 1240 3520 ad
1287 3467 1564 3535 quartum
1597 3462 1935 3528 decimum;
1985 3459 2098 3515 nisi

452 3558 726 3630 quintum
748 3555 1038 3610 decimum
1061 3559 1322 3623 tenuero,
1345 3551 1484 3622 quid
1509 3550 1652 3606 mihi
1680 3550 1918 3622 prodest
1943 3549 2097 3620 quod

455 3645 527 3699 ad
551 3649 828 3716 quartum
851 3642 1146 3698 decimum
1176 3640 1355 3697 veni?
1385 3641 1454 3695 Et
1483 3639 1532 3696 si
1563 3640 1634 3695 ad
1656 3639 1928 3712 quintum
1951 3637 2100 3694 deci-

455 3748 618 3788 mum
665 3747 871 3787 venero
915 3736 973 3786 et
1021 3746 1315 3798 corruero,
1349 3731 1536 3801 major
1581 3745 1880 3795 ascensus,
1914 3728 2102 3798 major

454 3822 627 3878 ruina
656 3824 765 3877 est.
790 3819 1098 3890 Simulque
1121 3818 1427 3874 considera
1448 3823 1883 3874 sacramentum
1915 3835 1928 3872 :
1963 3817 2101 3888 quia

453 3911 694 3985 grandis
743 3908 908 3966 labor
953 3911 1064 3974 est,
1096 3914 1153 3962 et
1197 3907 1438 3979 grandis
1487 3907 1685 3973 sudor,
1717 3908 1789 3962 de
1827 3905 1998 3962 terris
2027 3905 2098 3960 ad

454 4000 664 4058 ccelum
696 3997 1104 4055 conscendere.
1138 3995 1329 4051 Vultis
1360 3994 1507 4050 scire
1537 3994 1636 4066 qui
1668 3999 1809 4049 sunt
1838 3994 1932 4049 isti
1965 4010 2096 4066 gra-

455 4090 566 4146 dus
581 4090 609 4144 ‘I
629 4088 736 4155 Qui
760 4092 849 4143 est
869 4086 1094 4159 primus
1115 4083 1332 4157 gradus
1348 4083 1376 4138 ?
1399 4083 1513 4156 Ego
1537 4087 1675 4155 puto
1697 4083 1953 4156 primum
1977 4099 2102 4153 gra-

455 4179 596 4233 dum
625 4192 753 4233 esse
771 4175 1067 4248 jejunium
1096 4191 1108 4228 :
1141 4173 1335 4229 adhuc
1358 4173 1703 4243 enimjuxta
1728 4177 1943 4228 terram
1971 4175 2060 4227 est
2084 4189 2097 4228 :

455 4265 784 4322 recedimus
814 4265 884 4320 de
914 4268 1091 4330 terra,
1121 4260 1571 4318 conscendimus
1605 4278 1618 4316 :
1657 4265 1865 4316 tamen
1910 4259 2102 4315 adhuc

455 4357 528 4412 de
556 4353 803 4410 terrenis
844 4357 904 4408 et
945 4351 1348 4424 corporalibus
1393 4351 1738 4422 cogitamus.
1795 4349 1952 4405 Dicat
1997 4349 2099 4404 ali-

455 4443 591 4516 quis
625 4461 638 4501 :
672 4442 810 4513 quid
846 4441 990 4496 mihi
1024 4441 1260 4513 prodest
1280 4439 1576 4511 jejunium
1597 4440 1625 4495 ?
1655 4456 1760 4512 ego
1793 4456 2007 4511 quaero,
2040 4444 2105 4495 ut

456 4533 656 4590 anima
686 4547 816 4587 mea
846 4547 994 4603 pura
1023 4528 1099 4585 sit
1127 4529 1282 4601 apud
1314 4528 1628 4584 Dominum
1665 4547 1677 4584 :
1729 4529 1934 4600 quanti
1987 4545 2101 4584 non

448 4624 744 4695 jejunant,
775 4625 833 4676 et
879 4619 1066 4674 sancti
1114 4617 1290 4674 sunt!
1343 4617 1460 4689 Ego
1509 4633 1626 4674 non
1677 4617 1784 4672 hoc
1839 4617 1989 4674 dico.
2039 4615 2102 4673 Si

455 4710 675 4768 Paulus
707 4707 1006 4781 apostolus
1036 4707 1362 4778 castigabat
1389 4722 1602 4779 corpus
1645 4723 1841 4774 suum,
1876 4711 1932 4762 et
1979 4721 2100 4761 ser-

454 4801 623 4856 vituti
649 4798 1028 4871 subjiciebat:
1056 4813 1128 4852 ne
1149 4795 1282 4851 aliis
1305 4796 1652 4868 praedicans,
1676 4795 1688 4850 i
1693 4811 1799 4867 pse
1821 4796 2104 4867 reprobus

457 4889 812 4946 inveniretur
859 4886 1168 4959 (IGor.1x,
1201 4885 1330 4955 27);
1382 4884 1430 4939 si
1478 4883 1664 4939 dicit:
1717 4883 1873 4940 Video
1919 4893 2105 4940 autem

455 4980 639 5036 aliam
685 4979 856 5050 legem
900 4978 1245 5032 resistentem
1291 4974 1407 5048 legi
1450 4975 1648 5030 mentis
1693 4988 1854 5044 meae,
1904 4976 1956 5029 et
1997 4973 2106 5033 du-

456 5071 666 5124 centem
710 5083 796 5123 me
841 5069 902 5122 in
947 5065 1317 5136 captivitatem
1364 5063 1538 5134 (Rom.
1584 5079 1682 5130 vn,
1727 5063 1858 5134 23);
1905 5066 1962 5118 et
2009 5079 2106 5134 po-

459 5160 585 5212 stea
632 5155 775 5211 dicit
808 5172 820 5211 :
867 5155 1075 5226 Infelix
1118 5169 1211 5224 ego
1256 5152 1434 5218 homo,
1463 5153 1587 5225 quis
1625 5168 1714 5207 me
1751 5152 2015 5207 liberabit
2042 5153 2107 5208 de

456 5260 680 5316 corpore
711 5246 899 5300 mortis
933 5244 1096 5313 huius
1127 5241 1286 5316 (Ibid.
1317 5241 1446 5312 24)!
1480 5241 1539 5296 Si
1574 5239 1672 5296 ille
1703 5241 1948 5297 insidias
1979 5257 2106 5296 cor-

458 5333 617 5408 poris
646 5333 833 5400 timet,
859 5349 965 5388 nos
997 5332 1186 5389 securi
1217 5331 1470 5387 sumus?
1499 5330 1557 5386 Si
1589 5329 1686 5385 ille
1716 5330 1891 5386 dicit:
1927 5331 2107 5398 Quan-

457 5425 523 5480 do
551 5423 822 5494 inﬁrmor,
852 5425 982 5476 tunc
1008 5423 1205 5492 fortior
1227 5437 1350 5476 sum
1379 5421 1448 5493 (II
1479 5420 1601 5476 Cor.
1637 5437 1734 5488 xu,
1770 5420 1856 5486 10)
1892 5436 1904 5474 :
1939 5420 2106 5475 Inﬁr-

460 5515 634 5572 mitas
695 5509 974 5584 corporis,
1035 5510 1256 5566 sanitas
1315 5509 1523 5566 animm
1581 5515 1689 5566 est.
1743 5509 1860 5565 Hoc
1917 5513 2107 5564 totum

459 5619 639 5681 quare
687 5599 814 5660 dico
847 5615 861 5658 :
913 5597 1061 5668 Quia
1097 5597 1453 5656 abstinentia
1491 5599 1719 5673 primus
1747 5599 1966 5673 gradus
1995 5603 2104 5674 est,

2209 3303 2342 3342 mus
2401 3287 2736 3344 ascendere.
2799 3286 3085 3345 Dominus
3142 3288 3396 3344 incurvus
3441 3289 3509 3341 est
3558 3283 3708 3354 propter

2209 3381 2282 3446 te,
2333 3375 2666 3431 humiliavit
2707 3393 2814 3432 se:
2868 3393 3118 3434 securus
3155 3369 3410 3434 ascende.
3452 3375 3537 3430 Iste
3579 3368 3706 3440 igitur.

2209 3464 2309 3536 qui
2357 3481 2514 3520 nunc
2560 3465 2618 3520 in
2666 3465 2856 3537 primo
2899 3467 3089 3538 gradu
3137 3471 3243 3534 est,
3273 3483 3378 3522 non
3415 3468 3488 3520 est
3521 3463 3561 3516 in
3589 3456 3705 3513 tribu-

2208 3553 2468 3610 latione:
2516 3555 2645 3626 jam
2693 3554 2849 3610 enim
2896 3557 3142 3612 recessit
3188 3557 3255 3612 de
3301 3546 3701 3615 tribulatione,jam

2211 3642 2268 3698 in
2328 3643 2517 3716 primo
2573 3643 2758 3715 gradu
2818 3644 3017 3715 posuit
3083 3645 3303 3717 pedem.
3359 3642 3462 3698 Non
3509 3636 3612 3694 enim
3645 3629 3701 3684 di-

2209 3730 2287 3786 cit
2328 3747 2342 3787 :
2395 3730 2562 3787 Nunc
2619 3731 2889 3802 tribulor,
2945 3749 3104 3789 nunc
3163 3731 3374 3798 clamo;
3421 3727 3500 3785 sed
3543 3722 3635 3796 quia
3666 3717 3703 3770 in

2210 3819 2400 3892 primo
2457 3820 2640 3892 gradu
2707 3823 2824 3887 est,
2895 3820 3075 3876 refert
3139 3822 3274 3894 quid
3336 3831 3508 3892 passus
3554 3802 3706 3894 estth

2211 3909 2349 3981 quid
2403 3907 2590 3964 dicit?
2641 3909 2787 3964 «Ad
2835 3892 3173 3966 Dominumi
3199 3927 3327 3966 cum
3362 3903 3610 3963 tribulam,
3633 3892 3706 3949 cls-

2211 3997 2385 4068 mavi,
2444 4002 2501 4053 et
2554 3998 2849 4053 exaudivit
2906 4015 3017 4055 me.
3076 4023 3097 4050 .
3161 4003 3457 4070 Antequam
3502 3991 3542 4044 in
3582 3982 3706 4058 Ρτίωο

2208 4087 2393 4159 gradu
2426 4087 2632 4158 pedem
2663 4104 2962 4158 ponerem,
2996 4088 3332 4156 tribulabar,
3361 4085 3473 4157 quia
3503 4093 3580 4134 non
3600 4074 3705 4143 Ροίθ

2211 4192 2335 4231 ram
2365 4180 2594 4233 terrena
2623 4177 2937 4233 dimittere.
2975 4201 3003 4229 «
3041 4178 3127 4233 Ad
3158 4176 3441 4234 Dominum
3463 4181 3555 4225 cum
3576 4159 3701 4216 tribu-

2211 4264 2363 4321 larer
2391 4264 2659 4335 clamavi,
2690 4270 2747 4320 et
2773 4265 3074 4323 exaudivit
3103 4283 3215 4322 me.
3251 4291 3270 4315 ι
3311 4263 3507 4320 Videtur
3527 4255 3604 4309 ista
3622 4261 3706 4300 ver-

2212 4353 2433 4410 siculus
2463 4353 2610 4408 nihil
2635 4354 2849 4411 habere
2876 4355 3249 4413 intrinsecus.
3273 4347 3549 4409 Versiculos
3568 4347 3711 4430 ριξνξξθ

2211 4447 2338 4512 est;
2373 4444 2475 4499 sed
2506 4447 2624 4500 tres
2655 4460 2866 4500 sensus
2896 4445 3075 4501 habet
3107 4445 3164 4501 in
3196 4461 3256 4501 se
3297 4440 3482 4516 pariter
3516 4425 3710 4499 congluti-

2136 4553 2179 4616 Β
2213 4536 2400 4588 natos.
2432 4531 2583 4596 Quid
2613 4532 2770 4588 enim
2803 4533 2992 4590 dicit?
3047 4557 3068 4584 ι
3105 4534 3244 4590 Cum
3281 4528 3554 4616 tribularer,
3577 4539 3596 4567 η
3617 4521 3712 4616 ¹(δθίιθ

2215 4637 2425 4690 unum,
2455 4622 2731 4689 clamavi;
2777 4627 2834 4678 et
2861 4627 2996 4695 post
3025 4623 3330 4680 clamorem
3358 4611 3514 4691 quid?
3544 4631 3569 4698 γε(
3591 4609 3714 4698 et

2211 4711 2356 4767 divit
2384 4727 2496 4767 me.
2522 4729 2548 4762 ο
2589 4711 2650 4766 In
2683 4728 2799 4767 uno
2829 4728 2999 4769 versu
3021 4713 3180 4785 prior
3207 4705 3491 4768 tribulatio,
3515 4696 3714 4785 clamato.

2212 4799 2526 4856 exauditio.
2549 4798 2674 4855 Non
2698 4799 2870 4854 dixit:
2896 4774 3138 4866 Quando
3159 4813 3384 4856 securus
3405 4774 3716 4866 eram,quan_do

2212 4888 2379 4944 laetus
2430 4904 2611 4955 eram,
2643 4863 3045 4959 clamavi,_sed
3091 4888 3313 4962 quando
3349 4863 3716 4962 tribulabar,clr

2215 4975 2389 5032 mavi.
2428 4999 2448 5024 ι
2483 4977 2694 5047 Petitis,
2716 4975 2930 5048 inquit,
2953 4982 3005 5032 et
3033 4959 3144 5033 non
3169 4969 3482 5032 exaudimini
3503 4983 3518 5018 :
3539 4959 3637 5034 quia
3655 4963 3717 5004 nt-

2211 5065 2481 5136 gligenter
2522 5064 2702 5136 petitis
2749 5065 2882 5136 (Jac.
2916 5082 2992 5133 1v,
3025 5066 3102 5137 3).
3161 5084 3182 5112 ε
3220 5063 3294 5118 Ad
3341 5051 3716 5137 Dominumcum

2214 5132 2536 5210 tribularer‘
2576 5132 2844 5222 clamavi,
2893 5159 2952 5209 et
2980 5132 3281 5212 exaudivit
3325 5165 3422 5205 me.
3454 5166 3478 5195 »
3516 5132 3623 5204 Ouid
3660 5138 3716 5188 me

2215 5242 2553 5298 exaudivit?
2588 5243 2744 5298 Fecit
2780 5259 2872 5298 me
2902 5247 3056 5301 stare
3083 5244 3143 5299 in
3175 5243 3349 5315 primo
3375 5227 3564 5309 gradu?
3584 5227 3715 5315 verunt

2217 5332 2287 5386 ad
2321 5332 2817 5404 comparationem
2848 5332 3038 5403 quinti
3083 5302 3285 5388 decimi
3312 5302 3516 5400 gravidus,
3539 5307 3642 5404 (inid
3664 5302 3718 5404 θεξ

2217 5437 2344 5476 esse
2377 5420 2434 5474 in
2468 5421 2656 5492 primo
2685 5423 2868 5492 gradu
2893 5422 2919 5476 ?
2967 5421 3168 5478 Dimisi
3216 5424 3438 5482 terrena,
3465 5401 3655 5464 necdum
3674 5387 3717 5486 id

2219 5509 2334 5580 alta
2382 5491 2737 5566 conscendi:
2789 5526 2927 5584 ergo
2970 5527 3080 5567 non
3128 5509 3298 5565 debeo
3323 5515 3435 5560 esse
3461 5500 3659 5584 securus,
3683 5491 3716 5530 In

2217 5578 2438 5660 caeteris
2467 5598 2748 5673 gradibus
2779 5578 2962 5659 debeo
2993 5598 3264 5660 auxilium
3291 5591 3382 5652 Dei
3407 5578 3656 5663 postulare.
