3992 6194
316 351 472 410 1349

1393 412 1396 416 .
1492 338 1989 409 ΒΗΕἯΑΒΙΗΜ
2039 348 2115 406 ΙΝ
2163 345 2550 408 PSALMOS.

3577 350 3730 408 1350

388 506 415 532 «
451 481 714 549 Domine,
748 481 930 538 libera
959 483 1217 537 animam
1251 497 1442 537 meam
1466 498 1499 536 a
1527 480 1962 552 labiisiniquis,
1995 483 2047 548 Α
2084 480 2316 546 tibi,aut
2348 479 2489 551 quid
2523 483 2850 551 apponatur
2880 480 3086 535 tibi.ad
3111 479 3374 553 linguam
3395 480 3717 537 dolosam?»

317 576 373 627 et
402 590 435 626 a
466 570 668 644 lingua
705 569 928 627 dolosa.
958 590 984 621 ο
1023 571 1175 626 Dicit
1231 570 1340 627 hoc
1389 571 1460 626 de
1509 571 1788 626 omnibus
1846 570 1964 624 ha-

319 660 574 716 resibus.
612 659 758 715 Dicit
796 661 866 716 de
895 659 1136 724 Judais,
1168 659 1308 715 dicit
1338 659 1410 714 de
1436 659 1689 730 Arianis,
1723 659 1866 716 dicit
1896 659 1967 714 de

321 749 678 816 Manicbais,
714 748 946 805 dicitde
975 749 1197 805 cateris
1228 748 1568 805 baresibus.
1595 747 1836 812 Quando
1877 747 1964 802 di-

320 838 399 893 cit
428 836 696 895 Arianis:
729 837 899 893 Pater
927 838 1136 909 major,
1172 835 1354 893 Filius
1403 837 1617 904 minor,
1675 835 1816 909 quid
1872 836 1966 891 di-

320 941 522 983 cemus
571 941 678 981 nos
706 925 734 980 ?
778 947 805 975 «
854 925 1120 996 Domine,
1166 924 1350 982 libera
1387 925 1648 982 animam
1692 940 1884 981 meam
1935 942 1970 980 a

323 1014 496 1070 labiis
523 1013 762 1085 iniquis,
794 1017 852 1069 et
881 1030 915 1068 a
943 1014 1145 1086 lingua
1173 1013 1394 1070 dolosa.
1434 1037 1461 1064 »
1519 1013 1764 1078 Quando
1827 1011 1969 1068 dicit

324 1102 764 1172 Manichaus,et
793 1102 1006 1158 similis
1037 1103 1521 1160 Manichaorum:
1547 1103 1832 1159 Dominus
1854 1119 1968 1158 non

326 1191 642 1248 resurrexit
670 1192 728 1246 in
783 1193 1042 1264 corporis
1092 1192 1355 1260 veritate,
1414 1198 1473 1248 et
1530 1197 1594 1248 ut
1650 1192 1804 1247 scias
1853 1208 1967 1247 non

325 1281 508 1337 fuisse
532 1296 731 1336 verum
764 1297 998 1353 corpus,
1047 1280 1264 1337 clausis
1303 1282 1606 1354 ingressus
1662 1286 1752 1336 est
1806 1279 1972 1336 ostiis

326 1372 507 1442 (Joan.
541 1386 632 1437 xx,
668 1370 752 1435 19,
780 1371 892 1439 26),
927 1386 1032 1426 nos
1062 1369 1201 1441 quid
1251 1369 1567 1425 dicemus?
1631 1389 1651 1417 ι
1701 1369 1969 1434 Domine,

323 1457 507 1514 libera
534 1458 794 1513 animam
822 1475 1012 1514 meam
1045 1474 1078 1514 a
1108 1457 1280 1514 labiis
1311 1457 1552 1530 iniquis,
1587 1463 1644 1514 et
1679 1475 1713 1512 a
1759 1458 1967 1530 lingua

327 1547 547 1604 dolosa.
583 1569 612 1597 »
641 1548 859 1618 Majora
888 1546 1129 1603 vulnera
1150 1552 1288 1602 sunt
1309 1546 1543 1619 lingua,
1564 1563 1742 1619 quam
1766 1547 1969 1618 gladii.

224 1655 232 1663 '
327 1635 570 1692 Gladius
601 1636 878 1691 interficit
905 1652 1140 1708 corpus,
1188 1636 1446 1691 animam
1495 1653 1613 1691 non
1674 1636 1968 1690 interficit.

331 1725 550 1796 Lingua
578 1722 732 1779 mala
761 1740 853 1780 res
884 1729 992 1790 est,
1025 1723 1247 1779 malum
1299 1739 1581 1794 magnum
1619 1739 1631 1777 :
1675 1722 1972 1776 modicum

2075 569 2403 640 Respondet
2430 568 2504 634 ei,
2536 573 2593 624 et
2624 568 2790 635 dicit,
2824 573 2886 623 tu
2921 569 3020 640 qui
3065 569 3210 625 dicis
3241 587 3253 626 ε
3289 592 3317 619 ‹‹
3357 571 3620 636 Domine,
3655 570 3725 626 li-

2074 659 2214 714 bera
2238 657 2496 713 animam
2529 672 2720 713 meam
2751 674 2784 714 a
2825 657 3000 714 labiis
3049 658 3269 730 iniquis
3317 664 3374 714 et
3427 676 3461 714 a
3520 659 3725 731 lingua

2077 745 2298 810 dolosa,
2333 768 2362 796 π
2395 745 2536 817 quid
2558 745 2664 800 tibi
2693 745 2780 801 vis
2811 746 2986 802 dari?
3031 747 3099 800 Et
3157 752 3469 819 postquam
3515 749 3719 804 datum

2076 835 2182 890 tibi
2209 835 2548 905 fuerit,quid
2582 834 2688 889 tibi
2721 851 2960 891 rursum
2990 836 3204 908 apponi
3233 835 3320 892 vis
3341 838 3413 892 ad
3458 838 3723 910 linguam

2078 923 2389 981 dolosam?
2418 923 2622 979 Videte
2656 923 2798 994 quid
2856 924 3056 980 dicat:
3122 925 3245 980 Non
3307 925 3470 993 dixit,
3521 933 3727 982 contra

2078 1012 2342 1085 linguam
2373 1012 2658 1079 dolosam,
2692 1013 2814 1078 sed,
2851 1034 2879 1063 «
2926 1013 2997 1068 ad
3049 1014 3314 1085 linguam
3375 1014 3660 1071 dolosam.
3695 1039 3724 1067 ››

2079 1103 2140 1157 Si
2170 1102 2430 1167 dixissel,
2472 1106 2675 1158 contra
2707 1101 2969 1173 linguam
3000 1101 3286 1171 dolosam,
3320 1103 3618 1160 videretur
3657 1106 3729 1160 de

2079 1191 2410 1246 adversario
2440 1190 2649 1246 dicere.
2700 1191 2894 1245 Videte
2953 1191 3092 1262 quid
3161 1193 3238 1247 sit
3292 1197 3726 1250 sacramentum

2081 1279 2400 1350 Pmpbeta,
2430 1280 2548 1334 imo
2579 1280 2763 1334 sancti
2798 1282 2857 1333 in
2909 1281 3097 1351 primo
3148 1281 3332 1352 gradu
3397 1283 3724 1338 constituti.

2084 1368 2216 1424 Dico
2249 1368 2596 1440 simplicius,
2620 1371 2856 1440 propter
2884 1368 3291 1440 simpliciores.
3337 1371 3483 1434 Quid
3541 1371 3729 1427 dicit?

2085 1480 2111 1506 ‹‹
2149 1457 2405 1526 Domine,
2441 1457 2625 1512 libera
2653 1457 2912 1512 animam
2939 1473 3132 1512 meam
3183 1475 3217 1512 a
3273 1455 3444 1512 labiis
3503 1460 3724 1530 iniquis

2081 1550 2138 1601 et
2165 1563 2199 1601 a
2231 1545 2434 1616 lingua
2461 1545 2684 1602 dolosa.
2716 1569 2738 1597 ι
2776 1545 2946 1600 Verbi
2962 1547 3390 1613 causa,alabiis
3405 1548 3723 1603 adversarii

2081 1635 2218 1700 mei,
2241 1634 2341 1704 qui
2374 1633 2517 1688 mihi
2555 1634 2830 1688 detrahit.
2865 1635 2976 1688 Sed
2999 1634 3284 1691 Dominus
3301 1635 3458 1690 aliud
3489 1652 3727 1708 respon-

2081 1725 2197 1778 det.
2236 1723 2304 1778 Et
2333 1722 2472 1793 quid
2503 1722 2696 1777 dixit?
2722 1723 2846 1777 Non
2876 1723 3042 1793 dixit,
3076 1723 3214 1794 quid
3243 1724 3414 1779 detur
3441 1725 3567 1794 tibi,
3627 1731 3730 1782 aut
3781 1775 3792 1786 .

330 1814 565 1885 quidem
595 1813 953 1880 membrum,
984 1814 1085 1868 sed
1117 1827 1333 1883 magna
1378 1811 1691 1867 exulcerat.
1744 1812 1974 1874 Quanta
2006 1852 2053 1915 Β
2085 1811 2225 1882 quid
2258 1816 2588 1882 apponatur
2615 1811 2739 1878 tibi,
2768 1815 2971 1866 contra
2991 1810 3253 1882 linguam
3276 1812 3538 1868 dolosam
3565 1817 3590 1870 τ
3614 1815 3724 1870 hoc

332 1902 489 1958 mala
518 1902 732 1958 habeat
760 1901 981 1972 lingua,
1008 1900 1179 1973 legite
1211 1900 1532 1972 Epistolam
1561 1899 1746 1956 sancti
1769 1900 1975 1954 Jacobi

332 1993 473 2062 (cap.
507 1991 613 2062 ιιι).
649 1990 876 2062 Lingua
904 1989 1050 2044 nihil
1082 1989 1342 2044 medium
1374 1989 1550 2043 habet
1576 2006 1591 2056 ;
1615 1992 1713 2043 aut
1756 1988 1977 2060 grande

337 2080 562 2135 malum
591 2083 808 2149 est,aut
831 2078 1052 2150 grande
1081 2078 1323 2134 bonum.
1358 2077 1590 2132 Grande
1624 2077 1865 2144 bonum,
1926 2076 1975 2132 si

332 2169 627 2224 Christum
657 2167 842 2223 Deum
874 2166 1185 2222 conﬁtetur
1208 2191 1222 2232 ;
1246 2165 1466 2237 grande
1484 2164 1787 2232 malum,si
1810 2164 1977 2220 Chri-

333 2261 488 2311 stum
520 2255 706 2311 Deum
737 2259 924 2326 negat.
955 2255 1102 2326 Ergo
1131 2270 1201 2309 ne
1233 2258 1400 2326 putet
1440 2253 1658 2326 aliquis
1702 2259 1759 2309 et
1823 2253 1979 2309 dicat

332 2345 767 2414 interim,opere
787 2360 904 2399 non
936 2343 1164 2414 peccavi
1191 2360 1203 2399 :
1239 2343 1288 2398 si
1321 2343 1574 2414 peccavi,
1607 2343 1809 2415 lingua
1840 2358 1975 2415 pec-

333 2433 476 2490 cavi.
510 2433 672 2500 Quod
700 2438 790 2490 est
827 2433 1022 2504 majus
1055 2436 1377 2504 peccatum,
1401 2448 1578 2503 quam
1612 2431 1977 2504 blasphemia

335 2523 392 2577 in
421 2522 650 2578 Deum?
681 2529 738 2578 et
758 2526 953 2578 tamen
1018 2519 1220 2593 lingua
1268 2524 1486 2594 peccat.
1547 2521 1825 2577 Diabolus
1876 2537 1980 2576 cur

334 2612 406 2666 de
436 2611 580 2667 calo
611 2610 865 2668 cecidit?
895 2610 1036 2681 quia
1058 2609 1283 2665 furtum
1330 2609 1509 2665 fecit?
1555 2610 1697 2680 quia
1735 2609 1978 2665 homici-

335 2700 499 2755 dium
524 2699 657 2756 fecit
683 2700 710 2754 ?
752 2699 892 2772 quia
953 2697 1308 2755 adulterium
1355 2699 1706 2754 commisit?
1741 2699 1807 2754 Et
1860 2699 1978 2754 hac

334 2788 572 2859 quidem
604 2787 762 2844 mala
791 2792 950 2855 sunt,
983 2787 1083 2842 sed
1117 2786 1384 2843 diabolus
1415 2803 1530 2842 non
1578 2792 1815 2860 propter
1872 2787 1981 2844 hoc

335 2876 688 2943 cecidit,sed
721 2881 957 2949 propter
1001 2875 1266 2948 linguam
1311 2892 1480 2932 suam
1531 2876 1760 2932 cecidit.
1814 2877 1979 2942 Quod

333 2965 489 3020 enim
523 2965 667 3020 dixit
701 2983 714 3020 :
746 2967 809 3020 In
840 2964 1042 3020 calum
1071 2964 1378 3034 ascendam,
1411 2981 1577 3036 super
1621 2965 1813 3021 sidera
1857 2967 1983 3021 casti

329 3071 532 3127 ponam
562 3055 821 3110 thronum
849 3069 1052 3123 meum,
1086 3061 1139 3108 et
1166 3069 1256 3108 ero
1286 3052 1494 3112 similis
1523 3054 1802 3110 Altissimo
1849 3056 1977 3124 (Isa.

334 3161 453 3214 ιιιν,
479 3143 564 3212 13,
600 3145 709 3214 14).
743 3143 868 3198 Non
909 3157 1047 3212 ergo
1079 3145 1287 3213 putent
1345 3143 1614 3198 monachi
1665 3159 1725 3198 se
1771 3143 1981 3199 debere

2085 1905 2192 1966 est,
2225 1916 2339 1955 non
2372 1899 2538 1967 dixit,
2570 1900 2711 1970 quid
2744 1900 3045 1955 desideras
3075 1901 3178 1954 tibi
3205 1901 3329 1956 fieri
3361 1905 3564 1957 contra
3619 1905 3731 1959 ad-

2085 1987 2452 2042 versarium?
2481 1986 2591 2042 Sed
2626 1986 2765 2058 quid
2794 1987 2982 2042 dicit?
3012 2010 3040 2038 «
3075 1988 3224 2054 Quid
3255 1989 3427 2046 detur
3456 1991 3580 2060 tibi,
3626 1997 3729 2048 aut

2086 2076 2227 2148 quid
2259 2079 2588 2147 apponatur
2623 2075 2754 2142 tibi,
2786 2077 2854 2131 ad
2890 2075 3153 2146 linguam
3183 2075 3446 2134 dolosam
3473 2078 3501 2133 ?
3534 2103 3560 2128 ››
3602 2081 3728 2137 Non

2087 2165 2250 2232 dixit,
2281 2168 2485 2220 contra
2539 2163 2824 2236 linguam,
2873 2166 2994 2234 sed,
3053 2165 3122 2220 ad
3184 2163 3460 2234 linguam.
3526 2167 3730 2225 Videte

2087 2253 2227 2324 quid
2259 2253 2414 2308 dicat
2444 2275 2471 2302 ‹‹
2503 2253 2573 2308 ad
2607 2252 2867 2325 linguam
2898 2253 3165 2309 dolosam
3195 2298 3207 2322 ,
3240 2276 3268 2305 »
3293 2255 3364 2310 ad
3399 2260 3560 2311 tuam
3619 2257 3729 2312 lin-

2087 2357 2286 2414 guam,
2322 2358 2435 2397 non
2467 2342 2803 2398 adversarii.
2863 2342 2921 2397 Si
2982 2343 3136 2398 enim
3197 2344 3568 2402 adversarius
3623 2346 3730 2402 tibi

2088 2429 2364 2500 detrahit,
2389 2429 2532 2485 nihil
2564 2430 2668 2485 tibi
2703 2434 2917 2497 nocet;
2975 2435 3039 2485 tu
3086 2436 3142 2487 te
3191 2431 3494 2504 interficis,
3536 2435 3586 2490 si
3630 2435 3731 2490 alii

2087 2518 2383 2574 detrahas.
2421 2518 2586 2574 Verbi
2615 2519 2849 2591 gratia:
2904 2519 2964 2574 Si
3008 2519 3277 2576 detrahat
3336 2521 3481 2576 mibi
3529 2523 3728 2589 frater,

2089 2608 2233 2663 mihi
2266 2608 2407 2680 quid
2439 2607 2677 2664 nocuit?
2706 2608 2764 2663 Sl
2793 2608 2951 2664 dicat
2979 2625 3073 2664 me
3105 2609 3538 2679 homicidam,si
3571 2613 3730 2669 dicat

2090 2713 2182 2754 me
2210 2697 2620 2764 adulterum,si
2650 2696 3022 2765 sceleratum,
3062 2698 3113 2752 si
3162 2699 3526 2767 mendacem,
3583 2702 3730 2758 mihi

2091 2787 2231 2858 quid
2264 2786 2461 2841 docuit
2482 2786 2509 2839 ‘?
2538 2785 2579 2840 E
2606 2785 2837 2840 duobus
2866 2786 3024 2841 enim
3056 2803 3241 2842 unum
3301 2795 3388 2843 est
3420 2805 3432 2842 :
3479 2793 3581 2844 aut
3641 2807 3734 2846 ve-

2090 2891 2221 2930 rum
2253 2874 2415 2940 dicit,
2448 2879 2550 2929 aut
2578 2874 2878 2930 mentitur.
2917 2875 2976 2930 Si
3007 2891 3208 2930 verum
3241 2876 3401 2944 dicit,
3437 2894 3552 2933 non
3589 2879 3733 2934 mihi

2091 2961 2235 3018 illud
2264 2967 2429 3018 nocet
2457 2963 2614 3033 quod
2646 2961 2744 3018 ille
2774 2961 2919 3018 dixit
2949 2980 2963 3030 ;
2997 2963 3096 3018 sed
3129 2965 3268 3035 quia
3293 2981 3424 3020 vere
3467 2983 3572 3038 ego
3598 2967 3728 3023 feci.

2092 3053 2151 3108 Si
2181 3056 2375 3106 autem
2407 3051 2708 3118 mentitur,
2751 3051 3123 3107 mendacium
3171 3051 3360 3124 ipsius
3420 3070 3535 3109 non
3588 3055 3732 3111 mihi

2092 3144 2294 3196 nocet:
2329 3140 2428 3194 sed
2463 3139 2738 3194 interficit
2767 3139 3024 3195 animam
3056 3140 3409 3212 loquentem.
3473 3142 3740 3200 Infelices

333 3248 462 3288 esse
493 3247 750 3302 securos,
783 3235 840 3287 et
861 3231 1061 3286 dicant
1088 3231 1321 3286 interim
1359 3249 1372 3286 :
1424 3231 1679 3288 Grandia
1734 3232 1983 3290 crimina
2012 3218 2054 3284 C
2095 3245 2324 3294 sumus,
2359 3228 2556 3284 miseri
2589 3245 2818 3285 sumus.
2853 3229 3098 3293 Quando
3138 3229 3392 3301 aliquem
3447 3231 3734 3289 habemus

337 3337 451 3375 non
484 3320 732 3376 facimus
775 3321 834 3375 in
874 3319 1248 3386 monasterio,
1310 3336 1425 3375 non
1485 3319 1802 3386 adulteror,
1864 3339 1979 3378 non

336 3409 558 3464 furtum
590 3408 761 3474 facio,
797 3425 911 3464 non
937 3407 1324 3464 homicidium
1356 3408 1525 3476 facio,
1559 3426 1674 3464 non
1735 3411 1981 3482 parrici-

339 3497 502 3552 dium
534 3497 705 3564 facio,
763 3502 820 3553 et
877 3501 1084 3553 catera
1141 3513 1268 3568 qua
1327 3497 1574 3570 grandia
1625 3498 1764 3554 vitia
1822 3506 1979 3556 sunt.

337 3586 568 3641 Grande
598 3585 790 3642 scelus
821 3590 928 3654 est,
963 3585 1196 3657 quando
1220 3585 1462 3642 detraho
1496 3586 1658 3642 fratri
1685 3604 1834 3657 meo,
1865 3588 1985 3658 .lin-

336 3689 453 3746 gua
483 3690 614 3730 mea
642 3675 881 3731 fratrem
911 3673 1218 3730 interficio.
1250 3676 1365 3746 Qui
1390 3677 1540 3730 enim
1586 3675 1699 3732 odit
1749 3679 1984 3747 fratrem

334 3763 797 3830 suum,homicida
824 3763 946 3833 est(l
973 3764 1140 3818 Joan.
1176 3779 1262 3831 ιιι,
1291 3764 1398 3833 15).
1422 3763 1620 3819 Videte
1651 3765 1791 3836 quid
1827 3767 1988 3823 dicat

337 3849 612 3906 Salomon
637 3869 655 3905 ,ο
684 3854 743 3906 1η
777 3867 944 3906 manu
975 3853 1358 3920 linguae,mors
1385 3856 1436 3906 et
1465 3855 1577 3907 vita
1609 3853 1802 3923 (Prov.
1823 3872 1984 3926 xvm,

339 3937 450 4010 21).
473 3937 678 3994 Videte
699 3938 840 4009 quid
865 3939 1019 3993 dicat
1045 3956 1058 3993 :
1086 3941 1145 3994 ln
1171 3955 1348 3994 manu
1372 3938 1985 4014 lingua.Videsquan-

342 4031 470 4081 tum
502 4025 723 4082 malum
749 4025 828 4082 sit
856 4025 1078 4099 lingua,
1111 4031 1169 4083 et
1193 4043 1435 4083 manum
1458 4027 1806 4094 habet.Quid
1829 4032 1985 4088 enim

339 4115 526 4171 dicit?
559 4116 622 4171 In
657 4132 837 4171 manu
870 4115 1107 4187 lingua.
1134 4117 1364 4172 Grande
1396 4116 1605 4173 vitium
1650 4124 1740 4176 est
1773 4121 1985 4183 ,detra-

341 4205 478 4261 here
508 4204 808 4276 fratribus,
842 4209 1032 4261 tacere
1072 4221 1187 4261 non
1238 4222 1430 4278 posse,
1480 4206 1728 4264 circuire
1785 4209 1984 4277 cellas,

339 4293 470 4348 aliis
499 4294 824 4349 detrahere.
859 4294 970 4364 Ego
1003 4298 1269 4366 peccator
1314 4311 1446 4351 sum
1482 4313 1495 4351 :
1557 4296 1667 4352 iste
1723 4304 1990 4370 peccator

342 4387 453 4449 est,
487 4381 630 4451 quid
661 4382 806 4436 adte
833 4382 861 4436 ?
891 4383 1168 4453 Teipsum
1201 4384 1506 4440 considera
1536 4401 1607 4440 ne
1637 4386 1987 4452 cadas.Quid

343 4470 404 4525 in
437 4468 677 4525 alterius
707 4469 878 4524 ruina
901 4470 1208 4525 exsultas?
1234 4471 1531 4542 Numquid
1581 4473 1630 4528 si
1687 4489 1793 4545 ego
1843 4476 1987 4530 ceci-

343 4558 502 4626 dero,
545 4565 604 4613 tu
635 4557 864 4613 stabis?
901 4556 1054 4612 Licet
1083 4557 1252 4612 ruina
1283 4574 1414 4614 mea
1436 4559 1532 4626 sit,
1568 4561 1737 4616 ruina
1769 4563 1986 4634 fratris,

344 4647 522 4702 timor
544 4651 683 4702 tuus
711 4661 841 4702 esse
870 4645 1061 4710 debet,
1095 4662 1210 4701 non
1242 4648 1576 4704 exsultatio.
1610 4647 1712 4704 Ille
1742 4650 1987 4718 cecidit;

344 4735 578 4804 lateris,
613 4752 685 4790 an
721 4734 908 4790 tristis
937 4735 1043 4790 es?
1073 4735 1382 4807 Responde
1410 4736 1556 4790 mihi
1591 4755 1604 4792 :
1667 4738 1866 4793 Frater
1903 4755 1993 4794 ce-

344 4823 489 4878 cidit
518 4840 529 4877 :
563 4827 666 4878 aut
686 4821 854 4877 latus
883 4839 966 4891 es,
991 4828 1094 4878 aut
1125 4823 1334 4879 tristis.
1365 4824 1425 4880 Si
1456 4822 1623 4881 latus
1653 4842 1735 4893 es,
1780 4827 1988 4898 utquid

345 4912 406 4966 in
429 4909 669 4966 alterius
691 4910 861 4966 ruina
890 4910 1059 4966 latus
1074 4927 1136 4967 es
1155 4911 1182 4967 ?
1205 4912 1261 4967 Si
1295 4917 1490 4968 autem
1521 4914 1710 4970 tristis
1741 4931 1825 4984 es,
1849 4915 1989 4987 quid

346 4998 602 5054 circuis?
631 4999 771 5071 quid
803 4998 934 5055 aliis
968 5016 1170 5056 narras
1194 5000 1222 5055 ?
1261 5000 1559 5058 tristitiam
1615 5008 1778 5059 tuam
1839 5003 1992 5060 Deus

344 5086 558 5154 videat,
589 5088 791 5160 etipse
822 5087 1000 5144 frater
1049 5089 1283 5157 sentiat,
1341 5107 1454 5145 non
1514 5092 1760 5148 fratrum
1821 5109 1993 5148 aures

346 5176 610 5231 audiant.
646 5199 673 5225 «
708 5177 972 5244 Domine,
1006 5177 1187 5232 libera
1217 5179 1476 5234 animam
1510 5197 1698 5237 meam
1736 5199 1769 5237 a
1823 5181 1993 5238 labiis

346 5263 586 5335 iniquis,
617 5270 674 5320 et
703 5283 737 5320 a
766 5265 968 5337 lingua
996 5266 1214 5322 dolosa.
1256 5289 1277 5317 ι

417 5377 444 5402 ‹‹
474 5354 621 5420 Quid
654 5355 824 5410 detur
854 5355 980 5422 tibi,
1011 5360 1111 5411 aut
1153 5357 1293 5428 quid
1351 5364 1684 5430 apponatur
1732 5361 1858 5428 tibi,
1920 5361 1993 5416 ad
2029 5363 2038 5370 “

347 5442 611 5512 linguam
642 5443 958 5500 dolosam?
1004 5467 1032 5492 »
1081 5445 1333 5516 Spiritus
1382 5453 1625 5504 sanctus
1685 5449 1997 5521 respondet

352 5529 652 5601 Propheta
683 5532 898 5587 dicenti
932 5552 943 5589 :
981 5555 1008 5584 «
1031 5534 1295 5603 Domine,
1320 5535 1502 5592 libera
1521 5537 1778 5592 animam
1804 5555 1994 5594 meam

353 5617 589 5680 alabiis
622 5619 862 5694 iniquis,
894 5626 950 5679 et
999 5639 1033 5679 a
1081 5621 1282 5697 lingua
1331 5624 1576 5684 dolosa:
1633 5627 1774 5701 quid
1825 5627 1997 5686 detur

2090 3318 2396 3388 inimicum
2437 3336 2455 3370 :
2486 3317 2626 3372 dum
2658 3322 2936 3388 putamus
2964 3318 3120 3389 quod
3150 3324 3353 3374 contra
3376 3320 3571 3392 ipsum
3599 3321 3738 3377 faci-

2093 3425 2247 3477 mus,
2277 3411 2479 3462 contra
2509 3422 2615 3461 nos
2648 3406 2917 3462 facimus.
2945 3407 3321 3464 Detrahimus
3354 3408 3463 3476 illi,
3495 3409 3609 3465 huc
3666 3409 3740 3466 il-

2092 3495 2303 3567 lucque
2333 3495 2669 3565 circuimus,
2697 3494 2971 3551 omnibus
3002 3496 3256 3553 dicimus
3281 3497 3352 3553 de
3386 3514 3453 3552 eo
3487 3516 3500 3554 :
3557 3503 3733 3571 puta-

2097 3601 2226 3640 mus
2258 3584 2411 3656 quod
2452 3583 2535 3639 illi
2567 3584 2923 3640 noceamus?
2976 3583 3061 3638 Illi
3111 3602 3226 3641 non
3274 3602 3574 3656 uocemus,
3633 3587 3735 3644 sed

2096 3679 2325 3729 nostras
2354 3673 2740 3728 interﬁoimus
2769 3672 3021 3741 animas,
3053 3675 3208 3746 quod
3263 3677 3603 3732 mentimur.
3665 3678 3733 3733 Os

2093 3766 2242 3820 enim
2280 3762 2419 3834 quod
2464 3763 2756 3830 mentitur,
2793 3763 2993 3819 occidit
3037 3765 3285 3820 animam
3328 3766 3478 3838 (Sap.
3528 3784 3569 3834 ι,
3627 3767 3737 3838 11).

2101 3878 2121 3902 α
2157 3851 2303 3916 Quid
2335 3851 2508 3908 detur
2527 3850 2652 3919 tibi,
2686 3858 2789 3906 aut
2818 3851 2957 3922 quid
2990 3857 3318 3925 apponatur
3347 3855 3476 3923 tibi,
3507 3856 3579 3910 ad
3621 3854 3739 3910 lin-

2095 3957 2272 4013 guam
2305 3936 2570 3996 dolosam
2595 3941 2623 3995 ?
2654 3963 2682 3990 »
2705 3941 2880 4006 Quasi
2912 3941 3101 3997 bonus
3129 3943 3412 4007 medicus,
3432 3943 3530 4013 qui
3556 3943 3699 3998 dicit
3725 3962 3736 4000 :

2097 4031 2166 4086 ad
2200 4029 2350 4086 hanc
2381 4028 2804 4096 infirmitatem,
2837 4031 2908 4084 ad
2941 4030 3047 4085 hoc
3068 4029 3301 4098 vulnus,
3345 4031 3486 4103 quid
3518 4032 3623 4086 tibi
3652 4033 3740 4088 vis

2097 4119 2357 4191 imponi;
2391 4119 2544 4190 quod
2568 4112 2673 4172 tibi
2722 4117 2810 4173 vis
2868 4117 3251 4188 emplastrum
3294 4118 3556 4190 imponi?
3593 4123 3745 4184 Quo-

2097 4209 2271 4264 modo
2293 4207 2342 4262 si
2371 4207 2527 4262 dicat
2551 4207 2622 4261 ad
2654 4207 3022 4261 vulneratum
3055 4204 3311 4278 aliquem
3349 4225 3362 4261 :
3401 4226 3428 4259 α
3457 4208 3607 4273 Quid
3637 4209 3743 4266 de-

2095 4302 2193 4351 tur
2221 4295 2348 4363 tibi,
2372 4299 2474 4350 aut
2502 4295 2642 4364 quid
2673 4298 3004 4365 apponatur
3029 4293 3158 4361 tibi,
3191 4315 3219 4345 ι)
3253 4295 3325 4351 ad
3356 4295 3568 4353 vulnus
3628 4315 3743 4370 quo

2097 4383 2260 4439 doles
2288 4383 2316 4438 ?
2347 4383 2669 4452 Interrogat
2700 4381 3005 4451 Dominus,
3038 4398 3155 4438 non
3177 4384 3329 4455 quod
3357 4384 3606 4457 ignoret,
3639 4390 3742 4443 sed

2099 4472 2252 4544 quod
2283 4470 2392 4526 iste
2423 4469 2524 4543 qui
2551 4470 2811 4541 rogabat,
2845 4470 2992 4527 sciat
3047 4472 3340 4542 quomodo
3384 4489 3589 4545 rogare
3639 4475 3737 4531 de-

2022 4585 2069 4652 D
2101 4562 2252 4652 beat,

2178 4673 2199 4699 ι
2236 4649 2471 4721 Sagitta
2497 4648 2750 4720 potentis
2782 4651 2984 4717 acuta,
3010 4666 3146 4705 cum
3179 4651 3533 4707 carbonibus
3574 4653 3744 4708 deso-

2105 4737 2348 4794 latoriis.
2386 4761 2413 4786 »
2442 4760 2471 4789 ‹‹
2502 4738 2735 4809 Sagitta
2758 4738 3017 4809 potentis
3047 4743 3251 4794 acuta.
3278 4762 3306 4790 η
3325 4739 3492 4796 Nunc
3511 4749 3750 4813 respon-

2105 4827 2202 4882 det
2222 4827 2294 4883 ad
2320 4827 2652 4892 Dominum,
2685 4826 2826 4897 quid
2860 4831 3036 4898 petat.
3069 4827 3216 4891 Quia
3274 4828 3500 4884 dixerat
3553 4828 3748 4885 Domi-

2104 4933 2214 4972 nus
2247 4933 2260 4971 :
2295 4939 2315 4965 ι
2352 4915 2499 4981 Quid
2531 4915 2701 4971 detur
2731 4914 2854 4985 tibi,
2887 4920 2990 4970 aut
3019 4916 3158 4986 quid
3192 4922 3522 4988 apponatur
3540 4918 3692 4975 tibi?
3718 4943 3747 4970 υ

2102 5005 2267 5060 Nunc
2298 5005 2408 5059 iste
2438 5003 2581 5059 dicit
2617 5003 2758 5074 quid
2810 5007 2968 5074 petat
2999 5022 3012 5060 :
3075 5005 3338 5074 Domine,
3394 5006 3503 5061 hoc
3560 5012 3692 5080 peto
3729 5026 3744 5064 :

2103 5092 2349 5165 sagittas
2371 5091 2622 5164 potentis
2650 5097 2873 5159 acutas,
2918 5108 3051 5147 cum
3109 5093 3463 5150 carbonibus
3519 5096 3747 5153 desola-

2105 5182 2290 5237 toriis.
2319 5180 2521 5236 Videte
2552 5179 2691 5252 quid
2725 5181 2900 5236 dicat.
2954 5184 3258 5237 Venenum
3313 5181 3522 5256 lingua
3580 5202 3746 5254 mea,

2103 5277 2160 5327 et
2189 5271 2608 5326 detractionem
2635 5285 2848 5334 meam,
2882 5269 3043 5325 nulla
3074 5287 3166 5326 res
3193 5276 3383 5342 potest
3413 5273 3568 5330 foras
3615 5291 3749 5347 pro-

2095 5360 2299 5430 jicere,
2331 5359 2441 5414 nisi
2477 5357 2702 5430 sagitta
2740 5364 2868 5428 tua,
2912 5376 3039 5430 qua
3099 5358 3472 5418 solitudinem
3528 5364 3751 5420 faciunt

2104 5449 2316 5520 lingua
2351 5446 2746 5518 mea.Lingua
2778 5463 2907 5503 mea
2963 5453 3170 5516 tumet,
3226 5466 3516 5506 venenum
3574 5451 3750 5508 habet

2107 5539 2479 5601 intrinsecus,
2512 5535 2626 5592 nisi
2647 5536 2879 5608 sagittis
2913 5537 3032 5592 tuis
3060 5545 3413 5611 compuncta
3466 5540 3643 5596 fuerit
3689 5548 3748 5598 et

2105 5643 2402 5702 percussa,
2421 5640 2709 5683 venenum
2740 5639 2855 5684 non
2885 5625 3198 5699 egreditur.
3231 5628 3525 5687 Debemus
3545 5643 3744 5690 exem-
