3992 6194
317 345 469 403 1351

1813 326 2234 394 APPENDIX.

3581 336 3726 396 {332

309 475 473 549 plum
504 475 640 530 dare
668 491 680 529 :
715 472 764 529 si
795 473 1030 545 quando
1061 473 1122 528 in
1155 487 1397 544 corpore
1425 470 1639 526 vulnus
1667 473 1778 535 est,
1813 471 1871 522 et
1900 465 1957 521 in
1991 468 2046 533 Α
2075 463 2286 520 Baculo
2317 465 2475 520 enim
2507 463 2776 536 presenti
2800 481 2914 520 non
2948 464 3236 522 habemus
3282 466 3726 540 habitationem,

310 567 437 638 ipso
465 563 702 619 vulnere
721 564 849 635 jam
881 561 1127 636 putridae
1175 577 1380 617 carnes
1431 564 1589 627 sunt,
1644 561 1700 614 et
1759 570 1965 612 cancer

311 657 485 720 est,et
515 652 688 708 fuerit
717 668 828 724 pus
849 651 1207 706 intrinsecus
1240 667 1253 705 :
1292 649 1404 706 nisi
1432 652 1704 721 apertum
1763 645 1960 710 fuerit,

313 757 430 797 non
459 741 757 814 egreditur
784 756 914 812 pus.
947 739 1017 794 Et
1048 738 1097 794 si
1130 753 1435 812 egressum
1471 737 1648 792 fuerit
1676 751 1808 808 pus,
1846 733 1963 789 nisi

321 832 702 886 cauteriatum
736 828 930 895 fuerit,
991 843 1228 883 rursum
1279 826 1606 882 renascitur
1650 840 1780 896 pus.
1820 822 1966 877 Vide

315 919 499 992 igitur
531 919 628 990 qui
663 917 818 972 dicat
852 933 863 972 :
898 916 1045 981 Quia
1075 920 1264 972 tumet
1295 915 1499 988 lingua
1529 929 1680 980 mea,
1739 916 1797 968 et
1855 927 1964 983 pus

318 1008 579 1077 habet,et
607 1022 895 1062 venenum
928 1007 1127 1074 habet,
1154 1005 1413 1077 primum
1445 1001 1671 1076 sagittis
1701 1001 1964 1071 vulnera,

317 1103 383 1152 ut
413 1113 524 1169 pus
556 1096 743 1166 possit
770 1095 926 1150 exire
953 1112 966 1150 :
999 1094 1212 1150 deinde
1241 1094 1524 1150 carbones
1572 1096 1730 1158 tuos,
1775 1095 1832 1145 et
1877 1089 1963 1162 ig-

319 1201 453 1241 nem
486 1189 726 1257 pone,ut
755 1183 1044 1256 quidquid
1079 1182 1302 1238 malum
1333 1180 1532 1252 fuerit,
1565 1184 1870 1251 excoquat,
1909 1182 1967 1234 et

319 1275 614 1330 desertum
650 1271 844 1328 faciat.
880 1271 1020 1327 Vide
1051 1270 1399 1344 igitur,quid
1434 1270 1632 1325 dicat:
1672 1290 1693 1318 σ
1729 1268 1963 1341 Sagitta:

322 1363 573 1436 potentis
630 1366 811 1417 acutae
860 1377 993 1415 cum
1054 1360 1408 1415 carbonibus
1485 1357 1871 1414 desolatoriis.
1935 1378 1963 1405 ››

325 1449 556 1506 Utinam
587 1451 760 1506 detur
790 1449 958 1504 nobis
981 1449 1086 1504 iste
1108 1448 1280 1504 carbo
1305 1446 1692 1503 desolatorius
1714 1445 1964 1501 lUtinam

322 1546 380 1596 et
405 1557 512 1596 nos
543 1540 855 1595 dicamus:
906 1539 1095 1594 Nonne
1149 1553 1242 1594 cor
1297 1539 1545 1592 nostrum
1592 1543 1712 1591 erat
1767 1535 1967 1590 ardens

318 1633 381 1685 in
407 1631 529 1696 via,
554 1645 676 1684 cum
705 1630 947 1700 aperiret
975 1626 1133 1683 nobis
1149 1626 1471 1698 Scripturas
1495 1631 1653 1694 (Luc.
1678 1641 1831 1692 xxxv,
1847 1623 1968 1692 32)?

319 1718 470 1774 Dicit
504 1723 560 1773 et
611 1717 790 1772 Isaias
847 1717 918 1770 ad
977 1715 1373 1787 Babylonem:
1434 1714 1625 1769 Habes
1682 1713 1966 1768 carbones

319 1805 730 1878 ignis,sedebis
753 1820 930 1876 super
959 1820 1086 1860 eos:
1121 1803 1182 1858 hi
1198 1808 1374 1859 erunt
1392 1803 1498 1858 tibi
1523 1803 1582 1857 in
1603 1800 1958 1872 adiutorium

318 1896 640 1966 (Isa.xr.vu,
676 1893 783 1965 19),
839 1893 908 1948 Et
963 1891 1210 1964 apostoli
1255 1896 1573 1963 antequam
1627 1891 1966 1962 acciperent

318 1983 602 2055 Spiritum
635 1987 926 2051 sanctum,
963 1981 1338 2038 habebantin
1368 1980 1572 2053 lingua
1611 1996 1719 2035 sua
1769 1979 1964 2034 adhuc

318 2072 548 2146 aliquos
571 2077 832 2128 tumores
863 2071 1153 2126 humanos
1177 2087 1191 2138 ;
1228 2075 1530 2142 propterea
1551 2068 1808 2140 Spiritus
1827 2083 1962 2122 san-

317 2167 448 2218 ctus
477 2161 778 2217 descendit
807 2161 866 2215 in
912 2159 1104 2230 specie
1158 2159 1313 2230 ignis
1369 2160 1428 2214 in
1479 2157 1711 2230 linguas
1759 2171 1960 2212 eorum

315 2253 450 2322 (Act.
487 2268 548 2322 ιι,
579 2250 656 2321 3).
691 2255 755 2304 ut
785 2248 1071 2320 quidquid
1105 2248 1268 2320 puris
1326 2248 1644 2314 habebant,
1705 2245 1960 2317 Spiritus

316 2344 560 2395 sanctus
591 2340 960 2409 decoqueret.
991 2336 1263 2391 Dicamus
1293 2340 1350 2390 et
1379 2335 1536 2391 aliud
1575 2333 1908 2406 exemplum
1947 2353 1959 2391 :

317 2428 502 2484 Isaias
560 2443 692 2482 cum
745 2425 986 2482 vidisset
1044 2424 1360 2480 Dominum
1421 2423 1720 2479 sedentem
1786 2439 1963 2494 super

316 2517 596 2572 thronum
627 2513 921 2570 excelsum
971 2518 1028 2568 et
1073 2513 1381 2578 elevatum,
1427 2512 1566 2583 quid
1613 2511 1810 2566 dicit?
1874 2511 1963 2568 νοτ

313 2603 456 2660 mihi
483 2606 702 2672 misero,
735 2605 866 2676 quia
894 2611 1248 2674 compunctus
1275 2618 1419 2669 sum,
1466 2603 1597 2673 quia
1651 2601 1806 2656 labia
1853 2603 1957 2655 im-

310 2694 518 2750 munda
564 2693 750 2764 habeo,
806 2697 856 2748 et
905 2693 967 2747 in
1011 2691 1190 2747 medio
1233 2691 1426 2762 populi
1480 2690 1768 2746 immunda
1810 2689 1961 2745 labia

312 2784 556 2840 habentis
583 2797 682 2852 ego
709 2781 864 2838 sedeo
888 2782 1015 2853 (lea.
1067 2798 1145 2853 vx,
1219 2782 1296 2847 5).
1361 2779 1496 2836 Vide
1559 2778 1699 2851 quid
1759 2778 1960 2834 dicit?

315 2872 413 2928 Vae
449 2871 594 2928 mihi
627 2870 859 2940 misero,
893 2870 1035 2942 quia
1062 2870 1374 2924 immunda
1420 2867 1576 2924 labia
1633 2867 1839 2944 habeo.
1887 2868 1956 2922 Et

315 2965 518 3034 postea
530 2960 669 3032 quid
694 2958 880 3014 dicit?
899 2958 1186 3022 Quoniam
1209 2957 1367 3013 labia
1389 2957 1959 3012 habebatimmunda

314 3054 621 3122 propterea
652 3048 904 3104 mittitur
933 3062 1088 3102 unus
1117 3047 1192 3102 de
1219 3045 1545 3117 Seraphim,
1577 3049 1635 3100 et
1663 3044 1810 3112 tollit
1839 3063 1960 3102 car-

315 3140 528 3194 bonem
559 3137 714 3210 ignis
743 3137 814 3192 de
844 3136 1035 3205 altari,
1085 3141 1144 3191 et
1199 3135 1390 3208 tangit
1446 3135 1600 3190 labia
1656 3134 1846 3206 ipsius
1901 3141 1958 3192 et

2075 554 2177 608 sed
2233 552 2784 626 peregrinationem.
2834 553 2998 610 Unde
3053 559 3112 610 et
3167 555 3472 628 apostolus
3527 557 3728 614 dicit:

2075 643 2243 710 Quasi
2269 641 2499 700 advena:
2526 646 2579 698 et
2602 643 2896 714 peregrini
2925 645 2971 712 (ι
3022 649 3179 700 Petr.
3221 663 3283 710 ιι,
3330 645 3439 716 11).
3494 647 3733 703 Advena

2073 747 2179 803 ego
2202 735 2420 803 sum,et
2451 731 2816 804 peregrinus.
2856 751 2878 781 ε
2913 732 3036 789 Heu
3062 733 3232 801 mihi,
3265 734 3407 806 quia
3436 735 3731 793 incolatus

2071 837 2242 876 meus
2272 820 2654 894 prolongatus
2683 825 2794 877 est.
2828 843 2855 872 η
2887 822 3012 886 Quo
3042 823 3203 894 dicit,
3227 823 3337 880 hoc
3367 829 3488 880 est:
3525 825 3732 882 infelix

2073 926 2180 983 ego
2213 909 2474 982 quandiu
2505 925 2640 966 sum
2671 910 2731 966 in
2763 910 2874 967 isto
2944 926 3202 984 corpore.
3263 913 3405 979 Quis
3456 919 3729 970 nostrum

2073 999 2183 1055 hoc
2203 1003 2396 1071 potest
2424 1000 2613 1055 dicere
2639 1003 2662 1055 Ρ
2690 1000 2750 1056 Si
2778 1001 3137 1073 octogenarii
3197 1001 3507 1073 fuerimus,
3555 1005 3728 1060 time-

2075 1103 2208 1144 mus
2240 1088 2388 1144 mori
2417 1107 2430 1156 ;
2465 1093 2522 1145 et
2552 1090 2599 1144 si
2634 1089 2953 1144 centenarii
2983 1106 3214 1157 sumus,
3247 1095 3304 1147 et
3350 1097 3730 1165 grotamus,

2074 1182 2273 1234 tamen
2305 1183 2699 1234 commeatum
2734 1184 2792 1233 et
2839 1178 3095 1250 spatium
3155 1180 3548 1252 postulamus.
3611 1182 3730 1237 Hoc

2073 1271 2261 1322 totum
2293 1282 2474 1339 quare
2505 1266 2754 1322 facimus
2779 1267 2807 1321 ?
2833 1267 2980 1332 Quia
3012 1273 3382 1339 peccatorum
3430 1285 3542 1326 nos
3593 1286 3731 1326 con-

2073 1355 2322 1412 scientia
2349 1357 2894 1412 remordet.Scimus
2921 1357 3248 1428 enim,quia
3293 1359 3343 1414 si
3373 1341 3729 1416 recedamus

2074 1446 2146 1501 de
2175 1461 2437 1517 corpore,
2468 1461 2583 1500 non
2616 1445 2773 1500 imus
2803 1446 2875 1501 ad
2896 1446 3216 1513 Christum,
3249 1449 3350 1503 sed
3383 1448 3454 1503 ad
3501 1449 3732 1521 gehen-

2077 1551 2234 1590 nam.
2259 1533 2574 1606 Apostolus
2603 1535 2743 1606 quid
2795 1535 2975 1590 dicit?
3020 1535 3190 1607 Cupio
3235 1537 3476 1607 dissolvi,
3520 1548 3575 1592 et
3613 1555 3730 1594 esse

2073 1638 2198 1678 cum
2229 1622 2442 1679 Chrile
2462 1623 2726 1695 (Philipp.
2756 1643 2793 1695 ι,
2824 1624 2937 1692 23).
2993 1629 3073 1680 Da
3127 1624 3270 1680 mihi
3323 1627 3727 1696 securitatem,
3801 1632 3808 1639 '

2077 1712 2216 1782 quia
2245 1715 2377 1783 post
2405 1715 2652 1767 mortem
2681 1711 2916 1767 futurus
2939 1727 3070 1767 sum
3097 1727 3232 1768 cum
3261 1712 3516 1781 Christo,
3545 1715 3727 1769 etiam

2077 1817 2232 1856 nunc
2253 1799 2400 1856 mori
2433 1800 2626 1871 cupio.
2659 1800 2810 1873 Ergo
2840 1800 2953 1856 iste
2978 1801 3116 1873 quia
3145 1806 3389 1858 sanctus
3425 1807 3536 1869 est,
3589 1818 3725 1875 pro-

2077 1893 2270 1962 pterea
2297 1889 2439 1944 dicit
2471 1905 2482 1945 :
2521 1910 2549 1938 «
2579 1892 2702 1943 Heu
2725 1889 2895 1956 mihi,
2922 1889 3366 1962 quiaincolatus
3394 1906 3564 1946 meus
3585 1909 3721 1964 pro-

2073 1977 2347 2051 longatus
2375 1981 2484 2034 est.
2517 1976 2779 2033 Habitavi
2811 1994 2946 2034 cum
2996 1977 3399 2036 habitantibus
3450 1981 3654 2036 Oedar.
3689 2005 3716 2032 ι)

2073 2067 2246 2122 Cedar
2269 2067 2327 2122 in
2357 2067 2563 2139 lingua
2593 2072 2796 2122 nostra
2827 2068 3245 2138 interpretatur
3279 2070 3543 2126 lenebrz.
3571 2069 3718 2126 Vide

2071 2171 2208 2228 ergo
2234 2156 2376 2228 quid
2416 2156 2616 2212 dicat:
2678 2157 2740 2212 In
2800 2171 2916 2227 quo
2965 2155 3088 2211 loco
3129 2171 3380 2212 sumus:
3437 2159 3498 2214 in
3557 2159 3722 2230 quali

2073 2245 2290 2300 mundo
2321 2259 2533 2301 sumus
2553 2246 2582 2300 ?
2611 2268 2637 2295 ‹‹
2673 2245 2938 2300 Habitavi
2970 2261 3103 2301 cum
3151 2246 3561 2302 habitantibus
3613 2251 3720 2304 0e-

2070 2335 2246 2390 dar.»
2283 2335 2391 2390 Diu
2425 2335 2507 2390 iui
2539 2335 2598 2389 in
2651 2335 2943 2403 tenebris;
2989 2335 3091 2392 diu
3136 2335 3252 2391 vixi
3295 2336 3356 2390 in
3412 2338 3676 2393 tenebris
3711 2356 3725 2393 :

2069 2423 2170 2478 diu
2199 2424 2283 2479 fui
2316 2425 2376 2478 in
2407 2439 2646 2496 corpore
2677 2423 2885 2479 mortis
2917 2423 3115 2495 hujus.
3151 2447 3178 2475 «
3215 2421 3464 2481 Multum
3525 2427 3726 2482 incola

2068 2512 2179 2568 fuit
2207 2513 2406 2569 anima
2438 2529 2584 2568 mea.
2624 2535 2645 2562 ι
2680 2512 2823 2568 Vide
2853 2517 3094 2570 sanctus
3124 2514 3265 2585 quid
3289 2513 3483 2582 dicat;
3539 2517 3608 2569 Et
3670 2516 3721 2572 si

2069 2603 2266 2658 decem
2297 2619 2483 2658 annos
2512 2601 2649 2672 vixi,
2684 2601 2941 2657 multum
2967 2602 3157 2658 incola
3187 2601 3299 2658 fuit
3327 2603 3524 2660 anima
3564 2621 3719 2660 mea.

2070 2693 2204 2758 Quae
2235 2691 2392 2747 enim
2426 2691 2728 2746 beatitudo
2757 2694 2866 2757 est,
2896 2691 2968 2745 ad
3001 2693 3496 2763 comparationem
3547 2693 3716 2749 caele-

2068 2781 2268 2852 stium,
2295 2795 2427 2835 esse
2459 2780 2518 2834 in
2553 2779 2839 2835 terrenis?
2867 2779 3051 2835 Multa
3089 2785 3233 2837 sunt
3258 2797 3387 2853 quae
3405 2781 3715 2845 dicantur;

2068 2869 2169 2925 sed
2191 2871 2319 2941 jam
2351 2869 2422 2924 ad
2456 2868 2635 2924 ﬁnem
2668 2869 2912 2924 festinat
2941 2870 3150 2926 oratio.

2140 2981 2169 3008 ‹‹
2198 2961 2342 3013 Cum
2372 2957 2468 3014 his
2495 2958 2592 3029 qui
2626 2957 2877 3013 oderunt
2908 2973 3137 3030 pacem,
3177 2973 3339 3015 eram
3387 2959 3658 3032 paciﬁcus
3693 2979 3712 3028 -,

2067 3063 2202 3102 cum
2234 3046 2517 3119 loquebar
2545 3045 2683 3112 illis,
2719 3046 3148 3119 impugnabant
3181 3063 3274 3103 me
3311 3049 3512 3120 gratis.
3536 3071 3567 3098 »
3629 3050 3719 3104 ln-

2068 3135 2264 3192 lelices
2295 3151 2424 3201 nos,
2453 3134 2716 3207 linguam
2749 3140 3010 3191 nostram
3039 3136 3334 3192 continere
3365 3152 3481 3192 non
3509 3154 3718 3210 possu-

314 3201 665 3300 linguam:et
695 3231 906 3298 purgat
936 3201 1064 3282 eam
1089 3225 1249 3296 (Ibid.
1299 3201 1383 3294 ti).
1440 3229 1505 3278 Et
1559 3201 1699 3296 quid
1761 3225 1902 3280 dicit
1929 3225 1956 3280 ?
1987 3201 2029 3268 (ἶ
2068 3241 2202 3280 mus
2226 3240 2339 3280 non
2374 3201 2675 3280 detrahere
2708 3240 2720 3280 :
2755 3224 2805 3280 si
2837 3239 2945 3279 nos
2971 3223 3185 3295 aliquis
3209 3201 3714 3298 oﬂ‘enderithuasi

310 3317 449 3372 Ecc'e
502 3317 600 3371 hoc
658 3316 818 3386 tetigi
869 3314 1019 3368 labia
1074 3319 1188 3384 tua,
1247 3320 1296 3368 ct
1370 3312 1636 3367 mandavi
1698 3314 1956 3386 linguam

311 3414 466 3461 tuam
485 3405 640 3477 (Ibid.
675 3405 749 3475 7).
784 3404 853 3458 Et
882 3403 1081 3458 statim
1113 3402 1252 3473 quid
1284 3401 1473 3456 dicit?
1516 3402 1686 3469 Quem
1733 3403 1955 3458 mittam

309 3495 383 3550 ad
404 3495 671 3566 papulum
701 3493 888 3558 istum,
919 3494 1114 3563 etquis
1140 3490 1243 3546 ibit
1262 3491 1427 3562 (Ibid.
1452 3492 1533 3559 8.)
1551 3491 1578 3544 ‘l
1607 3489 1651 3545 Ο
1680 3490 1957 3563 mysteria

307 3582 776 3655 Scripturarum!
812 3579 1072 3652 quandiu
1106 3579 1359 3636 habebat
1389 3579 1656 3652 linguam
1686 3579 1952 3636 dolosam

307 3676 366 3727 et
395 3671 548 3726 labia
576 3670 902 3737 immunda,
938 3685 1054 3724 non
1085 3669 1138 3724 ei
1179 3668 1413 3735 dicitur,
1474 3683 1648 3739 quem
1700 3669 1952 3736 mittam,

308 3764 366 3816 et
394 3759 526 3830 quis
559 3759 719 3814 ibit?
769 3759 1136 3812 mandantur
1175 3757 1332 3813 labia
1385 3758 1592 3829 ipsius,
1643 3761 1702 3814 et
1750 3758 1951 3814 statim

307 3848 564 3904 mittitur
588 3847 659 3902 ad
690 3845 1071 3916 loquendum.
1105 3845 1252 3917 Ergo
1281 3845 1382 3917 qui
1435 3845 1594 3901 labia
1641 3847 1951 3902 immunda

306 3937 502 4008 habet,
537 3953 653 3992 non
678 3939 871 4008 potest
893 3933 1268 4008 prophetare,
1303 3951 1419 3989 non
1447 3939 1639 4006 potest
1685 3935 1840 3990 mitti
1890 3935 1952 3990 in

306 4006 812 4098 obsequium—Dei.
852 4006 1058 4079 {Cum
1089 4023 1445 4078 carbonibus
1494 4023 1884 4080 desolatoriis.
1919 4045 1948 4076 ιο

307 4115 541 4171 Utinam
571 4118 879 4186 praetetur
908 4111 1078 4168 nobis
1107 4115 1165 4166 et
1195 4111 1308 4167 ista
1338 4111 1614 4178 solitudo,
1650 4116 1715 4166 ut
1765 4114 1950 4183 quod-

303 4219 538 4274 cunque
561 4201 782 4258 malum
815 4206 924 4267 est,
951 4198 1113 4256 tollat
1142 4201 1214 4256 de
1245 4200 1447 4273 lingua
1479 4206 1677 4256 nostra
1707 4217 1726 4254 :
1757 4205 1824 4256 ut
1849 4202 1951 4256 ubi

303 4292 490 4363 spina
513 4297 670 4355 sunt,
693 4291 789 4345 ubi
822 4306 1026 4362 vepres
1047 4295 1210 4358 sunt,
1235 4290 1501 4345 mittatur
1521 4289 1675 4362 ignis
1694 4289 1949 4358 Domini,

302 4383 360 4436 et
388 4379 659 4436 universa
689 4383 914 4444 exurat,
948 4383 1007 4434 et
1039 4379 1140 4434 fiat
1169 4378 1424 4435 solitudo
1457 4379 1693 4434 Christi.

375 4490 404 4519 α
435 4473 560 4524 Heu
591 4467 756 4536 mihi,
818 4483 959 4538 quia
999 4467 1289 4524 incolatus
1346 4483 1513 4523 meus
1569 4468 1950 4541 prolongatus

2065 3313 2292 3370 vultum
2324 3312 2691 3369 ostendimus
2717 3318 3010 3385 pacatum,
3071 3318 3344 3370 caeterum
3392 3331 3493 3370 cor
3535 3315 3716 3372 habet

2063 3418 2374 3458 venenum.
2427 3401 2693 3457 Monachi
2746 3400 3020 3468 dicimur,
3080 3408 3138 3458 et
3173 3402 3310 3458 licet
3359 3419 3476 3458 non
3523 3405 3715 3460 simus

2065 3491 2266 3563 quales
2297 3507 2425 3547 esse
2457 3491 2761 3558 debemus,
2797 3495 2994 3546 tamen
3023 3491 3295 3546 dicimur.
3350 3492 3504 3548 Hora
3541 3494 3716 3548 tertia

2062 3597 2303 3637 oramus
2334 3597 2348 3648 ;
2381 3579 2525 3635 hora
2546 3585 2708 3635 sexta
2752 3596 3030 3646 oramus;
3082 3597 3257 3647 nona,
3314 3580 3706 3637 lucernarium

2063 3669 2312 3726 facimus
2345 3687 2358 3734 ;
2393 3669 2586 3724 media
2618 3672 2787 3724 nocte
2815 3669 3240 3741 consurgimus
3274 3689 3287 3738 ;
3323 3670 3528 3727 deinde
3545 3669 3712 3743 galli—

2061 3759 2215 3814 cinio
2247 3755 2716 3813 oramus.Videte
2752 3758 2969 3828 quibus
2990 3757 3152 3814 horis
3175 3774 3411 3832 semper
3438 3759 3510 3815 ad
3547 3759 3718 3816 obse-

2063 3847 2267 3920 quium
2305 3845 2402 3901 Dei
2463 3845 2840 3902 suscitamur.
2893 3845 3096 3902 Videte
3153 3848 3294 3920 quid
3337 3849 3513 3916 dicat,
3569 3849 3720 3905 hora

2060 3934 2254 4003 tertia,
2305 3937 2488 4005 sexta,
2537 3950 2710 4001 nona,
2769 3932 3192 4004 lucernarium,
3254 3937 3446 3991 medio
3500 3939 3712 4006 noctis,

2061 4025 2377 4097 gallicinio,
2411 4038 2583 4079 mane
2613 4023 2822 4095 primo.
2849 4023 2967 4078 Hoc
2986 4028 3176 4080 totum
3205 4024 3473 4095 facimus,
3505 4032 3559 4082 et
3591 4044 3710 4083 non

2060 4113 2521 4182 consideramus,
2577 4111 2715 4184 quia
2771 4112 2820 4167 si
2876 4111 3218 4170 inimicitias
3249 4113 3421 4170 habet
3499 4116 3701 4171 anima

2060 4208 2262 4259 nostra
2283 4206 2488 4258 contra
2517 4201 2779 4270 fratrem,
2803 4200 2928 4256 sine
2948 4217 3390 4259 causaoramus.
3423 4203 3484 4258 In
3516 4203 3694 4258 Evan-

2060 4291 2210 4364 gelio
2240 4292 2396 4348 enim
2428 4291 2568 4362 quid
2601 4289 2853 4346 dicitur?
2881 4289 2944 4345 Si
2984 4291 3146 4362 θίγεν-ε
3191 4307 3392 4367 manus
3437 4297 3594 4348 tuum
3631 4293 3705 4349 ad

2059 4381 2257 4451 altare,
2287 4384 2340 4436 et
2373 4378 2687 4435 recordata:
2714 4380 2894 4450 fueris
2935 4380 3017 4435 ibi
3062 4379 3203 4452 quod
3260 4379 3480 4453 aliquid
3531 4383 3712 4453 frater

2058 4475 2190 4524 tuus
2217 4469 2370 4524 habet
2395 4468 2656 4524 adversus
2681 4471 2733 4523 te
2779 4467 2994 4536 (Matth.
3043 4485 3098 4534 ν,
3149 4469 3261 4541 23).
3308 4469 3514 4526 Videte
3561 4471 3706 4542 quid

301 4558 425 4614 est!
460 4579 489 4608 ››
523 4558 637 4613 Hoc
664 4561 903 4612 sanctus
929 4557 1199 4628 dicit,qui
1231 4572 1444 4628 corpus
1476 4574 1590 4612 non
1632 4557 1948 4624 desiderat,
1980 4569 2026 4635 υ
2057 4557 2213 4614 dicat
2245 4575 2256 4613 :
2289 4557 2416 4614 Non
2436 4556 2601 4625 dixit,
2631 4556 2683 4612 si
2710 4556 2894 4613 habes
2937 4557 3158 4628 aliquid
3215 4563 3416 4615 contra
3458 4558 3704 4616 fratrem

299 4647 401 4718 qui
430 4649 648 4702 terram
681 4661 796 4701 non
830 4644 1057 4717 quierit,
1109 4644 1211 4716 qui
1268 4643 1479 4700 cmlum
1525 4645 1705 4718 cupit.
1741 4669 1771 4698 «
1826 4651 1948 4703 Heu

302 4735 615 4808 mihi,quia
634 4733 922 4790 incolatus
949 4749 1116 4790 meus
1132 4734 1674 4807 prolongatusest.»
1706 4735 1949 4798 Quando

301 4815 675 4898 aegrotamus,
707 4824 941 4896 quando
973 4823 1396 4893 lebricitamus,
1417 4824 1655 4893 quando
1686 4825 1948 4897 suspica-

300 4931 436 4970 mur
465 4930 572 4970 nos
604 4913 773 4982 mori,
799 4913 1035 4984 quando
1075 4913 1372 4983 jactamus
1403 4911 1666 4981 brachia,
1713 4915 1948 4984 quando

298 5002 600 5074 timemus,
632 5003 868 5075 quando
898 5005 1290 5058 commeatum
1320 5001 1782 5073 petimus,istum
1831 5019 1951 5059 ver-

301 5088 556 5145 siculum
587 5107 704 5146 non
735 5106 1052 5162 possumus
1081 5089 1416 5146 dicere.lste
1447 5106 1629 5146 sanus
1660 5095 1803 5160 erat,
1833 5109 1949 5148 non

301 5180 640 5250 aegrotabat,
672 5185 730 5235 et
760 5180 902 5252 quid
935 5179 1165 5236 dicebat
1187 5178 1216 5234 ‘l
1241 5201 1268 5229 «
1300 5179 1419 5234 Heu
1445 5179 1590 5234 mihi
1624 5179 1636 5234 l
1673 5181 1811 5250 quia
1858 5181 1947 5236 in-

300 5266 526 5324 celatus
555 5284 723 5323 meus
781 5269 1158 5342 prolongatus
1203 5272 1311 5325 est.
1366 5290 1394 5317 »
1449 5268 1716 5334 Quandiu
1788 5270 1946 5325 enim

299 5373 508 5414 sumus
532 5355 588 5411 in
606 5357 980 5414 tabernaculo
997 5357 1258 5431 corporis
1283 5356 1481 5428 hujus,
1508 5357 1950 5430 peregrinamur

297 5445 597 5505 aDomino
626 5446 699 5517 (Il
728 5445 847 5502 Cor.
878 5464 932 5513 v,
963 5448 1040 5517 6).
1089 5472 1114 5498 ‹‹
1169 5447 1289 5503 Heu
1342 5444 1488 5501 mihi
1544 5445 1685 5518 quia
1730 5447 1946 5503 incola-

298 5542 396 5594 tus
427 5552 594 5592 meus
641 5527 1158 5608 prolongatus'est.
1221 5558 1251 5586 »
1297 5559 1325 5587 «
1378 5534 1672 5592 Incolatus
1729 5551 1946 5594 meus:

299 5630 426 5685 Non
456 5625 620 5699 dixit,
642 5623 925 5684 habitatio
956 5639 1105 5695 mea,
1157 5625 1258 5683 sed
1304 5625 1580 5683 incolatu:
1629 5641 1831 5700 mem;
1887 5627 1946 5687 in

2057 4652 2227 4703 tuum
2254 4664 2267 4716 ;
2295 4647 2419 4712 sed,
2454 4646 2504 4702 si
2535 4645 2755 4717 aliquid
2800 4647 2979 4702 frater
3009 4651 3148 4702 tuus
3188 4647 3363 4704 habet
3392 4654 3596 4705 contra
3626 4653 3701 4706 te.

2061 4737 2202 4793 Hem
2231 4734 2398 4808 quasi
2432 4734 2718 4806 injustam
2749 4735 2978 4791 videtur
3029 4736 3200 4791 nobis
3251 4736 3556 4810 imponere
3601 4755 3616 4793 :
3660 4741 3709 4796 si

2059 4826 2216 4883 enim
2277 4824 2542 4890 dixisset,
2601 4824 2651 4878 si
2704 4823 2887 4880 habes
2947 4823 3171 4897 aliquid
3228 4831 3430 4882 contra
3466 4828 3707 4883 fratrem

2057 4920 2250 4983 tuum,
2283 4914 2340 4969 in
2374 4918 2573 4970 nostra
2593 4917 2718 4969 erat
2766 4917 3052 4986 potestate
3104 4915 3265 4986 quod
3314 4914 3705 4972 habebamus.

2057 5005 2224 5060 Nunc
2256 5019 2387 5060 vero
2408 5003 2548 5075 quid
2573 5003 2748 5058 dicit?
2787 5001 2847 5058 Si
2905 5004 3241 5060 recordatus
3299 5003 3499 5073 fueris,
3547 5007 3707 5077 quod

2057 5093 2278 5166 aliquid
2311 5093 2487 5148 habet
2509 5092 2682 5148 frater
2724 5096 2862 5147 tuus
2906 5093 3188 5148 adversus
3229 5097 3305 5148 te.
3359 5094 3706 5167 Respondeo

2057 5183 2108 5239 ei
2142 5200 2154 5238 :
2193 5182 2452 5248 Domine,
2485 5197 2600 5236 non
2632 5185 2721 5236 est
2749 5180 2858 5238 hoc
2897 5181 2954 5236 in
2987 5198 3117 5238 mea
3137 5186 3442 5254 potestate,
3490 5184 3540 5240 si
3586 5185 3702 5240 fra-

2055 5277 2146 5329 ter
2175 5288 2340 5327 meus
2369 5271 2546 5327 habet
2572 5271 2792 5343 aliquid
2827 5275 3028 5328 contra
3057 5287 3174 5340 me,
3203 5287 3310 5344 ego
3341 5272 3490 5328 nihil
3519 5273 3703 5330 habeo

2057 5364 2258 5417 contra
2288 5377 2442 5416 eum.
2475 5361 2536 5417 Si
2566 5359 2664 5416 ille
2693 5360 2869 5416 habet
2889 5365 3091 5418 contra
3120 5377 3232 5431 me,
3288 5363 3362 5417 ad
3422 5379 3516 5419 me
3565 5362 3708 5434 quid

2058 5450 2358 5523 pertinet?
2382 5451 2452 5505 Et
2477 5465 2656 5521 quare
2677 5466 2791 5506 non
2819 5449 2907 5505 vis
2925 5450 3221 5523 suscipere
3241 5467 3462 5508 munus
3482 5467 3708 5520 meum,

2057 5544 2115 5596 et
2143 5539 2309 5610 dicis,
2343 5539 2392 5594 si
2425 5539 2596 5595 offers
2631 5554 2853 5595 manus
2904 5543 3074 5595 tuum
3128 5541 3196 5595 ad
3257 5539 3571 5616 suasmet
3626 5542 3711 5598 ibi

2057 5629 2394 5689 rccordatus
2424 5626 2603 5686 fueris
2631 5628 2786 5702 quod
2818 5628 2997 5687 frater
3047 5633 3186 5687 tuus
3243 5620 3467 5706 aliquid
3524 5630 3710 5692 habet
