3992 6194
213 408 377 476 4353

1392 417 1482 475 illi
1497 406 1891 475 EVlAlllUM'
1937 414 2007 471 IN
2058 410 2197 473 PSA
2212 414 2440 476 LMOS.

3462 411 3621 481 1354

211 553 415 611 contra
447 553 499 604 te
526 566 538 604 :
573 542 800 605 dimitie
830 565 1047 625 munus
1094 555 1286 615 tuum,
1319 552 1376 601 et
1404 547 1546 602 vade
1579 545 1739 619 prius
1772 559 1856 601 re-
1889 547 1941 611 Α
1974 545 2197 615 nutriti,
2231 551 2288 601 et
2320 547 2655 605 dimisimus
2687 550 2967 617 servulos,
3002 562 3133 607 cum
3166 554 3381 625 quibus
3411 553 3617 610 nutriti

214 635 515 693 conciliari
546 637 708 692 fratri
763 642 882 704 tuo,
913 642 969 693 et
1002 624 1108 694 'sic
1166 638 1372 695 offeras
1433 652 1647 690 munus
1690 641 1857 689 tuum

211 725 358 781 Ecce
392 740 500 798 ego
532 724 679 780 nihil
711 725 934 793 habeo;
970 724 1019 781 si
1074 724 1173 780 ille
1229 723 1425 791 habet,
1464 724 1534 778 ad
1596 740 1686 778 me
1717 723 1856 795 quid

211 813 509 886 pertinet?
532 813 866 886 Respondet
894 814 999 869 tibi
1032 812 1317 869 Dominus
1349 829 1362 867 :
1398 813 1468 867 Et
1499 813 1639 884 quid
1674 811 1862 867 dicit?

210 902 356 959 Male
389 919 573 968 serve,
624 901 885 975 intelligo
943 903 1207 958 animum
1240 904 1405 957 tuum
1441 916 1455 958 :
1490 900 1643 956 Nihil
1677 901 1859 956 habes

213 997 416 1049 contra
448 993 687 1048 fratrem
746 996 974 1048 tuum‘?
1003 990 1148 1047 nihil
1182 991 1361 1047 habes
1384 992 1411 1044 ?
1442 1004 1605 1047 amas
1636 989 1802 1045 illum
1838 992 1861 1044 ?

208 1081 398 1145 Quare
448 1097 586 1154 ergo
635 1079 849 1137 salvari
880 1098 1014 1137 eum
1046 1098 1159 1137 non
1192 1082 1278 1135 vis
1306 1080 1335 1135 ?
1377 1080 1436 1136 Si
1471 1095 1635 1135 amas
1666 1078 1856 1149 illum,

210 1171 375 1237 vade,
408 1186 550 1243 roga
575 1186 711 1227 eum
744 1186 815 1226 ne
841 1170 938 1226 ille
967 1174 1167 1226 contra
1200 1174 1255 1225 te
1285 1168 1516 1235 habeat,
1550 1172 1616 1223 ut
1643 1167 1855 1223 salvari

210 1256 416 1332 possit.
446 1259 557 1315 Sed
590 1257 853 1315 ostendis
903 1258 1043 1331 quia
1098 1274 1212 1314 non
1271 1257 1469 1330 diligis
1500 1274 1674 1325 eum;
1719 1256 1859 1329 quia

210 1347 427 1404 salvari
456 1365 590 1404 cum
623 1364 741 1405 non
770 1346 897 1416 vis;
929 1348 1093 1413 vade,
1125 1363 1266 1420 roga
1292 1364 1450 1414 eum,
1485 1346 1651 1402 mitte
1698 1351 1752 1401 te
1804 1345 1856 1400 ei

210 1439 283 1494 ad
307 1438 485 1510 pedes
502 1438 653 1509 ejus,
675 1437 882 1493 diebus
903 1441 963 1493 et
982 1437 1253 1493 noctibus
1277 1436 1586 1505 deprecare
1606 1453 1621 1502 ;
1642 1434 1818 1490 dicito
1840 1452 1853 1490 :

210 1543 428 1583 munus
459 1542 653 1583 meum
686 1525 884 1582 dimisi
914 1526 985 1581 ad
1013 1524 1215 1595 altare,
1246 1530 1479 1597 propter
1507 1529 1562 1580 te
1589 1523 1857 1580 victimas

208 1616 411 1673 offerre
432 1631 545 1672 non
576 1631 838 1688 possum.
866 1614 963 1670 Ille
986 1614 1421 1687 compungitur,
1437 1619 1495 1670 et
1515 1613 1648 1685 quid
1680 1612 1857 1667 dicit?

205 1705 265 1762 Si
295 1705 407 1762 iste
435 1703 535 1777 qui
570 1721 663 1761 me
693 1710 880 1777 rogat,
912 1720 1026 1760 non
1060 1704 1227 1759 otfert
1256 1720 1475 1760 munus
1518 1719 1714 1767 suum,
1747 1718 1854 1773 ego

208 1795 308 1868 qui
330 1799 566 1868 rogatus
584 1810 739 1862 sum,
754 1799 942 1850 etnon
967 1794 1228 1865 ignosco,
1244 1792 1384 1864 quid
1404 1793 1663 1847 facturus
1682 1807 1815 1847 sum
1829 1790 1857 1845 Ἰ

207 1889 517 1957 Propterea
565 1883 710 1940 dicit
754 1888 811 1939 et
861 1882 1180 1956 Apostolus
1229 1890 1294 1937 ut
1339 1880 1594 1937 inimicis
1639 1880 1854 1936 nostris
1886 1915 1931 1979 Β

207 1972 560 2030 manducare
617 1974 828 2029 demus
885 1977 943 2028 et
998 1972 1196 2027 bibere
1251 1973 1428 2039 (Rom.
1477 1987 1577 2034 xu,
1626 1970 1738 2038 20).
1789 1969 1858 2024 Et

206 2063 347 2135 quid
370 2062 512 2119 dicit
536 2066 558 2119 Ρ
591 2067 726 2119 Haec
742 2063 911 2129 enim,
937 2061 1148 2131 inquit,
1169 2062 1398 2131 faciens,
1421 2061 1683 2114 carbones
1712 2059 1860 2126 ignis

202 2166 500 2222 eongregas
556 2166 727 2219 super
778 2157 942 2217 caput
987 2150 1104 2220 ejus
1154 2148 1358 2218 (Ibid).
1410 2147 1573 2202 Dicat
1619 2145 1855 2217 aliquis,

204 2241 315 2296 hoc
343 2239 569 2295 inimici
617 2239 879 2304 faciunt;
912 2238 1041 2293 ideo
1073 2238 1220 2293 bene
1250 2236 1471 2292 faciunt
1502 2236 1855 2300 adversario,

204 2335 273 2384 ut
299 2328 585 2384 carbones
617 2326 773 2399 ignis
795 2332 1147 2398 congregant
1175 2342 1353 2397 super
1379 2330 1554 2397 caput
1574 2325 1719 2395 ejus.
1744 2325 1855 2380 Sed

204 2416 364 2473 aliud
396 2415 611 2472 dicitur
641 2432 653 2470 :
688 2415 738 2471 si
768 2415 873 2471 tibi
906 2414 1003 2470 ille
1035 2414 1185 2470 male
1208 2414 1423 2480 fecerit,
1449 2419 1504 2469 et
1533 2418 1594 2468 tu
1626 2412 1677 2469 ei
1710 2414 1856 2469 bene

82 2492 95 2501 ’
204 2505 434 2572 feceris,
456 2506 741 2561 carbones
774 2504 928 2577 ignis
952 2519 1271 2577 congregas
1303 2517 1480 2575 super
1506 2507 1681 2574 caput
1705 2504 1854 2571 ejus,

202 2594 315 2650 hoc
347 2599 457 2663 est,
493 2593 745 2647 mundas
784 2591 923 2646 vitia
964 2591 1114 2663 e'jus,
1146 2595 1200 2647 et
1248 2589 1522 2662 excoquis
1572 2588 1853 2643 malitiam

200 2682 353 2755 ejus,
390 2688 457 2737 ut
490 2682 563 2736 ad
597 2680 997 2753 paenitentiam
1046 2683 1437 2735 convertatur.
1469 2677 1672 2734 Videte
1717 2693 1854 2749 ergo

201 2770 342 2842 quid
367 2771 523 2826 dicat
550 2774 790 2825 sanctus
817 2768 1121 2840 Propheta.
1139 2790 1167 2817 (ι
1191 2772 1333 2822 Cum
1363 2766 1455 2820 his
1480 2765 1580 2839 qui
1607 2765 1857 2821 oderunt

201 2875 423 2932 pacem,
459 2875 620 2914 eram
675 2857 971 2929 paciﬁcus.
1007 2878 1036 2905 »
1089 2860 1213 2912 Non
1246 2855 1411 2922 dixit,
1444 2855 1544 2927 qui
1588 2854 1856 2911 volebant

199 2964 399 3021 pacem
436 2963 449 3002 :
504 2946 627 3012 sed,
682 2969 704 2996 ε
740 2946 839 3017 qni
874 2945 1124 3000 oderunt
1152 2958 1375 3015 pacem.
1412 2966 1441 2994 ››
1492 2943 1578 2999 Illi
1610 2944 1871 2999 oderant‘

198 3053 424 3109 pacem,
457 3041 515 3091 et
566 3051 674 3108 ego
726 3033 995 3089 amabam
1043 3049 1142 3089 eos
1190 3033 1290 3104 qui
1338 3033 1583 3088 oderant
1628 3048 1851 3104 pacem.

198 3126 334 3182 Ideo
392 3125 537 3180 dicit
593 3129 651 3179 et
696 3121 1057 3194 Apostolus:
1117 3123 1392 3189 Quantum
1441 3138 1514 3177 ea:
1558 3121 1708 3177 vobis
1754 3123 1852 3199 est,

196 3231 324 3271 cum
371 3213 624 3269 omnibus
677 3210 992 3267 hominibus
1033 3224 1227 3282 pacem
1262 3210 1515 3266 habentes
1545 3210 1719 3278 (Rom.
1752 3225 1852 3274 χιι,

1970 650 2179 689 sumus
2206 651 2220 689 :
2250 635 2515 692 venimus
2543 637 2600 693 in
2626 639 3145 711 monasterium,et
3165 647 3468 714 propterea
3494 642 3616 698 haec

1970 721 2307 778 dimisimus
2357 725 2577 792 omnia,
2610 730 2674 781 ut
2712 732 2947 799 propter
2977 744 3096 783 rem
3130 729 3395 786 frivolam
3427 731 3610 787 rixam

1969 827 2100 866 cum
2130 812 2407 867 lralribus
2434 812 2717 869 faciamus
2750 816 2807 870 in
2841 817 3193 874 monasterio
3214 819 3241 859 ί)
3272 818 3612 893 Dimisimus

1969 901 2420 972 possessionem,
2478 902 2815 959 dimisimus
2874 906 3145 977 patriam,
3194 907 3445 964 dimisus
3499 925 3611 965 sm-

1968 988 2190 1058 culum,
2224 992 2280 1043 et
2308 995 2544 1062 propter
2571 991 2862 1049 calamum
2897 993 3079 1049 rixam
3111 996 3360 1052 facimus
3391 997 3449 1051 in
3481 1013 3611 1054 mo-

1968 1076 2270 1133 nasterio?
2316 1079 2369 1132 Si
2430 1081 2670 1136 verbum
2717 1097 2983 1137 amarum
3024 1083 3283 1153 audiero,
3316 1085 3465 1141 ferre
3494 1101 3612 1141 non

1968 1181 2209 1236 possum
2240 1183 2253 1221 :
2289 1172 2496 1223 aestuat
2525 1169 2582 1225 in
2606 1170 2777 1226 corde
2799 1186 2961 1237 meo;
2995 1171 3271 1228 scribitur
3300 1173 3360 1229 in
3390 1173 3615 1230 medul-

1967 1253 2039 1310 lis
2072 1255 2219 1311 meis
2250 1256 2457 1313 diehus
2486 1258 2686 1314 decem
2729 1264 2831 1315 aut
2870 1260 3226 1331 quindecim,
3260 1278 3375 1317 non
3423 1266 3616 1335 potest

1966 1342 2093 1398 tolli
2124 1345 2194 1400 de
2223 1346 2396 1402 corde
2427 1362 2580 1415 meo,
2610 1347 2819 1419 loquor
2846 1348 3007 1405 fratri
3039 1366 3189 1421 meo,
3222 1350 3323 1422 qui
3354 1350 3499 1406 mihi
3530 1351 3614 1407 in-

1958 1432 2180 1503 juriam
2212 1433 2446 1503 fecerat,
2476 1441 2536 1491 et
2565 1452 2765 1506 pacem
2799 1435 2971 1493 labiis
3018 1440 3315 1509 promitto,
3348 1442 3405 1494 et
3443 1440 3615 1497 corde

1966 1536 2256 1578 venenum
2315 1529 2503 1580 teneo.
2540 1526 2896 1597 Frequenter
2959 1532 3017 1583 et
3079 1526 3233 1583 oculi
3298 1532 3356 1583 et
3416 1528 3627 1587 vultus

1967 1612 2182 1667 mentis
2211 1612 2494 1668 indicium
2526 1619 2684 1669 sunt.
2720 1615 2962 1679 Quando
2993 1632 3091 1672 cor
3120 1620 3385 1673 nostrum
3415 1616 3616 1675 vulnep

1965 1705 2158 1756 ratum
2190 1705 2281 1757 est
2310 1707 2511 1758 contra
2541 1702 2821 1774 aliquem,
2853 1721 2968 1760 non
3001 1721 3318 1776 possumus
3347 1722 3482 1762 eum
3515 1722 3616 1762 as-

1964 1789 2155 1861 picere
2203 1790 2377 1846 rectis
2424 1790 2656 1847 oculis:
2707 1790 2904 1847 vultus
2955 1792 3079 1864 ipse
3126 1799 3184 1849 et
3231 1793 3406 1860 oculi,
3440 1794 3614 1867 quasi

1964 1877 2267 1950 speculum
2313 1879 2521 1934 animae
2575 1884 2787 1935 nostrae
2834 1886 2994 1936 sunt.
3030 1881 3177 1947 Quid
3213 1881 3356 1938 dicit
3384 1882 3610 1955 Sriptu-

1969 1966 2079 2022 ra?
2130 1971 2194 2023 Et
2238 1983 2349 2021 non
2395 1972 2641 2038 poterant
2690 1968 2846 2040 loqui
2888 1972 2942 2025 ei
2991 1970 3290 2042 quidquam
3319 1973 3625 2041 paciﬁcum!

1967 2055 2121 2126 (Gen.
2180 2073 2391 2122 xxxvu,
2457 2056 2575 2128 ll);
2636 2071 2752 2113 non
2811 2062 3038 2129 poterat
3092 2057 3296 2131 lingua
3354 2059 3611 2131 mentiri,

1968 2145 2122 2215 quod
2174 2161 2272 2199 cor
2318 2144 2477 2200 intus
2533 2162 2648 2201 non
2696 2145 3054 2202 continebat.
3087 2147 3206 2204 Hoc
3252 2147 3432 2220 igitur
3460 2148 3613 2215 dico,

1969 2233 2131 2288 vobis
2162 2233 2309 2305 ipsis
2330 2238 2387 2289 et
2416 2234 2584 2299 mihi,
2608 2250 2795 2305 neque
2815 2235 2972 2291 enim
3004 2237 3077 2291 ad
3107 2226 3216 2292 hoc
3246 2235 3516 2309 praedico,
3548 2243 3616 2294 ut

1967 2321 2137 2392 quasi
2172 2338 2263 2376 me
2296 2338 2566 2378 securum
2604 2322 2810 2379 faciam
2837 2339 2850 2377 :
2885 2323 3111 2380 occasio
3142 2324 3313 2380 istius
3343 2325 3614 2382 versiculi

1967 2410 2249 2482 compulit
2280 2427 2387 2466 nos
2417 2412 2497 2467 ita
2527 2411 2738 2467 dicere.
2762 2412 2992 2468 Grande
3024 2411 3246 2469 malum
3276 2418 3366 2469 est
3391 2412 3611 2484 lingua.

1970 2521 1997 2549 ‹‹
2032 2499 2291 2570 Domine,
2321 2498 2500 2555 libera
2531 2501 2788 2555 animam
2821 2516 3011 2557 meam
3045 2518 3077 2556 a
3108 2500 3280 2557 labiis
3308 2501 3528 2574 iniquis
3556 2507 3625 2560 et.

1966 2606 1999 2643 a
2047 2587 2248 2660 lingua
2294 2588 2516 2645 dolosa.
2554 2611 2582 2637 »
2635 2589 2759 2643 Non
2806 2590 2877 2644 ab
2926 2589 3167 2646 alterius
3194 2589 3416 2662 lingua,
3446 2592 3546 2647 sed
3578 2608 3614 2648 a

1967 2694 2095 2733 mea
2118 2678 2318 2745 lingua
2341 2677 2542 2732 libera.
2567 2676 2723 2732 Nihil
2747 2676 2889 2732 mihi
2914 2683 3083 2735 nocet
3107 2678 3310 2751 lingua
3330 2679 3607 2739 alterius:

1966 2783 2095 2821 mea
2125 2765 2327 2838 lingua
2356 2766 2499 2821 mihi
2530 2766 2770 2822 inimica
2797 2771 2904 2823 est.
2939 2789 2965 2816 «
2992 2767 3254 2835 Domine,
3280 2767 3462 2823 libera
3490 2769 3610 2824 aai-

1965 2871 2122 2910 mam
2151 2871 2363 2911 meam.
2403 2878 2423 2903 ι
2453 2854 2542 2910 Me
2573 2854 2758 2910 libera
2787 2874 2819 2911 a
2850 2855 3057 2928 lingua
3087 2871 3237 2924 mea,
3259 2855 3461 2929 lingua
3480 2873 3619 2931 mea.

1962 2943 2194 3017 gladius
2241 2948 2333 2999 est
2364 2960 2376 2998 :
2426 2943 2703 3000 interficit
2741 2944 2998 3000 animam
3034 2960 3245 3000 meam.
3278 2944 3422 3001 Puto
3452 2945 3608 3018 quod

1964 3033 2202 3088 inimico
2233 3049 2362 3089 meo
2392 3046 2654 3096 noceam,
2686 3037 2743 3088 et
2773 3033 2968 3089 nescio
3000 3033 3155 3105 quod
3187 3033 3481 3106 meipsum
3511 3050 3617 3109 οι)-⁸

1964 3121 2113 3177 cido.
2149 3121 2416 3193 Pugnant
2463 3121 2777 3176 adversarii
2827 3122 3061 3193 quando
3109 3121 3318 3193 loquor
3362 3121 3500 3191 illis,
3553 3126 3615 3180 et

1964 3226 2070 3284 ego
2083 3209 2555 3282 paciﬁcaloquor.
2581 3209 2668 3264 llli
2686 3209 3306 3266 habeantinimicalem
3320 3210 3619 3281 animum,

198 3306 308 3375 18).
343 3307 638 3375 Rogemus
670 3300 929 3357 fratrem.
965 3298 1025 3355 Si
1057 3298 1335 3355 inimicus
1374 3302 1572 3355 noster
1617 3302 1724 3365 est,
1758 3314 1848 3353 ro-
1881 3284 1923 3349 (ἶ
1963 3316 2069 3356 nos
2100 3315 2234 3355 vero
2266 3298 2590 3355 habeamus
2618 3298 2975 3370 paciﬁcalem
3005 3298 3291 3369 animum,
3314 3299 3610 3373 siquidem

194 3404 403 3466 gamus
428 3396 485 3447 et
507 3390 690 3457 bis,et
712 3394 820 3456 ter,
835 3393 892 3444 et
917 3386 1153 3460 septies.
1170 3388 1363 3443 Tamen
1394 3396 1445 3443 et
1474 3388 1523 3442 si
1543 3388 1846 3457 peccaverit

192 3484 371 3553 frater
402 3496 572 3547 meus,
603 3480 815 3551 quoties
842 3477 1121 3533 dimittam
1150 3477 1259 3545 illi,
1289 3477 1479 3547 septies
1500 3478 1527 3530 ?
1560 3476 1692 3531 Dico
1722 3475 1841 3542 tibi,

193 3586 305 3625 non
352 3571 569 3641 septies,
618 3567 714 3623 sed
756 3568 1067 3639 septuagies
1121 3568 1345 3637 septies,
1395 3565 1505 3621 hoc
1559 3568 1649 3620 est
1701 3580 1843 3634 qua-

197 3658 558 3730 dringenties
627 3656 908 3728 nonagies
977 3654 1196 3726 (Matth.
1256 3671 1416 3721 xvni,
1472 3654 1563 3724 21,
1620 3654 1731 3722 22).
1788 3652 1843 3705 Si

194 3746 553 3803 voluerimus
568 3749 913 3816 computare
934 3745 1005 3799 de
1028 3758 1198 3800 mane
1221 3760 1407 3815 usque
1425 3744 1494 3798 ad
1523 3758 1844 3814 vesperam,

196 3839 361 3891 tanta
394 3839 631 3906 peccata
679 3832 867 3888 facere
910 3848 1023 3887 non
1054 3848 1395 3903 possumus,
1427 3830 1851 3901 quadringenta

197 3922 540 3995 nonaginta.
578 3921 797 3977 Tamen
831 3919 969 3990 quid
1000 3919 1142 3976 dicit
1172 3920 1450 3976 Dominus
1473 3918 1500 3972 ‘2
1530 3919 1587 3974 Si
1624 3924 1851 3989 septua-

196 4012 323 4085 gies
352 4010 567 4083 septies
598 4008 923 4081 peccaverit
950 4008 1006 4064 in
1039 4008 1153 4074 die,
1184 4012 1241 4064 et
1271 4024 1584 4064 conversus
1615 4023 1850 4078 rogave-

194 4101 271 4156 rit
324 4105 397 4171 te,
450 4099 684 4155 dimitte
738 4098 809 4154 ei.
844 4098 952 4154 Sed
1004 4097 1176 4163 dicis,
1226 4114 1341 4153 non
1386 4115 1453 4153 ex
1508 4101 1626 4152 toto
1679 4095 1851 4151 corde

194 4189 579 4255 convertitur,
613 4188 917 4244 mentitur.
950 4188 1068 4242 Nos
1119 4187 1491 4243 dimittamus
1534 4188 1644 4241 Deo
1683 4184 1851 4256 judi-

194 4278 394 4345 cium;
456 4282 622 4348 rogat
670 4286 785 4343 me‘,
817 4277 1181 4348 deprecatur,
1214 4293 1329 4333 non
1366 4276 1507 4330 dicit
1547 4274 1656 4330 hoc
1696 4290 1849 4341 vere,

195 4372 350 4422 Deus
384 4365 543 4421 novit
570 4381 582 4418 :
621 4365 738 4437 Ego
768 4380 966 4420 vocem
998 4365 1195 4434 audio,
1217 4365 1483 4421 Christus
1515 4380 1613 4419 cor
1640 4362 1853 4417 intelli-

194 4455 310 4529 git:
335 4470 448 4527 ego
465 4453 725 4524 suscipio
743 4454 897 4524 quod
917 4452 1680 4524 audio,suscipiatChristus
1698 4451 1853 4523 quod

196 4541 378 4598 novit.
399 4539 617 4596 Deinde
636 4538 766 4593 vide
783 4539 1108 4593 mercedem
1129 4542 1293 4593 tuam
1315 4557 1328 4603 ;
1354 4539 1638 4594 mentitur
1659 4538 1776 4607 ille,
1790 4543 1853 4593 tu

1956 3389 2246 3460 scriptum
2275 3392 2365 3443 est
2394 3388 2451 3442 in
2484 3388 2543 3442 in
2575 3386 3057 3459 Paralipomenon
3085 3406 3098 3443 :
3130 3390 3197 3443 Et
3222 3391 3429 3460 egressi
3453 3400 3608 3461 sunt,

1960 3477 2172 3548 inquit,
2213 3477 2324 3546 ﬁlii
2372 3477 2553 3532 Israel
2608 3475 2679 3531 ad
2733 3475 3094 3547 pugnandum
3147 3485 3324 3532 mente
3376 3479 3611 3559 paciﬁca

1958 3567 2028 3639 (ll
2079 3567 2269 3622 I’aral.
2317 3583 2412 3631 xx,
2459 3566 2567 3635 2'2).
2622 3564 2850 3635 Aliquis
2895 3564 3055 3621 vadit
3103 3565 3176 3620 ad
3225 3581 3505 3638 pugnam,
3549 3572 3608 3624 et

1914 3648 1919 3655 ’
1958 3660 2212 3711 mentem
2238 3654 2537 3725 paciﬁcum
2560 3654 2736 3709 habet
2762 3672 2775 3709 :
2804 3655 2905 3708 sed
2928 3653 3392 3710 Christianorum
3416 3673 3601 3729 arma,

1961 3762 2070 3817 pax
2099 3749 2234 3800 est:
2286 3745 2407 3798 Pax
2454 3744 2676 3809 Christi,
2707 3758 2834 3814 quae
2879 3748 3170 3815 exsuperat
3215 3759 3429 3800 omnem
3477 3761 3603 3802 sen-

1960 3850 2081 3889 sum
2114 3832 2377 3904 (Philipp.
2412 3849 2486 3897 IV,
2518 3832 2594 3901 7).
2631 3833 2789 3888 Beati
2822 3832 3048 3903 paciﬁci
3083 3849 3096 3887 :
3139 3850 3253 3889 non
3285 3832 3477 3890 solum
3508 3834 3612 3906 qui

1962 3937 2164 3995 pacem
2201 3921 2421 3976 faciunt
2470 3922 2624 3977 inter
2676 3922 2950 3986 rixantes,
2983 3922 3082 3977 sed
3134 3922 3231 3993 qui
3287 3923 3346 3977 in
3399 3914 3615 3995 seipsis‘

1962 4026 2165 4082 pacem
2200 4009 2439 4065 faciunt.
2462 4010 2617 4065 Beati
2650 4009 2895 4082 paciﬁci.
2930 4010 2989 4064 Si
3020 4009 3117 4064 alii
3148 4010 3331 4064 rixam
3367 4010 3612 4084 faciunt,

1966 4103 2025 4155 et
2054 4115 2160 4171 ego
2191 4099 2422 4155 medius
2450 4098 2831 4168 intercedam,
2864 4103 2921 4154 et
2951 4096 3157 4152 faciam
3190 4097 3341 4153 inter
3367 4114 3468 4154 eos
3511 4115 3620 4171 pa-

1970 4203 2121 4257 cem,
2154 4191 2212 4242 et
2242 4188 2366 4257 ipse
2397 4203 2511 4241 non
2545 4186 2789 4241 habeam
2841 4201 3042 4257 pacem
3091 4185 3149 4239 in
3204 4191 3397 4241 mente
3444 4202 3575 4244 mea
3606 4203 3622 4244 :

1971 4275 2113 4347 quid
2145 4274 2290 4330 mihi
2325 4275 2565 4346 prodest
2593 4276 2749 4345 quod
2782 4272 2863 4328 illi
2898 4289 3097 4346 pacem
3132 4274 3440 4330 fecerunt?
3470 4277 3626 4332 Beati

1966 4364 2220 4433 paciﬁci,
2255 4364 2519 4432 quoniam
2563 4363 2674 4432 ﬁlii
2704 4363 2800 4417 Dei
2838 4363 3171 4418 vocabuntur
3214 4364 3428 4433 (Matth.
3462 4382 3516 4431 ν,
3547 4366 3626 4438 9).

1969 4454 2127 4509 Beati
2154 4452 2377 4524 paciﬁci
2402 4451 2501 4522 qui
2534 4450 2861 4523 loquuntur
2880 4452 2972 4507 his
2994 4453 3095 4525 qui
3121 4454 3362 4509 oderant
3393 4470 3620 4526 pacem,

1969 4541 2227 4614 paciﬁca.
2263 4542 2418 4596 Beati
2440 4540 2682 4612 paciﬁci.
2717 4540 2980 4597 Christus
3031 4558 3142 4614 pax
3188 4547 3297 4597 est.
3345 4542 3405 4597 Si
3457 4532 3616 4599 enim

195 4646 401 4687 verum
429 4627 723 4700 suscipis:
758 4625 919 4682 illius
946 4626 1271 4683 interfectio
1297 4632 1408 4691 est,
1432 4632 1535 4682 tua
1559 4626 1719 4715 salus
1745 4631 1852 4683 est.
1888 4650 1935 4715 Ι)
1968 4630 2242 4687 Salomon
2278 4629 2715 4700 interpretatur,
2747 4628 3016 4685 Christus
3048 4647 3062 4684 :
3114 4629 3386 4687 Salomon
3418 4635 3615 4688 autem

193 4723 315 4775 Hoc
347 4722 536 4775 totum
564 4732 745 4790 quare
778 4715 1010 4772 locutus
1038 4731 1169 4771 sum
1193 4715 1222 4769 ‘?
1252 4716 1537 4782 Quoniam
1568 4714 1627 4769 in
1660 4731 1860 4770 mona-

196 4807 415 4875 steriis,
430 4811 490 4863 et
510 4806 762 4861 maxime
779 4804 837 4859 in
865 4804 1168 4872 ccenobiis,
1189 4804 1378 4860 solent
1396 4821 1525 4860 esse
1552 4804 1666 4859 ista
1688 4803 1848 4860 vitia.

193 4895 319 4953 Non
344 4894 901 4960 erubescimus,non
925 4892 1228 4961 dolemus;
1253 4892 1590 4948 dimisimus
1612 4899 1851 4957 matres,

196 4985 539 5041 dimisimus
570 4982 1140 5055 patres,dimisimus
1168 4980 1750 5051 fratres,dimisimus
1766 4997 1854 5037 so-

199 5072 731 5141 rores,dimisimus
749 5070 1317 5138 uxores,dimisimus
1335 5057 1853 5137 ﬁlios,dimisimus

199 5163 423 5237 patrias
441 5160 1030 5227 nostras,dimisimus
1043 5160 1596 5227 domos,dimisimus
1612 5159 1853 5216 cellulas

1968 4718 2405 4791 interpretatur,
2463 4719 2721 4789 paciﬁcus
2746 4736 2766 4779 ;
2823 4734 2929 4791 ego
2977 4717 3246 4775 Christus
3298 4720 3450 4775 Deus
3508 4735 3612 4775 no-

1963 4813 2101 4874 ster,
2135 4824 2246 4879 pax
2294 4814 2402 4863 est.
2438 4807 2670 4862 Vadens
2724 4808 2794 4862 ad
2843 4807 3076 4873 ccelum,
3116 4808 3285 4864 nobis
3332 4806 3610 4865 vexillum

1962 4897 2209 4961 dimisit,
2233 4896 2435 4951 dicens
2460 4914 2472 4951 :
2501 4901 2699 4950 Pacem
2725 4913 2903 4951 meam
2928 4896 2995 4952 do
3023 4897 3194 4968 vobis,
3213 4912 3407 4968 pacem
3432 4888 3619 4953 meam‘
3680 4926 3685 4927 ί

1961 4986 2214 5056 relinquo
2278 4987 2426 5041 vobis
2494 4986 2669 5055 (Joun.
2730 5002 2846 5053 xw,
2905 4986 3018 5056 27).
3077 4986 3387 5041 Servemus
3454 4986 3610 5058 quod

1962 5073 2231 5129 Christus
2260 5073 2496 5128 donavit
2522 5092 2535 5141 ;
2570 5074 2893 5129 habeamus
2923 5091 3147 5145 pacem.
3172 5075 3483 5131 Servemus
3515 5092 3612 5148 pa-

1963 5179 2112 5232 cem,
2146 5166 2203 5218 et
2251 5162 2348 5217 illa
2399 5179 2507 5218 nos
2560 5168 2751 5219 servat
2802 5162 2862 5218 in
2910 5163 3141 5219 Christo
3169 5164 3359 5221 Jesu:
3410 5164 3505 5223 cui
3536 5165 3615 5225 sit

200 5255 458 5327 nostras,
479 5248 816 5308 dimisimus
841 5246 1040 5319 cellas,
1064 5248 1123 5305 in
1150 5248 1362 5323 quibus
1382 5242 1509 5305 ‘nati
1544 5265 1775 5317 sumus,
1799 5254 1857 5308 et
1968 5249 2211 5325 gloriam
2243 5252 2298 5308 in
2333 5250 2547 5309 saecula
2577 5250 2945 5310 saeculorum.
2977 5253 3183 5311 Amen.

482 5835 744 5902 Ριτιιοι..
796 5838 978 5902 XXVI
990 5886 1003 5903 .

3252 5829 3328 5894 -l3
