3992 6194
480 350 646 411 -13ὔ5

491 482 2514 516 Μ

1984 352 2403 415 APPENDIX.

3632 368 3722 432 {356

2515 487 3723 532 ΞΜ

1989 654 2398 741 LIBER

862 849 1078 971 DE
1176 848 2305 973 EXPOSITIONE
2404 816 3471 979 PSALMORUM.

1104 1207 1525 1264 PRO/EMIUM.

558 1301 908 1360 Psalterium
956 1300 1038 1355 ita
1087 1303 1175 1355 est
1228 1297 1394 1369 quasi
1452 1312 1665 1369 magna
1714 1296 1947 1363 domus,
2004 1312 2129 1366 quae

487 1409 666 1449 unam
698 1390 934 1464 quidem
967 1389 1142 1444 habet
1166 1387 1508 1442 exteriorem
1539 1385 1757 1441 clavem
1790 1385 1847 1440 in
1882 1388 2086 1457 porta‘
2117 1401 2128 1440 :

485 1483 546 1539 in
577 1480 823 1538 diversis
852 1496 985 1536 vero
1016 1478 1368 1533 intrinsecus
1401 1474 1686 1531 cubiculis
1718 1475 1983 1547 proprias
2014 1473 2130 1529 cla-

483 1588 584 1629 ves
630 1571 828 1628 habet.
864 1569 1023 1625 Licet
1073 1566 1324 1639 amplior
1374 1582 1490 1620 una
1537 1565 1715 1620 clavis
1766 1565 1841 1619 sit
1891 1564 2131 1636 grandis

486 1666 664 1736 portas
694 1658 949 1731 Spiritus
980 1661 1218 1713 sanctus
1252 1672 1265 1709 ε
1310 1659 1504 1710 tamen
1535 1653 1999 1725 unumquodque
2030 1670 2129 1708 cu-

464 1740 748 1807 Ibiculum
798 1746 1063 1820 proprias
1114 1745 1291 1799 habet
1343 1742 1652 1798 claviculas
1704 1759 1859 1798 suas.
1894 1742 1954 1798 Si
2000 1742 2131 1813 quis

482 1839 664 1912 igitur
685 1837 901 1894 clavem
925 1835 1227 1891 confusam
1250 1834 1320 1888 de
1350 1834 1522 1888 domo
1556 1831 1842 1904 projiciat,
1867 1831 1915 1887 si
1940 1831 2131 1887 volue-

482 1929 561 1984 rit
581 1927 804 2001 aperire
830 1923 1186 1987 cubiculum,
1212 1939 1328 1978 non
1351 1925 1562 1993 potest,
1586 1921 1699 1976 nisi
1727 1920 1946 1975 clavem
1977 1920 2133 1976 inve-

486 2017 655 2075 nerit.
674 2017 768 2073 Sic
789 2013 1006 2086 singuli
1029 2012 1240 2085 psalmi
1262 2010 1432 2083 quasi
1454 2008 1699 2083 singulae
1725 2008 1947 2064 cellulae
1968 2013 2129 2077 sunt,

484 2107 770 2163 habentes
796 2103 1061 2178 proprias
1083 2102 1270 2157 claves
1292 2118 1448 2156 suas.
1470 2099 1720 2154 Grandis
1741 2099 1938 2170 itaque
1965 2102 2132 2170 porta

481 2194 657 2252 istius
688 2195 898 2251 domus
927 2191 1154 2264 primus
1185 2187 1449 2260 psalmus
1482 2191 1588 2257 est,
1623 2186 1720 2258 qui
1757 2187 1835 2241 ita
1873 2186 2080 2258 incipit
2114 2203 2126 2242 ε

975 2277 1302 2335 PSALMUS
1352 2276 1640 2332 PRIMUS.

560 2395 583 2424 ι
617 2375 828 2430 Beatus
879 2370 967 2425 vir
1018 2369 1119 2439 qui
1168 2384 1284 2422 non
1334 2366 1476 2421 abiit
1523 2365 1583 2419 in
1631 2364 1874 2420 consilio
1918 2364 2130 2436 impio-

482 2480 639 2521 rum.
673 2482 703 2512 »
735 2460 984 2525 Quidam
1017 2460 1225 2530 putant
1255 2455 1428 2510 istius
1460 2453 1669 2526 psalmi
1700 2453 1920 2509 clavem
1955 2469 2131 2524 super

482 2551 699 2611 Christi
728 2548 961 2607 Domini
992 2545 1175 2602 nostri
1220 2560 1528 2616 personam
1558 2559 1685 2598 esse
1715 2543 2077 2597 referendam
2113 2559 2125 2597 :

483 2648 550 2702 ut
578 2644 786 2700 beatus
815 2640 923 2696 iste
950 2637 1038 2694 vir
1068 2626 1392 2691 secundum
1423 2632 1717 2688 hominem
1742 2632 2005 2686 Christus
2033 2631 2127 2688 sit.

484 2738 646 2790 Bona
686 2731 924 2805 quidem
972 2726 1264 2792 voluntas,
1295 2723 1394 2779 sed
1427 2721 1719 2794 imperitia
1748 2726 1855 2776 est.
1888 2721 1944 2775 Si
1975 2720 2130 2776 enim

486 2824 698 2881 beatus
751 2820 835 2876 vir
885 2816 1150 2872 Christus
1198 2817 1307 2879 est,
1339 2817 1396 2867 et
1425 2811 1692 2866 Christus
1733 2809 1919 2882 legem
1952 2808 2131 2875 dedit,

488 2910 781 2985 quomodo
812 2922 967 2963 nunc
1019 2905 1091 2959 de
1129 2901 1357 2958 Christo
1406 2900 1620 2955 dicitur
1653 2916 1665 2955 :
1731 2922 1749 2947 α
1788 2900 1884 2955 sed
1916 2901 1975 2953 in
2007 2897 2133 2969 lege

486 3000 720 3058 Domini
766 2996 1035 3054 voluntas
1084 2992 1317 3064 ejus?»
1365 2990 1582 3045 Deinde
1631 2988 1923 3060 quomodo
1974 2986 2133 3059 ligno

488 3091 655 3148 alteri
700 3090 1093 3159 comparatur,
1126 3086 1182 3137 et
1231 3080 1444 3137 dicitur
1477 3098 1489 3135 :
1547 3102 1574 3130 ‹‹
1607 3080 1675 3133 Et
1704 3078 1816 3133 erit
1849 3083 2133 3149 tanquam

485 3182 716 3255 lignum
761 3178 915 3250 quod
966 3174 1291 3247 plantatum
1324 3175 1411 3225 est
1442 3186 1608 3225 secus
1643 3169 1923 3255 decursus
1953 3185 2133 3239 aqua-

489 3247 725 3328 rum?»
778 3247 839 3325 Si
888 3264 1045 3321 enim
1093 3261 1250 3335 ligno
1298 3262 1688 3330 comparatur,
1719 3247 1891 3312 omne
1937 3262 2132 3313 autem

486 3361 642 3435 quod
694 3360 1085 3430 comparatur,
1139 3352 1336 3407 minus
1387 3354 1473 3405 cst
1522 3348 1594 3403 ab
1643 3365 1707 3403 eo
1756 3347 1848 3402 cui
1901 3365 2130 3419 compa-

484 3443 604 3519 tur,
637 3465 773 3521 ergo
816 3446 1010 3516 majus
1038 3442 1265 3514 lignum
1299 3455 1474 3511 quam
1507 3437 1811 3503 Dominus,
1845 3438 1942 3509 qui
1976 3437 2132 3509 ligno

486 3541 878 3611 comparatur.
915 3532 1134 3587 Videtis
1168 3530 1344 3603 igitur
1374 3527 1511 3601 quia
1540 3544 1715 3598 super
1741 3526 1972 3580 Domini
2004 3542 2131 3598 per-

491 3644 631 3684 sona
677 3642 791 3681 non
842 3628 1031 3695 potest
1080 3617 1448 3691 interpretari
1497 3616 1782 3688 psalmus.
1812 3617 1919 3670 Sed
1960 3631 2132 3687 gene-

489 3714 691 3773 raliter
727 3715 797 3769 de
842 3711 1103 3784 quolibet
1142 3711 1305 3780 justo
1334 3707 1454 3763 viro
1486 3706 1699 3761 dicitur
1733 3722 1744 3758 :
1799 3704 1933 3761 licet
1961 3706 2132 3762 multi

488 3807 695 3881 putent
739 3804 811 3858 de
859 3799 1076 3871 Joseph
1133 3798 1355 3852 dictum
1413 3812 1541 3850 esse
1571 3798 1591 3828 Ξ
1642 3795 1741 3850 illo
1774 3796 1845 3850 ab
1902 3795 2130 3851 Arima-

486 3895 632 3963 thia,
666 3892 766 3961 qui
814 3907 930 3947 non
979 3886 1187 3943 abierit
1236 3886 1293 3939 in
1339 3884 1579 3939 consilio
1610 3883 1943 3939 Judmorum
1980 3886 2130 3957 (Luc.

2164 1214 2217 1275 Α
2247 1207 2412 1263 dines
2462 1219 2880 1281 nuncupantur
2922 1209 3133 1281 (Matth.
3171 1227 3223 1277 ν,
3254 1210 3411 1281 3-H).
3453 1212 3657 1268 «Beatus
3686 1213 3736 1268 vir

2245 1297 2343 1367 qui
2390 1314 2505 1353 non
2556 1298 2699 1353 abiit
2755 1300 2813 1354 in
2872 1299 3117 1356 consilio
3163 1298 3522 1372 impiorum.»
3564 1302 3735 1359 «Beatus

2243 1386 2405 1452 vir,»
2471 1405 2585 1443 non
2643 1388 2858 1455 homo;
2918 1390 3021 1445 sed
3080 1391 3213 1445 vir:
3269 1389 3361 1461 qui
3419 1390 3470 1446 in
3525 1390 3735 1463 perfectum

2240 1475 2431 1531 virum
2481 1478 2806 1548 pervenerit
2848 1478 3168 1550 Christum,
3197 1478 3291 1550 qui
3334 1495 3435 1535 non
3462 1478 3575 1535 abiit
3595 1479 3637 1534 in
3656 1497 3736 1535 oon-

2243 1565 2374 1621 silio
2406 1565 2742 1639 impiorum.
2778 1567 2914 1623 Tria
2958 1566 3261 1624 hominum
3307 1567 3558 1641 generalia
3591 1574 3736 1640 peccata

2242 1653 2586 1726 descripsit;
2640 1662 2741 1711 aut
2783 1656 2939 1713 enim
2970 1658 3313 1730 cogitamus,
3344 1661 3436 1713 aut
3461 1657 3735 1722 tacimus,aut

2241 1744 2539 1801 docemus.
2572 1745 2833 1802 Primum
2881 1747 3244 1820 cogitamus;
3284 1747 3470 1804 deinde
3511 1763 3610 1803 cum
3643 1746 3734 1818 cogi.

2240 1833 2577 1906 taverimus,
2611 1836 3026 1908 cogitationem
3056 1836 3118 1891 in
3151 1853 3317 1909 opera
3357 1836 3620 1893 vertimus:
3655 1850 3733 1890 cum

2241 1923 2551 1979 fecerimus
2581 1923 2803 1997 aliquid
2828 1925 2954 1996 jam
2987 1925 3202 1998 operis,
3223 1925 3286 1981 ﬁt
3311 1926 3468 1982 etiam
3498 1929 3549 1979 ut
3570 1923 3667 1979 alios
3680 1923 3739 1976 do-

2241 2029 2477 2068 ceamus
2508 2013 2662 2084 quod
2694 2014 2806 2086 ipsi
2839 2014 3186 2071 feceramus.
3225 2036 3250 2067 ι
3274 2014 3462 2070 Beatus
3486 2012 3557 2067 vir
3577 2010 3643 2084 qui
3662 2025 3735 2065 non

2241 2101 2383 2158 abiit
2439 2103 2496 2157 in
2553 2102 2795 2159 consilio
2846 2103 3188 2176 impiorum,
3220 2124 3244 2156 ιι
3297 2102 3387 2175 qui
3432 2118 3526 2157 non
3567 2097 3739 2171 cogitavit

2244 2191 2462 2247 malum
2493 2209 2506 2258 ;
2560 2215 2588 2242 «
2622 2193 2691 2247 Et
2735 2192 2795 2247 in
2842 2192 2933 2248 via
2976 2197 3341 2264 peccatorum
3373 2207 3471 2247 non
3498 2188 3633 2254 stetit,
3653 2190 3689 2242 et
3704 2186 3737 2238 in

2241 2280 2518 2337 cathedra
2545 2280 2891 2353 pestilentia:
2922 2299 3039 2337 non
3083 2281 3249 2338 sedit.
3282 2304 3308 2332 υ
3352 2281 3455 2336 Hoc
3482 2284 3568 2346 est,
3590 2276 3738 2348 quiuec

2240 2369 2384 2425 alios
2435 2370 2656 2439 docuit,
2712 2393 2741 2421 «
2770 2371 2839 2425 Et
2866 2370 2924 2425 in
2957 2370 3051 2425 via
3082 2373 3432 2443 peccatorum
3460 2384 3548 2423 non
3584 2362 3702 2421 stetit.
3722 2382 3738 2408 ν

2243 2458 2484 2514 Difficile
2512 2464 2603 2515 est
2636 2464 2700 2514 ut
2729 2458 2942 2531 aliquis
2971 2477 3093 2516 non
3126 2463 3333 2532 peccet.
3365 2456 3573 2529 Denique
3594 2452 3739 2509 dicitet

2237 2551 2490 2603 Joannes
2547 2548 2903 2620 evangelista
2946 2565 2960 2604 :
3022 2550 3168 2618 Quia
3220 2550 3315 2620 qui
3364 2554 3500 2616 negat
3538 2560 3582 2600 se
3619 2554 3738 2613 pecta-

2240 2646 2357 2692 tum
2400 2639 2611 2707 fecisse,
2641 2640 2931 2705 mentitur,
2961 2645 3015 2693 et
3063 2638 3302 2695 mendax
3345 2646 3417 2693 est
3453 2637 3493 2705 (Ι
3509 2636 3623 2691 locu.
3647 2647 3673 2698 ι,
3694 2628 3740 2696 8).

2241 2726 2301 2782 Si
2330 2743 2465 2799 ergo
2496 2742 2699 2783 omnes
2728 2743 3061 2798 peccamus,
3097 2744 3266 2784 nemo
3305 2731 3475 2782 autem
3500 2724 3648 2779 beatus
3667 2714 3737 2772 nisi

2242 2816 2342 2887 qui
2375 2833 2487 2871 non
2523 2821 2722 2888 peccat
2754 2832 2766 2870 :
2812 2816 2991 2889 igitur
3020 2817 3164 2889 quia
3193 2832 3385 2873 omnes
3412 2824 3654 2886 peccamus,
3678 2818 3742 2859 00'

2243 2923 2338 2961 mo
2386 2906 2592 2961 beatus
2640 2909 2748 2961 est.
2801 2906 2912 2961 Sed
2950 2905 3147 2961 videte
3189 2905 3322 2977 quid
3353 2901 3597 2969 dicat,«et
3618 2890 3744 2948 invia

2244 3000 2615 3068 peccatorum
2680 3012 2791 3051 non
2846 2994 3054 3064 stetit;
3096 3018 3116 3044 ι)
3172 3012 3283 3052 non
3331 2992 3469 3060 dixit,
3506 2990 3652 3044 beatus
3686 2980 3745 3034 vir

2245 3087 2345 3158 qui
2396 3102 2509 3140 non
2560 3085 2839 3156 peccavit,
2874 3084 2977 3139 sed
3011 3085 3223 3141 beatus
3258 3084 3341 3139 vir
3381 3081 3464 3154 qui
3507 3079 3551 3133 in
3588 3072 3742 3148 peccato

2244 3192 2358 3231 non
2392 3174 2791 3247 perseveravit,
2837 3178 2896 3229 ct
2941 3173 3002 3228 in
3053 3173 3150 3230 via
3199 3177 3521 3247 peccatorum
3558 3180 3640 3220 non
3676 3163 3744 3213 sle-

2244 3266 2332 3321 tit.
2394 3250 2510 3337 Ego
2560 3263 2686 3320 heri
2736 3262 2984 3336 peccavi,
3017 3280 3141 3320 non
3196 3279 3324 3319 sum
3377 3263 3556 3317 beatus.
3591 3251 3631 3307 Si
3670 3260 3741 3303 non

2241 3359 2455 3412 stetero
2504 3354 2563 3408 in
2614 3357 2866 3425 peccato,
2909 3352 2961 3408 si
3011 3358 3304 3409 retraxero
3348 3367 3445 3419 me,
3481 3348 3576 3418 jam
3610 3339 3741 3395 boatu!

2242 3460 2395 3500 sum.
2457 3466 2484 3494 α
2513 3442 2583 3498 Et
2631 3442 2689 3498 in
2743 3442 3020 3498 cathedra
3081 3440 3407 3515 pestilentiae
3456 3450 3545 3492 non
3588 3425 3737 3515 acditi

2240 3533 2538 3598 Quomodo
2588 3532 2667 3587 ibi
2716 3531 2880 3596 dixit,
2919 3512 3101 3599 stetit;
3128 3532 3212 3587 sic
3252 3534 3305 3585 et
3342 3523 3610 3592 bimam.-
3643 3512 3739 3568 sicut

2242 3623 2319 3678 ibi
2353 3623 2455 3693 qui
2496 3639 2611 3677 non
2665 3620 3054 3693 perseveravit
3102 3621 3162 3675 in
3212 3622 3445 3693 peccato,
3470 3615 3615 3669 beatus

2243 3715 2327 3769 sic
2379 3712 2473 3767 hic
2524 3711 2625 3783 qui
2676 3712 2735 3765 in
2792 3709 3061 3766 doctrina
3120 3710 3275 3767 mala
3326 3724 3429 3763 non
3477 3688 3739 3776 perseverant

2242 3807 2299 3858 et
2329 3802 2500 3869 sedit,
2532 3802 2741 3856 beatus
2772 3804 2879 3856 est.
2912 3799 3061 3865 Quid
3097 3799 3318 3873 igitur?
3346 3792 3519 3852 videtis
3538 3784 3631 3858 ipsi,
3654 3792 3741 3850 ίιυθ·

2243 3892 2417 3947 modo
2450 3890 2744 3945 beatitudo
2774 3886 3089 3961 tripliciter
3117 3889 3457 3945 condonatur
3482 3896 3492 3935 :
3526 3875 3563 3934 si
3584 3885 3664 3961 non
3681 3880 3739 3919 οο·

485 4002 643 4053 Χῖῐῐιν
674 3983 788 4055 ⁵1),
829 3984 886 4037 et
932 3980 992 4033 in
1040 3978 1133 4032 Via
1178 3977 1544 4046 Peccatomm
1594 3989 1707 4026 ηοη
1757 3972 1936 4040 Stetit,
1970 3979 2025 4028 et
2072 3974 2133 4029 in
2164 3953 2207 4020 Ο
2244 3982 2497 4054 gitemus
2528 3977 2703 4045 mala,
2728 3977 2776 4033 si
2810 3978 2867 4032 in
2902 3982 3143 4050 peccato
3173 3995 3285 4033 non
3308 3959 3741 4055 perseveraverimlls:

486 4072 764 4131 eathedra
826 4067 1251 4125 Pharisaeorum
1321 4079 1435 4118 non
1503 4061 1701 4116 sedit‘.
1761 4064 1956 4115 tamen
2024 4078 2131 4118 nos

486 4151 641 4236 quod
671 4159 770 4217 alii
801 4155 1132 4232 specialiter
1161 4155 1219 4209 in
1254 4152 1350 4208 illo
1383 4152 1855 4223 interpretantur,
1889 4166 2129 4222 genera-

482 4252 615 4307 liter
644 4251 704 4306 in
735 4249 856 4305 viro
893 4249 1056 4318 justo
1088 4246 1560 4316 interpretamur.
1612 4264 1637 4289 ‹‹
1673 4240 1884 4294 Beatus
1914 4240 2000 4294 vir
2030 4240 2128 4312 qui

483 4356 601 4398 non
661 4338 803 4395 abiit
860 4338 918 4392 in
974 4333 1217 4391 consilio
1277 4331 1674 4402 impiorum.»
1736 4329 2011 4401 Legimus
2067 4329 2127 4386 in

482 4429 691 4487 Genesi
743 4425 1117 4483 maledictum
1169 4424 1350 4476 fuisse
1379 4421 1563 4474 Adam
1615 4418 1849 4490 quando
1889 4419 2124 4487 dicitur,

475 4518 773 4577 Maledicta
828 4521 979 4572 terra
1038 4516 1097 4568 in.
1156 4511 1405 4583 operibus
1470 4510 1576 4563 mis
1648 4509 1800 4579 (Gen.
1862 4526 1953 4578 ιιι,
2015 4510 2124 4581 17).

477 4606 803 4665 Maledictio
851 4621 986 4676 ergo
1037 4600 1213 4674 primi
1252 4598 1510 4654 hominis
1540 4613 1694 4651 nunc
1724 4597 2125 4652 benedictione

476 4698 741 4755 solvitur.
790 4693 968 4759 Quasi
1022 4693 1079 4747 in
1125 4692 1315 4745 vetere
1347 4692 1488 4759 Lege
1536 4704 1654 4741 una
1696 4686 1995 4741 beatitudo
2026 4703 2125 4758 po-

473 4789 634 4845 nitur
668 4804 681 4845 :
733 4790 1004 4842 caeterum
1050 4781 1108 4835 in
1150 4776 1457 4850 Evangelio
1498 4780 1629 4831 octo
1662 4775 1839 4830 simul
1868 4775 2120 4831 beatitu-

541 4966 558 5000 ¹
592 4965 675 5021 Ex
723 4963 969 5037 Origene
1025 4960 1264 5037 sumpta
1320 4952 1702 5037 comparatio,
1763 4970 1939 5024 quam
1995 4953 2120 5037 ipse

467 5038 629 5109 priet.
663 5025 987 5092 Comment.
1020 5033 1080 5109 in
1133 5025 1397 5109 Psalmos
1446 5027 1519 5109 ab
1574 5025 1810 5107 Hebraeo
1862 5027 2118 5109 quondam

465 5097 747 5164 inditam
802 5104 1094 5180 ριεοροτῄι,
1144 5099 1384 5180 tametsi
1445 5098 1515 5178 ad
1580 5097 1911 5180 universam
1963 5098 2117 5180 Seri-

468 5184 703 5251 pturam
738 5167 931 5251 aptet:
957 5167 1245 5251 «Dicebat
1274 5171 1452 5251 enim“,
1488 5168 1698 5251 inquit,
1734 5167 2116 5251 inlrle‘similem

469 5240 597 5307 esse
628 5240 961 5306 universam
995 5247 1356 5317 Scripturam
1388 5240 1679 5317 divinitus
1699 5240 1956 5317 efflatam
1990 5258 2118 5317 pro-

2242 4036 2290 4125 ξι
2321 4086 2436 4125 non
2471 4069 2785 4123 doceamus
2814 4082 2881 4121 ea
2912 4082 3044 4137 quas
3076 4066 3236 4124 mala
3264 4067 3409 4123 sunt.
3436 4058 3525 4115 Hoc
3546 4054 3609 4108 est

2240 4159 2380 4214 dicit
2427 4157 2755 4230 propheta:
2806 4134 2982 4227 Super
3029 4157 3209 4212 tribus
3254 4160 3307 4211 et
3350 4153 3532 4225 quam?
3560 4134 3738 4230 μεθοδίαν

2238 4262 2343 4300 non
2378 4225 2486 4314 [Al
2519 4225 2587 4315 si]
2630 4225 2939 4299 convertan
2979 4259 3132 4311 eam,
3165 4244 3297 4299 dicit
3324 4238 3529 4297 Dominus
3547 4225 3691 4318 ςΑπιίξξ·
3711 4230 3742 4281 ιν

2237 4336 2312 4406 9).
2362 4312 2478 4389 Boc
2521 4312 2700 4389 octies
2750 4332 2911 4400 dicit,
2960 4334 3145 4389 Amos
3193 4337 3381 4389 autem
3429 4326 3512 4380 hoc
3546 4312 3743 4406 loquitur;

2240 4390 2298 4485 Id
2333 4426 2440 4489 est,
2477 4421 2764 4494 cogitasti,
2795 4390 2990 4494 ignovi
3022 4438 3034 4477 :
3073 4421 3282 4490 fecisti,
3312 4412 3517 4491 ignavi:
3548 4390 3745 4494 ιιιιιῐξςυίά

2237 4510 2393 4567 mala
2422 4488 2597 4566 etiam
2628 4488 2851 4566 docere.
2863 4511 3078 4567 debeas
3097 4511 3126 4566 ?
3168 4488 3284 4567 Hoc
3314 4488 3394 4564 est
3421 4497 3544 4576 quod
3566 4488 3743 4581 dicitur}

2237 4614 2413 4669 super
2438 4598 2626 4653 tribus
2654 4602 2712 4653 et
2733 4601 2986 4669 quatuor
3015 4598 3281 4671 peccatis
3298 4611 3401 4652 non
3429 4570 3648 4671 irascatur

2235 4657 2376 4744 dicit
2406 4687 2709 4742 Dominus.
2824 4687 2889 4742 Et
2936 4657 3175 4761 in‘lege
3217 4662 3338 4758 ejus
3374 4657 3745 4761 medinbiturtlif

2233 4793 2299 4832 ac
2330 4780 2516 4833 nocte.
2549 4795 2574 4827 ιι
2634 4774 2790 4831 Dixit
2818 4775 2931 4832 tria
2959 4792 3087 4844 quae
3105 4754 3304 4832 vt‘ace're
3334 4787 3436 4828 non
3479 4754 3648 4824 debuit
3670 4757 3743 4802 ⁰⁰¹³

3043 4956 3302 5012 rebatur.

2301 5005 2967 5097 év'a‘osu‘iorooyafog
2991 5005 3365 5085 litasset.
3414 5019 3464 5074 in
3503 5005 3743 5097 M49138???

2229 5113 2353 5170 cap.
2409 5097 2613 5170 ultimo
2649 5114 2661 5151 :
2704 5119 2747 5170 _«
2779 5070 2856 5170 [an
2897 5070 3066 5165 alio:
3093 5098 3298 5170 inquit,
3332 5070 3743 5170 _evangel£§}f_:gfj

2228 5142 2370 5240 ξιξἕῇ
2411 5142 3300 5243 “sinuata{gypsum}:
3329 5142 3511 5243 idest
3552 5142 3740 5243 (ξᾳςιίϋξξ

2225 5220 2370 5307 iiiis,
2401 5220 2556 5296 etde
2586 5220 2713 5311 ipso
2752 5220 3741 5314 queos”;ait‘oi‘ououm,_pgamn}

2231 4954 2315 5009 rio
2346 4953 2583 5026 prologo
2614 4953 2672 5008 in
2707 4953 2969 5011 Psalmos

1236 5317 1292 5369 in
1323 5330 1390 5368 ea
1420 5316 1526 5379 est,
1561 5310 1764 5414 multis
1802 5287 2113 5414 domiciliis
2142 5328 2189 5392 Β
2223 5287 2795 5414 esse1composlitgm1,l
2824 5287 3151 5414 Bealuirqui
3178 5287 3464 5414 viri);

467 5411 575 5414 -___
636 5391 866 5414 __Izn-:-
924 5388 1209 5414 _-_-|.-..:..
1240 5404 1251 5414 .
1304 5384 1620 5414 ...αξη-εἶιναι
1710 5383 1876 5414 ηωξηξ
1909 5384 1960 5414 ἓν.
2010 5401 2080 5414 ην.
2222 5400 2351 5414 mnu
2387 5384 2542 5414 nn;I‘n
2577 5383 2630 5414 ἓν.
2714 5400 2773 5414 an
2809 5400 2859 5414 Μ
2918 5402 2984 5414 η..
3061 5384 3287 5414 ..κως-υ.
3424 5390 3484 5414 nn
3520 5411 3527 5414 _

466 5383 583 5451 uno
631 5391 871 5448 aedificio
919 5383 1253 5454 conclusis;
1304 5384 1622 5457 unicuique
1669 5383 1962 5457 domicilio
2009 5401 2109 5455 ap-

460 5466 714 5539 positam
773 5463 980 5520 clavim
1036 5478 1153 5539 non
1211 5458 1323 5531 ipsi
1383 5455 1850 5539 convenientem,
1911 5455 2110 5526 sicque

460 5526 778 5612 dissipatas
829 5551 957 5612 esse
1005 5533 1199 5612 claves
1234 5526 1338 5610 per
1367 5526 1683 5612 domicilia,
1717 5544 1831 5582 non
1865 5542 2107 5612 reSpon-

462 5598 665 5667 dentes
713 5606 982 5682 singulas
1039 5604 1110 5659 iis
1169 5598 1504 5664 domiciliis,
1557 5598 1774 5681 quibus
1831 5599 2108 5727 appositus

462 5687 599 5727 lunt
648 5705 669 5727 .
704 5686 811 5727 ειη,
837 5673 1173 5727 OlimJudmi
1197 5674 1622 5727 Commentatio
1654 5674 1829 5727 etiam
1907 5713 1919 5726 .
1955 5669 2107 5727 Hila~

458 5687 618 5757 sunt,
648 5705 669 5735 ιο
704 5669 1622 5747 θιο.”Οιιω.Ια(1ωἰΟοωωθιιιιιιῐο
1654 5670 1829 5727 etiam
1861 5669 1924 5727 Si
1955 5669 2107 5728 Hila~

2222 5377 2544 5439 mentarius
2576 5383 2635 5437 in
2666 5377 2883 5439 Psa'lm.
2918 5386 3027 5440 sub
3059 5377 3289 5439 homine
3315 5377 3576 5440 Athanasii
3613 5377 3659 5440 ιιξ

2220 5436 2539 5511 aratos;
2556 5455 2586 5509 J
2596 5436 2707 5510 usti
2718 5436 2890 5512 ossa
2919 5436 3214 5524 venatus;
3223 5436 3236 5438 ἡ
3251 5436 3418 5524 {nque
3452 5436 3733 5524 Αηῐιξξίῖείξξ

2219 5509 2573 5597 Moesias,
2600 5509 3274 5597 ρτοέειίξ-’άίνεῑέιίέ-ιι)
3316 5509 3471 5597 edito,
3499 5509 3730 5597 qqug:

2219 5566 2525 5582 ιηυυιυωυ.
2640 5566 2840 5583 unum,
2893 5566 3153 5585 unum“,
3203 5566 3274 5582 ω,
3317 5566 3471 5586 nm,
3507 5566 3518 5568 ἡ
3554 5566 3573 5580 _

2216 5599 2387 5679 tium,
2435 5598 2468 5667 ἡ
2670 5598 2974 5679 πσοφητεία
3020 5614 3315 5677 πικηρουται
3366 5589 3438 5646 εἰσ
3476 5582 3553 5638 τὸν
3594 5566 3725 5651 Ἰωσῆῗ

2215 5668 2304 5726 τὸν
2338 5670 2467 5748 Ἀρη
2482 5668 2725 5746 μαθαῖον.
