3992 6194
257 424 410 488 135⁸7

1433 428 1928 490 BREVIARIUM
1972 428 2052 487 ΙΝ
2106 428 2481 487 PSALMOS.

3505 430 3661 491 1358

258 559 420 614 abire
451 557 509 613 in
541 556 785 614 consilio
818 557 1154 632 impiorum,
1189 564 1245 615 et
1290 561 1347 616 in
1397 562 1490 617 via
1530 565 1898 634 peccatorum
1931 561 1986 625 Α
2017 559 2171 613 niam
2205 560 2411 614 beatus
2433 558 2517 614 vir
2545 564 2600 615 et
2624 559 2826 630 justus
2856 559 2964 616 iste
2987 560 3088 631 qui
3110 576 3224 616 non
3257 559 3402 616 abiit
3432 561 3490 616 in
3517 578 3657 618 con-

256 664 373 704 non
406 651 581 712 stare,
615 651 672 702 et
702 646 760 702 in
788 647 1062 703 cathedra
1092 648 1433 720 pestilentia;
1484 667 1597 705 non
1646 650 1847 705 sedere
1888 664 1901 702 :

259 736 415 792 Dixit
446 735 558 791 tria
588 752 715 807 qua:
742 737 928 792 facere
954 754 1069 793 non
1101 737 1447 794 debeamus:
1474 737 1614 793 dicit
1638 739 1752 794 duo
1775 754 1906 810 qua:

258 825 451 881 facere
493 823 842 892 debeamus;
894 841 1007 880 non
1058 825 1213 881 enim
1264 826 1480 882 sufﬁcit
1528 826 1697 883 nobis
1749 825 1907 882 mala

259 912 462 985 fugere
517 911 629 969 nisi
660 928 1089 984 consequamur
1118 913 1287 969 bona.
1327 935 1349 962 ι
1380 915 1490 971 Sed
1523 914 1581 970 in
1619 914 1744 986 lege
1792 914 1901 970 Do-

260 1001 406 1058 mini
455 1000 727 1057 voluntas
774 1002 923 1073 ejus.
961 1024 988 1052 ››
1019 1002 1143 1058 Non
1175 1003 1335 1058 dixit-
1362 1004 1556 1073 timor,
1588 1005 1713 1069 sed,
1752 1024 1774 1051 ι
1806 1020 1901 1059 vo-

256 1089 457 1146 luntas
512 1091 675 1161 ejus;
734 1111 762 1140 »
816 1088 983 1145 multi
1033 1091 1191 1147 enim
1244 1092 1451 1148 timore
1502 1092 1745 1156 faciunt,
1800 1092 1900 1148 sed

254 1179 434 1236 timor
488 1178 757 1235 facientis
812 1180 1138 1235 mercedem
1191 1197 1305 1235 non
1359 1180 1551 1238 habet.
1609 1204 1631 1232 ι
1684 1180 1795 1237 Sed
1844 1181 1900 1235 in

248 1267 383 1340 'lege
415 1267 644 1323 Domini
674 1266 945 1323 voluntas
977 1268 1127 1338 ejus,
1164 1292 1190 1317 »
1222 1276 1287 1324 ut
1322 1267 1461 1325 velit
1508 1270 1694 1325 facere
1746 1269 1900 1341 quod

257 1355 543 1412 Dominus
574 1354 899 1427 imperavit.
937 1379 964 1407 α
994 1356 1063 1412 Et
1090 1356 1148 1412 in
1180 1356 1305 1429 lege
1356 1358 1481 1428 ejus
1524 1358 1905 1414 meditabitur

254 1446 349 1501 die
379 1461 446 1501 ac
477 1448 663 1500 nocte.
701 1467 727 1492 n
756 1444 882 1500 Non
913 1448 1103 1517 potest
1141 1462 1332 1502 sermo
1382 1446 1667 1518 explicare
1716 1463 1901 1519 quan-

254 1540 382 1591 tum
417 1551 584 1590 mens
614 1533 886 1606 concipit.
921 1557 949 1584 ‹‹
981 1534 1086 1589 Sed
1121 1535 1180 1590 in
1213 1535 1339 1608 lege
1372 1535 1599 1591 Domini
1630 1535 1901 1591 voluntas

255 1626 406 1697 ejus.
444 1644 473 1674 »
495 1622 646 1679 Dicit
675 1622 888 1695 aliquis
924 1640 936 1679 ε
971 1624 1111 1679 Ecce
1143 1640 1249 1696 ego
1280 1624 1405 1680 volo
1436 1623 1622 1698 legem
1673 1625 1765 1680 Dei
1813 1626 1902 1680 fa-

256 1729 408 1780 cere,
464 1712 673 1768 beatus
717 1728 856 1784 ergo
903 1728 1035 1767 sum
1085 1714 1224 1785 quia
1268 1713 1427 1781 volo;
1461 1715 1562 1769 sed
1608 1714 1738 1769 vide
1764 1712 1898 1785 quid

257 1807 583 1874 sequatur:
621 1818 735 1857 non
766 1800 985 1857 sufﬁcit
1028 1801 1173 1857 velle
1222 1801 1407 1875 legem
1457 1802 1581 1874 Dei,
1623 1803 1747 1872 sed,
1780 1826 1807 1852 ‹‹
1843 1802 1901 1857 in

253 1890 381 1964 lege
411 1891 541 1962 ejus
573 1890 953 1945 meditabitur
998 1890 1093 1945 die
1139 1907 1203 1946 ac
1254 1895 1439 1946 nocte.
1475 1913 1502 1941 ››
1531 1914 1559 1941 ‹‹
1595 1889 1898 1947 Meditabi-

256 1984 355 2035 tur
400 1980 494 2035 die
542 1996 607 2035 ac
658 1983 845 2035 nocte.
882 2000 909 2029 »
947 1979 1108 2034 Dicat
1148 1979 1364 2051 aliquis
1415 1997 1428 2035 :
1479 1979 1589 2035 hoc
1642 1979 1904 2034 humana

255 2074 468 2125 natura
498 2085 613 2124 non
645 2068 868 2132 sutl‘ert,
920 2084 1056 2122 nam
1107 2073 1163 2123 et
1210 2067 1635 2123 ambulandum
1688 2071 1796 2135 est,
1848 2070 1905 2121 et

255 2158 578 2213 bibendum
617 2161 725 2223 est,
760 2161 816 2211 ct
863 2155 1284 2210 comedendum
1339 2159 1446 2223 est,
1507 2160 1562 2211 et
1608 2156 1901 2210 dormien-

255 2247 397 2301 dum
446 2249 553 2311 est,
604 2250 660 2299 et
706 2261 773 2300 ea
822 2260 948 2315 quze
1001 2243 1072 2300 ad
1121 2245 1299 2300 vitam
1358 2244 1693 2300 necessaria
1740 2248 1903 2312 sunt,

255 2333 671 2405 comparanda.
726 2331 1017 2395 Quomodo
1077 2332 1139 2387 in
1188 2332 1313 2406 lege
1367 2332 1468 2390 Dei
1528 2332 1905 2389 meditabitur

252 2421 346 2476 die
377 2436 442 2476 ac
475 2419 680 2475 nocte?
712 2420 965 2475 maxime
1010 2436 1145 2475 cum
1199 2420 1356 2477 dicat
1402 2420 1734 2494 Apostolus,
1774 2420 1904 2476 Sine

251 2511 638 2565 intermssione
664 2517 880 2564 orantes
909 2510 954 2581 (Ι
1002 2509 1174 2565 Thess.
1222 2528 1278 2578 v,
1328 2512 1436 2583 17).
1488 2509 1785 2582 Numquid
1836 2526 1902 2565 eo

250 2602 517 2671 tempore
565 2614 679 2670 quo
728 2597 975 2665 dormio,
1036 2614 1201 2654 orare
1267 2599 1554 2671 possum?
1604 2598 1902 2653 Meditatio

250 2702 389 2759 ergo
415 2685 564 2759 legis
594 2703 710 2742 non
742 2686 800 2741 in
832 2686 1076 2759 legendo
1103 2692 1212 2753 est,
1244 2686 1344 2743 sed
1380 2687 1437 2742 in
1461 2687 1745 2743 faciendo.
1792 2678 1931 2741 De-'

250 2775 427 2846 nique
476 2775 690 2830 dicitur
738 2774 797 2828 in
846 2775 959 2830 alio
1005 2772 1131 2831 loco
1166 2793 1179 2831 :
1212 2774 1334 2831 Sive
1380 2776 1749 2840 manducetis,
1788 2775 1903 2830 sive

254 2864 461 2930 bibitis,
506 2864 621 2918 sive
660 2862 792 2935 quid
837 2864 1045 2934 facitis,
1077 2864 1265 2919 omnia
1310 2865 1371 2918 in
1412 2866 1638 2921 nomine
1682 2865 1901 2919 Domini

252 2954 469 3023 facietis
500 2952 544 3023 (t
574 2951 692 3007 Cor.
722 2969 776 3019 x,
808 2952 919 3023 31).
953 2952 1012 3008 Si
1046 2952 1278 3025 porrigo
1322 2951 1775 3025 eleemosynam,
1819 2952 1898 3008 le-

252 3054 383 3113 gem
443 3040 545 3095 Dei
618 3040 895 3108 meditor;
956 3040 1003 3095 si
1054 3046 1429 3112 regrotantem
1477 3041 1667 3113 visito,
1725 3041 1899 3114 pedes

255 3129 368 3185 mei
400 3127 587 3201 legem
625 3129 718 3184 Dei
752 3128 1137 3196 meditantur;
1172 3129 1220 3184 si
1252 3146 1317 3184 ea
1350 3129 1496 3186 facio
1526 3146 1653 3202 qua:
1697 3146 1901 3203 praece-

254 3222 353 3291 pta
397 3223 557 3287 sunt,
599 3218 751 3290 quod
804 3216 901 3273 alii
951 3233 1048 3273 ore
1098 3217 1477 3287 meditantur,
1510 3236 1616 3293 ego
1663 3236 1900 3291 corpore

2015 646 2145 703 Silio
2194 647 2530 718 impiorum,
2582 648 2679 720 qui
2730 665 2845 703 non
2895 648 3029 704 fecit
3075 648 3194 717 illa,
3244 654 3293 704 el
3344 648 3476 706 fecit
3521 649 3655 718 ista,

2015 760 2040 785 ‹‹
2077 736 2144 791 Et
2188 736 2297 791 erit
2346 740 2626 808 tanquam
2688 736 2939 809 lignum,
2984 738 3139 809 quod
3186 736 3513 809 plantatum
3568 742 3660 795 est

2014 841 2182 880 secus
2215 824 2499 881 decursus
2530 841 2840 897 aquarum.
2874 848 2903 876 ››
2933 826 3052 881 Ηοο
3081 830 3191 893 est,
3219 826 3447 883 Christo
3486 826 3655 883 simi-

2010 912 2084 969 lis
2115 912 2243 980 erit,
2273 913 2567 985 siquidem
2615 914 2928 969 consedere
2976 931 3082 970 nos
3126 914 3261 970 fecit
3309 914 3368 970 in
3408 913 3655 972 cmlesti-

2011 1001 2144 1070 bus,
2178 1006 2235 1057 et
2264 1018 2618 1075 conregnare
2648 1005 2868 1074 (Ephes.
2902 1020 2961 1069 ιι,
2992 1002 3068 1074 6).
3098 1002 3320 1059 Videtis
3350 1019 3484 1075 ergo
3515 1002 3658 1075 quia

2011 1107 2144 1145 cum
2177 1090 2402 1147 Christo
2433 1091 2811 1162 regnabimus
2841 1091 2899 1146 in
2931 1091 3092 1146 coelo.
3116 1090 3343 1148 Videtis
3374 1092 3653 1165 quoniam

2011 1180 2238 1252 lignum
2267 1179 2376 1236 hoc
2406 1178 2732 1252 plantatum
2761 1185 2850 1236 est
2878 1180 2935 1234 in
2968 1179 3260 1252 paradiso,
3295 1185 3353 1237 et
3382 1196 3489 1237 nos
3528 1197 3656 1238 om-

2012 1286 2116 1324 nes
2147 1285 2280 1324 cum
2312 1268 2413 1324 illo
2446 1268 2821 1342 complantati
2852 1285 3081 1324 sumus.

2086 1381 2113 1409 α
2145 1362 2209 1412 Et
2238 1357 2346 1413 erit
2379 1363 2661 1430 tanquam
2712 1357 2938 1430 lignum
2982 1358 3138 1429 quod
3187 1356 3513 1429 plantatum
3570 1362 3661 1416 est

2011 1463 2180 1503 secus
2210 1447 2494 1502 decursus
2525 1463 2831 1519 aquarum.
2857 1469 2884 1497 ››
2922 1450 2999 1502 De
3027 1445 3126 1501 illo
3157 1445 3313 1501 enim
3346 1446 3503 1502 fonte
3532 1463 3662 1519 pro-

2010 1535 2225 1590 cedunt
2254 1536 2453 1590 omnia
2480 1535 2742 1599 ﬂumina,
2780 1559 2800 1585 ι
2839 1535 2995 1606 quod
3028 1534 3285 1590 fructum
3333 1551 3509 1590 suum
3561 1533 3661 1591 da-

2009 1624 2094 1680 bit
2124 1624 2182 1679 in
2216 1628 2476 1696 tempore
2507 1641 2633 1680 suo.
2665 1645 2694 1675 ››
2729 1623 2980 1696 Lignum
3010 1622 3120 1678 hoc
3150 1639 3265 1678 non
3309 1621 3471 1678 omni
3510 1626 3660 1678 tem-

2009 1730 2148 1785 pore
2178 1714 2277 1768 dat
2306 1714 2582 1781 fructum,
2616 1712 2740 1783 sed,
2774 1734 2801 1762 «
2835 1711 2894 1766 in
2923 1715 3185 1783 tempore
3209 1727 3376 1767 suo.»
3407 1710 3660 1784 Lignum

2009 1802 2119 1858 hoc
2169 1818 2284 1858 non
2331 1802 2430 1857 dat
2476 1801 2535 1857 in
2586 1800 2858 1873 praesenti
2907 1798 3139 1869 saeculo,
3180 1800 3283 1857 sed
3330 1799 3390 1855 in
3439 1799 3658 1866 futuro,

2013 1891 2119 1947 hoc
2168 1894 2278 1956 est,
2328 1890 2389 1944 in
2434 1889 2525 1944 die
2566 1888 2799 1960 judicii.
2850 1887 3103 1962 Lignum
3136 1887 3247 1943 hoc
3295 1904 3451 1943 nunc
3489 1886 3663 1944 ﬂores

2012 1979 2208 2048 habet,
2237 1976 2467 2050 lignum
2524 1977 2633 2033 hoc
2690 1993 2848 2033 nunc
2901 1976 3213 2050 germinat,
3267 1981 3325 2032 et
3372 1975 3663 2048 promittit

2013 2068 2210 2140 fruges
2264 2069 2511 2122 futuras.
2560 2066 2810 2139 Lignum
2864 2065 2975 2121 hoc
3023 2064 3199 2121 habet
3227 2065 3363 2131 duo,
3396 2064 3573 2120 habet
3601 2068 3662 2121 et

2013 2155 2442 2221 fructus,habet
2469 2159 2527 2210 et
2559 2153 2713 2212 folia.
2748 2155 3023 2211 Fructum
3073 2153 3271 2225 habet,
3306 2170 3547 2210 sensum
3597 2153 3660 2209 in

2013 2245 2331 2318 Scripturis
2365 2261 2377 2299 :
2415 2243 2572 2315 folia,
2604 2243 2779 2300 verba
2809 2242 3140 2316 simplicia;
3176 2243 3398 2299 fructus
3427 2242 3486 2298 in
3526 2258 3659 2298 sen-

2014 2351 2080 2390 su
2114 2338 2222 2401 est,
2259 2331 2397 2388 folia
2426 2349 2559 2388 vero
2592 2332 2650 2388 in
2679 2332 2871 2388 verbis
2904 2337 3063 2388 sunt.
3107 2331 3451 2403 Quicunque
3483 2329 3666 2403 igitur

2013 2421 2347 2494 Scripturas
2377 2426 2609 2477 sanctas
2636 2420 2796 2493 legit,
2830 2420 2878 2476 si
2928 2420 3255 2476 secundum
3306 2419 3541 2475 Judaeos
3578 2417 3660 2475 le-

2010 2512 2115 2584 git,
2149 2516 2379 2567 tantum
2416 2510 2551 2566 folia
2582 2510 2888 2582 intelligit;
2924 2510 2971 2565 si
3002 2524 3136 2565 vero
3166 2507 3661 2581 spiritualiterin-

2012 2600 2239 2671 telligit,
2268 2601 2490 2655 fructus
2522 2599 2696 2671 capit.

2087 2710 2113 2741 α
2141 2689 2212 2744 Et
2257 2688 2457 2743 folium
2506 2689 2634 2759 ejus
2685 2704 2798 2742 non
2846 2686 3080 2742 detluet.
3116 2709 3145 2737 »
3179 2688 3401 2742 Tamen
3433 2692 3491 2743 et
3523 2672 3693 2742 folia'

2010 2777 2185 2833 istius
2215 2777 2441 2832 arboris
2472 2775 2639 2831 utilia
2668 2780 2826 2832 sunt.
2845 2775 3107 2847 Denique
3129 2775 3177 2830 si
3204 2775 3338 2847 quis
3368 2779 3426 2830 et
3454 2790 3661 2831 secun-

2010 2867 2150 2922 dum
2201 2864 2509 2922 historiam
2561 2863 2859 2936 intelligit,
2891 2862 3201 2919 utilitatem
3240 2862 3417 2919 habet
3446 2862 3655 2918 animis

2010 2972 2152 3011 suae.
2188 2953 2464 3026 Legimus
2503 2953 2561 3007 in
2591 2950 2938 3024 Apocalypsi
2966 2952 3206 3007 Joannis
3244 2952 3368 3024 (qui
3417 2951 3478 3007 in
3526 2950 3658 3007 istis

2011 3042 2323 3117 provinciis
2353 3059 2468 3097 non
2499 3041 2777 3113 recipitur
2813 3040 2959 3096 liber
2994 3058 3007 3096 :
3040 3045 3235 3096 tamen
3286 3039 3434 3095 scire
3481 3040 3656 3097 debe-

2010 3150 2143 3188 mus
2180 3131 2334 3204 quod
2367 3131 2423 3185 in
2455 3130 2763 3186 Occidente
2792 3130 2973 3196 omni,
3005 3133 3061 3185 et
3090 3129 3146 3183 in
3192 3127 3324 3185 aliis
3364 3128 3656 3185 Phoenicis

2009 3220 2344 3294 provinciis,
2377 3224 2435 3275 et
2462 3218 2520 3274 in
2547 3218 2789 3291 Egypto
2828 3217 3107 3290 recipitur
3151 3216 3317 3286 liber,
3366 3221 3425 3274 et
3469 3216 3654 3274 eccle-

262 3308 532 3365 meditor.
560 3306 748 3362 Judaei
796 3305 976 3379 igitur
1020 3323 1116 3362 ore
1140 3306 1517 3380 meditantur,
1550 3313 1750 3364 nostra
1778 3325 1897 3365 me-
1929 3295 1972 3363 C
2010 3309 2285 3366 siasticus
2323 3313 2432 3376 est,
2466 3325 2601 3362 nam
2649 3313 2707 3363 et
2750 3311 2970 3362 veteres
3020 3305 3398 3363 ecclesiastici
3445 3305 3571 3378 viri,
3622 3323 3654 3363 θ

254 3395 463 3453 ditatio
491 3412 640 3469 opus
669 3399 778 3451 est.
816 3395 966 3450 Dixit
1008 3394 1189 3468 igitur
1229 3396 1343 3451 tria
1392 3413 1519 3469 quae
1564 3398 1749 3453 facere
1782 3415 1896 3453 non

251 3485 558 3551 debemus,
590 3483 737 3540 dixit
765 3484 879 3539 duo
910 3501 1035 3556 qua:
1068 3484 1253 3539 facere
1274 3484 1628 3543 debeamus:
1658 3486 1758 3559 qui
1789 3487 1898 3542 hoc

249 3573 468 3641 fecerit,
503 3572 724 3645 prtemii
757 3572 896 3645 quid
925 3571 1287 3628 merebitur?

320 3686 346 3713 ‹‹
384 3663 452 3718 Et
479 3661 591 3718 erit
618 3668 900 3733 tanquam
949 3661 1177 3734 lignum
1227 3663 1379 3733 quod
1432 3663 1759 3735 plantatum
1810 3669 1901 3719 est

249 3768 419 3808 secus
450 3752 734 3806 decursus
764 3768 1076 3823 aquarum,
1108 3751 1263 3823 quod
1297 3752 1553 3807 fructum
1587 3770 1762 3808 suum
1794 3754 1894 3809 da-

248 3840 335 3895 bit
367 3840 427 3894 in
458 3844 718 3911 tempore
747 3856 874 3895 suo.
909 3840 979 3894 Et
1009 3839 1215 3895 folium
1259 3840 1388 3911 ejus
1434 3856 1548 3897 non
1598 3841 1833 3897 deﬂuet.
1868 3864 1895 3892 ››

249 3926 393 3983 Mihi
444 3925 791 3999 simpliciter
848 3926 1307 3999 interpretantur
1349 3929 1450 3999 qui
1498 3929 1723 3995 dicunt,
1755 3946 1897 4001 quo-

249 4015 422 4071 modo
453 4014 680 4088 lignum
711 4014 762 4070 si
794 4014 1123 4087 plantatum
1157 4016 1331 4071 fuerit
1351 4017 1523 4087 juxta
1560 4035 1767 4090 aquas,
1798 4035 1897 4075 ne-

251 4121 413 4161 cesse
443 4111 533 4161 est
558 4108 623 4159 ut
650 4104 853 4175 vireat,
905 4108 962 4159 et
1008 4121 1120 4160 non
1171 4104 1443 4172 siccatur,
1494 4108 1633 4179 quia
1680 4107 1900 4164 habent

249 4192 477 4251 radices
506 4193 693 4266 ipsius
722 4193 1033 4249 humorem
1064 4194 1219 4249 unde
1249 4193 1444 4249 vivant
1476 4212 1488 4249 :
1525 4196 1609 4251 sic
1652 4196 1898 4267 quicun-

250 4299 363 4355 que
418 4282 606 4356 legem
667 4282 766 4338 Dei
826 4282 1162 4350 meditatur,
1224 4283 1351 4355 ipsa
1408 4283 1555 4356 legis
1598 4285 1899 4341 meditatio

249 4376 307 4428 et
361 4371 611 4426 virorem
671 4371 831 4440 facit,
880 4377 940 4426 et
984 4373 1181 4426 vitam.
1242 4372 1359 4428 Hoc
1417 4373 1500 4428 illi
1556 4373 1903 4447 simpliciter

251 4462 743 4532 interpretantur:
778 4475 883 4513 nos
922 4464 1117 4514 autem
1168 4460 1576 4530 spiritualibus
1625 4463 1901 4533 spiritua-

250 4548 329 4605 lia
361 4551 791 4620 comparantes,
825 4545 1086 4619 legentes
1144 4548 1201 4601 in
1261 4548 1530 4618 paradiso
1574 4549 1902 4620 plantatum

2008 3399 2223 3472 quibus
2254 3402 2342 3453 est
2371 3398 2642 3468 lrenaeus,
2677 3402 2733 3451 et
2778 3395 3155 3469 Polyearpus,
3208 3400 3265 3451 et
3313 3394 3650 3469 Dionysius,

2008 3494 2064 3544 et
2088 3487 2185 3543 alii
2218 3486 2462 3542 Romani
2495 3487 2858 3556 interpretes,
2879 3485 2949 3540 de
2978 3484 3193 3556 quibus
3221 3487 3310 3539 est
3338 3487 3395 3539 et
3423 3484 3654 3556 Cypria-

2010 3592 2121 3632 nus
2150 3580 2409 3642 sanctus,
2445 3573 2734 3646 recipiunt
2762 3572 2978 3627 librum
3007 3576 3063 3627 et
3105 3571 3584 3644 interpretantur)
3636 3589 3649 3629 :

2011 3664 2262 3737 legimus
2291 3679 2428 3735 ergo
2460 3662 2539 3717 ibi
2577 3679 2589 3717 ;
2618 3663 2682 3716 Et
2712 3677 2850 3731 ecce,
2884 3659 3095 3733 inquit,
3126 3658 3244 3716 vidi
3273 3659 3532 3716 thronum
3549 3677 3650 3733 po-

2007 3757 2195 3821 situm,
2228 3756 2277 3807 et
2306 3767 2520 3824 agnum
2548 3767 2742 3820 unum,
2770 3753 2824 3804 et
2850 3749 3652 3821 arborem,inquit,seeundum

2008 3843 2217 3911 ﬂumen
2246 3845 2295 3895 et
2326 3856 2395 3895 ea:
2421 3846 2654 3910 utraque
2667 3845 2829 3911 parte
2850 3840 2985 3910 ripe
3013 3840 3192 3911 ipsam
3210 3839 3650 3911 arborem(Apoc.

2009 3948 2149 4000 χχιι,
2188 3931 2237 3998 1,
2270 3931 2347 4001 2).
2382 3929 2498 3984 Hoc
2538 3933 2647 3998 est,
2679 3945 2748 3983 ex
2795 3928 2910 3984 ista
2954 3932 3116 4000 parte
3164 3932 3288 3983 erat
3333 3931 3390 3982 et
3436 3943 3505 3982 ex
3553 3926 3656 3983 illa

2011 4022 2172 4091 parte
2202 4024 2346 4074 erat.
2381 4022 2449 4073 Et
2494 4017 2741 4087 habebat,
2792 4017 3005 4088 inquit,
3044 4024 3259 4088 {ructus
3305 4016 3427 4086 ipsa
3470 4014 3653 4085 arbor,

2008 4112 2057 4163 et
2089 4108 2146 4162 in
2179 4122 2345 4178 anno,
2380 4106 2650 4162 mensibus
2679 4104 2919 4173 singulis
2946 4103 3231 4159 duodecies
3274 4103 3495 4177 fruetus
3522 4103 3656 4176 απε-

2008 4198 2182 4263 rebat,
2215 4205 2267 4251 et
2297 4195 2548 4264 habebat,
2582 4192 2795 4263 inquit,
2823 4192 2982 4263 folia,
3013 4200 3062 4247 et
3088 4191 3229 4262 folia
3279 4192 3400 4261 ejus
3445 4190 3516 4247 ad
3562 4208 3657 4248 sa-

2009 4288 2241 4341 nitatem
2292 4285 2542 4351 gentium
2613 4286 2772 4336 erant
2846 4279 3008 4351 (Ibid.
3072 4280 3151 4349 2).
3220 4279 3373 4347 Vidi,
3444 4279 3655 4353 inquit,

2011 4374 2293 4429 thronum
2326 4371 2583 4444 positum
2616 4386 2801 4424 unum
2836 4386 2848 4424 :
2881 4368 3013 4424 licet
3067 4368 3225 4424 enim
3256 4368 3565 4425 credamus
3595 4368 3658 4424 in

2012 4467 2267 4532 Patrem,
2298 4465 2354 4515 et
2384 4459 2618 4524 Filium,
2650 4462 2707 4513 et
2734 4457 3018 4530 Spiritum
3060 4462 3352 4524 sanctum,
3381 4461 3440 4514 et
3466 4458 3660 4514 Trini-

2008 4558 2101 4629 tas
2134 4551 2230 4619 sit,
2264 4555 2458 4604 tamen
2491 4564 2734 4620 regnum
2769 4564 2953 4602 unum
2988 4545 3254 4614 est.Vidi,
3288 4545 3663 4618 iuquit,thro-

251 4654 379 4694 esse
408 4636 635 4710 lignum
668 4636 821 4724 vitae,
860 4640 917 4690 et
943 4635 1169 4724 lignum
1203 4636 1456 4691 scientiae
1489 4636 1626 4691 boni
1657 4643 1713 4692 et
1743 4638 1904 4706 mali,
1936 4660 1982 4724 Β
2014 4657 2156 4696 num
2188 4638 2444 4711 positum
2483 4654 2689 4691 unum.
2736 4637 2797 4692 Et
2844 4635 2982 4703 vidi,
3032 4635 3242 4707 inquit,
3274 4637 3334 4691 in
3371 4643 3662 4707 conspectu

252 4730 309 4782 et
337 4725 565 4798 lignum
597 4725 726 4780 vitae
781 4723 891 4779 hoc
940 4722 1265 4796 plantatum
1314 4739 1443 4779 esse
1489 4725 1549 4779 in
1610 4726 1900 4797 paradiso,

255 4819 313 4871 et
342 4814 412 4870 de
448 4814 576 4887 ipso
614 4813 885 4886 paradiso
915 4813 1110 4883 egredi
1141 4814 1357 4868 fontem
1391 4812 1490 4885 qui
1521 4812 1815 4870 dividatur
1843 4816 1902 4871 in

252 4896 505 4975 quatuor
562 4900 849 4975 principia
907 4900 1060 4973 (Gen.
1121 4918 1183 4969 ιι,
1248 4902 1354 4974 10).
1415 4901 1689 4974 Legimus
1737 4909 1796 4959 et
1844 4904 1901 4959 in

249 4992 563 5047 Salomone
591 4991 666 5063 (si
700 4990 791 5046 cui
827 4988 1015 5062 placet
1067 4988 1303 5046 Librum
1355 4990 1652 5063 recipere),
1693 4994 1764 5047 de
1809 5009 1900 5048 sa-

251 5080 473 5154 pientia
516 5079 670 5135 enim
717 5078 798 5134 ibi
830 5078 1137 5150 loquitur:
1173 5078 1421 5133 Christus
1469 5083 1570 5136 Dei
1619 5083 1810 5154 virtus,
1854 5090 1907 5138 et

251 5170 351 5225 Dei
388 5170 662 5240 sapientia
711 5168 758 5240 (ι
804 5167 926 5224 Cor.
980 5184 1018 5235 ι,
1066 5168 1157 5239 24)
1209 5186 1222 5224 :
1282 5184 1418 5239 ergo
1476 5169 1573 5225 ubi
1626 5170 1901 5228 Salomon

247 5257 515 5329 loquitur
565 5273 578 5313 :
632 5278 655 5308 ι
705 5255 956 5329 Lignum
997 5256 1130 5312 vitae
1179 5260 1268 5313 est
1317 5257 1592 5314 omnibus
1640 5275 1903 5332 compre-

251 5345 652 5403 hendentibus
682 5361 810 5401 eam
844 5345 1026 5417 (Prov.
1076 5362 1160 5413 ιιι,
1196 5345 1305 5417 18),
1338 5367 1366 5396 ››
1401 5344 1480 5401 ibi
1512 5346 1583 5403 de
1612 5347 1907 5420 Sapientia

250 5434 488 5491 dicitur.
525 5435 579 5492 Si
614 5440 809 5490 autem
855 5433 1143 5506 sapientia
1193 5431 1419 5507 lignum
1470 5434 1600 5491 vitae
1655 5440 1763 5507 est,
1812 5453 1905 5492 sa-

251 5522 475 5597 pientia
509 5528 704 5580 autem
755 5521 885 5595 ipsa
930 5521 1201 5579 Christus
1240 5528 1347 5579 est.
1381 5522 1556 5579 Vides
1594 5541 1730 5596 ergo
1762 5541 1905 5597 quo-

249 5610 414 5669 niam
463 5611 565 5685 qui
634 5611 848 5667 beatus
876 5612 965 5667 vir
993 5616 1049 5667 et
1077 5617 1315 5668 sanctus
1366 5616 1473 5681 est,
1526 5612 1663 5669 huic
1723 5613 1902 5687 ligno,

248 5700 361 5761 hoc
392 5703 485 5761 est
515 5699 839 5776 sapientiae,
882 5704 1275 5777 comparatur.
1305 5700 1531 5764 Videtis
1576 5718 1712 5777 ergo
1761 5720 1902 5780 quo-

2010 4730 2198 4785 throni
2225 4732 2457 4784 stantem
2489 4743 2663 4781 unum
2694 4742 2917 4797 agnum.
2948 4724 3028 4780 De
3073 4725 3474 4797 assumptione
3523 4724 3667 4781 dici-

2012 4825 2111 4874 tur
2165 4816 2423 4889 corporis
2475 4815 2790 4870 Salvatoris
2822 4831 2834 4869 :
2868 4815 2997 4870 Ecce
3041 4829 3221 4883 agnus
3252 4814 3369 4883 Dei,
3413 4828 3531 4868 ecce
3566 4816 3665 4886 qui

2011 4908 2155 4963 tollit
2197 4911 2422 4977 peccata
2467 4904 2671 4959 mundi
2700 4904 2876 4974 (Joan.
2912 4920 2950 4971 ι,
2994 4903 3106 4974 29).
3152 4903 3214 4956 Et
3261 4902 3662 4974 egrediebatur,

2011 4995 2225 5068 inquit,
2251 5001 2373 5065 [ous
2401 4994 2468 5050 de
2496 4996 2683 5050 subtus
2730 4994 2907 5049 medio
2955 4993 3158 5048 throni.
3208 4990 3432 5048 Videtis
3484 4990 3665 5064 igitur
3766 5016 3771 5019 ι

2011 5085 2289 5157 quoniam
2315 5084 2384 5139 de
2410 5084 2599 5139 medio
2619 5082 2812 5137 throni
2838 5082 2967 5137 fons
2989 5080 3289 5153 egreditur
3316 5079 3660 5153 gratiarum.

2011 5173 2231 5228 Tamen
2279 5189 2392 5227 non
2452 5171 2749 5245 egreditur
2804 5170 2934 5226 fons
2984 5169 3080 5225 ille
3139 5170 3211 5225 de
3263 5168 3494 5241 throno,
3527 5168 3663 5241 nisi,

2012 5276 2202 5332 agnus
2234 5266 2435 5315 contra
2466 5260 2708 5316 steterit.
2744 5254 2867 5315 Nisi
2898 5258 3055 5316 enim
3099 5258 3524 5315 crediderimus
3576 5258 3665 5314 in.

2012 5349 2480 5421 corporationem
2511 5348 2865 5419 Christi,non
2897 5347 3219 5420 accipimus
3246 5348 3392 5432 istas
3422 5348 3663 5422 gratias.

2015 5438 2081 5493 Et
2112 5437 2303 5506 arbor,
2338 5437 2552 5510 inquit,
2582 5454 2699 5494 una
2727 5436 2958 5493 excelsa
2986 5436 3175 5510 posita
3202 5443 3346 5494 erat.
3401 5437 3527 5493 Non
3578 5436 3665 5492 di-

2014 5528 2100 5583 xit
2130 5527 2388 5595 arbores,
2424 5528 2525 5582 sed
2557 5527 2732 5583 arbor
2761 5543 2898 5583 una.
2930 5527 2987 5581 Si
3020 5527 3195 5583 arbor
3224 5544 3342 5583 una
3378 5531 3489 5595 est,
3521 5540 3665 5598 quo-

2015 5616 2189 5672 modo
2221 5631 2290 5670 ex
2321 5616 2433 5671 ista
2468 5620 2628 5688 parte
2661 5615 2797 5689 ripa:
2828 5619 2937 5686 est,
2989 5622 3045 5672 et
3074 5632 3145 5672 ex
3174 5614 3274 5671 illa
3322 5619 3486 5688 parte
3517 5614 3667 5688 ripe

2016 5705 2145 5765 est?
2177 5704 2237 5764 Si
2269 5704 2423 5764 enim
2459 5704 2723 5777 dixisset,
2756 5705 2874 5763 vidi
2905 5707 3162 5780 arbores,
3196 5703 3321 5762 fieri
3351 5707 3579 5789 poterat
3603 5707 3671 5765 ut
