3992 6194
472 355 630 414 1359

1966 345 2384 409 APPENDIX.

3627 367 3724 426 l360

461 487 587 544 alia)
630 487 827 542 essent
857 501 924 541 ex
955 483 1069 541 alia
1116 487 1296 554 parte,
1349 485 1405 538 et
1456 482 1581 538 alia:
1636 499 1704 538 ex
1755 481 1886 537 alia.
1938 481 2104 536 Nunc
2131 482 2187 548 Α
2217 481 2410 538 habet.
2445 487 2568 540 Huc
2614 483 2869 557 illucque
2910 485 3279 557 dispergitur.
3309 487 3574 560 Nunquam
3593 494 3635 549 in
3654 513 3726 553 uno

460 592 593 636 vero
627 593 744 631 una
775 575 948 631 arbor
976 589 1044 630 ex
1078 578 1325 644 utraque
1357 577 1518 644 parte
1549 588 1676 627 esse
1697 571 1931 640 dicitur;
1954 587 2108 625 unus

463 664 675 721 ﬂuvius
718 665 1014 738 egreditur
1060 663 1130 717 de
1179 662 1388 717 throno
1437 660 1559 730 Dei,
1612 661 1720 716 hoc
1785 664 1874 715 est
1923 659 2111 732 gratia

462 754 718 827 Spiritus
745 753 953 809 sancti.
989 753 1058 806 Et
1107 751 1222 806 ista
1269 750 1456 821 gratia
1499 749 1754 822 Spiritus
1810 748 1994 803 sancti
2048 747 2105 801 in

461 842 780 914 Scripturis
812 839 1030 896 sanctis
1061 844 1170 905 est,
1202 839 1309 894 hoc
1341 842 1428 893 est
1475 839 1533 892 in
1584 838 1695 893 isto
1728 835 1900 892 ﬂuvio
1956 836 2106 891 Scri-

462 935 789 1004 pturarum.
824 930 1044 984 Tamen
1074 928 1183 983 iste
1216 927 1427 982 ﬂuvius
1458 927 1603 982 duas
1630 928 1786 996 ripas
1823 927 2016 992 habet,
2051 930 2107 980 et

463 1019 646 1075 Vetus
677 1022 733 1074 et
763 1017 984 1072 Novum
1017 1016 1552 1072 Testamentum.Et
1584 1016 1640 1070 in
1676 1019 1922 1086 utraque
1946 1019 2107 1085 parte

464 1109 638 1164 arbor
670 1105 1216 1179 plantata,Christus
1265 1110 1372 1161 est.
1428 1105 1556 1159 Haec
1608 1105 1789 1176 igitur
1837 1104 2007 1158 arbor
2047 1103 2106 1156 in

464 1213 639 1263 anno,
671 1195 780 1251 hoc
809 1200 898 1250 est
927 1195 1175 1267 singulis
1207 1194 1530 1265 mensibus,
1552 1193 1860 1249 duodecies
1883 1193 2106 1247 fructus

465 1285 758 1342 afferebat.
791 1285 914 1340 Non
948 1299 1264 1356 possumus
1296 1283 1450 1339 enim
1486 1283 1710 1338 fructus
1755 1283 1825 1338 de
1871 1281 1984 1337 ista
2013 1299 2106 1336 ar-

465 1375 602 1431 bore
632 1373 910 1445 accipere,
941 1374 1053 1429 nisi
1087 1389 1187 1445 per
1216 1371 1525 1444 apostolos.
1561 1372 1620 1426 Si
1654 1371 1786 1443 quis
1819 1387 1953 1442 ergo
2006 1387 2108 1442 per

463 1463 756 1537 apostolos
808 1465 878 1518 ad
928 1465 1193 1518 arborem
1227 1463 1467 1526 venerit,
1508 1477 1742 1516 necesse
1773 1463 1861 1514 est
1891 1465 1954 1514 ut
1987 1459 2103 1513 fru-

462 1559 590 1609 ctus
620 1552 886 1624 accipiat,
921 1551 1145 1606 fructus
1178 1555 1357 1605 metat
1386 1550 1455 1604 de
1499 1549 1815 1621 Scripturis
1864 1547 2104 1614 sanctis,

461 1641 570 1697 hoc
601 1647 708 1708 est,
743 1657 980 1696 sensum
1015 1640 1275 1694 divinum
1311 1639 1368 1691 in
1401 1637 1591 1692 littera
1622 1641 2102 1692 commorantem.

463 1730 528 1786 Si
555 1730 688 1801 quis
717 1745 853 1800 ergo
883 1728 1103 1784 venerit
1132 1729 1202 1783 ad
1234 1727 1406 1782 istam
1435 1727 1701 1781 arborem
1733 1742 1835 1798 per
1873 1729 2104 1796 aposto-

464 1817 572 1885 los,
604 1817 827 1872 fructus
856 1819 984 1885 eius
1015 1816 1204 1888 capit;
1237 1815 1286 1870 si
1318 1816 1450 1885 quis
1479 1831 1610 1870 vero
1660 1831 1774 1869 non
1829 1813 2100 1885 potuerit,

465 1905 657 1962 adhuc
688 1905 978 1960 infirmior
1008 1910 1116 1970 est,
1149 1904 1396 1959 necdum
1431 1909 1519 1958 est
1544 1903 1999 1974 disdipulus,sed
2034 1903 2103 1958 de

463 1995 636 2051 turba
663 1998 772 2061 est,
804 1995 905 2049 sed
939 1993 1154 2049 deforis
1185 1998 1291 2060 est,
1327 1993 1427 2047 sed
1459 1991 1692 2064 gentilis
1723 1990 1951 2054 est.Qui
1987 1991 2104 2045 fru-

464 2087 593 2139 ctus
624 2099 829 2154 capere
857 2099 970 2138 non
1003 2086 1211 2154 potest,
1257 2082 1431 2136 verba
1479 2080 1687 2152 capiat,
1724 2079 1832 2134 hoc
1878 2083 1967 2134 est
2020 2079 2103 2133 fo-

462 2171 638 2243 lia,ad
657 2175 966 2228 sanitatem
990 2171 1253 2242 gentium
1287 2186 1300 2224 :
1330 2169 1614 2242 scriptum
1646 2173 1734 2225 est
1762 2168 1917 2222 enim
1954 2186 2014 2222 :«
2045 2170 2106 2222 Et

458 2262 605 2334 folia
632 2263 747 2333 ejus
776 2261 846 2317 ad
873 2263 1169 2316 sanitatem
1201 2261 1468 2328 gentium.
1504 2279 1532 2308 »
1562 2258 1619 2313 Si
1651 2257 1784 2328 quis
1816 2258 2007 2311 adhuc
2036 2257 2106 2311 de

461 2350 734 2424 gentibus
763 2355 868 2416 est,
904 2350 952 2405 si
984 2350 1117 2421 quis
1149 2347 1474 2419 discipulus
1505 2357 1618 2401 non
1653 2351 1759 2411 est,
1805 2352 1861 2401 et
1913 2346 2104 2401 adhuc

463 2441 534 2495 de
575 2439 749 2496 turba
790 2445 898 2507 est,
955 2439 1066 2493 iste
1113 2436 1250 2492 folia
1293 2436 1465 2491 istius
1520 2435 1786 2507 accipiat,
1838 2435 1945 2489 hoc
1994 2439 2102 2500 est,

459 2529 635 2582 verba
665 2526 957 2599 simplicia
986 2526 1228 2597 accipiat
1263 2541 1364 2597 pro
1395 2523 2105 2594 medicamento.Denique

461 2616 748 2689 scriptum
779 2620 886 2683 est,
922 2614 1056 2670 folia
1087 2617 1214 2686 ejus
1245 2615 1316 2669 ad
1348 2614 1657 2669 sanitatem
1690 2613 1974 2684 gentium,
1996 2612 2103 2667 hoc

462 2711 551 2762 est
582 2706 652 2762 ad
686 2705 1057 2760 medicinam.
1090 2709 1209 2758 Hoc
1259 2708 1446 2759 totum
1499 2718 1677 2773 quare
1726 2701 2004 2779 diximus,
2049 2706 2106 2756 et

461 2795 819 2854 excessimus
868 2795 939 2849 ad
988 2791 1433 2865 Apocalypsim?
1482 2791 1766 2854 Quoniam
1819 2789 2104 2862 scriptum

462 2889 552 2942 est
581 2885 736 2958 quod
767 2907 794 2934 «
831 2884 1084 2939 fructum
1116 2899 1289 2939 suum
1321 2881 1482 2936 dabit
1511 2881 1567 2934 in
1600 2885 1859 2952 tempore
1911 2897 2038 2946 suo,
2073 2900 2101 2929 ››

462 2979 519 3032 et
565 2973 770 3031 folium
801 2975 929 3044 ejus
959 2989 1074 3027 non
1107 2971 1339 3036 deﬂuet,
1393 2974 1450 3024 et
1498 2968 1695 3024 omnia
1741 2983 2104 3039 quaecunque

460 3065 656 3131 faciet,
687 3079 920 3135 semper
950 3060 1469 3133 prosperabuntur.
1507 3082 1526 3108 »
1567 3057 1830 3112 Diximus
1863 3057 1933 3110 de
1978 3058 2105 3111 bea-

461 3153 713 3211 titudine
735 3152 884 3223 justi
914 3150 1042 3218 viri,
1079 3149 1333 3204 diximus
1382 3149 1452 3202 de
1478 3148 1736 3219 eprmmio
1768 3148 1917 3216 ejus.
1951 3149 2101 3212 Quo-

2218 570 2342 626 loco
2376 577 2485 627 est.
2521 572 2881 644 Quocunque
2909 580 3116 630 ventus
3148 577 3392 643 traxerit,
3419 577 3534 634 illuc
3559 582 3728 654 impetus

2217 660 2345 728 eius
2376 659 2664 733 dirigitur.
2701 663 2794 717 Sic
2821 667 2878 717 et
2909 663 3124 734 impius
3169 664 3268 735 qui
3313 665 3471 721 semel
3514 675 3728 740 negaverit.

2217 748 2423 820 Deum,
2487 767 2840 822 quocunque
2897 751 3062 806 illum
3120 771 3261 808 aura
3309 755 3500 811 diaboli
3555 763 3729 827 traxerit,

2217 837 2354 892 illuc
2402 855 2594 895 errore
2660 839 3016 911 perducitur.
3074 843 3350 906 Quoniam
3392 844 3601 901 diximus
3640 850 3728 920 quid

2217 925 2293 980 sit.
2320 928 2539 997 justus,
2572 932 2628 982 et
2673 927 2790 998 cui,
2814 934 3223 1000 comparetur:
3257 932 3385 1002 quid
3415 933 3479 987 sit
3501 934 3678 1007 impius,
3695 944 3730 993 et

2217 1015 2307 1070 cui
2341 1022 2711 1087 comparetur
2736 1035 2746 1070 :
2778 1022 2835 1072 ct
2865 1018 2935 1072 de
2967 1019 3236 1089 presenti
3266 1025 3498 1092 tempore
3523 1024 3728 1082 diximus:

2218 1119 2372 1156 nunc
2403 1103 2684 1158 debemus
2716 1106 2786 1158 de
2816 1104 3011 1159 futuro
3043 1112 3100 1161 et
3127 1111 3332 1162 aeterno
3362 1125 3656 1181 cognossem.

2289 1215 2313 1239 ‹‹
2351 1191 2482 1246 Ideo
2515 1209 2626 1247 non
2660 1198 2974 1266 resurgunt
3001 1195 3166 1267 impii
3189 1195 3733 1273 injudicio,nequepeo-

2218 1286 2442 1336 oatores
2474 1282 2532 1335 in
2565 1281 2806 1338 concilio
2847 1283 3172 1354 justorum.
3209 1308 3235 1334 »
3268 1286 3512 1359 Legimus
3549 1290 3594 1344 in
3620 1291 3732 1347 Evan-

2215 1368 2364 1441 gelio
2395 1371 2719 1425 secundum
2751 1371 3074 1428 Joannem:
3111 1375 3417 1448 Quicunque
3442 1381 3491 1431 in
3518 1395 3583 1432 me
3605 1384 3732 1447 credit,

2214 1473 2325 1513 non
2367 1459 2760 1528 judicabitur;
2789 1462 3099 1533 quicunque
3149 1464 3312 1518 inme
3364 1481 3458 1520 non
3499 1467 3732 1539 creditjam

2206 1547 2488 1617 judicatus
2533 1551 2609 1603 est
2656 1549 2830 1618 (Joan.
2865 1567 2944 1620 ru,
2979 1551 3088 1622 18),
3136 1553 3274 1618 Quis
3322 1570 3443 1626 ergo
3478 1556 3733 1626 judicandus

2216 1640 2326 1703 est,
2360 1637 2408 1691 si
2443 1636 2536 1690 ille
2585 1637 2682 1708 qui
2735 1639 2937 1705 credit,
2969 1656 3085 1695 non
3132 1640 3489 1711 judicabitur,
3513 1649 3559 1698 et
3579 1643 3648 1699 ille
3670 1645 3730 1716 qui

2216 1743 2329 1780 non
2361 1726 2562 1793 credit,
2586 1728 2713 1796 jam
2739 1728 3045 1797 judicatus
3076 1731 3193 1784 est?
3217 1732 3310 1802 qui
3338 1732 3391 1786 in
3415 1733 3730 1803 dieiudiciiju-

2215 1814 2608 1870 dicahuntur?
2642 1815 3031 1886 Requiramus
3081 1835 3217 1891 ergo
3268 1820 3500 1876 medium
3521 1821 3727 1877 interare-

2217 1905 2473 1968 dentem,
2506 1909 2563 1959 et
2593 1921 2705 1958 non
2739 1905 3071 1962 credentem
3105 1909 3201 1979 qui
3230 1909 3546 1978 judicandus
3569 1910 3638 1966 sit.
3661 1911 3726 1973 Qui

2216 1994 2398 2047 credit
2428 2010 2540 2048 non
2564 1995 2950 2064 judicabitur.
2985 1997 3095 2061 Qui
3129 1998 3307 2053 credit
3351 2015 3453 2053 non
3483 2004 3648 2071 peccat,
3668 2000 3728 2070 qui

2215 2097 2344 2136 vere
2374 2083 2559 2137 credit
2590 2100 2703 2137 non
2736 2090 2956 2154 peccat,
2987 2086 3093 2157 qui
3122 2103 3312 2142 veram
3335 2088 3487 2142 {idem
3513 2088 3642 2142 habet
3660 2105 3730 2142 non

2219 2176 2434 2242 peccat.
2470 2171 2716 2226 Domum
2751 2174 2984 2243 quando
3017 2192 3346 2246 peccamus,
3379 2193 3519 2232 mens
3547 2176 3731 2232 nostrain

2219 2261 2329 2314 fide
2361 2260 2631 2324 ﬂuctuat;
2658 2277 2722 2314 eo
2751 2266 3009 2331 tempore
3034 2267 3268 2335 quando
3295 2265 3732 2335 peccamus,quando

2216 2348 2549 2414 irascimur,
2583 2351 2817 2421 quando
2850 2351 3240 2422 detrahimus,
3273 2354 3481 2424 quando
3517 2351 3733 2407 homicidia

2217 2439 2485 2507 facimus,
2539 2441 2774 2509 quando
2819 2440 3203 2512 fornicamur,
3249 2444 3339 2497 ubi
3381 2443 3503 2497 ﬁdes
3527 2441 3621 2496 est?
3641 2446 3732 2511 Ergo

2216 2529 2370 2600 quod
2403 2528 2566 2592 dicit,
2599 2527 2698 2599 qui
2732 2529 2787 2582 in
2824 2546 2916 2583 me
2946 2532 3156 2598 credit,
3190 2549 3298 2586 non
3323 2531 3634 2601 judicabitur,
3661 2545 3732 2584 non

2214 2617 2369 2671 enim
2402 2632 2637 2671 necesse
2678 2615 2852 2672 habet
2872 2616 3132 2688 judicari
3181 2620 3276 2690 qui
3318 2623 3431 2690 jam
3469 2620 3628 2674 beatus
3661 2623 3730 2672 est.

2213 2705 2318 2769 Qui
2352 2705 2406 2758 iu
2441 2721 2533 2759 me
2567 2722 2677 2760 non
2713 2707 2914 2772 credit,
2941 2707 3073 2777 jam
3098 2708 3390 2779 judicatus
3409 2713 3501 2778 est,
3517 2709 3610 2775 jam
3627 2705 3726 2761 enim

2214 2793 2656 2865 praedestinatus
2688 2795 2761 2849 ad
2793 2813 3022 2867 poenam
3059 2801 3169 2852 est.
3204 2797 3307 2862 Qui
3336 2813 3454 2868 ergo
3482 2793 3728 2866 judicatur?

2214 2883 2320 2948 Qui
2352 2883 2536 2938 credit
2564 2883 2824 2954 quidem,
2859 2886 2956 2939 sed
2992 2887 3252 2957 peccatis
3293 2884 3624 2955 vincitur;qui
3659 2886 3728 2936 ba-

2217 2973 2311 3026 bet
2339 2973 2511 3040 bona,
2542 2973 2719 3028 habet
2742 2978 2798 3028 et
2828 2973 3020 3043 mala;
3057 2975 3162 3046 qui
3193 2992 3257 3031 eo
3295 2983 3518 3047 tempore
3555 2989 3633 3044 quo
3653 2987 3733 3026 cre-

2213 3062 2318 3126 dit,
2351 3061 2671 3128 benefacit;
2706 3079 2818 3132 quo
2873 3079 2988 3118 non
3039 3065 3248 3135 credit,
3280 3064 3418 3120 male
3455 3064 3574 3118 facit.
3596 3061 3732 3115 Videa-

2212 3167 2343 3205 mus
2374 3166 2510 3222 ergo
2543 3168 2695 3204 nunc
2729 3152 2869 3222 quid
2900 3152 3124 3208 dicitur
3157 3171 3206 3208 ει
3235 3154 3355 3210 Ideo
3385 3171 3481 3208 non
3508 3152 3730 3220 resurgunt

461 3245 620 3302 niam
669 3240 769 3314 qui
818 3241 931 3296 tria
977 3256 1090 3294 non
1144 3239 1358 3304 fecerit,
1414 3242 1469 3292 et
1515 3237 1628 3292 duo
1689 3236 1902 3302 fecerit,
1939 3233 2097 3307 ligno
2129 3220 2173 3287 α
2213 3239 2377 3310 impii
2440 3220 2500 3293 in
2531 3220 2775 3309 judicio.
2815 3263 2841 3288 »
2873 3239 2997 3296 Non
3031 3248 3346 3314 resurgunt
3383 3247 3438 3296 ut
3473 3239 3730 3309 judicentur,

459 3332 737 3408 paradisi,
769 3331 879 3387 hoc
910 3335 998 3386 est
1026 3329 1241 3384 Christi
1270 3326 1587 3399 sapientiae,
1613 3324 2103 3395 comparatur.Di-

458 3424 652 3480 ximus
683 3438 819 3494 ergo
850 3421 920 3476 de
952 3423 1151 3475 sancto
1181 3417 1325 3485 viro,
1361 3433 1516 3471 nunc
1560 3416 1631 3470 de
1661 3413 1949 3469 contrario
1980 3412 2100 3468 viro

458 3513 781 3569 videamus.
803 3511 952 3574 Quid
983 3510 1052 3564 de
1085 3511 1381 3581 peccatore
1411 3511 1467 3560 et
1493 3505 1671 3576 impio
1702 3503 1959 3558 dicitur?

534 3625 561 3651 «
595 3603 719 3656 Non
749 3601 832 3656 sic
864 3599 1048 3670 impii.
1086 3621 1112 3648 ››
1145 3596 1246 3652 Illa
1274 3596 1544 3651 universa
1574 3611 1786 3666 genera
1831 3597 2102 3666 praemio-

462 3706 595 3746 rum
629 3706 753 3760 qua:
787 3688 856 3742 de
880 3688 1041 3756 justo
1081 3684 1358 3753 diximus,
1407 3682 1625 3753 impius
1673 3699 1786 3735 non
1838 3684 2100 3756 accipiet.

463 3803 490 3832 ‹‹
527 3777 653 3837 Non
684 3777 767 3833 sic
796 3775 984 3845 impii.
1017 3794 1042 3825 ιι
1081 3773 1203 3827 Non
1237 3771 1403 3828 dixit.
1435 3787 1549 3825 non
1600 3771 1683 3824 sic
1726 3777 2099 3841 peccatores:

461 3872 510 3928 si
541 3869 697 3926 enim
731 3868 801 3922 de
832 3862 1232 3937 peccatoribus
1265 3861 1526 3925 dixisset,
1560 3876 1763 3914 omnes
1787 3860 1958 3916 alieni
1983 3880 2106 3920 era-

459 3979 614 4019 mus.
649 3982 677 4011 «
709 3958 834 4014 Non
866 3955 949 4010 sic
980 3951 1164 4024 impii.
1197 3971 1224 3998 »
1256 3950 1408 4003 Inter
1437 3947 1686 4019 impium
1731 3954 1787 4002 et
1839 3957 2100 4020 peccato-

459 4069 583 4109 rem
614 4051 722 4106 hoc
752 4047 994 4102 interest
1044 4059 1056 4095 :
1110 4038 1208 4111 qui
1259 4035 1476 4108 impius
1507 4040 1615 4101 est,
1649 4043 1824 4108 negat
1862 4039 2044 4096 Deum
2081 4060 2093 4098 :

457 4141 558 4214 qui
586 4141 853 4212 peccator
898 4137 1004 4199 est,
1063 4131 1372 4186 confitetur
1422 4131 1476 4182 et
1527 4131 1743 4199 peccat.
1777 4150 1804 4175 ‹‹
1839 4128 1961 4184 Non
2014 4131 2097 4188 sic

453 4229 678 4302 impii.»
711 4228 770 4282 ln
804 4222 1159 4296 quibusdam
1193 4218 1539 4290 legitur,non
1569 4217 1646 4270 sic
1678 4217 1783 4270 hoc
1815 4220 2091 4277 secundo.

453 4341 483 4370 «
516 4319 642 4374 Non
673 4317 756 4372 sic
787 4311 976 4384 impii,
1008 4328 1122 4366 non
1176 4310 1280 4363 sic.
1317 4330 1343 4356 »
1390 4307 1500 4362 Sed
1542 4307 1799 4362 sciamus
1849 4308 1987 4378 quia
2032 4310 2091 4366 in

447 4405 730 4463 Hebraico
760 4401 940 4459 semel
969 4400 1220 4472 positum
1249 4395 1627 4452 est.Diximus
1657 4395 1725 4448 de
1746 4402 1946 4452 sancto
1969 4397 2090 4453 viro

444 4501 504 4553 et
532 4492 965 4566 comparatione
1019 4489 1168 4558 ejus.
1203 4509 1229 4534 «
1264 4487 1331 4540 Et
1377 4485 1487 4540 erit
1534 4489 1810 4556 tanquam
1862 4485 2087 4558 lignum

2211 3327 2347 3401 quia
2369 3329 2494 3399 jam
2516 3328 2758 3398 judicati
2791 3331 3076 3394 sunt.Qui
3112 3333 3266 3387 enim
3295 3348 3399 3386 non
3426 3329 3567 3385 credit
3590 3327 3632 3381 in
3653 3340 3725 3391 me,

2204 3419 2330 3487 jam
2355 3417 2656 3487 judicatus
2695 3422 2802 3473 est.
2839 3442 2864 3468 ‹‹
2901 3418 3108 3491 Neque
3140 3425 3446 3492 peccatores
3486 3419 3531 3472 in
3565 3412 3725 3470 concilio

2201 3507 2520 3575 justorum.
2558 3530 2584 3554 »
2615 3507 2736 3562 Non
2770 3508 2935 3574 dixit,
2971 3515 3302 3580 peccatores
3350 3527 3449 3564 non
3489 3505 3715 3574 resurgunt.

2211 3596 2310 3650 sed
2344 3618 2370 3644 ‹‹
2403 3612 2514 3650 non
2551 3600 2863 3667 resurgunt
2910 3595 2968 3650 in
3018 3597 3269 3652 concilio
3301 3598 3567 3666 justorum.
3596 3586 3716 3640 »Νοῐι

2213 3689 2510 3739 merentur
2557 3701 2689 3738 cum
2742 3685 2831 3739 his
2881 3701 3190 3758 resurgere
3238 3687 3331 3757 qui
3377 3702 3474 3740 non
3500 3673 3719 3747 suntjudio

2199 3774 2403 3828 'candi.
2431 3774 2488 3828 Si
2535 3774 2592 3827 in
2643 3791 2734 3828 me
2785 3775 3112 3842 crederent,
3146 3793 3276 3831 cum
3324 3775 3404 3829 his
3449 3765 3720 3839 resurgerem,

2216 3863 2315 3936 qui
2349 3881 2462 3919 non
2496 3867 2633 3917 sunt
2656 3863 2982 3932 judicandi.

2284 3976 2311 4002 ‹‹
2345 3953 2628 4016 Quoniam
2663 3951 2820 4006 novit
2851 3951 3140 4009 Dominus
3160 3941 3722 4023 viamjustorum,etiter

2208 4043 2524 4114 impiorum
2580 4041 2808 4112 peribit.
2862 4062 2889 4088 ››
2940 4063 2968 4090 ‹‹
3019 4042 3306 4105 Quoniam
3360 4039 3490 4095 novit
3527 4029 3719 4089 Dominus

2206 4132 2354 4186 viam
2397 4133 2716 4201 justorum.
2754 4130 2817 4183 Et
2865 4129 3001 4201 quid
3054 4132 3274 4202 grande
3318 4134 3414 4196 est,
3443 4127 3477 4182 si
3508 4120 3710 4178 novitDo-

2207 4220 2402 4274 minus
2459 4218 2612 4273 viam
2659 4220 2976 4287 jnstorum,
3011 4219 3062 4274 si
3093 4220 3284 4274 dcitur
3339 4214 3554 4274 Dominus
3589 4217 3712 4260 nosse

2203 4326 2298 4364 eos
2323 4325 2469 4380 quos
2502 4324 2674 4363 nosse
2705 4307 3024 4380 dignatur?
3059 4310 3310 4380 Denique
3337 4309 3399 4362 de
3427 4293 3715 4377 peccatoribus

2201 4399 2446 4453 dicitur:
2485 4397 2723 4452 Receditc
2753 4413 2782 4450 a
2812 4413 2916 4464 me,
2949 4399 3202 4468 operarii
3240 4392 3525 4468 iniquitatis,
3552 4400 3628 4440 non
3649 4392 3715 4431 no-

2198 4490 2277 4542 vit
2324 4503 2413 4541 vos
2463 4488 2722 4541 Dominus
2771 4487 2918 4557 (Luc.
2969 4503 3096 4552 xm,
3140 4488 3268 4557 27):
3301 4484 3426 4540 dicit
3462 4470 3717 4549 Apostolus:

444 4585 599 4658 quod
632 4583 956 4657 plantatum
1005 4582 1093 4634 est
1142 4592 1310 4631 secus
1358 4575 1643 4629 decursus
1693 4591 2001 4645 aquarum.
2056 4600 2085 4627 ››
2118 4589 2162 4652 ι)
2195 4601 2220 4627 ‹‹
2257 4575 2316 4631 Si
2348 4575 2480 4647 quis
2511 4574 2828 4646 cognoscit,
2856 4578 3270 4646 cognoscetur‘
3296 4577 3343 4643 (I
3365 4573 3474 4628 Cor.
3501 4558 3718 4658 x1v,38n}~’j

440 4678 610 4730 Nunc
640 4689 670 4728 e
699 4670 988 4728 contrario
1020 4668 1090 4722 de
1121 4666 1300 4736 impio
1332 4664 1563 4718 dicitur.
1591 4663 1753 4718 Sicut
1775 4665 1979 4733 justus
2000 4666 2088 4722 vir

440 4765 814 4834 comparatur
845 4757 1002 4828 ligno
1039 4773 1051 4809 :
1088 4754 1170 4808 sic
1194 4753 1410 4823 impius
1443 4755 1817 4823 comparatur
1839 4752 2083 4824 pulveri,

437 4869 611 4925 quem
643 4849 875 4923 projicit
905 4849 1111 4901 ventus
1152 4861 1183 4898 a
1219 4842 1360 4896 facie
1389 4846 1574 4895 terrm.
1608 4839 1802 4895 Pulvis
1834 4841 1967 4896 licet
2015 4845 2085 4899 de

436 4937 508 4998 d‘e
539 4946 693 4996 terra
740 4939 836 5004 sit,
873 4943 1068 4991 tamen
1116 4931 1332 4987 desinit
1379 4947 1505 4986 esse
1537 4934 1711 4984 terra.
1747 4953 1774 4979 ‹‹
1809 4931 1918 4985 Sed
1950 4936 2084 4988 tan-

435 5045 613 5101 quam
647 5026 837 5100 pulvis
871 5041 1044 5096 quem
1080 5020 1308 5093 projicit
1341 5025 1548 5073 ventus
1579 5035 1612 5072 a
1641 5018 1782 5072 facie
1832 5022 2015 5074 terras.
2051 5043 2077 5070 ››

432 5110 634 5172 Videte
663 5116 799 5188 quid
833 5114 1066 5176 dicitur,
1102 5117 1220 5165 tam
1256 5109 1454 5163 infelix
1484 5107 1592 5162 erit.
1626 5107 1866 5178 impius,
1890 5113 1954 5163 ut
1976 5126 2081 5165 nec

431 5211 699 5261 terrenus
729 5204 965 5275 quidem
1015 5201 1091 5255 sit
1137 5197 1350 5270 pulvis.
1383 5195 1627 5250 Videtur
1675 5195 1912 5266 quidem
1963 5214 2076 5252 non

429 5291 643 5349 habere
672 5292 1086 5352 substantiam,
1121 5289 1220 5344 sed
1257 5287 1433 5342 habet
1464 5302 1630 5341 suam
1659 5285 2072 5342 substantiam.

426 5377 584 5440 Nihil
617 5380 792 5437 habet
834 5379 1119 5446 solidum;
1173 5378 1271 5433 sed
1325 5376 1475 5448 quod
1512 5374 1706 5439 habet,
1739 5375 1809 5428 ad
1844 5391 2074 5446 poenam

498 5511 513 5544 ¹
546 5507 710 5574 Quod
743 5504 1035 5562 contrario
1067 5520 1242 5558 sensu
1274 5501 1332 5556 in
1364 5517 1528 5556 sacro
1581 5500 1656 5554 sit
1688 5503 1889 5574 textu,
1921 5498 1965 5574 ei
2016 5495 2072 5553 δὲ

422 5600 506 5643 τις
534 5572 1079 5656 ofﬁcitu-(vestrm,
1128 5576 1184 5656 si.
1218 5577 1339 5646 quis
1385 5575 1624 5656 ignqrqt,
1674 5572 2022 5656 ignorqbitttr
2050 5593 2069 5628 :

423 5642 593 5737 putat
620 5642 1015 5719 Martiahzeus,
1061 5642 1357 5704 auctorem
1415 5644 1502 5702 vel
1535 5642 1756 5716 absque
1787 5642 2068 5717 privativo

2198 4687 2225 4714 ‹‹
2261 4665 2546 4730 Quoniam
2577 4664 2736 4719 novit
2787 4664 3074 4719 Dominus
3121 4665 3273 4720 viam
3312 4664 3623 4734 justorum.»
3648 4640 3719 4706 Qui

2198 4759 2461 4826 peccator
2491 4757 2597 4816 est,
2632 4769 2747 4807 non
2783 4752 2934 4807 novit
2985 4769 3118 4808 eum
3155 4759 3298 4807 Deus
3325 4769 3336 4818 ;
3367 4748 3452 4820 qui
3472 4744 3626 4816 justus
3648 4735 3719 4794 est,

2196 4847 2370 4898 notus
2401 4847 2490 4897 est
2519 4860 2552 4897 a
2602 4848 2732 4897 Deo.
2769 4841 3042 4913 Legimus
3094 4843 3151 4897 in
3202 4839 3394 4897 Genesi
3437 4851 3492 4890 eo
3531 4835 3718 4914 tempore

2194 4948 2310 5003 quo
2345 4931 2756 5003 praevaricatus
2781 4937 2869 4986 est
2890 4931 3104 4998 Adam,
3137 4948 3201 4986 eo
3232 4936 3460 4999 tempore
3479 4932 3570 4991 quo
3588 4919 3718 4977 m8"

2191 5019 2416 5074 audivit
2443 5024 2776 5091 serpentem
2808 5035 2985 5090 quam
3022 5021 3220 5085 Deum,
3245 5013 3452 5088 quando
3471 5024 3521 5064 se
3547 5003 3716 5092 abscon-

2189 5108 2335 5162 dita
2370 5108 2511 5162 facie
2568 5108 2687 5175 Dei,
2720 5107 2875 5162 venit
2926 5108 3203 5163 Dominus
3251 5109 3369 5178 post
3410 5091 3716 5180 prandium

2189 5197 2478 5268 paradiso,
2513 5201 2570 5252 et
2602 5168 2938 5252 deambulat
2982 5198 3134 5263 (Gen.
3167 5168 3381 5262 111,.6-8)
3404 5168 3426 5244 ε.
3445 5185 3596 5240 videte
3617 5168 3712 5268 quid

2188 5286 2422 5355 dicitur,
2457 5285 2702 5357 requirit
2737 5291 2884 5341 Deus
2933 5287 3113 5341 Adam
3163 5301 3272 5339 non
3316 5273 3542 5336 meridie,
3568 5264 3641 5323 sed
3666 5255 3713 5356 8ξά

2184 5391 2520 5447 vesperam:
2549 5376 2674 5446 jam
2706 5376 2862 5431 enim
2895 5375 3072 5430 Adam
3097 5373 3272 5429 solem
3308 5363 3600 5442 perdiderat,
3618 5361 3714 5422 qma

3495 5485 3710 5562 ozihacw‘

2182 5519 2215 5554 (ι
2253 5499 2484 5573 legisse,
2513 5498 2601 5554 vel
2632 5505 2785 5555 certe
2820 5517 2920 5572 pro
2979 5501 3179 5555 eadam
3233 5501 3390 5567 atque
3440 5498 3708 5567 γγοειλδσυυ·

2182 5572 2335 5602 κειται.
2393 5571 2576 5602 manu
2611 5588 2740 5602 nm...
2791 5571 2909 5602 1......
2964 5588 3088 5602 MM
3135 5569 3333 5602 "simia
3378 5550 3708 5602 thnmlntﬂ"

2181 5558 2581 5645 piss§.APotuit
2611 5588 2742 5645 vero
2791 5558 2910 5628 Haec
2963 5588 3089 5629 esse
3135 5558 3334 5626 veteris
3377 5558 3626 5618 Latinum

2179 5642 2522 5718 pretationis
2551 5642 2740 5704 lectio.
