3992 6194
259 402 406 466 1361

1417 404 1911 470 ΒΒΕνιΑιιιιιΜ
1960 404 2035 464 IN
2082 405 2464 466 PSAIMOS.

3513 405 3667 472 1362

257 534 562 592 meridiem
623 553 737 592 non
795 536 1047 594 habebat
1079 555 1091 595 :
1145 539 1215 595 ad
1276 557 1603 611 vosperam,
1650 539 1756 594 hoc
1814 540 1902 590 est
1932 539 1984 602 Α
2015 538 2147 594 linis
2177 543 2282 594 est.
2312 540 2370 593 In
2401 541 2571 594 linem
2597 538 2924 606 haereditas,
2956 558 2975 589 ι
3009 542 3068 596 In
3101 539 3276 597 finem
3310 556 3411 614 pro
3441 557 3509 598 ea
3540 557 3665 616 qua!

258 620 517 691 δειλινον,
553 629 610 680 et
641 626 1004 694 ambulabat,
1040 645 1151 683 non
1186 629 1340 684 enim
1383 635 1496 684 stat
1531 634 1679 684 Deus
1712 645 1908 700 pecca-

259 714 391 779 tori,
427 714 527 768 sed
579 715 863 770 ambulat.
897 717 1125 771 Sciebat
1164 717 1330 771 illum
1364 734 1489 773 esse
1520 718 1577 772 in
1611 718 1908 781 Paradiso,

255 807 313 859 et
344 819 460 857 non
493 803 800 874 ignorabat
823 806 975 876 quod
1002 806 1217 860 factum
1240 811 1382 872 erat,
1409 807 1508 861 sed
1541 809 1677 878 quia
1709 823 1908 878 pecca-

255 896 417 947 verat
468 892 677 958 Adam,
729 894 915 948 nescit
973 911 1104 949 eum
1161 895 1335 950 Deus.
1389 897 1457 951 Et
1504 895 1648 951 dixit
1707 897 1906 951 Deus:

256 981 466 1047 Adam,
500 981 600 1035 ubi
632 997 694 1038 es
736 982 894 1052 (Ibid.
924 984 1028 1050 9)?
1075 984 1336 1040 Diximus
1386 985 1456 1039 de
1508 1002 1573 1041 eo
1620 985 1912 1057 quomodo

258 1075 528 1142 peccator
580 1071 882 1142 ignoretur
929 1089 961 1127 τι
1015 1077 1146 1129 Deo.
1182 1074 1514 1130 Econtrario
1569 1076 1714 1130 scire
1746 1075 1913 1129 debe-

258 1175 392 1214 mus
425 1160 718 1230 quomodo
740 1161 943 1231 justus
975 1162 1192 1216 sciatur
1234 1179 1267 1217 a
1305 1163 1440 1218 Deo.
1476 1163 1626 1218 Dicit
1661 1165 1807 1218 Deus
1838 1165 1909 1216 ad

256 1246 553 1303 Abraham
588 1266 600 1304 :
653 1250 758 1304 Exi
805 1250 870 1304 de
920 1255 1070 1305 terra
1119 1260 1233 1316 tua,
1265 1260 1316 1308 et
1351 1252 1418 1306 de
1461 1255 1785 1325 cognatione
1816 1256 1912 1305 tua

259 1335 410 1406 (Gen.
447 1353 548 1404 xu,
584 1338 656 1407 1).
691 1338 861 1393 Venit
904 1339 962 1393 in
1011 1339 1384 1408 Palestinam,
1422 1341 1531 1395 fuit
1578 1342 1636 1396 in
1693 1342 1909 1396 liabra-

259 1423 398 1492 mio,
434 1425 544 1480 fuit
576 1426 632 1480 in
667 1427 898 1482 Geraris
930 1427 1113 1483 multo
1144 1434 1403 1501 tempore
1432 1447 1444 1497 ;
1489 1447 1619 1485 cum
1654 1433 1827 1484 natus
1860 1427 1909 1483 ei

257 1513 467 1569 fuisset
515 1512 673 1570 ﬁlius
716 1517 901 1583 Isaac,
935 1521 991 1572 et
1041 1517 1554 1588 repromissionem
1587 1523 1908 1589 acceperat,

255 1605 400 1672 Quia
450 1603 506 1657 in
557 1606 765 1659 semine
795 1614 885 1661 tuo
918 1606 1305 1662 benedicentur
1333 1623 1513 1662 omnes
1542 1617 1723 1676 gentes
1754 1606 1906 1676 (Gen.

257 1708 398 1756 χχιι,
434 1693 544 1763 18),
576 1693 712 1748 tulit
766 1699 947 1762 Isaac,
997 1700 1055 1750 et
1101 1695 1313 1752 obtulit
1365 1713 1498 1750 eum
1549 1697 1686 1767 Deo,
1719 1701 1774 1750 et
1803 1713 1911 1751 vox

258 1781 329 1836 de
359 1779 502 1837 coelo
533 1783 733 1838 audita
762 1789 868 1851 est,
916 1807 943 1834 ‹‹
975 1802 1145 1857 parce
1180 1786 1297 1841 filio
1326 1790 1422 1841 tuo
1455 1787 1615 1856 (Ibid.
1652 1786 1760 1855 1'2),
1799 1807 1824 1834 υ
1856 1788 1911 1839 et

260 1871 461 1925 statim
493 1870 771 1972 scribitur
823 1890 889 1930 eo
944 1879 1202 1946 tempore
1248 1892 1361 1946 quo
1403 1873 1692 1931 obtulerat
1722 1873 1906 1972 filium
1942 1909 1986 1972 Β

260 1975 458 2027 suum,
494 1960 634 2032 quid
669 1961 809 2017 dicit
840 1963 991 2018 Deus
1021 1964 1317 2020 Abraham
1354 1981 1365 2018 :
1419 1988 1447 2014 ‹‹
1483 1965 1622 2018 Ecce
1667 1961 1909 2034 cognovi

265 2049 543 2119 quoniam
594 2055 655 2105 tu
705 2050 878 2106 times
929 2053 1237 2107 Dominum
1279 2053 1462 2107 Deum
1502 2057 1756 2106 tuum.»
1807 2051 1911 2114 Qui

265 2141 430 2191 tanto
450 2141 712 2209 tempore
737 2139 968 2195 locutus
994 2139 1207 2209 fueras,
1224 2157 1379 2196 nunc
1402 2140 1721 2211 cognovisti
1741 2140 1915 2193 Abra-

264 2224 400 2280 ham
424 2225 452 2279 ?
503 2226 612 2284 Sed
647 2227 924 2299 quoniam
957 2227 1197 2299 grandis
1226 2230 1372 2284 fides
1405 2229 1593 2283 fuerat
1623 2228 1914 2283 offerendo

265 2313 453 2368 ﬁlium
485 2331 684 2384 suum,
719 2320 1024 2388 propterea
1061 2334 1217 2371 nunc
1261 2317 1517 2389 primum
1570 2317 1742 2388 cmpit
1780 2333 1914 2370 eum

265 2417 440 2457 nosse
472 2402 646 2460 Deus.
681 2407 798 2460 Hoc
829 2410 1016 2460 totum
1051 2422 1231 2477 quare
1261 2406 1426 2461 dixi?
1469 2405 1747 2478 quoniam
1780 2406 1920 2460 scri-

264 2496 430 2562 ptum
464 2497 571 2559 est,
628 2515 655 2542 «
689 2493 972 2560 Quoniam
1009 2495 1167 2549 novit
1196 2495 1479 2550 Dominus
1524 2495 1677 2550 viam
1721 2496 1913 2566 justo-

265 2595 418 2634 rum.
451 2601 479 2633 ι»
533 2581 810 2638 Dicamus
842 2587 898 2638 et
931 2583 1098 2638 aliter
1130 2601 1142 2638 :
1194 2583 1305 2654 via,
1339 2589 1396 2639 et
1431 2584 1568 2648 vita,
1603 2589 1659 2638 et
1705 2585 1916 2639 veritas

263 2668 532 2729 Christus
584 2675 675 2726 est
720 2673 1044 2740 (Joan.x1v,
1086 2673 1188 2733 6):
1247 2672 1620 2728 ambulemus
1669 2689 1805 2745 ergo
1856 2674 1915 2727 in

265 2757 586 2825 Christum,
619 2764 676 2814 et
704 2760 859 2815 viam
894 2765 1155 2816 nostram
1191 2762 1351 2816 novit
1383 2762 1536 2816 Deus
1571 2766 1750 2816 Pater.
1790 2785 1816 2810 ‹‹
1847 2763 1916 2816 Et

263 2845 377 2901 iter
404 2845 721 2918 impiorum
755 2849 1038 2919 peribit.»
1077 2849 1198 2905 Non
1222 2849 1575 2920 dixit,impii
1610 2850 1913 2921 peribunt;

267 2934 393 3000 sed,
418 2933 467 2989 si
489 2937 716 3008 egerint
746 2939 1169 3008 pcenitentiam,
1195 2943 1252 2993 et
1282 2939 1391 3010 ipsi
1415 2938 1812 2993 salvabuntur.
1840 2940 1917 2994 Eo

267 3028 530 3096 tempore
561 3041 676 3097 quo
708 3027 1007 3097 apostolus
1033 3027 1248 3082 Paulus
1280 3028 1737 3097 persequebatur
1762 3027 1920 3082 Chri-

267 3115 424 3166 stum
457 3117 516 3168 et
546 3111 855 3183 Ecclesiae,
892 3115 1109 3186 impius
1140 3121 1280 3170 erat.
1316 3115 1375 3170 Si
1408 3131 1543 3187 ergo
1577 3115 1739 3187 impii
1791 3133 1916 3187 per-

268 3200 464 3266 ibunt,
497 3217 612 3256 non
645 3202 815 3256 datur
863 3201 1026 3258 locus
1057 3203 1432 3274 poenitentia.
1464 3205 1569 3258 Sed
1607 3221 1720 3259 non
1752 3203 1914 3270 dixit,

2023 629 2417 684 hereditatem
2451 629 2846 700 consequitur.
2884 654 2909 678 ››
2944 631 3077 695 Quae
3109 633 3199 686 est
3243 631 3354 686 ista
3385 647 3512 703 quas
3547 630 3662 686 has-

2022 719 2328 774 reditatem
2361 718 2788 788 consequitur?
2839 719 2975 773 Mihi
3027 720 3252 774 videtur
3283 720 3439 792 quod
3470 719 3660 776 Eccle-

2022 807 2110 862 sia
2141 807 2255 872 sit;
2312 807 2442 878 ipsa
2496 809 2585 861 est
2631 807 2785 861 enim
2837 825 2966 879 qua)
3016 808 3410 864 hmreditatem
3462 825 3665 865 conse-

2022 897 2224 967 quitur
2271 893 2540 950 Psalmus
2591 895 2767 950 David
2816 900 3012 950 cantat
3061 896 3118 951 in
3170 895 3476 968 principio,
3508 897 3662 969 quod

2021 985 2277 1041 Ecclesia
2345 984 2593 1056 accipiat
2660 985 2718 1039 in
2789 985 2921 1040 fine.
2993 986 3242 1050 Quintus
3306 1003 3441 1059 ergo
3508 986 3666 1060 psal-

2023 1092 2156 1130 mus
2203 1091 2268 1129 ex
2319 1091 2569 1146 persona
2613 1073 2879 1130 Ecclesiae
2928 1078 3034 1150 est.
3078 1075 3207 1130 Alia
3255 1074 3441 1131 multa
3485 1075 3665 1131 inter-

2020 1168 2340 1236 pretantur,
2393 1163 2564 1218 multi
2620 1163 2821 1218 dicunt
2865 1164 3189 1219 secundum
3241 1157 3546 1222 historiam
3595 1165 3666 1220 de

2023 1251 2250 1308 Israelis
2301 1251 2536 1324 populo,
2585 1254 2738 1323 quod
2788 1251 2959 1307 vellet
3006 1252 3212 1307 reverti
3259 1253 3331 1308 de
3379 1251 3669 1326 Babylone

2021 1341 2080 1396 in
2110 1341 2396 1396 Judmam.
2431 1346 2548 1397 Hoc
2600 1341 2683 1396 illi
2736 1341 3206 1414 interpretantur,
3241 1359 3354 1397 non
3400 1347 3538 1398 sunt
3574 1342 3670 1397 in-

2020 1431 2316 1502 terpretati
2350 1430 2408 1484 in
2444 1431 2620 1486 ﬁnem
2652 1454 2679 1480 ‹‹
2714 1448 2817 1502 pro
2849 1447 2916 1486 ea
2947 1447 3076 1502 quae
3107 1430 3501 1486 hereditatem
3530 1447 3668 1486 con-

2020 1521 2308 1591 sequitur.
2338 1542 2366 1568 ››
2405 1520 2519 1575 Nos
2549 1536 2706 1591 ergo,
2736 1519 3143 1591 spiritualibus
3168 1518 3496 1592 spiritualia
3515 1537 3672 1576 com-

2021 1614 2312 1679 parantes,
2345 1608 2709 1664 orationibus
2760 1607 2967 1664 vestris
3010 1625 3079 1664 ex
3128 1625 3376 1680 persona
3403 1607 3667 1666 Ecclesiae

2019 1697 2197 1753 istum
2233 1695 2527 1768 psalmum
2560 1697 2845 1752 disserere
2877 1697 3138 1753 nitimur.

2599 1786 2928 1842 PSALMUS
2968 1787 3086 1841 VII.

2089 1875 2345 1947 Singulis
2377 1876 2552 1930 rebus
2583 1875 2968 1946 imponuntur
2998 1875 3256 1942 nomina,
3290 1879 3356 1930 ut
3385 1892 3454 1931 ex
3485 1875 3669 1932 nomi-

2025 1964 2199 2019 nibus
2246 1968 2304 2019 et
2346 1981 2436 2019 res
2486 1969 2934 2035 cognoscantur.
2967 1964 3063 2019 Sic
3115 1967 3171 2019 et
3219 1962 3430 2036 psalmi
3476 1963 3669 2021 titulis

2024 2053 2324 2126 praenotati
2348 2056 2506 2119 sunt,
2530 2057 2595 2106 ut
2625 2069 2692 2108 ex
2717 2051 2905 2107 titulis
2931 2051 3334 2125 intelligantur
3357 2058 3414 2107 et
3434 2052 3667 2126 psalmi.

2025 2143 2276 2206 Quintus
2306 2141 2569 2213 psalmus
2600 2141 2775 2197 etiam
2809 2140 2915 2195 hoc
2944 2139 3116 2195 titulo
3148 2144 3504 2212 przenotatus
3533 2145 3622 2198 est
3652 2159 3666 2198 :

2029 2251 2057 2280 «
2083 2231 2142 2283 In
2176 2229 2373 2299 finem,
2399 2245 2501 2300 pro
2532 2245 2598 2284 ea
2630 2245 2756 2300 quae
2787 2227 3183 2284 hmreditatem
3216 2229 3614 2301 consequitur.
3645 2253 3665 2280 ι

2025 2319 2234 2374 Sextus
2268 2317 2531 2388 psalmus
2561 2317 2670 2372 hoc
2700 2315 2872 2371 titulo
2905 2321 3280 2388 praenotatur,
3315 2340 3342 2366 ‹‹
3376 2317 3439 2373 In
3471 2318 3672 2385 finem,

2025 2407 2080 2461 in
2117 2407 2351 2478 hymnis
2383 2423 2486 2479 pro
2517 2411 2735 2473 octava,
2770 2405 3034 2477 psalmus
3066 2405 3270 2462 David.
3317 2427 3346 2457 «
3378 2406 3436 2462 In
3471 2405 3673 2477 quinto

2027 2495 2260 2562 dicitur,
2316 2519 2343 2543 ‹‹
2379 2511 2480 2565 pro
2512 2510 2580 2549 ea
2611 2511 2737 2566 quae
2768 2493 3160 2549 hazreditatem
3192 2495 3609 2566 consequitur;
3647 2517 3674 2544 »

2026 2584 2083 2638 in
2135 2588 2295 2639 sexto
2344 2584 2576 2650 dicitur,
2628 2606 2654 2632 (ι
2687 2580 2792 2654 pro
2833 2586 3055 2638 octava.
3091 2607 3111 2634 ιι
3169 2583 3230 2638 1n
3263 2583 3511 2656 septimo
3541 2599 3676 2640 vero

2027 2673 2165 2744 quia
2194 2678 2251 2727 et
2282 2672 2406 2745 ipse
2434 2672 2543 2728 sub
2570 2671 2804 2727 alleluia
2835 2671 3162 2727 cantandus
3187 2675 3294 2742 est,
3319 2672 3458 2743 quia
3487 2672 3545 2727 in
3577 2671 3679 2728 illa

2027 2762 2327 2818 Dominica
2374 2763 2466 2816 die
2516 2761 2702 2816 lectus
2753 2765 2842 2816 est
2891 2760 3155 2831 psalmus
3203 2765 3421 2832 sextus,
3463 2765 3522 2823 et
3568 2779 3676 2822 nos

2029 2869 2142 2923 pra:
2194 2851 2569 2922 aegrotatione
2617 2849 2984 2920 interpretari
3019 2867 3130 2905 non
3165 2849 3487 2922 potuimus,
3521 2867 3680 2912 nunc

2029 2944 2224 2994 autem
2259 2938 2442 2993 lectus
2492 2943 2580 2994 est
2629 2937 2918 3010 septimus
2949 2937 3234 3010 psalmus.
3267 2938 3454 2994 Habet
3481 2941 3678 2994 autem

2028 3027 2263 3082 titulum
2297 3027 2660 3098 hujusmodi,
2707 3049 2734 3077 ‹‹
2765 3025 3036 3082 Psalmus
3071 3027 3243 3082 David
3277 3043 3455 3099 quem
3487 3032 3680 3085 canta-

2027 3118 2108 3172 vit
2138 3115 2383 3172 Domino
2415 3133 2518 3187 pro
2562 3115 2754 3171 verbis
2784 3115 2960 3170 Chusi
2993 3115 3093 3169 ﬁlii
3125 3114 3360 3183 Jemini.
3399 3138 3420 3167 ι
3479 3115 3680 3172 Videte

2031 3204 2327 3278 mysteria.
2365 3205 2511 3276 Ergo
2558 3204 2671 3259 ista
2718 3204 2845 3259 sine
2896 3221 3073 3259 causa
3122 3203 3340 3274 scripta
3386 3204 3573 3260 sunt?
3614 3205 3677 3261 In

267 3287 434 3357 impii
471 3289 762 3362 peribunt,
788 3291 910 3358 sed,
937 3313 962 3340 «
995 3292 1106 3345 Iter
1134 3291 1449 3362 impiorum
1482 3291 1712 3362 peribit.
1742 3315 1768 3340 ››
1801 3297 1918 3347 Hoc
1949 3275 1992 3342 (ἶ
2033 3275 2237 3366 quinto
2287 3275 2520 3362 dicitur,
2575 3317 2594 3341 ι
2633 3310 2735 3364 pro
2781 3310 2849 3348 ea
2880 3310 3007 3364 qua:
3040 3293 3436 3349 hereditatem
3467 3309 3678 3350 conse-

265 3383 375 3444 est,
410 3377 623 3449 peribit
651 3377 964 3450 impietas;
1000 3397 1114 3435 non
1148 3380 1387 3452 impius,
1420 3382 1520 3436 sed
1555 3381 1682 3453 ipsa
1711 3381 1914 3452 impie-

263 3470 394 3530 tas;
427 3483 538 3522 non
572 3466 747 3522 homo
781 3469 994 3539 peribit
1017 3467 1116 3540 qui
1149 3469 1367 3540 impius
1394 3471 1521 3536 fuit,
1547 3471 1648 3524 sed
1677 3470 1916 3525 homine

267 3559 476 3626 agente
524 3556 950 3626 paenitentiam,
985 3557 1200 3628 peribit
1249 3558 1538 3630 impietas.
1574 3559 1726 3614 Deus
1780 3575 1915 3632 ergo

266 3643 374 3700 hoc
408 3646 578 3704 nobis
609 3652 865 3718 praestet,
892 3652 954 3703 ut
985 3648 1099 3702 tria
1129 3664 1242 3703 non
1276 3648 1579 3718 faciamus,
1606 3653 1662 3704 et
1691 3649 1807 3704 duo
1841 3650 1920 3703 fa-

268 3735 531 3801 ciamus;
560 3735 720 3808 Iigno
750 3737 880 3791 vita:
906 3753 1336 3810 comparemur,
1359 3755 1473 3792 non
1508 3738 1695 3793 simus
1724 3737 1942 3810 impiih

269 3822 368 3894 qui
403 3830 817 3894 comparantur
846 3826 1102 3897 pulveri;
1156 3843 1269 3881 non
1324 3827 1511 3880 simus
1565 3831 1912 3898 peccatores,

266 3911 545 3982 quoniam
605 3919 937 3984 peccatores
996 3932 1111 3969 non
1171 3920 1484 3987 resurgunt
1546 3914 1603 3968 in
1669 3915 1914 3969 concilio

262 3999 584 4067 justorum,
634 4006 692 4057 et
739 4002 833 4058 via
889 4002 1046 4057 mala
1103 4007 1343 4075 pereat:
1400 4008 1456 4058 et
1506 4003 1913 4060 benedicamus

264 4085 468 4157 Deum,
503 4088 594 4143 cui
628 4089 704 4144 sit
735 4089 922 4161 gloria
952 4090 1010 4145 in
1044 4091 1258 4146 saecula
1302 4090 1670 4147 saeculorum.
1706 4097 1909 4148 Amen.

869 4179 1197 4236 PSALMUS
1235 4179 1302 4237 V.

337 4266 590 4328 Quintus
626 4267 891 4340 psalmus
924 4269 1033 4324 hoc
1061 4269 1228 4325 titulo
1262 4273 1636 4342 praenotatur.
1688 4293 1714 4318 «
1751 4271 1808 4324 In
1845 4270 1910 4324 fi-

264 4370 420 4418 nem,
443 4372 544 4426 pro
567 4372 634 4410 ea
653 4373 779 4426 quae
806 4359 1202 4414 haereditatem
1229 4360 1632 4432 consequitur,
1648 4359 1911 4415 Psalmus

262 4443 459 4500 David.
495 4465 522 4492 »
568 4444 734 4498 Multi
766 4448 974 4516 putant
1005 4447 1204 4501 titulos
1236 4449 1306 4500 ad
1342 4448 1599 4518 psalmos
1631 4466 1744 4501 non
1781 4464 1907 4518 per-

260 4531 467 4588 tinere.
501 4532 571 4587 Et
617 4532 724 4586 hoc
771 4550 886 4604 quo
930 4535 1151 4588 ratione
1181 4535 1491 4602 aestiment,
1527 4538 1814 4590 nesciunt.
1850 4535 1908 4591 Si

2028 3384 2247 3456 quitur,
2302 3406 2328 3432 ‹‹
2364 3382 2421 3436 in
2464 3387 2624 3437 sexto
2657 3382 2890 3452 dicitur,
2942 3405 2968 3429 ‹‹
2999 3399 3103 3453 pro
3158 3385 3378 3449 octava,
3415 3403 3442 3429 η
3495 3381 3554 3436 in
3586 3398 3678 3438 se-

2029 3473 2210 3544 ptimo
2265 3471 2497 3541 dicitur,
2551 3493 2576 3518 ‹‹
2611 3487 2714 3540 pro
2761 3469 2952 3524 verbis
2996 3469 3171 3524 Chusi
3225 3469 3324 3524 filii
3372 3469 3610 3526 Jemini.
3645 3492 3674 3520 »

2027 3561 2250 3616 Videtis
2284 3578 2420 3633 ergo
2451 3566 2670 3631 quanta
2701 3563 2820 3614 sint
2851 3564 3115 3615 contexta
3152 3559 3452 3631 mysteria,
3516 3582 3542 3613 ι
3573 3577 3677 3634 pro

2027 3667 2093 3706 ea
2124 3667 2250 3720 quae
2284 3649 2675 3704 haereditatem
2711 3648 3111 3719 consequitur.
3147 3671 3174 3696 »
3207 3648 3350 3712 Quia
3381 3647 3439 3703 in
3471 3647 3676 3720 quinto

2028 3740 2256 3811 psalmo
2307 3737 2765 3809 disputavimus,
2799 3738 3250 3809 interpretantes
3306 3754 3373 3792 ex
3428 3753 3679 3809 persona

2027 3827 2295 3883 Ecclesiae
2331 3827 2510 3882 fuisse
2542 3825 2834 3898 psalmum
2868 3830 3192 3892 cantatum,
3224 3843 3351 3898 quae
3382 3825 3679 3882 haeredita-

2026 3921 2138 3972 tem
2191 3915 2404 3971 Christi
2455 3920 2768 3970 consecuta
2815 3919 2922 3970 est.
2975 3915 3184 3970 Sextus
3231 3931 3362 3970 vero
3411 3913 3676 3985 psalmus

2027 4005 2258 4078 proprie
2309 4006 2380 4060 ad
2431 4005 2914 4060 resurrectionem
2964 4003 3180 4059 Christi
3233 4001 3504 4074 pertinet,
3545 4018 3672 4074 qua:

2025 4094 2148 4150 dies
2199 4098 2400 4149 octava
2447 4097 2554 4149 est.
2589 4093 2705 4150 Nos
2745 4093 2898 4146 enim
2934 4095 2990 4145 et
3018 4091 3172 4145 diem
3207 4089 3461 4161 primum
3492 4089 3671 4146 habe-

2025 4201 2178 4251 mus,
2214 4188 2270 4238 et
2302 4181 2454 4237 diem
2487 4185 2776 4236 octavum.
2806 4181 2921 4234 Nos
2954 4179 3107 4232 enim
3141 4179 3197 4232 in
3231 4178 3325 4233 die
3355 4183 3556 4234 octava
3585 4195 3675 4234 ac-

2022 4274 2286 4344 cepimus
2338 4287 2515 4343 regna
2565 4269 2864 4324 caelorum.
2899 4267 3109 4322 Octava
3139 4266 3264 4322 dies
3295 4271 3429 4338 post
3454 4267 3673 4325 Subba-

2021 4367 2142 4415 tum
2179 4360 2369 4431 prima
2416 4358 2476 4411 in
2523 4356 2832 4429 principio.
2865 4355 3127 4428 Longum
3163 4359 3270 4426 est,
3305 4355 3354 4411 si
3386 4372 3543 4412 nunc
3570 4373 3670 4412 vo-

2022 4449 2304 4505 luerimus
2358 4446 2547 4500 dicere
2598 4446 2668 4499 de
2719 4445 3013 4500 octonario
3067 4461 3331 4500 numero.
3383 4445 3670 4508 Quoniam

2020 4542 2148 4594 octo
2180 4535 2572 4591 beatitudines
2605 4540 2744 4589 sunt
2773 4533 2830 4587 in
2858 4533 3126 4590 Matthzeo
3158 4533 3369 4604 (Matth.
3399 4551 3455 4600 v,
3478 4535 3625 4606 3-11)
3653 4550 3669 4590 :

263 4620 502 4692 quidem
555 4638 667 4676 non
719 4621 1074 4676 haberentur
1104 4621 1161 4676 in
1195 4622 1468 4689 Hebraeis,
1503 4627 1558 4676 et
1588 4623 1819 4692 Grrecis,
1855 4629 1909 4678 et
1943 4649 1986 4713 Ι)
2021 4625 2295 4698 quoniam
2354 4624 2411 4677 in
2455 4623 2774 4678 centesimo
2805 4621 3031 4677 decimo
3061 4626 3262 4676 octavo
3294 4620 3518 4692 psalmo
3549 4620 3669 4678 sin-

263 4709 481 4764 Latinis
535 4708 957 4776 voluminibus,
991 4715 1143 4765 recte
1195 4715 1512 4782 putarent:
1571 4727 1725 4766 nunc
1779 4729 1908 4767 vero

263 4813 400 4854 cum
432 4797 489 4853 in
525 4798 826 4854 Hebraicis
856 4799 1183 4855 habeantur
1214 4800 1398 4870 libris,
1432 4805 1487 4855 et
1517 4800 1766 4855 maxime
1801 4801 1907 4855 iste

262 4886 472 4942 titulus
501 4888 599 4959 qui
635 4887 692 4942 in
718 4887 924 4960 quinto
958 4888 1181 4961 psalmo
1204 4893 1291 4944 est
1321 4894 1697 4961 praznotatus,
1729 4891 1908 4945 miror

261 4992 359 5032 eos
391 4975 500 5032 hoc
531 4975 672 5032 velle
695 4977 907 5046 dicere,
932 4979 1085 5050 quod
1119 4977 1338 5050 aliquid
1374 4979 1431 5032 in
1454 4980 1750 5049 Scriptura
1781 4980 1906 5034 sine

261 5083 439 5122 causa
470 5067 566 5122 sit.
601 5067 660 5123 Si
693 5067 810 5122 iota
841 5084 1022 5123 unum
1058 5073 1112 5122 et
1153 5085 1307 5122 unus
1357 5085 1499 5139 apex
1547 5085 1660 5123 non
1712 5075 1908 5123 trans-

261 5155 342 5211 iet
373 5157 442 5212 de
465 5157 634 5229 Lege,
661 5161 882 5229 quanto
915 5157 1102 5228 magis
1128 5161 1290 5211 tanta
1316 5157 1488 5211 verba
1519 5157 1604 5211 vel
1637 5157 1866 5228 syllabae
1892 5161 1901 5212 ι

264 5267 292 5296 ‹‹
325 5245 387 5300 In
442 5245 616 5301 ﬁnem
665 5263 767 5318 pro
811 5262 878 5301 ea
917 5262 1042 5316 qua:
1074 5245 1470 5301 haereditatem
1509 5247 1906 5318 consequitur,

260 5334 533 5390 Psalmus
563 5335 764 5390 David.
802 5358 828 5384 »
883 5334 1199 5389 Hmreditas
1253 5351 1366 5390 non
1412 5335 1469 5389 in
1503 5335 1786 5407 principio
1819 5352 1905 5391 re-

261 5424 642 5496 promittitur,
677 5425 777 5479 sed
810 5424 869 5479 in
901 5425 1015 5479 fine
1047 5423 1272 5479 mundi.
1303 5424 1487 5480 Judazi
1525 5424 1580 5478 in
1627 5425 1906 5497 principio

261 5529 323 5568 se
353 5513 613 5568 obtinere
642 5517 1014 5586 putaverunt,
1045 5531 1150 5569 nos
1182 5513 1237 5568 in
1267 5514 1437 5568 finem
1467 5515 1904 5586 consequimur.

262 5599 424 5657 Unde
456 5601 598 5656 dicit
626 5609 682 5657 et
711 5602 1010 5674 apostolus
1041 5603 1296 5658 Joannes
1329 5619 1340 5656 :
1374 5604 1578 5668 Filio/2',
1611 5605 1903 5657 verissima

263 5689 395 5747 hora
445 5694 523 5746 est
573 5692 620 5764 (1
645 5693 799 5748 Joan.
839 5709 900 5765 ιι,
936 5692 1041 5762 18).
1095 5693 1156 5747 In
1213 5691 1529 5748 novissima
1575 5708 1711 5762 ergo
1766 5691 1906 5746 hora

2019 4714 2167 4787 gula:
2216 4713 2421 4768 litterae
2481 4716 2722 4768 octonos
2770 4728 2974 4766 versus
3021 4710 3324 4766 habeant:
3375 4711 3669 4783 quomodo

2019 4803 2354 4875 quindecim
2384 4800 2594 4873 psalmi
2621 4805 2760 4855 sunt
2782 4800 3094 4872 graduum,
3119 4799 3412 4870 quomodo
3442 4802 3667 4872 septem

2018 4897 2075 4946 et
2131 4897 2258 4946 octo
2318 4894 2475 4959 sunt,
2528 4888 2820 4960 quomodo
2883 4886 3260 4943 Ecclesiastes
3317 4887 3492 4952 dicat.
3536 4890 3670 4944 Date

2016 4984 2231 5052 partem
2273 4987 2495 5049 septem,
2530 4983 2578 5030 et
2626 4978 2750 5032 date
2796 4979 3013 5047 partem
3055 4983 3167 5030 orto
3199 4977 3421 5046 (Eccles.
3452 4993 3529 5048 x1,
3561 4980 3616 5045 2)
3652 4993 3664 5033 :

2020 5069 2311 5140 quomodo
2360 5064 2660 5121 orientalis
2713 5070 2877 5137 porta
2932 5065 2985 5118 in
3022 5063 3280 5120 Ezechiel
3328 5065 3538 5122 habeat
3576 5082 3669 5123 se-

2021 5162 2176 5230 ptem
2229 5156 2449 5226 gradus
2500 5160 2556 5209 et
2610 5160 2736 5208 octo
2787 5153 3000 5221 (Et-ecta.
3035 5171 3124 5220 XL,
3154 5156 3245 5219 22,
3280 5155 3392 5224 31),
3423 5153 3667 5228 longum

2018 5251 2104 5302 est
2155 5247 2364 5315 dicere,
2397 5243 2690 5316 quomodo
2738 5247 2974 5297 octavus
3005 5247 3092 5298 est
3123 5243 3193 5296 de
3225 5241 3361 5298 filiis
3391 5243 3526 5300 Isaii
3557 5244 3668 5300 Da-

2016 5335 2131 5406 vid,
2159 5334 2255 5405 qui
2290 5334 2513 5404 accepit
2545 5348 2810 5403 regnum.
2837 5331 2952 5386 Hoc
2976 5336 3060 5386 est
3086 5332 3240 5402 quod
3277 5349 3431 5388 nunc
3452 5332 3670 5390 dicitur

2020 5442 2121 5496 pro
2153 5427 2392 5488 octava;
2422 5421 2480 5476 in
2510 5426 2711 5476 octava
2734 5421 2889 5475 enim
2926 5437 3030 5475 nos
3061 5421 3392 5492 accepimus
3423 5436 3669 5493 regnum

2017 5511 2316 5582 cmlorum,
2353 5510 2506 5566 unde
2557 5508 2741 5564 dicit:
2796 5510 3046 5574 Domine,
3090 5526 3157 5565 ne
3201 5514 3396 5582 furore
3440 5519 3531 5565 tuo
3579 5525 3672 5563 ar-

2014 5620 2148 5672 guas
2180 5618 2286 5667 nm,
2319 5615 2490 5670 neque
2519 5599 2576 5652 in
2606 5601 2690 5651 ira
2721 5607 2817 5652 tua
2857 5600 3130 5669 corripias
3159 5615 3246 5653 me
3279 5598 3448 5670 (Psal.
3482 5615 3558 5668 vn,
3589 5597 3667 5668 2).

2013 5692 2120 5746 Sed
2172 5689 2450 5762 quoniam
2494 5689 2564 5742 de
2596 5688 2826 5743 duobus
2857 5687 3102 5760 psalmis
3135 5687 3351 5759 pariter
3380 5686 3667 5760 interpre-
