3992 6194
428 335 581 400 1363

1926 328 2345 393 APPENDIX.

3609 336 3712 442 {itit

422 469 538 528 tari
586 485 700 526 non
750 482 1087 541 possumus,
1123 464 1340 520 sufficit
1379 463 1546 520 nobis
1579 463 1647 517 de
1681 462 1822 519 sexti
1855 461 2065 535 psalmi
2102 464 2155 529 Α
2184 470 2239 520 et
2269 465 2427 523 aliud
2458 466 2860 524 testimonium
2893 482 2965 523 ne
2993 465 3258 523 dubitare
3287 465 3565 540 possimus.
3586 449 3717 528 Seme‘

426 559 598 617 titulo
628 558 980 630 disputasse.
1012 555 1177 611 Nunc
1207 553 1511 610 veniamus
1540 554 1611 609 ad
1645 552 1878 625 septimi
1926 551 2081 624 psal-

431 648 510 706 mi
542 647 866 714 exordium,
901 645 1055 718 quod
1087 645 1167 699 ita
1214 643 1417 714 incipit
1448 659 1458 697 :
1515 665 1541 691 «
1579 642 1848 698 Psalmus
1896 641 2075 696 David

431 754 606 813 quem
657 735 910 792 cantavit
961 733 1200 790 Domino
1249 749 1351 804 pro
1400 731 1590 786 verbis
1619 731 1797 786 Chusi
1843 729 1944 801 ﬁlii
1977 730 2079 785 Je-

432 827 600 886 mini.
637 849 663 875 »
717 825 924 880 Multos
972 822 1112 888 scio,
1147 827 1203 877 et
1252 824 1403 876 certe
1434 820 1868 875 eruditissimos
1901 819 2076 888 viros,

432 919 592 974 hunc
621 913 858 970 titulum
895 912 975 966 ita
1005 911 1413 982 interpretatos
1446 909 1626 964 fuisse
1663 926 1675 964 :
1730 910 1831 975 Eo,
1864 907 2075 979 inquit,

430 1011 692 1078 tempore
714 1019 830 1074 quo
860 1000 1114 1056 surrexit
1135 997 1387 1054 Absalon
1423 1003 1625 1053 contra
1648 997 1823 1052 David
1853 1000 2076 1069 patrem

421 1110 608 1150 suum
632 1093 846 1164 (quaeso
876 1107 976 1145 vos
1009 1094 1070 1144 ut
1101 1087 1418 1161 patientius
1450 1086 1722 1156 audiatis,
1749 1085 2080 1156 Scripturas

431 1181 588 1238 enim
635 1178 996 1252 interpretari
1051 1177 1340 1241 volumus,
1404 1193 1517 1230 non
1578 1175 1950 1245 declamare).
2002 1176 2078 1229 Eo

435 1271 618 1345 igitur
645 1273 903 1342 tempore
938 1285 1052 1340 quo
1084 1266 1336 1322 surrexit
1367 1264 1616 1320 Absalon
1650 1270 1848 1319 contra
1881 1263 2078 1334 David,

434 1377 589 1415 unus
621 1361 693 1414 de
726 1357 929 1413 amicis
957 1355 1128 1411 David
1161 1353 1394 1410 nomine
1418 1353 1597 1408 Chusi
1626 1352 1808 1408 voluit
1843 1353 1925 1407 ire
1947 1369 2078 1406 cum

434 1447 638 1516 David,
662 1447 758 1503 sed
789 1444 967 1501 David
1001 1444 1228 1500 remisit
1257 1459 1389 1498 eum
1423 1443 1494 1497 ad
1520 1441 1795 1509 Absalon,
1825 1445 1888 1495 ut
1907 1439 2079 1496 Achi-

432 1536 632 1610 t0phel
687 1534 931 1591 consilia
975 1533 1304 1604 dissiparet.
1340 1533 1414 1587 Eo
1462 1536 1720 1602 tempore
1772 1548 1884 1603 quo
1917 1529 2081 1584 Achi-

431 1625 630 1698 tophel
659 1625 821 1679 dedit
872 1622 1183 1678 consilium
1237 1626 1303 1675 ut
1334 1619 1587 1675 Absalon
1638 1621 1834 1674 statim
1886 1635 2080 1691 perse-

435 1717 714 1787 queretur
759 1712 934 1768 David
983 1712 1360 1782 imparatum,
1396 1713 1450 1763 et
1500 1709 1850 1764 interficeret
1895 1725 2028 1763 eum
2066 1725 2078 1762 :

435 1803 616 1861 Chusi
644 1817 780 1874 ergo
812 1800 972 1856 dedit
1001 1798 1335 1864 consilium,
1359 1802 1416 1852 et
1447 1797 1750 1868 dissipavit
1770 1795 2078 1852 consilium

435 1890 800 1963 Achitopbel,
836 1893 892 1944 et
932 1888 1099 1944 misit
1133 1889 1254 1959 ipse
1287 1886 1560 1941 nuntium
1591 1886 1768 1941 Chusi
1800 1887 1871 1940 ad
1905 1885 2082 1941 David

437 1979 659 2048 dicens,
711 2001 738 2026 ‹‹
774 1977 902 2032 Haec
953 1979 1010 2031 et
1059 1975 1178 2030 haec
1228 1979 1515 2047 praeparat
1555 1973 1807 2029 Absalon
1857 1973 1925 2044 (II
1957 1975 2083 2044 Reg.

433 2085 528 2139 xv,
562 2067 773 2138 32-37).
807 2088 835 2116 »
880 2066 946 2120 Et
975 2063 1144 2136 caspit
1174 2064 1370 2136 fugere
1403 2063 1599 2129 David,
1635 2069 1691 2118 et
1720 2079 2082 2135 praeparare;

435 2173 502 2213 eo
551 2160 812 2228 tempore
861 2171 976 2226 quo
1007 2153 1184 2209 Chusi
1236 2153 1535 2208 mandavit
1573 2153 1748 2213 verba
1779 2153 1848 2207 ad
1886 2151 2082 2217 David,

435 2244 613 2301 David
645 2243 901 2300 cantavit
949 2241 1241 2314 psalmum
1292 2242 1472 2297 istum
1507 2240 1770 2310 Domino,
1805 2240 2085 2312 quoniam

433 2331 777 2406 Acbitophel
820 2330 1062 2387 consilia
1094 2335 1232 2386 sunt
1262 2330 1566 2402 dissipata.
1602 2330 1719 2385 Hoc
1748 2329 1830 2384 illi
1861 2328 2084 2396 dicunt,

437 2430 492 2479 et
523 2438 724 2478 revera
754 2418 1175 2475 rationabiliter
1205 2423 1625 2474 enarraverunt
1657 2436 1667 2473 :
1717 2419 1816 2474 sed
1849 2417 2089 2489 diligen-

437 2515 530 2567 ter
570 2509 834 2582 legamus
861 2507 1217 2580 Scripturas,
1250 2507 1330 2562 ibi
1362 2508 1517 2562 enim
1551 2507 1631 2561 ita
1661 2507 1945 2578 scriptum
1976 2509 2084 2568 est,

439 2597 716 2672 quoniam
760 2597 870 2652 iste
918 2595 1094 2652 Chusi
1151 2595 1308 2650 filius
1364 2596 1440 2649 sit
1485 2595 1786 2650 Arachitae.
1823 2596 1961 2649 Inde
1992 2594 2087 2649 ille

437 2686 615 2744 Chusi
669 2702 772 2760 per
821 2685 995 2740 aliam
1044 2684 1297 2740 litteram
1350 2684 1628 2739 scribitur
1658 2685 1716 2738 in
1751 2685 2084 2756 Regnorum

436 2775 586 2832 libro
623 2793 635 2831 :
686 2774 766 2829 ibi
815 2774 971 2830 Cbus
1020 2791 1123 2846 per
1165 2788 1385 2830 SAMECH
1436 2773 1731 2841 scribitur,
1767 2772 1860 2827 hic
1891 2778 2085 2827 autem

439 2865 598 2922 Cbus
649 2881 752 2936 per
797 2880 889 2918 sm
938 2863 1192 2918 litteram
1237 2862 1532 2918 scribitur.
1567 2862 1787 2917 Deinde
1817 2861 1913 2917 ille
1947 2861 2088 2916 Chus

440 2954 598 3010 ﬁlius
647 2953 886 3014 Arachi;
942 2953 1094 3007 unde
1143 2952 1315 3007 multi
1373 2952 1702 3008 Griecorum
1764 2951 2088 3007 nescientes

437 3041 662 3116 legunt,
705 3065 733 3093 «
768 3041 946 3099 Chusi
977 3040 1202 3097 amicus
1234 3041 1433 3096 David.
1467 3063 1494 3089 ι»
1528 3041 1747 3096 Videtis
1775 3057 1911 3113 ergo
1943 3056 2085 3111 quo-

440 3131 602 3187 niam
632 3135 688 3186 et
718 3130 777 3185 in
809 3129 1052 3186 lectione
1084 3133 1280 3184 errant
1307 3129 1504 3184 Graeci.
1538 3129 2082 3184 Manifestissimum

2189 556 2284 611 ille
2317 557 2413 628 qui
2445 557 2501 612 in
2538 561 2730 613 monte
2761 556 2963 613 Oliveti
2995 572 3058 612 eo
3089 560 3346 628 tempore
3382 559 3578 628 quando
3603 559 3718 616 David

2191 645 2446 718 fugiebat
2476 646 2661 701 filium
2693 663 2865 701 suum
2902 645 3237 708 Abessalon,
3269 645 3401 700 dicit
3427 645 3521 702 boc
3545 647 3722 720 Scriptu-

2190 728 2248 789 ra
2284 752 2294 790 :
2349 737 2410 790 Et
2455 753 2592 805 ecce,
2626 735 2838 808 inquit,
2870 735 3044 790 Semei
3097 735 3162 789 de
3219 737 3514 803 cognatione
3551 737 3648 792 Saut
3682 740 3722 795 de

2187 825 2338 880 tribu
2371 825 2682 896 Benjamin.
2720 829 2782 882 Et
2812 823 3038 895 lapides,
3069 823 3282 896 inquit,
3314 824 3533 894 jaciebat
3572 829 3617 879 in
3651 827 3720 881 Da-

2191 913 2299 983 vid,
2331 922 2382 969 et
2407 913 2620 969 dicebat
2648 936 2666 968 .-
2703 914 2998 984 Egredere,
3020 912 3292 983 egredere,
3326 914 3407 967 vir
3430 916 3723 984 sanguinaria:

2189 1003 2262 1073 (II
2288 1005 2558 1074 Reg.'xv1,
2589 1004 2736 1073 5-7).
2773 1004 2848 1058 Eo
2897 1007 3158 1074 tempore
3207 1002 3431 1073 quando
3474 1002 3588 1056 dicit
3624 1021 3722 1058 unus

2190 1092 2259 1147 de
2288 1093 2536 1148 ducibus
2569 1094 2697 1164 ejus
2730 1092 2964 1147 nomine
2993 1090 3190 1146 Abisai
3225 1107 3238 1144 :
3279 1090 3480 1157 Vadam,
3507 1090 3666 1163 inquit,
3690 1102 3721 1146 rt

2189 1182 2521 1251 interﬁciam
2549 1199 2697 1248 eum,
2731 1181 2869 1252 quid
2902 1180 3041 1234 dicit
3069 1179 3121 1234 ei
3153 1179 3325 1234 David
3353 1179 3378 1233 ?
3427 1180 3545 1247 Quid
3577 1180 3676 1235 mihi
3695 1185 3727 1234 et

2189 1273 2358 1335 vobis,
2403 1272 2511 1340 filii
2544 1271 2753 1326 Sarvias
2785 1270 2943 1340 (Ibid.
2967 1271 3022 1336 9,
3055 1270 3142 1339 10)
3163 1268 3192 1323 7
3222 1270 3289 1323 Et
3315 1284 3454 1333 ecce,
3483 1269 3644 1340 inquit,
3662 1271 3724 1340 qui

2189 1360 2260 1415 de
2289 1359 2508 1416 lumbis
2541 1361 2686 1415 meis
2717 1375 2989 1432 egressus
3020 1362 3128 1425 est,
3159 1362 3372 1430 pugnat
3399 1362 3569 1412 contra
3592 1375 3674 1422 me,
3693 1364 3727 1412 et

2192 1448 2486 1503 miramini
2520 1449 2569 1503 si
2604 1447 2760 1502 filius
2789 1447 3021 1513 Jemini,
3056 1447 3165 1501 hoc
3197 1451 3302 1513 est,
3333 1461 3397 1500 ex
3424 1445 3555 1500 tribu
3588 1445 3726 1516 Benja-

2192 1538 2336 1607 min,
2371 1538 2441 1593 de
2488 1538 2646 1592 tribu
2694 1536 2853 1604 Saul,
2888 1537 2986 1607 qui
3037 1536 3149 1590 fuit
3201 1534 3457 1590 inimicus
3484 1535 3723 1605 (Ibid.lt)i

2191 1627 2308 1682 Hoc
2339 1631 2528 1682 totum
2562 1643 2742 1698 quare
2773 1624 2937 1680 dixi?
2987 1629 3051 1679 ut
3096 1625 3451 1680 ostenderem
3473 1623 3641 1678 Jemini
3662 1623 3725 1676 tri-

2191 1715 2331 1769 bum
2382 1731 2510 1770 esse
2543 1713 2870 1785 Benjamin.
2909 1712 3174 1768 Diximus
3219 1712 3354 1784 quid
3402 1711 3470 1766 sit
3494 1710 3724 1781 Benjamin,

2192 1803 2451 1859 diximus
2504 1819 2714 1858 nomen
2763 1802 2969 1875 patris,
2997 1801 3303 1874 videamus
3344 1799 3469 1871 quid
3515 1800 3575 1854 sit
3610 1799 3725 1853 Chusi

2194 1891 2350 1947 ﬁlius
2407 1892 2643 1948 Jemini.
2688 1891 2831 1946 Chus
2879 1891 3085 1964 lingua
3137 1890 3365 1946 Hebraea
3416 1889 3723 1959 interpretatur

2193 1981 2458 2053 /Ethiops,
2491 1981 2600 2036 hoc
2648 1985 2738 2036 est
2782 1982 2946 2051 niger
2997 1983 3055 2034 et
3105 1979 3419 2034 tenebrosus.
3449 1976 3637 2042 Qualem
3658 1975 3724 2030 ha-

2193 2072 2292 2126 bet
2339 2070 2620 2140 animam,
2653 2069 2824 2141 quale
2877 2073 2935 2125 et
2983 2085 3220 2141 corpus,
3252 2069 3322 2123 de
3362 2083 3464 2138 quo
3498 2064 3610 2120 dicit
3628 2066 3720 2119 leis-

2196 2159 2390 2214 mias:
2445 2159 2504 2214 Si
2545 2161 2782 2213 mutabit
2811 2157 3056 2229 Ethiops
3102 2157 3297 2229 pellem
3343 2152 3724 2225 suam,etparrlus

2194 2249 2528 2302 varietatem
2575 2265 2733 2302 suam
2761 2249 2988 2314 (Jerem.
3020 2263 3150 2314 xm,
3183 2247 3293 2311 23).
3324 2245 3456 2317 Ergo
3502 2242 3576 2297 hic
3610 2239 3724 2297 Chusi

2196 2337 2431 2409 nigrum
2478 2341 2532 2391 et
2565 2337 2913 2409 Ethiopem,
2948 2335 3262 2390 inimicum
3295 2349 3452 2388 suum
3477 2329 3654 2387 Saulem
3675 2328 3726 2382 si-

2195 2426 2454 2498 gnificat.
2488 2427 2560 2480 Et
2607 2425 2747 2480 dicit
2797 2425 2927 2495 hoc,
2963 2425 3262 2496 quomodo
3316 2421 3538 2492 )Ethiops
3575 2423 3727 2473 mutare

2198 2531 2313 2569 non
2345 2519 2539 2587 potest
2570 2514 2778 2585 pellem
2818 2532 2829 2569 :
2882 2515 2964 2568 ita
2993 2518 3052 2568 et
3096 2513 3208 2568 iste
3238 2527 3415 2567 mores
3441 2525 3552 2564 suos
3575 2510 3727 2561 mutare

2196 2620 2309 2658 non
2344 2607 2554 2674 potest.
2594 2604 2645 2658 Is
2694 2603 2851 2658 venit
2899 2602 2958 2656 in
3011 2618 3227 2656 manus
3281 2616 3443 2666 meas,
3471 2594 3725 2670 potuiteum

2195 2692 2478 2762 occidere,
2512 2693 2682 2763 cujus
2715 2691 2901 2763 potuit
2949 2690 3304 2763 sanguinem
3351 2687 3588 2743 fundere:
3624 2678 3725 2734 volui

2196 2796 2329 2835 eum
2362 2796 2640 2852 superare
2672 2779 2974 2846 beneﬁcio,
3005 2779 3113 2835 sed
3146 2777 3363 2834 malitia
3389 2776 3497 2847 ejus
3517 2770 3625 2827 vinci
3646 2784 3720 2824 non

2196 2872 2403 2940 potest.
2457 2868 2755 2933 Quomodo
2822 2868 2979 2923 enim
3036 2867 3308 2939 Ethiops
3369 2863 3517 2937 pelles
3565 2863 3720 2914 mutare

2187 2974 2311 3012 non
2345 2961 2553 3029 potest,
2586 2957 2669 3012 ita
2697 2962 2754 3012 et
2792 2955 2954 3013 illius
2986 2956 3219 3012 malitia
3248 2952 3441 3010 mutari
3470 2966 3557 3006 non
3580 2946 3717 3020 potest.

2196 3045 2458 3117 Denique
2511 3045 2649 3117 quid
2702 3045 2886 3100 dicit:
2949 3047 3190 3100 Domine
3243 3049 3374 3100 Deus
3413 3055 3552 3108 meus,
3587 3036 3620 3089 εἰ
3655 3034 3722 3102 [εει

2198 3134 2361 3205 istud,
2394 3134 2501 3190 hoc
2547 3138 2654 3201 est,
2687 3134 2735 3188 si
2790 3133 2894 3188 feci
2939 3133 3022 3188 illi
3081 3133 3297 3206 aliquid
3349 3128 3486 3185 mali.
3511 3126 3557 3181 Si
3575 3126 3630 3178 est
3651 3121 3722 3174 ini-

438 3236 576 3294 ergo
599 3223 688 3275 est
709 3219 1033 3275 secundum
1059 3217 2084 3292 regulamScripturarum,quoniam
2116 3203 2158 3269 C
2197 3203 2379 3295 quitus
2425 3225 2485 3277 in
2534 3222 2793 3277 manibus
2844 3224 2998 3287 meis,
3048 3225 3106 3276 si
3153 3203 3362 3277 reddidi
3410 3209 3722 3272 retribuentilms

439 3307 538 3365 ille
565 3307 744 3364 Chusi
775 3307 934 3362 filius
967 3311 1055 3363 est
1082 3307 1314 3375 Aracbi,
1349 3307 1460 3362 iste
1491 3323 1623 3362 vero
1654 3307 1829 3362 Chusi
1877 3306 2090 3360 dicitur

439 3397 678 3455 Jemini.
727 3397 876 3461 Quia
923 3395 1178 3451 diximus
1229 3394 1395 3450 illum
1445 3395 1621 3450 Chusi
1674 3395 1854 3450 fuisse
1902 3394 2088 3450 ﬁlium

438 3486 670 3557 Arachi,
695 3485 829 3558 quis
863 3490 952 3540 est
984 3484 1093 3540 iste
1120 3484 1337 3540 Jemini
1360 3484 1387 3538 ?
1417 3485 1488 3539 Et
1517 3485 1799 3540 debemus
1821 3484 2092 3556 spiritua-

439 3575 598 3632 libus
655 3574 988 3647 spiritualia
1044 3579 1451 3646 comparantes
1510 3573 1766 3628 invenire
1834 3573 2091 3629 nominis

441 3662 616 3718 istius
667 3661 951 3734 regulam.
985 3662 1090 3718 Ubi
1143 3662 1475 3717 invenimus
1524 3662 1583 3716 in
1628 3662 1963 3733 Scripturis,
1995 3664 2088 3717 Je-

440 3751 634 3806 mini?
666 3749 915 3804 Dubium
949 3766 1064 3804 non
1093 3755 1181 3806 est
1203 3751 1344 3822 quin
1375 3752 1564 3806 tribus
1595 3769 1712 3807 una
1743 3751 1819 3807 sit
1848 3752 1918 3806 de
1949 3752 2092 3806 duo-

440 3838 650 3907 decim,
675 3837 910 3893 nomine
934 3838 1260 3909 Benjamin.
1289 3841 1707 3910 Interpretatur
1727 3845 1921 3895 autem
1947 3841 2090 3896 Ben-

431 3928 646 4002 jamin,
668 3928 823 3998 ﬁlius
840 3927 1068 3982 dextra.
1099 3927 1176 3982 Eo
1203 3927 1360 3980 enim
1385 3932 1645 3999 tempore
1675 3930 1910 3999 quando
1942 3947 2092 3984 mor-

437 4022 542 4074 tua
562 4022 653 4074 est
676 4015 890 4072 Rachel
916 4016 975 4071 in
998 4015 1252 4088 Ephrata
1275 4015 1481 4084 (oculis
1506 4017 1720 4071 nostris
1751 4016 2086 4089 sepulcrum

437 4106 717 4178 vidimus,
748 4105 1015 4178 exempla
1063 4123 1179 4160 non
1227 4105 1592 4178 querimus).
1626 4106 1703 4160 Eo
1735 4105 1914 4178 igitur
1942 4111 2090 4161 tem-

438 4212 580 4268 pore
629 4195 863 4267 quando
921 4195 1282 4250 moriebatur
1329 4193 1562 4261 Rachel,
1596 4194 1837 4266 peperit,
1872 4195 2087 4266 inquit,

437 4284 748 4353 infantem,
781 4288 837 4340 et
885 4288 1238 4338 vocaverunt
1288 4300 1500 4338 nomen
1550 4284 1738 4356 ipsius
1789 4283 2086 4351 mulieres,

438 4373 560 4429 sive
588 4372 718 4445 ipsa
747 4390 874 4445 quae
919 4372 1300 4443 moriebatur,
1338 4375 1567 4440 Benoni,
1600 4372 1657 4427 id
1690 4377 1778 4428 est
1805 4371 1967 4444 ﬁlius
1995 4373 2088 4428 do-

437 4463 572 4518 loris
614 4463 725 4518 mei
769 4461 920 4533 (Gen.
971 4478 1135 4531 xxxv,
1194 4463 1301 4533 18).
1353 4463 1687 4516 Econtrario
1735 4479 1867 4517 vero
1913 4462 2088 4517 Jacob

2196 3313 2341 3367 mihi
2367 3313 2536 3366 mata.
2569 3311 2715 3366 Vide
2746 3310 2882 3382 quid
2925 3311 3091 3365 dicat
3124 3329 3136 3366 :
3190 3313 3302 3383 Ego
3353 3324 3442 3380 pro
3476 3301 3603 3360 malis
3623 3299 3723 3352 bona

2199 3399 2447 3469 reddidi,
2473 3399 2569 3456 ille
2601 3416 2704 3471 pro
2736 3387 2905 3454 b'onis
2937 3398 3114 3455 mala.
3155 3399 3495 3455 Manifestum
3519 3385 3721 3458 estigitur

2199 3488 2478 3562 quoniam
2512 3494 2718 3544 contra
2747 3488 2884 3544 Saul
2915 3487 3190 3558 psalmus
3221 3492 3322 3544 est.

2785 3577 3120 3633 PSALMUS
3171 3578 3263 3633 IX.

2269 3666 2440 3722 Jesus
2473 3664 2630 3720 filius
2659 3666 2813 3720 Nave
2860 3668 3168 3738 pugnabat
3217 3666 3271 3720 in
3320 3675 3503 3721 eremo,
3529 3659 3569 3710 et
3587 3650 3711 3719 Moyse

2200 3758 2421 3826 orante,
2456 3754 2769 3826 superabat
2802 3772 2815 3808 :
2868 3754 3022 3810 alius
3072 3754 3381 3828 pugnabat,
3410 3747 3531 3804 alius
3561 3743 3601 3795 in
3632 3750 3712 3828 ora:

2200 3845 2357 3898 tione
2405 3820 2688 3898 vincebat.
2725 3843 2809 3898 Ita
2853 3847 2910 3898 et
2958 3820 3092 3915 ego-
3121 3820 3426 3898 secundum
3467 3831 3577 3889 illud
3609 3820 3710 3915 quod

2201 3933 2482 4004 scriptum
2515 3936 2625 3996 est,
2686 3957 2707 3981 «
2743 3932 2902 4004 aperi
2937 3911 3229 3998 os‘tuum,
3264 3938 3316 3986 et
3344 3923 3548 3998 implebo
3576 3911 3714 4005 illud“):

2201 3997 2374 4092 (Psa'z.
2412 4038 2574 4089 LXXX,
2607 4021 2732 4090 11):
2767 3997 2872 4093 ego
2904 4021 3147 4093 quidem
3179 4018 3331 4090 loqui
3361 3997 3534 4073 νίάθοτν
3557 4001 3627 4059 εδδ
3649 3997 3712 4093 ⁸¹ίῘ

2201 4082 2339 4166 sunt
2359 4082 2573 4182 quibus
2595 4082 3169 4182 orantibus,-loquor.
3185 4082 3374 4163 Nonus
3395 4099 3588 4174 psalmus
3602 4082 3708 4184 ςυοά

2200 4215 2233 4252 a
2261 4199 2424 4253 vobis
2456 4202 2726 4252 cantatus
2757 4200 2848 4252 est
2883 4198 3149 4266 Domino,
3183 4193 3408 4269 grandis
3434 4190 3475 4243 in
3508 4175 3704 4235 versibus.

2195 4287 2435 4358 grandis
2481 4291 2569 4350 est
2618 4287 2676 4340 in
2723 4285 3037 4358 mysteriis.
3071 4283 3346 4350 Quoniam
3379 4294 3470 4334 non
3493 4271 3710 4358 possumus

2198 4347 2269 4430 de
2301 4347 2574 4430 omnibus
2605 4347 2926 4447 disputare,
2953 4347 3172 4430 sufﬁcit
3203 4370 3417 4428 interim
3444 4365 3498 4419 de
3521 4352 3641 4413 titulo

2199 4481 2325 4519 cere
2384 4465 2662 4535 quoniam
2731 4482 2840 4519 non
2910 4480 3228 4536 possumus
3291 4461 3496 4515 domum
3545 4435 3713 4514 ίοετθὼν

440 4555 608 4625 pater
629 4551 890 4607 dolorem
920 4550 1124 4605 matris
1152 4550 1322 4606 vertit
1351 4551 1409 4604 in
1433 4550 1700 4622 gloriam,
1722 4555 1778 4605 et
1808 4568 1921 4606 non
1955 4568 2088 4606 eum
2122 4569 2166 4632 Ι)
2198 4553 2416 4625 grande
2447 4556 2534 4607 est
2564 4552 2721 4608 enim
2775 4553 2927 4623 regis
2972 4551 3274 4624 palatium,
3308 4558 3469 4616 neque
3493 4536 3714 4632 ρᾳεεξιξξῖιξθ

434 4645 602 4696 vocat
633 4639 873 4710 Benoni,
907 4640 1014 4694 hoc
1042 4643 1151 4695 .est
1196 4640 1346 4708 ﬁlius
1394 4639 1600 4694 doloris
1640 4641 1768 4705 mei,
1803 4640 1901 4695 sed
1947 4645 2089 4695 Ben-
2122 4609 2165 4632 υ
2198 4641 2398 4696 omnia
2431 4641 2583 4713 regis
2614 4641 2762 4696 scire
2795 4609 3089 4712 mysteria,
3121 4638 3343 4695 interim
3375 4627 3512 4704 quasi
3537 4623 3580 4713 in
3603 4609 3716 4671 ίὶῑυῙο

318 4783 337 4799 ο
435 4731 616 4797 ia-min
659 4728 818 4800 (Ibid.
828 4745 866 4800 ),
899 4728 1007 4783 hoc
1061 4734 1149 4783 est
1201 4729 1351 4797 ﬁlius
1398 4729 1635 4793 dextrae,
1685 4728 1793 4783 hoc
1841 4734 1929 4784 est
1975 4731 2090 4784 vir-

439 4820 576 4874 tutis
609 4834 764 4874 meae.
795 4817 1098 4888 Benjamin
1134 4816 1313 4890 igitur
1341 4833 1408 4872 ex
1439 4819 1668 4873 duobus
1701 4817 2088 4890 compositum

439 4924 654 4963 nomen
703 4911 812 4974 est,
846 4923 913 4962 ex
968 4906 1086 4960 ﬁlio
1135 4911 1193 4961 et
1241 4906 1459 4961 dextra.
1503 4908 1615 4961 Ben
1668 4907 1823 4960 enim
1877 4906 2094 4961 dicitur

439 4996 612 5067 ﬁlius,
645 4998 832 5051 lamin
876 4995 1092 5050 dicitur
1121 4995 1372 5050 dextera.
1407 4995 1674 5049 Sciamus
1705 4995 1885 5065 igitur
1933 5012 2090 5051 sem-

435 5100 540 5156 per
569 5085 789 5140 tribum
823 5084 1129 5156 Benjamin
1165 5083 1444 5156 appellari
1468 5083 1702 5139 Jemini.
1730 5084 2087 5156 Legimus‘in

438 5172 774 5245 Regnorum
803 5174 974 5243 libro,
1003 5190 1067 5230 eo
1098 5179 1358 5246 tempore
1385 5191 1501 5245 quo
1535 5175 1604 5228 de
1627 5173 1764 5230 Saul
1792 5173 2086 5242 scribitur,

448 5286 468 5311 σι
508 5262 576 5316 Et
622 5279 774 5332 ecce,
807 5263 1020 5336 inquit,
1052 5263 1138 5317 vir
1190 5265 1260 5318 de
1313 5262 1467 5317 tribu
1502 5262 1803 5332 Benjamin
1855 5264 2090 5319 nomine

439 5349 598 5415 Saul,
633 5347 812 5419 filius,
843 5350 1054 5422 inquit,
1087 5351 1242 5419 Cbis,
1276 5353 1432 5407 titius
1463 5351 1689 5416 Abibel,
1724 5351 1881 5406 tilius
1909 5353 2085 5422 Jetta,

436 5439 596 5495 filius
649 5438 867 5502 Jether,
904 5439 1058 5495 filius
1105 5441 1262 5508 Jera,
1313 5441 1466 5496 filius
1512 5440 1726 5496 Jemini
1775 5443 1821 5512 (I
1851 5442 1974 5511 Reg.
2009 5459 2086 5510 xx,

440 5530 514 5597 1).
543 5551 568 5577 ››
604 5530 669 5584 Et
702 5527 900 5586 statim
931 5527 1011 5582 ibi
1046 5529 1258 5585 dicitur
1287 5533 1374 5584 vir
1395 5533 1717 5598 Jeminaeus,
1750 5529 1858 5585 hoc
1889 5535 1994 5602 est,
2019 5531 2088 5586 de

437 5619 596 5674 tribu
648 5617 952 5682 Jeminaea,
975 5617 1082 5672 hoc
1114 5623 1217 5686 est,
1245 5620 1315 5674 de
1340 5619 1492 5674 tribu
1518 5619 1842 5690 Benjamin.
1867 5619 2085 5676 Demus

2201 4731 2432 4796 domne,
2468 4730 2526 4784 in
2556 4729 2683 4802 ipso
2712 4729 3024 4796 vestibulo,
3058 4731 3227 4800 cujus
3255 4727 3442 4781 domus
3468 4715 3528 4771 sit
3549 4709 3715 4802 demon-

2201 4787 2598 4873 strcmu's.«1n‘
2619 4819 2926 4890 ﬁnem,pro
2947 4787 3188 4873 occultis
3209 4814 3302 4869 lilii
3325 4806 3543 4883 psalmus
3554 4787 3715 4890 David."

2204 4930 2231 4954 α
2258 4909 2313 4962 In
2348 4909 2544 4978 finem,
2571 4931 2592 4958 ι
2633 4907 2786 4979 quod
2804 4881 3048 4975 dicitur,
3074 4923 3187 4962 non
3218 4881 3443 4976 pertinet
3463 4891 3519 4947 ad
3536 4881 3716 4979 Jucnlfos,

2200 4997 2299 5051 sed
2324 4997 2393 5050 ad
2424 4968 2733 5067 nos'qui.in
2759 4996 2931 5051 tinem
2957 4968 3428 5051 credidimusllle
3449 4979 3573 5055 prior
3591 4968 3713 5067 filius,

2201 5047 3165 5067 --ΜἿηηηη-ηην
3449 5047 3463 5055 ,

2201 5101 2306 5139 nos
2337 5084 2659 5139 novissimi.
2689 5085 2804 5139 Nos
2850 5100 2985 5156 ergo
3019 5085 3113 5155 qui
3146 5081 3200 5136 in
3235 5080 3389 5133 finem
3417 5047 3717 5156 sumus:

2201 5136 2800 5139 ’“-ἾΗ’”’““’“’“⁷““
2859 5136 2976 5156 "0‘
3028 5136 3077 5155 1'
3579 5143 3622 5156 Η

2200 5191 2361 5229 mum
2398 5173 2577 5228 istum
2601 5173 2882 5229 debemus
2915 5172 3132 5236 audire,
3159 5169 3291 5241 quia
3313 5164 3375 5221 ad
3406 5173 3489 5216 eos
3513 5164 3587 5223 qui
3610 5159 3653 5197 in
3674 5136 3716 5241 ﬁ:

2199 5280 2333 5317 nem
2364 5267 2503 5317 sunt
2530 5261 2795 5334 pertinet.
2831 5285 2858 5311 ‹‹
2893 5261 2999 5317 Pro
3033 5256 3266 5316 occultis
3293 5251 3404 5308 filii.
3436 5269 3458 5296 n
3492 5244 3597 5334 ῼυω

2197 5353 2318 5406 haec
2353 5317 2580 5406 acculta
2623 5351 2723 5404 tilii
2748 5350 2776 5403 ?
2827 5351 3163 5423 mysterium
3197 5343 3336 5417 quod
3365 5317 3712 5423 omnibus

2197 5440 2426 5497 saeculis
2482 5442 2666 5494 fuerat
2712 5411 3029 5505 occulium,
3064 5435 3223 5493 nobis
3264 5432 3316 5485 in
3346 5429 3493 5511 finem
3518 5411 3710 5511 ait“???

2197 5491 2303 5585 est:
2399 5491 3000 5594 Droroccultvis'tilii,
3017 5491 3095 5582 ,in
3121 5518 3377 5579 Hebraico
3404 5510 3542 5568 aliter

2196 5619 2254 5674 in
2284 5618 2562 5675 Hebraico
2586 5617 2742 5674 enim
2770 5583 2943 5673 habet
2962 5630 3214 5683 AL-no'ra,
3239 5605 3374 5681 quod
3397 5583 3708 5664 interpretatur
