3992 6194
245 384 412 449 1365

1434 382 1926 444 BltEVIAItIUM
1980 382 2050 443 IN
2098 382 2482 453 PSAI.MOS.

3510 352 3701 458 i366,

242 535 358 594 pro
385 520 599 576 morte:
627 516 692 575 al
722 517 877 575 enim
928 518 1143 575 dicitur
1169 534 1288 591 pro,
1315 519 1459 574 moth
1492 517 1705 573 dicitur
1733 534 1896 573 mors.
1930 519 1984 585 Α
2018 542 2044 567 ‹‹
2080 520 2147 573 Et
2182 521 2466 593 prepitius
2496 525 2618 576 esto
2651 518 2902 591 peccatis
2935 518 3150 574 nostris
3183 520 3415 590 propter
3445 530 3660 571 nomen

196 641 203 645 -
242 611 405 683 Ergo
436 625 540 682 pro
571 613 758 665 morte
782 609 1019 674 dicitur,
1053 625 1155 679 pro
1184 612 1369 663 morte
1400 624 1534 679 ergo
1566 608 1668 661 ﬁlii
1703 609 1759 661 in
1794 608 1899 661 He-

239 699 405 755 braeo
440 698 727 769 scriptum
761 702 867 753 est.
903 697 1303 769 Videteigitur
1321 697 1904 769 Septuagintalnter-

238 793 464 860 pretes,
493 786 594 858 qui
627 787 936 843 Ptolomaeo
968 787 1171 859 gentili
1205 786 1325 859 regi
1345 788 1898 858 interpretabantur,

238 881 304 933 et
335 877 551 931 durum
584 881 708 931 erat
736 876 929 931 dicere
969 881 1215 932 mortem
1268 875 1391 942 filii,
1451 876 1714 932 sciebant
1742 877 1899 932 enim

242 964 408 1036 quod
431 965 503 1019 de
518 963 663 1020 Filio
686 964 785 1021 Dei
808 964 1116 1021 diceretur.
1133 964 1423 1021 Videbant
1442 967 1724 1039 scriptum
1748 983 1897 1033 esse,

240 1057 305 1108 et
334 1056 532 1108 tamen
566 1053 849 1109 timebant
897 1054 993 1109 Dei
1026 1055 1238 1110 Filium
1279 1055 1467 1111 dicere
1497 1071 1627 1111 esse
1657 1056 1898 1111 moritu-

235 1158 400 1197 rum.
434 1142 553 1197 Hoc
582 1141 821 1198 interim
853 1143 923 1198 de
956 1143 1126 1199 titulo
1159 1144 1525 1217 disputatum
1558 1144 1656 1211 sit,
1688 1150 1744 1201 et
1775 1145 1900 1200 uni-

234 1247 449 1287 versus
480 1231 750 1304 psalmus
778 1233 851 1288 de
882 1239 1069 1289 morte
1099 1233 1417 1290 Salvatoris
1450 1234 1682 1289 dicitur.

316 1320 544 1377 Dicitur
573 1321 645 1377 de
673 1321 893 1378 Judaais
919 1339 931 1376 :
966 1346 993 1372 «
1028 1323 1090 1378 In
1122 1330 1331 1394 laqueo
1362 1324 1472 1380 isto
1504 1341 1678 1395 quem
1709 1330 1894 1379 teten-

240 1410 482 1479 derunt,
515 1413 975 1483 comprehensus
1006 1417 1095 1467 est
1123 1429 1225 1485 pes
1249 1430 1451 1468 eorum
1479 1439 1492 1481 ;
1527 1436 1553 1463 ››
1588 1414 1796 1468 deinde
1826 1414 1896 1468 de

233 1499 541 1555 vocatione
587 1500 875 1573 gentium,
930 1524 957 1551 «
1004 1519 1207 1558 omnes
1254 1507 1456 1574 gentes
1506 1520 1631 1573 quae
1691 1502 1893 1557 oblivi-

237 1592 491 1645 scuntur
520 1593 723 1645 Deum.
761 1612 789 1639 »
820 1592 891 1646 Et
922 1590 1306 1647 novissimum
1340 1597 1541 1647 contra
1571 1592 1891 1647 diabolum:

238 1697 270 1726 ‹‹
304 1675 427 1731 Non
459 1680 549 1733 est
579 1677 733 1733 Deus
765 1679 825 1733 in
856 1685 1169 1752 conspectu
1203 1681 1353 1751 ejus,
1380 1681 1541 1735 sedet
1572 1682 1629 1735 in
1664 1679 1894 1736 insidiis

233 1780 374 1820 eum
406 1764 705 1822 divitibus.
742 1790 764 1819 ι
805 1766 1071 1823 Infelices
1111 1769 1317 1824 divites
1348 1786 1481 1824 cum
1514 1770 1731 1842 quibus
1762 1769 1893 1824 dia-

234 1851 410 1909 bolus
440 1854 622 1910 sedet.
653 1856 911 1928 Denique
932 1858 1117 1913 videte
1134 1859 1272 1928 quid
1300 1857 1515 1913 dicitur
1536 1859 1607 1914 de
1630 1858 1883 1923 diabolo,

237 1962 268 1991 «
294 1942 465 1999 sedet
484 1943 543 1999 in
574 1943 803 2001 insidiis
824 1961 958 2001 cum
980 1946 1279 2004 divitibus.
1307 1969 1334 1997 »
1358 1948 1703 2019 Quicunque
1727 1947 1882 2002 enim

234 2030 402 2087 dives
428 2036 537 2100 est,
572 2034 685 2089 nisi
740 2052 1056 2107 pauperem
1113 2036 1469 2108 spoliaverit,
1538 2036 1698 2091 dives
1754 2053 1884 2092 esse

236 2136 354 2176 non
382 2126 593 2193 potest,
616 2127 921 2195 propterea
952 2124 1117 2189 dixit,
1141 2147 1167 2172 ι(
1198 2125 1360 2180 sedet
1398 2124 1457 2179 in
1490 2124 1721 2180 insidiis
1752 2141 1885 2179 cum

228 2208 533 2265 divitibus.
566 2230 593 2261 ι
664 2212 1145 2283 Quandocunque
1193 2213 1403 2269 divites
1457 2219 1889 2285 persequuntur

232 2296 618 2370 Christianos,
653 2300 962 2357 dicamus:
999 2301 1161 2357 sedet
1216 2302 1489 2358 diabolus
1548 2302 1606 2357 in
1658 2302 1890 2357 insidiis

238 2402 374 2441 cum
402 2386 701 2443 divitibus.

314 2496 341 2523 ‹‹
376 2475 701 2533 lnsidiatur
730 2482 795 2534 ut
827 2479 1015 2551 rapiat
1046 2497 1385 2553 pauperem,
1422 2498 1622 2553 rapere
1674 2498 1895 2554 paupe-

254 2578 379 2619 rem
410 2565 552 2621 dum
584 2567 825 2623 attrahit
866 2584 1020 2623 eum.
1054 2569 1117 2624 In
1166 2568 1374 2641 laqueo
1423 2586 1529 2625 suo
1560 2568 1899 2626 humiliabit

254 2667 412 2709 eum.
444 2675 473 2704 »
505 2655 624 2711 Hoc
652 2656 894 2729 impius,
929 2658 1038 2713 hoc
1077 2658 1363 2715 diabolus.
1415 2660 1735 2731 Pauperem
1782 2676 1897 2715 non

252 2743 448 2800 solum
480 2745 718 2812 divitiis,
752 2746 854 2801 sed
880 2751 939 2802 et
968 2747 1199 2820 spiritu,
1243 2749 1392 2805 beati
1426 2751 1581 2806 enim
1614 2767 1900 2823 pauperes

251 2833 485 2904 spiritu.
521 2856 549 2883 «
587 2836 647 2889 In
679 2834 887 2905 laqueo
918 2853 1024 2892 suo
1056 2836 1392 2893 humiliabit
1418 2856 1431 2905 ;
1454 2860 1482 2889 »
1508 2856 1682 2910 quem
1704 2839 1895 2895 ‘lSub-

252 2921 493 2977 auditur
512 2920 851 2995 pauperem.
874 2922 1072 2981 Videte
1092 2924 1232 2997 quid
1257 2925 1469 2982 dicitur
1485 2927 1513 2982 ‘l
1532 2927 1898 2996 Humiliabit,

253 3027 368 3066 non
401 3010 710 3067 interﬁciet
734 3030 746 3067 :
771 3029 903 3068 cum
924 3019 1118 3069 autem
1151 3015 1545 3072 humiliaverit
1561 3034 1896 3089 pauperem,

253 3098 583 3156 humiliatio
609 3101 886 3173 pauperis
934 3101 1105 3157 ruina
1137 3109 1226 3160 est
1275 3105 1512 3161 diaboli.
1562 3107 1708 3172 Quid
1742 3107 1898 3162 enim

253 3188 567 3260 sequitur?
595 3212 621 3239 «
654 3189 965 3246 Inclinabit
994 3208 1078 3257 se,
1109 3197 1168 3248 et
1196 3195 1358 3249 cadet
1390 3196 1530 3251 dum
1563 3196 1902 3253 dominatus

255 3277 431 3333 fuerit
459 3294 804 3350 pauperum.
841 3305 863 3332 ι
908 3280 1111 3337 Nonne
1140 3281 1304 3339 vobis
1359 3285 1587 3341 videtur
1632 3285 1867 3341 diabolu

254 3365 313 3422 in
372 3367 777 3439 persecutione
851 3371 1085 3441 quando
1159 3373 1445 3429 occideret
1516 3375 1900 3447 Christianos,

256 3454 492 3527 quando
523 3455 877 3512 interﬁceret
907 3462 1211 3530 martyres,
1264 3461 1323 3515 in
1382 3478 1447 3517 eo
1506 3464 1689 3517 occidi
1744 3463 1901 3535 quod

257 3542 654 3599 interficeret?
684 3545 994 3601 Inclinabit
1023 3564 1104 3615 se,
1138 3553 1195 3603 et
1224 3550 1390 3605 cadet
1410 3552 1550 3605 dum
1582 3551 1906 3607 dominabi-

255 3638 353 3688 tur
381 3634 997 3709 pauperum?Martyr
1053 3637 1280 3693 occisus
1338 3638 1397 3693 in
1456 3640 1668 3695 cmlum
1723 3642 1901 3710 vadit,

256 3720 352 3777 ille
382 3722 650 3778 occidens
681 3724 1047 3793 bumiliatur,
1081 3731 1138 3781 et
1167 3728 1353 3784 cadet.
1399 3729 1516 3785 Hoc
1568 3730 1799 3787 interim
1832 3732 1903 3785 de

258 3810 485 3881 psalmo
515 3810 767 3866 breviter
788 3814 1152 3885 disputatum
1176 3822 1265 3871 est
1286 3833 1389 3889 pro
1420 3818 1666 3875 occultis
1686 3819 1812 3887 filii,
1849 3824 1905 3875 et

258 3897 365 3953 hoc
393 3897 617 3953 dictum
657 3906 747 3954 est
794 3900 851 3954 in
902 3902 1092 3956 Veteri
1150 3903 1560 3960 Testamento:
1620 3906 1681 3960 in
1713 3906 1905 3961 Veteri

258 3986 414 4041 enim
446 3988 843 4055 Testamento,
873 3990 943 4045 de
987 3989 1105 4045 {ilio
1137 3991 1360 4047 occulte
1391 3993 1626 4059 dicitur,
1661 4012 1814 4049 nunc
1845 3995 1903 4049 in

260 4074 568 4147 Evangelia
598 4074 865 4149 legamus
896 4078 1224 4146 manifeste,
1252 4081 1321 4136 de
1355 4082 1677 4139 manifestis
1709 4083 1830 4138 lilii.

752 4166 1082 4241 PSALMUS
1116 4169 1405 4228 LXXVIII.

329 4275 357 4302 ‹‹
390 4253 677 4318 Quoniam
708 4273 994 4329 pauperes
1026 4258 1160 4315 facti
1193 4276 1402 4315 sumus
1428 4285 1441 4329 ;
1468 4283 1496 4311 »
1529 4263 1808 4333 quoniam
1841 4266 1903 4318 tu

262 4357 480 4414 pauper
508 4359 611 4414 pro
642 4345 813 4400 nobis
843 4347 1031 4402 factus
1062 4363 1144 4416 es,
1179 4354 1482 4421 propterea
1521 4356 1579 4406 et
1629 4368 1735 4405 nos
1767 4368 1906 4423 pau-

263 4446 426 4504 peres
457 4431 592 4486 facti
641 4448 873 4488 sumus.
928 4436 1114 4489 Oratio
1158 4441 1420 4508 pauperis
1468 4456 1592 4493 cum
1638 4445 1905 4496 anxiatus

261 4520 449 4591 fuerit,
478 4521 529 4575 et
565 4519 818 4592 effuderit
872 4524 1176 4578 orationem
1222 4541 1407 4580 eorum
1453 4527 1683 4582 Domino
1734 4531 1902 4599 (Psal.

263 4623 336 4680 οι,
369 4608 443 4681 1).
475 4607 760 4672 Quoniam
788 4614 852 4666 tu
878 4627 1100 4683 pauper
1128 4612 1318 4669 factus
1348 4629 1430 4679 es,
1472 4632 1607 4670 cum
1640 4634 1798 4672 esses
1830 4619 1911 4673 di-
1937 4629 1985 4694 D

262 4712 378 4765 ves,
411 4702 471 4753 et
504 4714 612 4754 nos
642 4715 929 4771 pauperes
977 4701 1113 4756 facti
1162 4718 1408 4758 sumus:
1468 4723 1489 4752 ι
1522 4705 1747 4775 Adjuva
1780 4724 1908 4776 nos,

263 4789 433 4852 Deus,
466 4785 744 4845 salutaris
775 4794 991 4845 noster.
1027 4813 1055 4839 ››
1090 4792 1156 4845 In
1186 4790 1467 4847 Hebraico
1493 4791 1704 4850 habet:
1740 4817 1767 4844 «
1800 4796 1910 4850 Ad-

254 4874 392 4945 juva
421 4891 549 4941 nos,
578 4874 754 4932 Jesus
782 4883 1018 4947 noster;
1059 4879 1393 4952 ubicunque
1440 4882 1595 4936 enim
1646 4884 1910 4939 Salvator

262 4966 354 5035 est,
414 4963 473 5019 in
529 4964 809 5022 Hebraico
868 4969 1019 5024 lesus
1093 4967 1287 5024 habet.
1348 4970 1608 5043 Denique
1680 4973 1907 5028 Gabriel

264 5054 493 5125 quando
524 5056 684 5111 venit
710 5056 782 5112 ad
816 5057 1080 5114 Mariam.
1126 5060 1191 5114 Et
1244 5061 1479 5127 vocabis,
1530 5060 1741 5133 inquit,
1787 5079 1911 5117 eum

234 5144 469 5212 'Jesum,
504 5145 604 5200 iste
630 5147 779 5201 enim
798 5147 1011 5201 salvum
1038 5149 1202 5218 faciet
1230 5148 1497 5221 populum
1516 5167 1675 5205 suum
1703 5151 1907 5221 (Matth.

264 5249 304 5300 ι,
331 5232 446 5304 21).
494 5233 708 5305 Adjuva
744 5251 860 5307 nos,
899 5237 1054 5292 Iesus
1100 5240 1299 5293 noster.
1362 5237 1564 5293 Videte
1622 5240 1764 5311 quid
1821 5241 1909 5295 di-

266 5326 373 5390 cat,
405 5322 622 5395 adjuva.
656 5323 764 5390 Qui
785 5324 928 5380 dicit
954 5326 1179 5397 adjuva,
1228 5331 1287 5382 et
1318 5326 1443 5398 ipse
1472 5326 1706 5383 liberari
1736 5344 1909 5384 cona-

268 5413 377 5480 tur,
409 5428 597 5483 neque
627 5412 782 5468 enim
814 5414 1172 5471 dormientes
1196 5431 1302 5471 nos
1320 5417 1578 5487 adjuvat,
1611 5417 1712 5473 sed
1750 5417 1909 5474 labo-

269 5504 480 5554 rantes.
527 5523 555 5551 «
588 5505 831 5575 Propter
878 5502 1124 5576 gloriam
1183 5504 1439 5559 nominis
1485 5505 1594 5573 tui,
1646 5507 1908 5575 Domine,

267 5587 448 5644 libera
478 5606 584 5646 nos
608 5633 622 5657 ,
656 5612 685 5640 »
717 5594 994 5663 quoniam
1025 5596 1294 5649 vocatum
1342 5599 1430 5649 est
1479 5610 1690 5650 nomen
1744 5602 1907 5651 tuum

272 5694 480 5736 novum
510 5696 688 5753 super
712 5697 841 5750 nos,
872 5683 1028 5755 quod
1080 5682 1444 5740 benedicitur
1493 5683 1553 5738 in
1603 5686 1907 5756 gentibus:

2014 619 2205 668 tuum.
2233 637 2258 662 ››
2287 613 2368 666 Tu
2404 611 2686 681 Salvator,
2713 615 2776 664 ut
2800 609 3089 675 Christus,
3113 614 3170 665 et
3190 625 3297 663 nos
3318 605 3654 675 Christiani,

2012 703 2288 759 miserere
2320 702 2489 756 nobis
2520 706 2752 772 propter
2783 715 2991 754 nomen
3026 703 3213 752 tuum.

2090 839 2110 865 α
2147 819 2397 874 Introeat
2428 818 2485 871 in
2520 822 2829 887 conspectu
2859 820 2959 870 tuo
3005 814 3257 887 gemitus
3301 815 3657 886 compedito-

2011 926 2164 964 rum.
2202 931 2229 957 ››
2262 912 2376 963 Hoc
2404 907 2593 962 solent
2640 907 2829 961 dicere
2860 906 2959 976 qui
3010 909 3335 975 sequuntur
3389 904 3654 977 Origenis

2008 999 2305 1070 dogmata,
2353 1019 2380 1045 ‹‹
2419 997 2673 1068 gemitus
2704 996 3189 1066 compeditorum,
3221 1016 3249 1044 »
3299 993 3407 1049 hoc
3435 998 3523 1049 est
3551 1010 3653 1050 an~

2007 1087 2296 1160 gelorum,
2331 1087 2432 1159 qui
2471 1085 2783 1157 compediti
2836 1088 2997 1148 sunt,
3029 1083 3325 1155 inquiunt,
3356 1082 3418 1137 in
3448 1099 3655 1154 corpo-

2008 1177 2209 1232 ribus:
2246 1193 2361 1248 quo
2392 1176 2565 1230 modo
2618 1174 2772 1229 enim
2806 1173 2855 1228 si
2896 1174 3206 1228 mittantur
3256 1171 3567 1243 compedes
3595 1170 3655 1225 in

2008 1266 2277 1337 pedibus,
2313 1266 2625 1336 degravant
2656 1281 2887 1333 corpus,
2919 1268 2976 1318 et
3006 1276 3238 1317 currere
3270 1278 3385 1317 non
3419 1262 3655 1329 sinunt;

2008 1355 2090 1410 sic
2122 1361 2177 1409 et
2208 1371 2449 1426 corpora
2499 1358 2699 1408 nostra
2748 1352 3058 1407 includunt
3107 1351 3357 1417 animas,
3407 1350 3517 1406 hoc
3545 1352 3653 1417 est,

2006 1444 2246 1516 angelos
2276 1446 2593 1516 degravant
2623 1443 2678 1497 in
2734 1446 2906 1497 terra.
2942 1442 3009 1496 Et
3040 1442 3147 1496 hoc
3196 1439 3411 1511 quibus
3460 1438 3655 1495 verbis

2005 1535 2332 1606 approbant
2353 1535 2380 1587 ’ἒ
2410 1534 2612 1603 Infelix
2661 1548 2762 1603 ego
2794 1532 2967 1601 homo,
3020 1533 3141 1601 quis
3185 1546 3274 1584 me
3304 1529 3560 1585 liberabit
3586 1528 3654 1583 de

2002 1640 2222 1693 corpore
2246 1625 2441 1677 mortis
2471 1622 2635 1691 huius
2661 1623 2833 1691 (Rom.
2866 1638 2963 1683 vn,
2994 1620 3085 1691 24)
3106 1620 3134 1673 ?
3182 1619 3250 1673 Et
3300 1618 3445 1673 illud
3489 1618 3647 1689 quod

2002 1713 2251 1767 dicitur:
2295 1713 2470 1783 Cupio
2501 1711 2725 1765 dissolvi
2753 1717 2803 1764 ct
2829 1726 2939 1764 esse
2966 1725 3089 1763 cum
3124 1709 3333 1764 Christo
3379 1708 3645 1779 (Philipp.

2003 1819 2040 1871 ι,
2071 1802 2182 1871 33).
2219 1802 2452 1867 Reverti,
2486 1804 2535 1854 et
2566 1816 2675 1854 esse
2719 1816 2843 1853 cum
2875 1799 3129 1865 Christe,
3162 1797 3384 1864 Videte,
3432 1796 3645 1867 inquit,

1920 1896 1966 1959 Β
1996 1891 2133 1960 quid
2166 1890 2305 1944 dicit
2342 1888 2672 1960 Apostolus.
2726 1888 3065 1958 Quicunque
3116 1887 3275 1953 dicit,
3324 1885 3503 1957 Cupio
3551 1903 3641 1942 re-

1995 1979 2161 2043 verti,
2194 1977 2397 2049 utique
2429 1977 2567 2031 illuc
2598 1977 2737 2031 dicit
2773 1976 2871 2030 ubi
2903 1980 3036 2030 ante
3069 1976 3274 2031 fuerat.
3331 1997 3357 2028 α
3391 1978 3645 2032 lntroeat

1996 2068 2055 2121 in
2083 2071 2392 2137 conspectu
2415 2070 2515 2120 tuo
2537 2065 2789 2137 gemitus
2811 2064 3296 2136 compeditorum.
3316 2087 3344 2114 »
3371 2065 3488 2136 Ego
3508 2080 3642 2121 vero

1997 2156 2360 2228 simpliciter,
2395 2155 2691 2209 rusticana
2740 2152 3113 2223 simplicitate
3138 2159 3199 2209 et
3228 2153 3642 2224 ecclesiastica,

1999 2246 2081 2301 ita
2112 2246 2218 2300 tibi
2268 2244 2647 2315 respondebo.
2683 2244 2766 2297 Ita
2814 2242 2968 2297 enim
3027 2243 3273 2313 apostoli
3331 2243 3646 2315 responde-

2001 2340 2162 2399 runt,
2194 2333 2277 2389 sic
2312 2337 2451 2388 sunt
2490 2332 2687 2397 locuti,
2714 2348 2827 2387 non
2875 2332 3065 2387 verbis
3114 2332 3421 2388 rhetoricis
3450 2336 3507 2388 et
3531 2331 3651 2388 dia-

2004 2422 2245 2478 bolicis:
2282 2422 2553 2477 «melius
2598 2426 2685 2476 est
2742 2422 2897 2475 enim
2958 2421 3161 2476 reverti
3217 2426 3276 2477 et
3328 2437 3458 2477 esse
3514 2438 3650 2477 cum

2005 2513 2255 2569 Christo.
2293 2533 2314 2563 ι
2352 2511 2499 2577 Quia
2529 2511 2614 2565 sic
2664 2510 2839 2565 habet
2894 2510 2953 2565 in
3013 2511 3229 2580 Grazco,
3282 2527 3396 2567 non
3452 2510 3650 2579 habet,

2005 2601 2246 2665 dissolvi,
2280 2600 2380 2656 sed
2416 2602 2632 2654 reverti.
2669 2622 2695 2647 ‹‹
2722 2599 2945 2654 Reverti
2980 2603 3037 2654 et
3064 2615 3193 2654 esse
3214 2615 3347 2654 cum
3368 2598 3654 2655 Christo.»

2012 2690 2112 2746 Ubi
2147 2692 2330 2744 Adam
2365 2688 2472 2743 fuit
2502 2692 2665 2759 pater
2695 2705 2881 2753 meus,
2911 2687 2988 2741 ibi
3014 2693 3070 2742 et.
3090 2704 3195 2759 ego
3215 2705 3343 2743 esse
3363 2688 3655 2744 desidero:

2010 2780 2164 2834 unde
2204 2778 2300 2832 iIIe
2331 2778 2551 2847 ejectus
2580 2782 2688 2844 est,
2722 2792 2826 2847 ego
2872 2776 3077 2831 reverti
3127 2776 3320 2846 cupio.
3371 2777 3434 2831 In
3466 2776 3653 2833 Adam

2009 2885 2212 2924 omnes
2244 2884 2349 2921 nos
2380 2867 2450 2920 de
2488 2865 2758 2937 paradiso
2805 2865 2972 2934 ejecti
3019 2881 3248 2933 sumus,
3299 2864 3550 2921 introeat
3596 2867 3655 2921 in

2009 2962 2322 3028 conspectu
2359 2964 2455 3010 tuo
2486 2953 2737 3025 gemitus
2769 2952 3253 3025 compeditorum.

2081 3065 2266 3128 Quare
2288 3063 2442 3117 enim
2468 3061 2575 3115 hoc
2593 3078 2706 3116 non
2732 3059 3407 3133 simpliciterintelligam
3431 3060 3655 3118 dictum

2009 3170 2137 3209 esse
2170 3153 2238 3207 de
2270 3151 2644 3222 martyribus,
2670 3150 2768 3221 qui
2792 3148 3001 3204 inclusi
3026 3153 3163 3204 sunt
3203 3149 3259 3203 in
3283 3149 3659 3207 carceribus?

1873 3237 1902 3342 ς
1931 3263 1974 3330 C
2012 3242 2221 3308 Quanti
2246 3241 2401 3295 enim
2424 3244 2477 3294 et
2500 3239 2558 3293 in
2578 3237 2827 3313 metallis
2847 3238 3010 3293 missi
3034 3238 3220 3293 sunt?
3240 3243 3355 3311 Ego
3377 3240 3660 3342 verqdico

2013 3331 2147 3403 quia
2167 3330 2397 3385 illorum
2424 3329 2886 3400 compeditorum
2910 3344 3039 3383 vere
3056 3328 3464 3385 audiatvocem
3482 3328 3656 3386 Deus.

2086 3471 2110 3497 ‹‹
2147 3447 2477 3503 Secundum
2511 3444 2974 3516 magnitudinem
3002 3444 3223 3500 brachii
3269 3444 3376 3511 tui,
3428 3444 3662 3516 posside

2014 3536 2164 3591 ﬁlios
2199 3535 2702 3590 mortificatorum.
2740 3556 2765 3582 ››
2798 3533 2911 3587 Nos
2943 3550 3147 3587 omnes
3197 3534 3268 3604 (si
3309 3536 3505 3589 tamen
3537 3548 3657 3590 me-

2015 3624 2232 3694 remur)
2266 3622 2367 3678 lilii
2395 3628 2715 3693 martyrum
2741 3638 2969 3676 sumus.
2996 3621 3325 3692 Apostolus,
3348 3622 3582 3693 quando
3600 3622 3660 3676 in

2013 3730 2242 3771 carcere
2282 3716 2422 3782 erat,
2484 3710 2850 3782 compeditus
2906 3715 3065 3766 erat:
3128 3710 3373 3783 apostoli
3432 3728 3658 3783 omnes,

2014 3804 2249 3875 quando
2281 3802 2338 3856 in
2373 3800 2704 3857 carceribus
2736 3804 2922 3867 erant,
2956 3800 3267 3872 compediti
3297 3805 3501 3856 erant:
3534 3817 3660 3856 om-

2014 3910 2117 3948 nes
2151 3896 2434 3963 martyres
2459 3889 2558 3961 qui
2582 3889 2867 3944 interfecti
2887 3894 3044 3960 sunt,
3068 3890 3127 3945 in
3150 3890 3480 3945 carceribus
3495 3892 3663 3945 erant

2014 3980 2350 4053 compediti.
2386 3984 2693 4051 Propterea
2725 3995 2880 4035 nunc
2910 3978 3160 4035 dicitur:
3200 3997 3220 4025 ι
3245 3977 3487 4033 Posside
3506 3976 3660 4032 filios

2017 4070 2521 4126 mortificatorum.
2568 4068 2763 4122 Redde
2809 4066 3013 4122 vicinis
3062 4066 3277 4121 nostris
3322 4064 3659 4137 septuplum

2015 4160 2072 4216 in
2106 4159 2235 4215 sinu
2269 4175 2492 4214 eorum.
2530 4182 2550 4207 ι
2599 4155 2736 4211 Mihi
2791 4155 3019 4209 videtur
3076 4156 3231 4226 quod
3289 4170 3404 4209 non
3460 4158 3663 4211 contra

2015 4248 2148 4305 illos
2191 4251 2377 4320 rogat,
2410 4246 2513 4301 sed
2546 4261 2648 4315 pro
2680 4243 2820 4309 illis,
2850 4243 2958 4297 hoc
3001 4247 3108 4315 est,
3160 4243 3235 4298 da
3283 4242 3399 4298 illis
3446 4243 3663 4299 Sabba-

2016 4343 2141 4393 tum
2176 4342 2343 4391 tuum
2373 4353 2386 4402 ;
2421 4334 2715 4388 Sabbutum
2747 4336 2940 4387 autem
2972 4331 3388 4404 interpretatur
3423 4333 3659 4403 requies.

2016 4427 2177 4492 Quod
2227 4423 2369 4478 dicit
2397 4424 2504 4477 hoc
2535 4428 2659 4478 est:
2695 4421 2783 4476 fac
2813 4437 2911 4476 eos
2943 4421 3303 4493 requiescere
3334 4421 3393 4476 in
3440 4419 3665 4477 malitia

2016 4533 2143 4582 sua,
2178 4518 2279 4569 aut
2306 4517 2459 4568 certe
2491 4510 2675 4581 aliter,
2699 4510 2789 4565 hic
2820 4509 2903 4565 eis
2927 4510 3118 4579 redde,
3151 4515 3206 4565 et
3240 4527 3353 4566 non
3397 4509 3482 4565 eis
3531 4509 3662 4565 red-

2017 4606 2122 4660 das
2154 4604 2211 4657 in
2246 4603 2459 4658 futuro.

2091 4736 2117 4761 ((
2152 4711 2267 4765 Nos
2298 4714 2493 4764 autem
2528 4706 2779 4778 populus
2812 4711 2949 4761 tuus
2977 4709 3034 4761 et
3058 4721 3190 4761 oves
3221 4721 3452 4777 pascuae
3480 4709 3659 4762 tum.»

2022 4800 2122 4855 Ubi
2158 4814 2293 4853 oves
2326 4797 2488 4863 dicit,
2535 4795 2926 4851 innocentiam
2977 4794 3289 4865 significat.
3346 4794 3494 4850 Oves
3547 4810 3664 4849 non

2021 4888 2239 4944 habent
2270 4886 2379 4941 nisi
2415 4890 2729 4957 pastorem.
2785 4906 2812 4932 «
2842 4882 3265 4939 Contitebimur
3311 4882 3415 4937 tibi
3466 4882 3524 4937 in
3558 4899 3663 4937 saa-

2020 4976 2238 5031 culum.
2264 5000 2290 5023 »
2328 4976 2742 5043 (.onﬁlebimur,
2774 4973 2860 5027 vel
2884 4962 3281 5043 paenitentiam
3304 4972 3557 5044 agimus,
3580 4968 3667 5026 vel

2018 5072 2192 5130 certe,
2218 5068 2371 5135 quod
2399 5063 2607 5118 melius
2625 5067 2732 5131 est,
2757 5061 3170 5133 gloriﬁcamus.
3195 5085 3221 5109 α
3250 5061 3313 5115 In
3343 5058 3668 5133 generatio-

2022 5172 2153 5210 nem
2186 5161 2241 5208 et
2272 5152 2730 5226 generationem,
2757 5174 2784 5199 ››
2808 5151 2867 5205 in
2892 5150 3079 5221 primo
3103 5149 3316 5221 populo
3336 5153 3394 5205 et
3414 5149 3671 5206 secundo

2021 5243 2253 5315 populo.
2282 5243 2438 5297 Licet
2468 5242 2793 5297 secundum
2825 5239 3132 5294 historiam
3164 5238 3335 5294 aliter
3361 5238 3591 5295 dicatur
3609 5237 3667 5294 in

2021 5331 2313 5387 Ezechiel:
2375 5336 2569 5385 tamen
2621 5329 2941 5385 secundum
3004 5325 3447 5399 intelligentiam
3497 5325 3670 5400 spiri-

2022 5420 2239 5476 tualem
2272 5420 2381 5475 hoc
2402 5420 2677 5483 dicimus,
2704 5416 2981 5487 quoniam
3005 5416 3127 5472 ista:
3154 5418 3279 5472 duas
3314 5421 3539 5490 gentes,
3560 5416 3670 5472 hoc

2019 5516 2108 5566 est
2136 5511 2262 5564 dum
2295 5509 2487 5580 virgae,
2516 5509 2808 5577 juguntur
2838 5505 2895 5559 in
2927 5505 3212 5572 Ezechiel,
3253 5509 3311 5561 et
3360 5506 3427 5560 ﬁt
3480 5519 3665 5559 unum

2021 5616 2284 5669 regnum.
2312 5621 2339 5646 «
2366 5600 2423 5651 In
2456 5594 2887 5668 generationem
2912 5594 3416 5665 etgenerationem
3439 5607 3668 5648 annun-

2021 5688 2298 5744 tiabimus
2328 5686 2562 5742 laudem
2597 5690 2827 5741 tuam.»
2862 5685 3274 5755 Apostolorum
3295 5698 3402 5741 vox
3425 5685 3532 5740 est.
3564 5680 3693 5767 Pe-j
