  <div class='ocr_page' id='page_1' title='image "/cluster/home/n/w/nwhite01/storage/ocr_20150623/26/hvd.32044052772472/727.png"; bbox 0 0 3992 6194; ppageno 0'>
   <div class='ocr_carea' id='block_1_1' title="bbox 387 250 596 364">
    <p class='ocr_par' dir='ltr' id='par_1_1' title="bbox 387 250 596 364">
     <span class='ocr_line' id='line_1_1' title="bbox 387 250 596 364; baseline -0.019 0"><span class='ocrx_word' id='word_1_1' title='bbox 387 250 390 252; x_wconf 8' lang='grc' dir='ltr'><strong>Ὺ</strong></span> <span class='ocrx_word' id='word_1_2' title='bbox 443 301 596 364; x_wconf 67' lang='lat'>{367</span> 
     </span>
    </p>
   </div>
   <div class='ocr_carea' id='block_1_2' title="bbox 1931 293 2357 356">
    <p class='ocr_par' dir='ltr' id='par_1_2' title="bbox 1931 293 2357 356">
     <span class='ocr_line' id='line_1_2' title="bbox 1931 293 2357 356; baseline -0.005 0"><span class='ocrx_word' id='word_1_3' title='bbox 1931 293 2357 356; x_wconf 83' lang='lat' dir='ltr'>APPENDIX.</span> 
     </span>
    </p>
   </div>
   <div class='ocr_carea' id='block_1_3' title="bbox 3585 308 3678 372">
    <p class='ocr_par' dir='ltr' id='par_1_3' title="bbox 3585 308 3678 372">
     <span class='ocr_line' id='line_1_3' title="bbox 3585 308 3678 372; baseline 0.065 -6"><span class='ocrx_word' id='word_1_4' title='bbox 3585 308 3678 372; x_wconf 73' lang='grc'>1³68</span> 
     </span>
    </p>
   </div>
   <div class='ocr_carea' id='block_1_4' title="bbox 443 428 3681 507">
    <p class='ocr_par' dir='ltr' id='par_1_4' title="bbox 443 428 3681 507">
     <span class='ocr_line' id='line_1_4' title="bbox 443 428 3681 507; baseline -0.001 -16"><span class='ocrx_word' id='word_1_5' title='bbox 443 439 570 492; x_wconf 79' lang='lat' dir='ltr'>trus</span> <span class='ocrx_word' id='word_1_6' title='bbox 599 433 658 490; x_wconf 90' lang='lat' dir='ltr'>in</span> <span class='ocrx_word' id='word_1_7' title='bbox 690 429 904 506; x_wconf 91' lang='lat' dir='ltr'>populo</span> <span class='ocrx_word' id='word_1_8' title='bbox 926 429 1422 498; x_wconf 87' lang='lat' dir='ltr'>circumcisionis;</span> <span class='ocrx_word' id='word_1_9' title='bbox 1460 429 1670 486; x_wconf 79' lang='lat' dir='ltr'>Paulus</span> <span class='ocrx_word' id='word_1_10' title='bbox 1702 433 1758 486; x_wconf 91' lang='lat' dir='ltr'>et</span> <span class='ocrx_word' id='word_1_11' title='bbox 1788 429 2084 485; x_wconf 83' lang='lat' dir='ltr'>Barnabas</span> <span class='ocrx_word' id='word_1_12' title='bbox 2115 429 2166 494; x_wconf 83' lang='grc' dir='ltr'>Α</span> <span class='ocrx_word' id='word_1_13' title='bbox 2198 428 2256 482; x_wconf 84' lang='lat' dir='ltr'>iu</span> <span class='ocrx_word' id='word_1_14' title='bbox 2291 431 2394 484; x_wconf 76' lang='lat' dir='ltr'>viis</span> <span class='ocrx_word' id='word_1_15' title='bbox 2424 431 2646 487; x_wconf 83' lang='lat' dir='ltr'>Domini</span> <span class='ocrx_word' id='word_1_16' title='bbox 2682 433 2735 486; x_wconf 86' lang='lat' dir='ltr'>et</span> <span class='ocrx_word' id='word_1_17' title='bbox 2781 429 3108 503; x_wconf 76' lang='lat' dir='ltr'>interrogate</span> <span class='ocrx_word' id='word_1_18' title='bbox 3151 431 3348 486; x_wconf 57' lang='lat' dir='ltr'>sanitas</span> <span class='ocrx_word' id='word_1_19' title='bbox 3389 432 3484 502; x_wconf 74' lang='lat' dir='ltr'>ejus</span> <span class='ocrx_word' id='word_1_20' title='bbox 3518 443 3681 507; x_wconf 57' lang='lat' dir='ltr'>eum,</span> 
     </span>
    </p>
   </div>
   <div class='ocr_carea' id='block_1_5' title="bbox 443 522 831 597">
    <p class='ocr_par' dir='ltr' id='par_1_5' title="bbox 443 522 831 597">
     <span class='ocr_line' id='line_1_5' title="bbox 443 522 831 597; baseline -0.01 -17"><span class='ocrx_word' id='word_1_21' title='bbox 443 523 504 580; x_wconf 89' lang='lat' dir='ltr'>in</span> <span class='ocrx_word' id='word_1_22' title='bbox 535 522 831 597; x_wconf 74' lang='lat' dir='ltr'>gentibus.</span> 
     </span>
    </p>
   </div>
   <div class='ocr_carea' id='block_1_6' title="bbox 954 608 1583 665">
    <p class='ocr_par' dir='ltr' id='par_1_6' title="bbox 954 608 1583 665">
     <span class='ocr_line' id='line_1_6' title="bbox 954 608 1583 665; baseline -0.002 -2"><span class='ocrx_word' id='word_1_23' title='bbox 954 608 1281 665; x_wconf 87' lang='lat' dir='ltr'>PSALMUS</span> <span class='ocrx_word' id='word_1_24' title='bbox 1322 608 1583 664; x_wconf 81' lang='lat' dir='ltr'>CXXVII.</span> 
     </span>
    </p>
   </div>
   <div class='ocr_carea' id='block_1_7' title="bbox 521 695 2089 769">
    <p class='ocr_par' dir='ltr' id='par_1_7' title="bbox 521 695 2089 769">
     <span class='ocr_line' id='line_1_7' title="bbox 521 695 2089 769; baseline -0.004 -12"><span class='ocrx_word' id='word_1_25' title='bbox 521 724 547 751; x_wconf 89' lang='grc'>‹‹</span> <span class='ocrx_word' id='word_1_26' title='bbox 581 701 732 757; x_wconf 90' lang='lat' dir='ltr'>Beati</span> <span class='ocrx_word' id='word_1_27' title='bbox 763 715 967 755; x_wconf 91' lang='lat' dir='ltr'>omnes</span> <span class='ocrx_word' id='word_1_28' title='bbox 1000 698 1098 769; x_wconf 87' lang='lat' dir='ltr'>qui</span> <span class='ocrx_word' id='word_1_29' title='bbox 1128 699 1339 752; x_wconf 86' lang='lat' dir='ltr'>timent</span> <span class='ocrx_word' id='word_1_30' title='bbox 1397 697 1730 752; x_wconf 87' lang='lat' dir='ltr'>Dominum.</span> <span class='ocrx_word' id='word_1_31' title='bbox 1770 719 1788 745; x_wconf 71' lang='grc' dir='ltr'>υ</span> <span class='ocrx_word' id='word_1_32' title='bbox 1854 695 1961 762; x_wconf 90' lang='lat' dir='ltr'>Qui</span> <span class='ocrx_word' id='word_1_33' title='bbox 2021 695 2089 751; x_wconf 89' lang='lat' dir='ltr'>ti-</span> 
     </span>
    </p>
   </div>
   <div class='ocr_carea' id='block_1_8' title="bbox 443 785 2092 858">
    <p class='ocr_par' dir='ltr' id='par_1_8' title="bbox 443 785 2092 858">
     <span class='ocr_line' id='line_1_8' title="bbox 443 785 2092 858; baseline -0.005 -10"><span class='ocrx_word' id='word_1_34' title='bbox 443 795 605 848; x_wconf 83' lang='lat' dir='ltr'>ment</span> <span class='ocrx_word' id='word_1_35' title='bbox 634 788 946 844; x_wconf 85' lang='lat' dir='ltr'>I)ominum</span> <span class='ocrx_word' id='word_1_36' title='bbox 981 786 1136 858; x_wconf 92' lang='lat' dir='ltr'>quod</span> <span class='ocrx_word' id='word_1_37' title='bbox 1168 786 1385 841; x_wconf 89' lang='lat' dir='ltr'>habent</span> <span class='ocrx_word' id='word_1_38' title='bbox 1417 785 1742 857; x_wconf 63' lang='lat' dir='ltr'>praemium,</span> <span class='ocrx_word' id='word_1_39' title='bbox 1790 802 1965 858; x_wconf 91' lang='lat' dir='ltr'>quam</span> <span class='ocrx_word' id='word_1_40' title='bbox 1999 802 2092 840; x_wconf 86' lang='lat' dir='ltr'>co-</span> 
     </span>
    </p>
   </div>
   <div class='ocr_carea' id='block_1_9' title="bbox 446 874 2093 945">
    <p class='ocr_par' dir='ltr' id='par_1_9' title="bbox 446 874 2093 945">
     <span class='ocr_line' id='line_1_9' title="bbox 446 874 2093 945; baseline -0.004 -10"><span class='ocrx_word' id='word_1_41' title='bbox 446 877 700 935; x_wconf 87' lang='lat' dir='ltr'>ronam?</span> <span class='ocrx_word' id='word_1_42' title='bbox 737 877 1054 931; x_wconf 85' lang='lat' dir='ltr'>Videamus</span> <span class='ocrx_word' id='word_1_43' title='bbox 1094 891 1270 945; x_wconf 89' lang='lat' dir='ltr'>quam</span> <span class='ocrx_word' id='word_1_44' title='bbox 1315 874 1570 929; x_wconf 83' lang='lat' dir='ltr'>habeant</span> <span class='ocrx_word' id='word_1_45' title='bbox 1624 874 1878 941; x_wconf 87' lang='lat' dir='ltr'>laudem,</span> <span class='ocrx_word' id='word_1_46' title='bbox 1939 875 2093 945; x_wconf 92' lang='lat' dir='ltr'>quod</span> 
     </span>
    </p>
   </div>
   <div class='ocr_carea' id='block_1_10' title="bbox 447 962 2096 1042">
    <p class='ocr_par' dir='ltr' id='par_1_10' title="bbox 447 962 2096 1042">
     <span class='ocr_line' id='line_1_10' title="bbox 447 962 2096 1042; baseline -0.005 -17"><span class='ocrx_word' id='word_1_47' title='bbox 447 967 774 1042; x_wconf 70' lang='lat' dir='ltr'>praemium.</span> <span class='ocrx_word' id='word_1_48' title='bbox 816 988 836 1013; x_wconf 77' lang='grc' dir='ltr'><strong>ε</strong></span> <span class='ocrx_word' id='word_1_49' title='bbox 873 969 1080 1020; x_wconf 84' lang='lat' dir='ltr'>Beatus</span> <span class='ocrx_word' id='word_1_50' title='bbox 1111 981 1191 1032; x_wconf 87' lang='lat' dir='ltr'>es,</span> <span class='ocrx_word' id='word_1_51' title='bbox 1217 969 1272 1018; x_wconf 90' lang='lat' dir='ltr'>et</span> <span class='ocrx_word' id='word_1_52' title='bbox 1304 963 1448 1018; x_wconf 89' lang='lat' dir='ltr'>bene</span> <span class='ocrx_word' id='word_1_53' title='bbox 1468 963 1572 1018; x_wconf 82' lang='lat' dir='ltr'>tibi</span> <span class='ocrx_word' id='word_1_54' title='bbox 1597 964 1724 1018; x_wconf 85' lang='lat' dir='ltr'>erit.</span> <span class='ocrx_word' id='word_1_55' title='bbox 1760 987 1780 1014; x_wconf 73' lang='lat'>»</span> <span class='ocrx_word' id='word_1_56' title='bbox 1815 964 1946 1019; x_wconf 91' lang='lat' dir='ltr'>Jam</span> <span class='ocrx_word' id='word_1_57' title='bbox 1980 962 2096 1017; x_wconf 84' lang='lat' dir='ltr'>dixi</span> 
     </span>
    </p>
   </div>
   <div class='ocr_carea' id='block_1_11' title="bbox 447 1051 2101 1124">
    <p class='ocr_par' dir='ltr' id='par_1_11' title="bbox 447 1051 2101 1124">
     <span class='ocr_line' id='line_1_11' title="bbox 447 1051 2101 1124; baseline -0.004 -12"><span class='ocrx_word' id='word_1_58' title='bbox 447 1059 520 1112; x_wconf 91' lang='lat' dir='ltr'>de</span> <span class='ocrx_word' id='word_1_59' title='bbox 550 1054 928 1120; x_wconf 77' lang='lat' dir='ltr'>beatitudine,</span> <span class='ocrx_word' id='word_1_60' title='bbox 953 1069 1146 1124; x_wconf 61' lang='grc' dir='ltr'>ηυδετο</span> <span class='ocrx_word' id='word_1_61' title='bbox 1171 1051 1595 1107; x_wconf 81' lang='lat' dir='ltr'>beatitudinem</span> <span class='ocrx_word' id='word_1_62' title='bbox 1629 1069 1756 1124; x_wconf 57' lang='lat' dir='ltr'>qum</span> <span class='ocrx_word' id='word_1_63' title='bbox 1790 1052 1885 1118; x_wconf 90' lang='lat' dir='ltr'>sit,</span> <span class='ocrx_word' id='word_1_64' title='bbox 1912 1051 2011 1122; x_wconf 91' lang='lat' dir='ltr'>qui</span> <span class='ocrx_word' id='word_1_65' title='bbox 2035 1051 2101 1105; x_wconf 88' lang='lat' dir='ltr'>ti-</span> 
     </span>
    </p>
   </div>
   <div class='ocr_carea' id='block_1_12' title="bbox 451 1131 2101 1214">
    <p class='ocr_par' dir='ltr' id='par_1_12' title="bbox 451 1131 2101 1214">
     <span class='ocr_line' id='line_1_12' title="bbox 451 1131 2101 1214; baseline -0.004 -13"><span class='ocrx_word' id='word_1_66' title='bbox 451 1131 571 1201; x_wconf 88' lang='lat' dir='ltr'>met</span> <span class='ocrx_word' id='word_1_67' title='bbox 589 1144 895 1199; x_wconf 88' lang='lat' dir='ltr'>Dominum</span> <span class='ocrx_word' id='word_1_68' title='bbox 917 1159 1092 1214; x_wconf 89' lang='lat' dir='ltr'>quam</span> <span class='ocrx_word' id='word_1_69' title='bbox 1109 1141 1283 1196; x_wconf 83' lang='lat' dir='ltr'>habet</span> <span class='ocrx_word' id='word_1_70' title='bbox 1302 1140 1720 1196; x_wconf 84' lang='lat' dir='ltr'>beatitudinem</span> <span class='ocrx_word' id='word_1_71' title='bbox 1737 1142 1762 1194; x_wconf 83' lang='lat'><strong>?</strong></span> <span class='ocrx_word' id='word_1_72' title='bbox 1790 1165 1808 1187; x_wconf 77' lang='grc' dir='ltr'>ιι</span> <span class='ocrx_word' id='word_1_73' title='bbox 1829 1141 1979 1195; x_wconf 84' lang='lat' dir='ltr'>Uxor</span> <span class='ocrx_word' id='word_1_74' title='bbox 2001 1147 2101 1194; x_wconf 87' lang='lat' dir='ltr'>tua</span> 
     </span>
    </p>
   </div>
   <div class='ocr_carea' id='block_1_13' title="bbox 393 1227 2100 1294">
    <p class='ocr_par' dir='ltr' id='par_1_13' title="bbox 393 1227 2100 1294">
     <span class='ocr_line' id='line_1_13' title="bbox 393 1227 2100 1294; baseline -0.005 -5"><span class='ocrx_word' id='word_1_75' title='bbox 393 1269 398 1280; x_wconf 76' lang='grc' dir='ltr'>ι</span> <span class='ocrx_word' id='word_1_76' title='bbox 449 1233 604 1290; x_wconf 84' lang='lat' dir='ltr'>sicut</span> <span class='ocrx_word' id='word_1_77' title='bbox 633 1233 766 1288; x_wconf 88' lang='lat' dir='ltr'>vitis</span> <span class='ocrx_word' id='word_1_78' title='bbox 797 1232 1128 1294; x_wconf 87' lang='lat' dir='ltr'>abundans,</span> <span class='ocrx_word' id='word_1_79' title='bbox 1157 1231 1215 1284; x_wconf 92' lang='lat' dir='ltr'>in</span> <span class='ocrx_word' id='word_1_80' title='bbox 1248 1229 1531 1285; x_wconf 81' lang='lat' dir='ltr'>lateribus</span> <span class='ocrx_word' id='word_1_81' title='bbox 1564 1231 1772 1285; x_wconf 90' lang='lat' dir='ltr'>domus</span> <span class='ocrx_word' id='word_1_82' title='bbox 1806 1234 1940 1284; x_wconf 70' lang='lat' dir='ltr'>tuae.</span> <span class='ocrx_word' id='word_1_83' title='bbox 1972 1227 2100 1284; x_wconf 87' lang='lat' dir='ltr'>Filii</span> 
     </span>
    </p>
   </div>
   <div class='ocr_carea' id='block_1_14' title="bbox 450 1317 2096 1388">
    <p class='ocr_par' dir='ltr' id='par_1_14' title="bbox 450 1317 2096 1388">
     <span class='ocr_line' id='line_1_14' title="bbox 450 1317 2096 1388; baseline -0.004 -10"><span class='ocrx_word' id='word_1_84' title='bbox 450 1323 534 1378; x_wconf 91' lang='lat' dir='ltr'>tui</span> <span class='ocrx_word' id='word_1_85' title='bbox 593 1323 746 1378; x_wconf 83' lang='lat' dir='ltr'>sicut</span> <span class='ocrx_word' id='word_1_86' title='bbox 801 1319 1036 1376; x_wconf 74' lang='lat' dir='ltr'>novellas</span> <span class='ocrx_word' id='word_1_87' title='bbox 1092 1318 1398 1388; x_wconf 85' lang='lat' dir='ltr'>olivarum,</span> <span class='ocrx_word' id='word_1_88' title='bbox 1459 1319 1517 1374; x_wconf 93' lang='lat' dir='ltr'>in</span> <span class='ocrx_word' id='word_1_89' title='bbox 1576 1317 1820 1373; x_wconf 85' lang='lat' dir='ltr'>circuitu</span> <span class='ocrx_word' id='word_1_90' title='bbox 1882 1334 2096 1372; x_wconf 61' lang='lat' dir='ltr'>mense</span> 
     </span>
    </p>
   </div>
   <div class='ocr_carea' id='block_1_15' title="bbox 447 1405 2099 1484">
    <p class='ocr_par' dir='ltr' id='par_1_15' title="bbox 447 1405 2099 1484">
     <span class='ocr_line' id='line_1_15' title="bbox 447 1405 2099 1484; baseline -0.004 -18"><span class='ocrx_word' id='word_1_91' title='bbox 447 1415 580 1466; x_wconf 69' lang='lat' dir='ltr'>tuae.</span> <span class='ocrx_word' id='word_1_92' title='bbox 615 1436 636 1463; x_wconf 76' lang='grc' dir='ltr'><strong><em>ι</em></strong></span> <span class='ocrx_word' id='word_1_93' title='bbox 675 1412 792 1484; x_wconf 87' lang='lat' dir='ltr'>Ego</span> <span class='ocrx_word' id='word_1_94' title='bbox 843 1414 982 1482; x_wconf 92' lang='lat' dir='ltr'>puto</span> <span class='ocrx_word' id='word_1_95' title='bbox 1034 1409 1186 1479; x_wconf 86' lang='lat' dir='ltr'>quod</span> <span class='ocrx_word' id='word_1_96' title='bbox 1237 1409 1486 1480; x_wconf 85' lang='lat' dir='ltr'>propitio</span> <span class='ocrx_word' id='word_1_97' title='bbox 1535 1407 1760 1463; x_wconf 85' lang='lat' dir='ltr'>Christo</span> <span class='ocrx_word' id='word_1_98' title='bbox 1792 1423 1996 1462; x_wconf 90' lang='lat' dir='ltr'>omnes</span> <span class='ocrx_word' id='word_1_99' title='bbox 2029 1405 2099 1461; x_wconf 86' lang='lat' dir='ltr'>ti-</span> 
     </span>
    </p>
   </div>
   <div class='ocr_carea' id='block_1_16' title="bbox 447 1495 2105 1568">
    <p class='ocr_par' dir='ltr' id='par_1_16' title="bbox 447 1495 2105 1568">
     <span class='ocr_line' id='line_1_16' title="bbox 447 1495 2105 1568; baseline -0.006 -9"><span class='ocrx_word' id='word_1_100' title='bbox 447 1517 718 1558; x_wconf 89' lang='lat' dir='ltr'>meamus</span> <span class='ocrx_word' id='word_1_101' title='bbox 750 1500 954 1554; x_wconf 87' lang='lat' dir='ltr'>Deum.</span> <span class='ocrx_word' id='word_1_102' title='bbox 983 1499 1129 1568; x_wconf 82' lang='lat' dir='ltr'>Ergo</span> <span class='ocrx_word' id='word_1_103' title='bbox 1161 1497 1311 1551; x_wconf 87' lang='lat' dir='ltr'>hanc</span> <span class='ocrx_word' id='word_1_104' title='bbox 1335 1497 1758 1552; x_wconf 87' lang='lat' dir='ltr'>beatitudinem</span> <span class='ocrx_word' id='word_1_105' title='bbox 1787 1513 1901 1550; x_wconf 90' lang='lat' dir='ltr'>non</span> <span class='ocrx_word' id='word_1_106' title='bbox 1930 1495 2105 1550; x_wconf 91' lang='lat' dir='ltr'>habe-</span> 
     </span>
    </p>
   </div>
   <div class='ocr_carea' id='block_1_17' title="bbox 450 1585 2102 1659">
    <p class='ocr_par' dir='ltr' id='par_1_17' title="bbox 450 1585 2102 1659">
     <span class='ocr_line' id='line_1_17' title="bbox 450 1585 2102 1659; baseline -0.006 -12"><span class='ocrx_word' id='word_1_107' title='bbox 450 1591 630 1646; x_wconf 86' lang='lat' dir='ltr'>mus?</span> <span class='ocrx_word' id='word_1_108' title='bbox 659 1588 956 1659; x_wconf 88' lang='lat' dir='ltr'>Scriptum</span> <span class='ocrx_word' id='word_1_109' title='bbox 989 1591 1079 1641; x_wconf 90' lang='lat' dir='ltr'>est</span> <span class='ocrx_word' id='word_1_110' title='bbox 1109 1586 1286 1651; x_wconf 90' lang='lat' dir='ltr'>enim,</span> <span class='ocrx_word' id='word_1_111' title='bbox 1324 1609 1348 1633; x_wconf 86' lang='grc'><em>‹‹</em></span> <span class='ocrx_word' id='word_1_112' title='bbox 1381 1585 1477 1655; x_wconf 86' lang='lat' dir='ltr'>qui</span> <span class='ocrx_word' id='word_1_113' title='bbox 1512 1585 1679 1638; x_wconf 87' lang='lat' dir='ltr'>timet</span> <span class='ocrx_word' id='word_1_114' title='bbox 1706 1585 2044 1648; x_wconf 89' lang='lat' dir='ltr'>Dominum,</span> <span class='ocrx_word' id='word_1_115' title='bbox 2075 1605 2102 1630; x_wconf 89' lang='grc'><strong>››</strong></span> 
     </span>
    </p>
   </div>
   <div class='ocr_carea' id='block_1_18' title="bbox 446 1671 2102 1739">
    <p class='ocr_par' dir='ltr' id='par_1_18' title="bbox 446 1671 2102 1739">
     <span class='ocr_line' id='line_1_18' title="bbox 446 1671 2102 1739; baseline -0.005 -5"><span class='ocrx_word' id='word_1_116' title='bbox 446 1679 598 1735; x_wconf 86' lang='lat' dir='ltr'>hanc</span> <span class='ocrx_word' id='word_1_117' title='bbox 629 1677 806 1732; x_wconf 86' lang='lat' dir='ltr'>habet</span> <span class='ocrx_word' id='word_1_118' title='bbox 850 1674 1315 1739; x_wconf 87' lang='lat' dir='ltr'>beatitudinem;</span> <span class='ocrx_word' id='word_1_119' title='bbox 1368 1689 1572 1726; x_wconf 82' lang='lat' dir='ltr'>«uxor</span> <span class='ocrx_word' id='word_1_120' title='bbox 1616 1677 1716 1726; x_wconf 92' lang='lat' dir='ltr'>tua</span> <span class='ocrx_word' id='word_1_121' title='bbox 1766 1672 1920 1726; x_wconf 88' lang='lat' dir='ltr'>sicut</span> <span class='ocrx_word' id='word_1_122' title='bbox 1969 1671 2102 1726; x_wconf 87' lang='lat' dir='ltr'>vitis</span> 
     </span>
    </p>
   </div>
   <div class='ocr_carea' id='block_1_19' title="bbox 2200 519 3685 594">
    <p class='ocr_par' dir='ltr' id='par_1_19' title="bbox 2200 519 3685 594">
     <span class='ocr_line' id='line_1_19' title="bbox 2200 519 3685 594; baseline 0.007 -24"><span class='ocrx_word' id='word_1_123' title='bbox 2200 523 2252 570; x_wconf 87' lang='lat' dir='ltr'>et</span> <span class='ocrx_word' id='word_1_124' title='bbox 2307 519 2594 575; x_wconf 68' lang='lat' dir='ltr'>invenietis</span> <span class='ocrx_word' id='word_1_125' title='bbox 2646 522 2814 587; x_wconf 83' lang='lat' dir='ltr'>viam,</span> <span class='ocrx_word' id='word_1_126' title='bbox 2872 527 2922 577; x_wconf 82' lang='lat' dir='ltr'>et</span> <span class='ocrx_word' id='word_1_127' title='bbox 2973 519 3313 578; x_wconf 77' lang='lat' dir='ltr'>ambulabitis</span> <span class='ocrx_word' id='word_1_128' title='bbox 3361 520 3415 576; x_wconf 83' lang='lat' dir='ltr'>in</span> <span class='ocrx_word' id='word_1_129' title='bbox 3459 538 3509 578; x_wconf 79' lang='lat' dir='ltr'>ca</span> <span class='ocrx_word' id='word_1_130' title='bbox 3551 526 3685 594; x_wconf 73' lang='lat' dir='ltr'>(teram.</span> 
     </span>
    </p>
   </div>
   <div class='ocr_carea' id='block_1_20' title="bbox 2202 607 3688 680">
    <p class='ocr_par' dir='ltr' id='par_1_20' title="bbox 2202 607 3688 680">
     <span class='ocr_line' id='line_1_20' title="bbox 2202 607 3688 680; baseline 0.005 -18"><span class='ocrx_word' id='word_1_131' title='bbox 2202 626 2278 676; x_wconf 78' lang='lat' dir='ltr'>v1,</span> <span class='ocrx_word' id='word_1_132' title='bbox 2308 609 2414 679; x_wconf 88' lang='grc'>16).</span> <span class='ocrx_word' id='word_1_133' title='bbox 2454 609 2646 664; x_wconf 89' lang='lat' dir='ltr'>Videte</span> <span class='ocrx_word' id='word_1_134' title='bbox 2677 607 2815 680; x_wconf 91' lang='lat' dir='ltr'>quid</span> <span class='ocrx_word' id='word_1_135' title='bbox 2857 609 3031 675; x_wconf 83' lang='lat' dir='ltr'>dicat,</span> <span class='ocrx_word' id='word_1_136' title='bbox 3062 613 3118 664; x_wconf 90' lang='lat' dir='ltr'>et</span> <span class='ocrx_word' id='word_1_137' title='bbox 3165 614 3306 672; x_wconf 85' lang='lat' dir='ltr'>state</span> <span class='ocrx_word' id='word_1_138' title='bbox 3356 610 3407 664; x_wconf 92' lang='lat' dir='ltr'>in</span> <span class='ocrx_word' id='word_1_139' title='bbox 3445 611 3546 676; x_wconf 75' lang='lat' dir='ltr'>viis,</span> <span class='ocrx_word' id='word_1_140' title='bbox 3575 620 3613 668; x_wconf 86' lang='lat' dir='ltr'>et</span> <span class='ocrx_word' id='word_1_141' title='bbox 3638 616 3688 672; x_wconf 49' lang='lat' dir='ltr'>in.</span> 
     </span>
    </p>
   </div>
   <div class='ocr_carea' id='block_1_21' title="bbox 2203 697 3691 770">
    <p class='ocr_par' dir='ltr' id='par_1_21' title="bbox 2203 697 3691 770">
     <span class='ocr_line' id='line_1_21' title="bbox 2203 697 3691 770; baseline 0.005 -19"><span class='ocrx_word' id='word_1_142' title='bbox 2203 702 2491 770; x_wconf 85' lang='lat' dir='ltr'>terrogate</span> <span class='ocrx_word' id='word_1_143' title='bbox 2523 697 2646 753; x_wconf 89' lang='lat' dir='ltr'>vias</span> <span class='ocrx_word' id='word_1_144' title='bbox 2678 697 2906 753; x_wconf 87' lang='lat' dir='ltr'>Domini</span> <span class='ocrx_word' id='word_1_145' title='bbox 2936 703 3197 762; x_wconf 70' lang='lat' dir='ltr'>aeternas,</span> <span class='ocrx_word' id='word_1_146' title='bbox 3225 703 3281 754; x_wconf 91' lang='lat' dir='ltr'>et</span> <span class='ocrx_word' id='word_1_147' title='bbox 3307 698 3557 756; x_wconf 83' lang='lat' dir='ltr'>invenietis</span> <span class='ocrx_word' id='word_1_148' title='bbox 3584 720 3691 759; x_wconf 69' lang='lat' dir='ltr'>unum</span> 
     </span>
    </p>
   </div>
   <div class='ocr_carea' id='block_1_22' title="bbox 2205 785 3696 862">
    <p class='ocr_par' dir='ltr' id='par_1_22' title="bbox 2205 785 3696 862">
     <span class='ocr_line' id='line_1_22' title="bbox 2205 785 3696 862; baseline 0.003 -23"><span class='ocrx_word' id='word_1_149' title='bbox 2205 785 2380 852; x_wconf 87' lang='lat' dir='ltr'>viam,</span> <span class='ocrx_word' id='word_1_150' title='bbox 2415 791 2472 841; x_wconf 94' lang='lat' dir='ltr'>et</span> <span class='ocrx_word' id='word_1_151' title='bbox 2503 785 2797 841; x_wconf 84' lang='lat' dir='ltr'>ambulate</span> <span class='ocrx_word' id='word_1_152' title='bbox 2828 786 2887 840; x_wconf 91' lang='lat' dir='ltr'>in</span> <span class='ocrx_word' id='word_1_153' title='bbox 2913 803 2998 842; x_wconf 89' lang='lat' dir='ltr'>ea.</span> <span class='ocrx_word' id='word_1_154' title='bbox 3030 786 3220 842; x_wconf 86' lang='lat' dir='ltr'>Videte</span> <span class='ocrx_word' id='word_1_155' title='bbox 3248 789 3500 858; x_wconf 87' lang='lat' dir='ltr'>quomodo</span> <span class='ocrx_word' id='word_1_156' title='bbox 3533 805 3605 859; x_wconf 88' lang='lat' dir='ltr'>per</span> <span class='ocrx_word' id='word_1_157' title='bbox 3624 792 3696 862; x_wconf 83' lang='lat' dir='ltr'>plu-</span> 
     </span>
    </p>
   </div>
   <div class='ocr_carea' id='block_1_23' title="bbox 2207 874 3697 935">
    <p class='ocr_par' dir='ltr' id='par_1_23' title="bbox 2207 874 3697 935">
     <span class='ocr_line' id='line_1_23' title="bbox 2207 874 3697 935; baseline 0.005 -7"><span class='ocrx_word' id='word_1_158' title='bbox 2207 892 2298 930; x_wconf 89' lang='lat' dir='ltr'>res</span> <span class='ocrx_word' id='word_1_159' title='bbox 2328 874 2452 929; x_wconf 90' lang='lat' dir='ltr'>vias</span> <span class='ocrx_word' id='word_1_160' title='bbox 2476 874 2745 930; x_wconf 78' lang='lat' dir='ltr'>venimus</span> <span class='ocrx_word' id='word_1_161' title='bbox 2769 875 2848 931; x_wconf 84' lang='lat' dir='ltr'>ad</span> <span class='ocrx_word' id='word_1_162' title='bbox 2882 891 3058 929; x_wconf 90' lang='lat' dir='ltr'>unam</span> <span class='ocrx_word' id='word_1_163' title='bbox 3090 875 3256 930; x_wconf 88' lang='lat' dir='ltr'>viam.</span> <span class='ocrx_word' id='word_1_164' title='bbox 3287 876 3392 934; x_wconf 87' lang='lat' dir='ltr'>Hoc</span> <span class='ocrx_word' id='word_1_165' title='bbox 3429 877 3593 934; x_wconf 87' lang='lat' dir='ltr'>dicitur</span> <span class='ocrx_word' id='word_1_166' title='bbox 3611 879 3697 935; x_wconf 81' lang='lat' dir='ltr'>etin</span> 
     </span>
    </p>
   </div>
   <div class='ocr_carea' id='block_1_24' title="bbox 2209 963 3699 1038">
    <p class='ocr_par' dir='ltr' id='par_1_24' title="bbox 2209 963 3699 1038">
     <span class='ocr_line' id='line_1_24' title="bbox 2209 963 3699 1038; baseline 0.003 -19"><span class='ocrx_word' id='word_1_167' title='bbox 2209 963 2512 1034; x_wconf 88' lang='lat' dir='ltr'>Evangelio</span> <span class='ocrx_word' id='word_1_168' title='bbox 2538 964 2670 1020; x_wconf 90' lang='lat' dir='ltr'>aliis</span> <span class='ocrx_word' id='word_1_169' title='bbox 2700 964 2892 1019; x_wconf 85' lang='lat' dir='ltr'>verbis</span> <span class='ocrx_word' id='word_1_170' title='bbox 2923 964 3034 1019; x_wconf 87' lang='lat' dir='ltr'>sub</span> <span class='ocrx_word' id='word_1_171' title='bbox 3086 963 3198 1018; x_wconf 90' lang='lat' dir='ltr'>alia</span> <span class='ocrx_word' id='word_1_172' title='bbox 3225 965 3578 1037; x_wconf 81' lang='lat' dir='ltr'>signiﬁcatione</span> <span class='ocrx_word' id='word_1_173' title='bbox 3598 984 3699 1038; x_wconf 79' lang='lat' dir='ltr'>pm-</span> 
     </span>
    </p>
   </div>
   <div class='ocr_carea' id='block_1_25' title="bbox 2208 1051 3702 1128">
    <p class='ocr_par' dir='ltr' id='par_1_25' title="bbox 2208 1051 3702 1128">
     <span class='ocr_line' id='line_1_25' title="bbox 2208 1051 3702 1128; baseline 0.003 -22"><span class='ocrx_word' id='word_1_174' title='bbox 2208 1051 2350 1107; x_wconf 86' lang='lat' dir='ltr'>bolae</span> <span class='ocrx_word' id='word_1_175' title='bbox 2391 1053 2460 1107; x_wconf 92' lang='lat' dir='ltr'>de</span> <span class='ocrx_word' id='word_1_176' title='bbox 2491 1053 2590 1109; x_wconf 91' lang='lat' dir='ltr'>illo</span> <span class='ocrx_word' id='word_1_177' title='bbox 2623 1053 2976 1126; x_wconf 86' lang='lat' dir='ltr'>negotiatorc</span> <span class='ocrx_word' id='word_1_178' title='bbox 3008 1053 3106 1124; x_wconf 89' lang='lat' dir='ltr'>qui</span> <span class='ocrx_word' id='word_1_179' title='bbox 3140 1053 3335 1109; x_wconf 85' lang='lat' dir='ltr'>habuit</span> <span class='ocrx_word' id='word_1_180' title='bbox 3376 1053 3535 1126; x_wconf 85' lang='lat' dir='ltr'>plures</span> <span class='ocrx_word' id='word_1_181' title='bbox 3557 1073 3702 1128; x_wconf 56' lang='lat' dir='ltr'>mergar</span> 
     </span>
    </p>
   </div>
   <div class='ocr_carea' id='block_1_26' title="bbox 2210 1142 3704 1214">
    <p class='ocr_par' dir='ltr' id='par_1_26' title="bbox 2210 1142 3704 1214">
     <span class='ocr_line' id='line_1_26' title="bbox 2210 1142 3704 1214; baseline 0.003 -19"><span class='ocrx_word' id='word_1_182' title='bbox 2210 1143 2373 1211; x_wconf 88' lang='lat' dir='ltr'>ritas,</span> <span class='ocrx_word' id='word_1_183' title='bbox 2408 1143 2506 1214; x_wconf 88' lang='lat' dir='ltr'>qui</span> <span class='ocrx_word' id='word_1_184' title='bbox 2539 1143 2797 1197; x_wconf 78' lang='lat' dir='ltr'>vendidit</span> <span class='ocrx_word' id='word_1_185' title='bbox 2826 1158 2945 1212; x_wconf 84' lang='lat' dir='ltr'>eas,</span> <span class='ocrx_word' id='word_1_186' title='bbox 2978 1146 3035 1198; x_wconf 90' lang='lat' dir='ltr'>et</span> <span class='ocrx_word' id='word_1_187' title='bbox 3079 1142 3219 1196; x_wconf 87' lang='lat' dir='ltr'>emit</span> <span class='ocrx_word' id='word_1_188' title='bbox 3261 1160 3418 1198; x_wconf 86' lang='lat' dir='ltr'>unam</span> <span class='ocrx_word' id='word_1_189' title='bbox 3460 1144 3704 1213; x_wconf 81' lang='lat' dir='ltr'>pretiosissi-</span> 
     </span>
    </p>
   </div>
   <div class='ocr_carea' id='block_1_27' title="bbox 2213 1231 3706 1303">
    <p class='ocr_par' dir='ltr' id='par_1_27' title="bbox 2213 1231 3706 1303">
     <span class='ocr_line' id='line_1_27' title="bbox 2213 1231 3706 1303; baseline 0.001 -17"><span class='ocrx_word' id='word_1_190' title='bbox 2213 1248 2370 1286; x_wconf 87' lang='lat' dir='ltr'>mam</span> <span class='ocrx_word' id='word_1_191' title='bbox 2403 1233 2802 1303; x_wconf 85' lang='lat' dir='ltr'>margaritam.</span> <span class='ocrx_word' id='word_1_192' title='bbox 2855 1231 3016 1295; x_wconf 88' lang='lat' dir='ltr'>Quod</span> <span class='ocrx_word' id='word_1_193' title='bbox 3075 1231 3212 1287; x_wconf 87' lang='lat' dir='ltr'>dicit</span> <span class='ocrx_word' id='word_1_194' title='bbox 3240 1231 3339 1288; x_wconf 89' lang='lat' dir='ltr'>hoc</span> <span class='ocrx_word' id='word_1_195' title='bbox 3389 1236 3480 1302; x_wconf 87' lang='lat' dir='ltr'>est,</span> <span class='ocrx_word' id='word_1_196' title='bbox 3525 1232 3706 1289; x_wconf 76' lang='lat' dir='ltr'>Habetote</span> 
     </span>
    </p>
   </div>
   <div class='ocr_carea' id='block_1_28' title="bbox 2212 1320 3709 1394">
    <p class='ocr_par' dir='ltr' id='par_1_28' title="bbox 2212 1320 3709 1394">
     <span class='ocr_line' id='line_1_28' title="bbox 2212 1320 3709 1394; baseline 0 -20"><span class='ocrx_word' id='word_1_197' title='bbox 2212 1320 2499 1391; x_wconf 88' lang='lat' dir='ltr'>plurimas</span> <span class='ocrx_word' id='word_1_198' title='bbox 2539 1321 2906 1394; x_wconf 85' lang='lat' dir='ltr'>margaritas,</span> <span class='ocrx_word' id='word_1_199' title='bbox 2940 1326 2998 1375; x_wconf 92' lang='lat' dir='ltr'>et</span> <span class='ocrx_word' id='word_1_200' title='bbox 3027 1326 3173 1376; x_wconf 87' lang='lat' dir='ltr'>state</span> <span class='ocrx_word' id='word_1_201' title='bbox 3200 1321 3254 1375; x_wconf 90' lang='lat' dir='ltr'>in</span> <span class='ocrx_word' id='word_1_202' title='bbox 3277 1320 3392 1376; x_wconf 89' lang='lat' dir='ltr'>viis.</span> <span class='ocrx_word' id='word_1_203' title='bbox 3415 1321 3510 1375; x_wconf 85' lang='lat' dir='ltr'>Hoc</span> <span class='ocrx_word' id='word_1_204' title='bbox 3525 1326 3709 1387; x_wconf 76' lang='lat' dir='ltr'>est,state</span> 
     </span>
    </p>
   </div>
   <div class='ocr_carea' id='block_1_29' title="bbox 2214 1409 3709 1482">
    <p class='ocr_par' dir='ltr' id='par_1_29' title="bbox 2214 1409 3709 1482">
     <span class='ocr_line' id='line_1_29' title="bbox 2214 1409 3709 1482; baseline -0.001 -19"><span class='ocrx_word' id='word_1_205' title='bbox 2214 1410 2272 1464; x_wconf 92' lang='lat' dir='ltr'>in</span> <span class='ocrx_word' id='word_1_206' title='bbox 2315 1409 2444 1479; x_wconf 91' lang='lat' dir='ltr'>viis,</span> <span class='ocrx_word' id='word_1_207' title='bbox 2493 1416 2551 1464; x_wconf 89' lang='lat' dir='ltr'>et</span> <span class='ocrx_word' id='word_1_208' title='bbox 2607 1410 2956 1482; x_wconf 86' lang='lat' dir='ltr'>interrogate</span> <span class='ocrx_word' id='word_1_209' title='bbox 3010 1409 3244 1464; x_wconf 87' lang='lat' dir='ltr'>semitas</span> <span class='ocrx_word' id='word_1_210' title='bbox 3292 1409 3489 1464; x_wconf 90' lang='lat' dir='ltr'>Domini</span> <span class='ocrx_word' id='word_1_211' title='bbox 3536 1414 3709 1464; x_wconf 70' lang='lat' dir='ltr'>aeternas.</span> 
     </span>
    </p>
   </div>
   <div class='ocr_carea' id='block_1_30' title="bbox 2216 1497 3711 1570">
    <p class='ocr_par' dir='ltr' id='par_1_30' title="bbox 2216 1497 3711 1570">
     <span class='ocr_line' id='line_1_30' title="bbox 2216 1497 3711 1570; baseline -0.003 -17"><span class='ocrx_word' id='word_1_212' title='bbox 2216 1497 2459 1553; x_wconf 90' lang='lat' dir='ltr'>Pulchre</span> <span class='ocrx_word' id='word_1_213' title='bbox 2489 1503 2754 1561; x_wconf 60' lang='lat' dir='ltr'>aeternas,</span> <span class='ocrx_word' id='word_1_214' title='bbox 2790 1515 2859 1553; x_wconf 90' lang='lat' dir='ltr'>ne</span> <span class='ocrx_word' id='word_1_215' title='bbox 2916 1503 3254 1570; x_wconf 88' lang='lat' dir='ltr'>putaremus</span> <span class='ocrx_word' id='word_1_216' title='bbox 3306 1499 3518 1552; x_wconf 88' lang='lat' dir='ltr'>adventu</span> <span class='ocrx_word' id='word_1_217' title='bbox 3560 1497 3711 1562; x_wconf 82' lang='lat' dir='ltr'>Christi,</span> 
     </span>
    </p>
   </div>
   <div class='ocr_carea' id='block_1_31' title="bbox 2219 1586 3712 1658">
    <p class='ocr_par' dir='ltr' id='par_1_31' title="bbox 2219 1586 3712 1658">
     <span class='ocr_line' id='line_1_31' title="bbox 2219 1586 3712 1658; baseline -0.002 -17"><span class='ocrx_word' id='word_1_218' title='bbox 2219 1588 2421 1658; x_wconf 81' lang='lat' dir='ltr'>Legem</span> <span class='ocrx_word' id='word_1_219' title='bbox 2454 1592 2510 1642; x_wconf 92' lang='lat' dir='ltr'>et</span> <span class='ocrx_word' id='word_1_220' title='bbox 2542 1586 2859 1658; x_wconf 84' lang='lat' dir='ltr'>Prophetas</span> <span class='ocrx_word' id='word_1_221' title='bbox 2906 1603 3034 1644; x_wconf 89' lang='lat' dir='ltr'>esse</span> <span class='ocrx_word' id='word_1_222' title='bbox 3094 1587 3302 1642; x_wconf 78' lang='lat' dir='ltr'>ﬁnitos.</span> <span class='ocrx_word' id='word_1_223' title='bbox 3357 1587 3451 1642; x_wconf 86' lang='lat' dir='ltr'>Sed</span> <span class='ocrx_word' id='word_1_224' title='bbox 3499 1586 3595 1640; x_wconf 80' lang='lat' dir='ltr'>vide</span> <span class='ocrx_word' id='word_1_225' title='bbox 3629 1586 3712 1656; x_wconf 85' lang='lat' dir='ltr'>quid</span> 
     </span>
    </p>
   </div>
   <div class='ocr_carea' id='block_1_32' title="bbox 2217 1674 3715 1748">
    <p class='ocr_par' dir='ltr' id='par_1_32' title="bbox 2217 1674 3715 1748">
     <span class='ocr_line' id='line_1_32' title="bbox 2217 1674 3715 1748; baseline -0.001 -19"><span class='ocrx_word' id='word_1_226' title='bbox 2217 1675 2387 1731; x_wconf 90' lang='lat' dir='ltr'>dicat.</span> <span class='ocrx_word' id='word_1_227' title='bbox 2422 1677 2581 1731; x_wconf 89' lang='lat' dir='ltr'>State</span> <span class='ocrx_word' id='word_1_228' title='bbox 2612 1676 2671 1730; x_wconf 91' lang='lat' dir='ltr'>in</span> <span class='ocrx_word' id='word_1_229' title='bbox 2704 1676 2834 1741; x_wconf 91' lang='lat' dir='ltr'>viis,</span> <span class='ocrx_word' id='word_1_230' title='bbox 2867 1677 2923 1730; x_wconf 91' lang='lat' dir='ltr'>in</span> <span class='ocrx_word' id='word_1_231' title='bbox 2958 1677 3107 1748; x_wconf 85' lang='lat' dir='ltr'>Lege</span> <span class='ocrx_word' id='word_1_232' title='bbox 3148 1680 3203 1730; x_wconf 90' lang='lat' dir='ltr'>et</span> <span class='ocrx_word' id='word_1_233' title='bbox 3250 1674 3528 1746; x_wconf 87' lang='lat' dir='ltr'>Prophetis,</span> <span class='ocrx_word' id='word_1_234' title='bbox 3553 1680 3596 1730; x_wconf 85' lang='lat' dir='ltr'>et</span> <span class='ocrx_word' id='word_1_235' title='bbox 3626 1679 3715 1728; x_wconf 72' lang='lat' dir='ltr'>state</span> 
     </span>
    </p>
   </div>
   <div class='ocr_carea' id='block_1_33' title="bbox 446 1760 3717 1858">
    <p class='ocr_par' dir='ltr' id='par_1_33' title="bbox 446 1760 3717 1858">
     <span class='ocr_line' id='line_1_33' title="bbox 446 1760 3717 1858; baseline -0.002 -34"><span class='ocrx_word' id='word_1_236' title='bbox 446 1768 755 1824; x_wconf 88' lang='lat' dir='ltr'>abundans</span> <span class='ocrx_word' id='word_1_237' title='bbox 787 1765 846 1818; x_wconf 90' lang='lat' dir='ltr'>in</span> <span class='ocrx_word' id='word_1_238' title='bbox 879 1762 1160 1818; x_wconf 90' lang='lat' dir='ltr'>lateribus</span> <span class='ocrx_word' id='word_1_239' title='bbox 1191 1762 1400 1816; x_wconf 91' lang='lat' dir='ltr'>domus</span> <span class='ocrx_word' id='word_1_240' title='bbox 1434 1766 1587 1816; x_wconf 69' lang='lat' dir='ltr'>tuae:</span> <span class='ocrx_word' id='word_1_241' title='bbox 1642 1761 1744 1815; x_wconf 82' lang='lat' dir='ltr'>filii</span> <span class='ocrx_word' id='word_1_242' title='bbox 1804 1760 1892 1815; x_wconf 93' lang='lat' dir='ltr'>tui</span> <span class='ocrx_word' id='word_1_243' title='bbox 1944 1761 2101 1816; x_wconf 91' lang='lat' dir='ltr'>sicut</span> <span class='ocrx_word' id='word_1_244' title='bbox 2134 1795 2180 1858; x_wconf 80' lang='grc' dir='ltr'><strong>Β</strong></span> <span class='ocrx_word' id='word_1_245' title='bbox 2216 1765 2275 1820; x_wconf 91' lang='lat' dir='ltr'>in</span> <span class='ocrx_word' id='word_1_246' title='bbox 2308 1764 2434 1820; x_wconf 90' lang='lat' dir='ltr'>viis.</span> <span class='ocrx_word' id='word_1_247' title='bbox 2465 1764 2651 1820; x_wconf 90' lang='lat' dir='ltr'>Nolite</span> <span class='ocrx_word' id='word_1_248' title='bbox 2681 1765 2765 1819; x_wconf 89' lang='lat' dir='ltr'>sic</span> <span class='ocrx_word' id='word_1_249' title='bbox 2796 1764 3032 1820; x_wconf 87' lang='lat' dir='ltr'>credere</span> <span class='ocrx_word' id='word_1_250' title='bbox 3062 1765 3122 1818; x_wconf 92' lang='lat' dir='ltr'>in</span> <span class='ocrx_word' id='word_1_251' title='bbox 3151 1764 3241 1819; x_wconf 90' lang='lat' dir='ltr'>via</span> <span class='ocrx_word' id='word_1_252' title='bbox 3269 1780 3392 1832; x_wconf 86' lang='lat' dir='ltr'>una,</span> <span class='ocrx_word' id='word_1_253' title='bbox 3422 1768 3473 1818; x_wconf 92' lang='lat' dir='ltr'>ut</span> <span class='ocrx_word' id='word_1_254' title='bbox 3510 1761 3717 1818; x_wconf 74' lang='lat' dir='ltr'>dimittatis</span> 
     </span>
    </p>
   </div>
   <div class='ocr_carea' id='block_1_34' title="bbox 446 1849 2102 1921">
    <p class='ocr_par' dir='ltr' id='par_1_34' title="bbox 446 1849 2102 1921">
     <span class='ocr_line' id='line_1_34' title="bbox 446 1849 2102 1921; baseline -0.004 -10"><span class='ocrx_word' id='word_1_255' title='bbox 446 1854 682 1912; x_wconf 76' lang='lat' dir='ltr'>novellae</span> <span class='ocrx_word' id='word_1_256' title='bbox 709 1853 1016 1921; x_wconf 87' lang='lat' dir='ltr'>olivarum,</span> <span class='ocrx_word' id='word_1_257' title='bbox 1049 1851 1107 1905; x_wconf 93' lang='lat' dir='ltr'>in</span> <span class='ocrx_word' id='word_1_258' title='bbox 1139 1849 1385 1906; x_wconf 91' lang='lat' dir='ltr'>circuitu</span> <span class='ocrx_word' id='word_1_259' title='bbox 1433 1866 1648 1905; x_wconf 67' lang='lat' dir='ltr'>mensae</span> <span class='ocrx_word' id='word_1_260' title='bbox 1697 1857 1825 1904; x_wconf 73' lang='lat' dir='ltr'>tuae.</span> <span class='ocrx_word' id='word_1_261' title='bbox 1860 1871 1887 1898; x_wconf 87' lang='grc'><strong>››</strong></span> <span class='ocrx_word' id='word_1_262' title='bbox 1951 1850 2102 1920; x_wconf 85' lang='lat' dir='ltr'>Ergo</span> 
     </span>
    </p>
   </div>
   <div class='ocr_carea' id='block_1_35' title="bbox 447 1938 2108 2015">
    <p class='ocr_par' dir='ltr' id='par_1_35' title="bbox 447 1938 2108 2015">
     <span class='ocr_line' id='line_1_35' title="bbox 447 1938 2108 2015; baseline -0.005 -15"><span class='ocrx_word' id='word_1_263' title='bbox 447 1951 502 2000; x_wconf 87' lang='lat' dir='ltr'>et</span> <span class='ocrx_word' id='word_1_264' title='bbox 533 1943 635 2015; x_wconf 89' lang='lat' dir='ltr'>qui</span> <span class='ocrx_word' id='word_1_265' title='bbox 666 1959 849 1998; x_wconf 92' lang='lat' dir='ltr'>unum</span> <span class='ocrx_word' id='word_1_266' title='bbox 881 1941 1056 1996; x_wconf 89' lang='lat' dir='ltr'>habet</span> <span class='ocrx_word' id='word_1_267' title='bbox 1087 1938 1273 1994; x_wconf 82' lang='lat' dir='ltr'>tilium</span> <span class='ocrx_word' id='word_1_268' title='bbox 1305 1942 1361 1994; x_wconf 92' lang='lat' dir='ltr'>et</span> <span class='ocrx_word' id='word_1_269' title='bbox 1391 1939 1560 2005; x_wconf 89' lang='lat' dir='ltr'>duos,</span> <span class='ocrx_word' id='word_1_270' title='bbox 1599 1955 1715 1994; x_wconf 92' lang='lat' dir='ltr'>non</span> <span class='ocrx_word' id='word_1_271' title='bbox 1750 1943 1839 1993; x_wconf 91' lang='lat' dir='ltr'>est</span> <span class='ocrx_word' id='word_1_272' title='bbox 1867 1938 2108 1994; x_wconf 73' lang='lat' dir='ltr'>beatus?</span> 
     </span>
    </p>
   </div>
   <div class='ocr_carea' id='block_1_36' title="bbox 449 2026 2104 2099">
    <p class='ocr_par' dir='ltr' id='par_1_36' title="bbox 449 2026 2104 2099">
     <span class='ocr_line' id='line_1_36' title="bbox 449 2026 2104 2099; baseline -0.005 -11"><span class='ocrx_word' id='word_1_273' title='bbox 449 2033 596 2099; x_wconf 83' lang='lat' dir='ltr'>Quid</span> <span class='ocrx_word' id='word_1_274' title='bbox 625 2030 782 2088; x_wconf 90' lang='lat' dir='ltr'>enim</span> <span class='ocrx_word' id='word_1_275' title='bbox 813 2030 974 2098; x_wconf 90' lang='lat' dir='ltr'>dicit,</span> <span class='ocrx_word' id='word_1_276' title='bbox 999 2053 1026 2078; x_wconf 85' lang='lat'><strong>«</strong></span> <span class='ocrx_word' id='word_1_277' title='bbox 1052 2027 1176 2082; x_wconf 85' lang='lat' dir='ltr'>Filii</span> <span class='ocrx_word' id='word_1_278' title='bbox 1212 2027 1294 2082; x_wconf 92' lang='lat' dir='ltr'>tui</span> <span class='ocrx_word' id='word_1_279' title='bbox 1330 2026 1479 2082; x_wconf 84' lang='lat' dir='ltr'>sicut</span> <span class='ocrx_word' id='word_1_280' title='bbox 1513 2026 1751 2082; x_wconf 65' lang='lat' dir='ltr'>novellae</span> <span class='ocrx_word' id='word_1_281' title='bbox 1790 2026 2104 2093; x_wconf 89' lang='lat' dir='ltr'>olivarum,</span> 
     </span>
    </p>
   </div>
   <div class='ocr_carea' id='block_1_37' title="bbox 447 2116 2105 2179">
    <p class='ocr_par' dir='ltr' id='par_1_37' title="bbox 447 2116 2105 2179">
     <span class='ocr_line' id='line_1_37' title="bbox 447 2116 2105 2179; baseline -0.005 0"><span class='ocrx_word' id='word_1_282' title='bbox 447 2122 510 2179; x_wconf 78' lang='lat' dir='ltr'>in</span> <span class='ocrx_word' id='word_1_283' title='bbox 541 2121 788 2178; x_wconf 87' lang='lat' dir='ltr'>circuitu</span> <span class='ocrx_word' id='word_1_284' title='bbox 822 2136 1035 2175; x_wconf 76' lang='lat' dir='ltr'>mensa:</span> <span class='ocrx_word' id='word_1_285' title='bbox 1065 2123 1199 2173; x_wconf 69' lang='lat' dir='ltr'>tuae.</span> <span class='ocrx_word' id='word_1_286' title='bbox 1233 2140 1260 2166; x_wconf 88' lang='grc'><strong>››</strong></span> <span class='ocrx_word' id='word_1_287' title='bbox 1309 2116 1430 2172; x_wconf 86' lang='lat' dir='ltr'>Nisi</span> <span class='ocrx_word' id='word_1_288' title='bbox 1482 2121 1677 2172; x_wconf 90' lang='lat' dir='ltr'>tantos</span> <span class='ocrx_word' id='word_1_289' title='bbox 1718 2116 2105 2171; x_wconf 89' lang='lat' dir='ltr'>habuerimus</span> 
     </span>
    </p>
   </div>
   <div class='ocr_carea' id='block_1_38' title="bbox 461 2204 2106 2280">
    <p class='ocr_par' dir='ltr' id='par_1_38' title="bbox 461 2204 2106 2280">
     <span class='ocr_line' id='line_1_38' title="bbox 461 2204 2106 2280; baseline -0.005 -13"><span class='ocrx_word' id='word_1_290' title='bbox 461 2211 632 2275; x_wconf 83' lang='lat' dir='ltr'>ﬁlios,</span> <span class='ocrx_word' id='word_1_291' title='bbox 660 2214 724 2266; x_wconf 89' lang='lat' dir='ltr'>ut</span> <span class='ocrx_word' id='word_1_292' title='bbox 771 2209 1010 2280; x_wconf 82' lang='lat' dir='ltr'>cingant</span> <span class='ocrx_word' id='word_1_293' title='bbox 1049 2222 1311 2260; x_wconf 88' lang='lat' dir='ltr'>mensam</span> <span class='ocrx_word' id='word_1_294' title='bbox 1372 2209 1654 2271; x_wconf 87' lang='lat' dir='ltr'>nostram,</span> <span class='ocrx_word' id='word_1_295' title='bbox 1688 2204 2106 2259; x_wconf 85' lang='lat' dir='ltr'>beatitudinem</span> 
     </span>
    </p>
   </div>
   <div class='ocr_carea' id='block_1_39' title="bbox 459 2293 2110 2355">
    <p class='ocr_par' dir='ltr' id='par_1_39' title="bbox 459 2293 2110 2355">
     <span class='ocr_line' id='line_1_39' title="bbox 459 2293 2110 2355; baseline -0.004 0"><span class='ocrx_word' id='word_1_296' title='bbox 459 2298 720 2355; x_wconf 87' lang='lat' dir='ltr'>timentis</span> <span class='ocrx_word' id='word_1_297' title='bbox 764 2295 1072 2351; x_wconf 89' lang='lat' dir='ltr'>Dominum</span> <span class='ocrx_word' id='word_1_298' title='bbox 1125 2311 1239 2349; x_wconf 91' lang='lat' dir='ltr'>non</span> <span class='ocrx_word' id='word_1_299' title='bbox 1289 2293 1687 2348; x_wconf 82' lang='lat' dir='ltr'>habebimus?</span> <span class='ocrx_word' id='word_1_300' title='bbox 1745 2295 1902 2348; x_wconf 89' lang='lat' dir='ltr'>Isaac</span> <span class='ocrx_word' id='word_1_301' title='bbox 1961 2293 2110 2348; x_wconf 88' lang='lat' dir='ltr'>hanc</span> 
     </span>
    </p>
   </div>
   <div class='ocr_carea' id='block_1_40' title="bbox 459 2382 2107 2466">
    <p class='ocr_par' dir='ltr' id='par_1_40' title="bbox 459 2382 2107 2466">
     <span class='ocr_line' id='line_1_40' title="bbox 459 2382 2107 2466; baseline -0.004 -24"><span class='ocrx_word' id='word_1_302' title='bbox 459 2385 881 2442; x_wconf 87' lang='lat' dir='ltr'>beatitudinem</span> <span class='ocrx_word' id='word_1_303' title='bbox 915 2401 1027 2438; x_wconf 92' lang='lat' dir='ltr'>non</span> <span class='ocrx_word' id='word_1_304' title='bbox 1067 2383 1290 2466; x_wconf 76' lang='lat' dir='ltr'>habuit,</span> <span class='ocrx_word' id='word_1_305' title='bbox 1323 2382 1528 2437; x_wconf 87' lang='lat' dir='ltr'>habuit</span> <span class='ocrx_word' id='word_1_306' title='bbox 1567 2382 1720 2437; x_wconf 89' lang='lat' dir='ltr'>enim</span> <span class='ocrx_word' id='word_1_307' title='bbox 1753 2383 1900 2437; x_wconf 92' lang='lat' dir='ltr'>duos</span> <span class='ocrx_word' id='word_1_308' title='bbox 1935 2382 2107 2447; x_wconf 80' lang='lat' dir='ltr'>filios,</span> 
     </span>
    </p>
   </div>
   <div class='ocr_carea' id='block_1_41' title="bbox 461 2471 2109 2545">
    <p class='ocr_par' dir='ltr' id='par_1_41' title="bbox 461 2471 2109 2545">
     <span class='ocr_line' id='line_1_41' title="bbox 461 2471 2109 2545; baseline -0.005 -13"><span class='ocrx_word' id='word_1_309' title='bbox 461 2493 646 2533; x_wconf 90' lang='lat' dir='ltr'>unum</span> <span class='ocrx_word' id='word_1_310' title='bbox 683 2473 1025 2545; x_wconf 89' lang='lat' dir='ltr'>pessimum,</span> <span class='ocrx_word' id='word_1_311' title='bbox 1050 2473 1222 2533; x_wconf 86' lang='lat' dir='ltr'>Esau,</span> <span class='ocrx_word' id='word_1_312' title='bbox 1255 2471 1351 2540; x_wconf 88' lang='lat' dir='ltr'>qui</span> <span class='ocrx_word' id='word_1_313' title='bbox 1378 2471 1564 2526; x_wconf 90' lang='lat' dir='ltr'>multo</span> <span class='ocrx_word' id='word_1_314' title='bbox 1597 2472 1809 2526; x_wconf 91' lang='lat' dir='ltr'>melius</span> <span class='ocrx_word' id='word_1_315' title='bbox 1841 2471 2029 2526; x_wconf 84' lang='lat' dir='ltr'>fuerat</span> <span class='ocrx_word' id='word_1_316' title='bbox 2059 2471 2109 2524; x_wconf 90' lang='lat' dir='ltr'>si</span> 
     </span>
    </p>
   </div>
   <div class='ocr_carea' id='block_1_42' title="bbox 461 2558 2107 2620">
    <p class='ocr_par' dir='ltr' id='par_1_42' title="bbox 461 2558 2107 2620">
     <span class='ocr_line' id='line_1_42' title="bbox 461 2558 2107 2620; baseline -0.004 0"><span class='ocrx_word' id='word_1_317' title='bbox 461 2569 638 2620; x_wconf 89' lang='lat' dir='ltr'>natus</span> <span class='ocrx_word' id='word_1_318' title='bbox 655 2578 770 2618; x_wconf 92' lang='lat' dir='ltr'>non</span> <span class='ocrx_word' id='word_1_319' title='bbox 793 2561 1019 2616; x_wconf 85' lang='lat' dir='ltr'>fuisset.</span> <span class='ocrx_word' id='word_1_320' title='bbox 1039 2559 1256 2614; x_wconf 89' lang='lat' dir='ltr'>Habuit</span> <span class='ocrx_word' id='word_1_321' title='bbox 1279 2565 1472 2614; x_wconf 89' lang='lat' dir='ltr'>autem</span> <span class='ocrx_word' id='word_1_322' title='bbox 1499 2576 1678 2614; x_wconf 84' lang='lat' dir='ltr'>unum</span> <span class='ocrx_word' id='word_1_323' title='bbox 1703 2559 1884 2614; x_wconf 88' lang='lat' dir='ltr'>tilium</span> <span class='ocrx_word' id='word_1_324' title='bbox 1905 2558 2107 2615; x_wconf 90' lang='lat' dir='ltr'>Jacob:</span> 
     </span>
    </p>
   </div>
   <div class='ocr_carea' id='block_1_43' title="bbox 460 2649 2111 2726">
    <p class='ocr_par' dir='ltr' id='par_1_43' title="bbox 460 2649 2111 2726">
     <span class='ocr_line' id='line_1_43' title="bbox 460 2649 2111 2726; baseline -0.004 -17"><span class='ocrx_word' id='word_1_325' title='bbox 460 2669 598 2726; x_wconf 88' lang='lat' dir='ltr'>ergo</span> <span class='ocrx_word' id='word_1_326' title='bbox 615 2669 729 2708; x_wconf 89' lang='lat' dir='ltr'>non</span> <span class='ocrx_word' id='word_1_327' title='bbox 752 2650 957 2706; x_wconf 84' lang='lat' dir='ltr'>habuit</span> <span class='ocrx_word' id='word_1_328' title='bbox 977 2649 1399 2704; x_wconf 87' lang='lat' dir='ltr'>beatitudinem</span> <span class='ocrx_word' id='word_1_329' title='bbox 1423 2651 1449 2702; x_wconf 83' lang='lat'>‘?</span> <span class='ocrx_word' id='word_1_330' title='bbox 1467 2649 1612 2712; x_wconf 88' lang='lat' dir='ltr'>Quia</span> <span class='ocrx_word' id='word_1_331' title='bbox 1628 2665 1780 2704; x_wconf 89' lang='lat' dir='ltr'>unus</span> <span class='ocrx_word' id='word_1_332' title='bbox 1803 2650 2111 2708; x_wconf 85' lang='lat' dir='ltr'>circumire</span> 
     </span>
    </p>
   </div>
   <div class='ocr_carea' id='block_1_44' title="bbox 462 2737 2112 2810">
    <p class='ocr_par' dir='ltr' id='par_1_44' title="bbox 462 2737 2112 2810">
     <span class='ocr_line' id='line_1_44' title="bbox 462 2737 2112 2810; baseline -0.002 -11"><span class='ocrx_word' id='word_1_333' title='bbox 462 2757 730 2798; x_wconf 87' lang='lat' dir='ltr'>mensam</span> <span class='ocrx_word' id='word_1_334' title='bbox 761 2757 875 2795; x_wconf 89' lang='lat' dir='ltr'>non</span> <span class='ocrx_word' id='word_1_335' title='bbox 937 2738 1141 2810; x_wconf 90' lang='lat' dir='ltr'>potuit.</span> <span class='ocrx_word' id='word_1_336' title='bbox 1203 2737 1473 2810; x_wconf 78' lang='lat' dir='ltr'>Virgines</span> <span class='ocrx_word' id='word_1_337' title='bbox 1530 2754 1666 2809; x_wconf 85' lang='lat' dir='ltr'>ergo</span> <span class='ocrx_word' id='word_1_338' title='bbox 1728 2755 1840 2792; x_wconf 91' lang='lat' dir='ltr'>non</span> <span class='ocrx_word' id='word_1_339' title='bbox 1903 2740 2112 2796; x_wconf 88' lang='lat' dir='ltr'>timent</span> 
     </span>
    </p>
   </div>
   <div class='ocr_carea' id='block_1_45' title="bbox 463 2827 2111 2898">
    <p class='ocr_par' dir='ltr' id='par_1_45' title="bbox 463 2827 2111 2898">
     <span class='ocr_line' id='line_1_45' title="bbox 463 2827 2111 2898; baseline -0.01 -9"><span class='ocrx_word' id='word_1_340' title='bbox 463 2834 665 2889; x_wconf 90' lang='lat' dir='ltr'>Deum.</span> <span class='ocrx_word' id='word_1_341' title='bbox 698 2829 844 2894; x_wconf 89' lang='lat' dir='ltr'>Quid</span> <span class='ocrx_word' id='word_1_342' title='bbox 877 2829 1034 2884; x_wconf 89' lang='lat' dir='ltr'>enim</span> <span class='ocrx_word' id='word_1_343' title='bbox 1067 2827 1301 2893; x_wconf 89' lang='lat' dir='ltr'>dicitur,</span> <span class='ocrx_word' id='word_1_344' title='bbox 1345 2828 1498 2898; x_wconf 84' lang='lat' dir='ltr'>quod</span> <span class='ocrx_word' id='word_1_345' title='bbox 1556 2827 1652 2898; x_wconf 89' lang='lat' dir='ltr'>qui</span> <span class='ocrx_word' id='word_1_346' title='bbox 1705 2829 1871 2883; x_wconf 87' lang='lat' dir='ltr'>timet</span> <span class='ocrx_word' id='word_1_347' title='bbox 1919 2830 2111 2885; x_wconf 84' lang='lat' dir='ltr'>Domi-</span> 
     </span>
    </p>
   </div>
   <div class='ocr_carea' id='block_1_46' title="bbox 461 2916 2111 2992">
    <p class='ocr_par' dir='ltr' id='par_1_46' title="bbox 461 2916 2111 2992">
     <span class='ocr_line' id='line_1_46' title="bbox 461 2916 2111 2992; baseline -0.003 -15"><span class='ocrx_word' id='word_1_348' title='bbox 461 2939 604 2978; x_wconf 90' lang='lat' dir='ltr'>num</span> <span class='ocrx_word' id='word_1_349' title='bbox 635 2919 924 2992; x_wconf 85' lang='lat' dir='ltr'>intelligat</span> <span class='ocrx_word' id='word_1_350' title='bbox 952 2916 1376 2973; x_wconf 89' lang='lat' dir='ltr'>beatitudinem</span> <span class='ocrx_word' id='word_1_351' title='bbox 1400 2916 1426 2970; x_wconf 88' lang='lat'><strong>?</strong></span> <span class='ocrx_word' id='word_1_352' title='bbox 1457 2940 1482 2965; x_wconf 88' lang='grc'><em>‹‹</em></span> <span class='ocrx_word' id='word_1_353' title='bbox 1507 2916 1656 2971; x_wconf 83' lang='lat' dir='ltr'>Uxor</span> <span class='ocrx_word' id='word_1_354' title='bbox 1679 2921 1779 2970; x_wconf 92' lang='lat' dir='ltr'>tua</span> <span class='ocrx_word' id='word_1_355' title='bbox 1801 2917 1956 2972; x_wconf 89' lang='lat' dir='ltr'>sicut</span> <span class='ocrx_word' id='word_1_356' title='bbox 1979 2917 2111 2972; x_wconf 86' lang='lat' dir='ltr'>vitis</span> 
     </span>
    </p>
   </div>
   <div class='ocr_carea' id='block_1_47' title="bbox 461 3004 2113 3071">
    <p class='ocr_par' dir='ltr' id='par_1_47' title="bbox 461 3004 2113 3071">
     <span class='ocr_line' id='line_1_47' title="bbox 461 3004 2113 3071; baseline -0.005 -1"><span class='ocrx_word' id='word_1_357' title='bbox 461 3010 769 3070; x_wconf 68' lang='lat' dir='ltr'>abundans</span> <span class='ocrx_word' id='word_1_358' title='bbox 801 3008 858 3062; x_wconf 91' lang='lat' dir='ltr'>in</span> <span class='ocrx_word' id='word_1_359' title='bbox 893 3006 1172 3062; x_wconf 88' lang='lat' dir='ltr'>lateribus</span> <span class='ocrx_word' id='word_1_360' title='bbox 1213 3006 1425 3060; x_wconf 86' lang='lat' dir='ltr'>domus</span> <span class='ocrx_word' id='word_1_361' title='bbox 1456 3010 1608 3071; x_wconf 82' lang='lat' dir='ltr'>tuae;</span> <span class='ocrx_word' id='word_1_362' title='bbox 1665 3004 1764 3059; x_wconf 82' lang='lat' dir='ltr'>filii</span> <span class='ocrx_word' id='word_1_363' title='bbox 1825 3005 1908 3060; x_wconf 91' lang='lat' dir='ltr'>tui</span> <span class='ocrx_word' id='word_1_364' title='bbox 1959 3007 2113 3062; x_wconf 86' lang='lat' dir='ltr'>sicut</span> 
     </span>
    </p>
   </div>
   <div class='ocr_carea' id='block_1_48' title="bbox 461 3095 2111 3168">
    <p class='ocr_par' dir='ltr' id='par_1_48' title="bbox 461 3095 2111 3168">
     <span class='ocr_line' id='line_1_48' title="bbox 461 3095 2111 3168; baseline -0.005 -11"><span class='ocrx_word' id='word_1_365' title='bbox 461 3097 698 3168; x_wconf 67' lang='lat' dir='ltr'>novellae</span> <span class='ocrx_word' id='word_1_366' title='bbox 721 3097 1029 3165; x_wconf 83' lang='lat' dir='ltr'>olivarum,</span> <span class='ocrx_word' id='word_1_367' title='bbox 1063 3095 1122 3150; x_wconf 91' lang='lat' dir='ltr'>in</span> <span class='ocrx_word' id='word_1_368' title='bbox 1165 3095 1409 3148; x_wconf 89' lang='lat' dir='ltr'>circuitu</span> <span class='ocrx_word' id='word_1_369' title='bbox 1463 3111 1674 3149; x_wconf 69' lang='lat' dir='ltr'>mensae</span> <span class='ocrx_word' id='word_1_370' title='bbox 1724 3099 1855 3148; x_wconf 57' lang='lat' dir='ltr'>tua}.</span> <span class='ocrx_word' id='word_1_371' title='bbox 1892 3116 1919 3142; x_wconf 86' lang='lat'>»</span> <span class='ocrx_word' id='word_1_372' title='bbox 1954 3095 2111 3150; x_wconf 90' lang='lat' dir='ltr'>Hanc</span> 
     </span>
    </p>
   </div>
   <div class='ocr_carea' id='block_1_49' title="bbox 2219 1852 3718 1926">
    <p class='ocr_par' dir='ltr' id='par_1_49' title="bbox 2219 1852 3718 1926">
     <span class='ocr_line' id='line_1_49' title="bbox 2219 1852 3718 1926; baseline -0.003 -18"><span class='ocrx_word' id='word_1_373' title='bbox 2219 1855 2340 1909; x_wconf 89' lang='lat' dir='ltr'>vias</span> <span class='ocrx_word' id='word_1_374' title='bbox 2372 1853 2696 1926; x_wconf 88' lang='lat' dir='ltr'>plurimas;</span> <span class='ocrx_word' id='word_1_375' title='bbox 2732 1855 2832 1910; x_wconf 88' lang='lat' dir='ltr'>sed</span> <span class='ocrx_word' id='word_1_376' title='bbox 2867 1858 3015 1909; x_wconf 88' lang='lat' dir='ltr'>state</span> <span class='ocrx_word' id='word_1_377' title='bbox 3073 1853 3131 1908; x_wconf 90' lang='lat' dir='ltr'>in</span> <span class='ocrx_word' id='word_1_378' title='bbox 3185 1853 3309 1916; x_wconf 90' lang='lat' dir='ltr'>viis,</span> <span class='ocrx_word' id='word_1_379' title='bbox 3358 1852 3636 1922; x_wconf 80' lang='lat' dir='ltr'>interrogate</span> <span class='ocrx_word' id='word_1_380' title='bbox 3665 1867 3718 1904; x_wconf 82' lang='lat' dir='ltr'>se-</span> 
     </span>
    </p>
   </div>
   <div class='ocr_carea' id='block_1_50' title="bbox 2219 1939 3719 2014">
    <p class='ocr_par' dir='ltr' id='par_1_50' title="bbox 2219 1939 3719 2014">
     <span class='ocr_line' id='line_1_50' title="bbox 2219 1939 3719 2014; baseline -0.003 -17"><span class='ocrx_word' id='word_1_381' title='bbox 2219 1943 2393 1998; x_wconf 90' lang='lat' dir='ltr'>mitas</span> <span class='ocrx_word' id='word_1_382' title='bbox 2434 1943 2663 1998; x_wconf 87' lang='lat' dir='ltr'>Domini</span> <span class='ocrx_word' id='word_1_383' title='bbox 2721 1947 2987 1998; x_wconf 70' lang='lat' dir='ltr'>aeternas.</span> <span class='ocrx_word' id='word_1_384' title='bbox 3055 1944 3392 2014; x_wconf 78' lang='lat' dir='ltr'>Interrogata</span> <span class='ocrx_word' id='word_1_385' title='bbox 3433 1939 3617 1996; x_wconf 81' lang='lat' dir='ltr'>semitas</span> <span class='ocrx_word' id='word_1_386' title='bbox 3654 1943 3719 1993; x_wconf 88' lang='lat' dir='ltr'>Do-</span> 
     </span>
    </p>
   </div>
   <div class='ocr_carea' id='block_1_51' title="bbox 2221 2026 3720 2102">
    <p class='ocr_par' dir='ltr' id='par_1_51' title="bbox 2221 2026 3720 2102">
     <span class='ocr_line' id='line_1_51' title="bbox 2221 2026 3720 2102; baseline -0.003 -18"><span class='ocrx_word' id='word_1_387' title='bbox 2221 2031 2384 2097; x_wconf 87' lang='lat' dir='ltr'>mini,</span> <span class='ocrx_word' id='word_1_388' title='bbox 2447 2032 2586 2102; x_wconf 91' lang='lat' dir='ltr'>quid</span> <span class='ocrx_word' id='word_1_389' title='bbox 2646 2031 2858 2086; x_wconf 74' lang='lat' dir='ltr'>dixerit</span> <span class='ocrx_word' id='word_1_390' title='bbox 2930 2031 3236 2096; x_wconf 89' lang='lat' dir='ltr'>Jeremias,</span> <span class='ocrx_word' id='word_1_391' title='bbox 3294 2030 3472 2095; x_wconf 87' lang='lat' dir='ltr'>Isaias,</span> <span class='ocrx_word' id='word_1_392' title='bbox 3538 2026 3720 2092; x_wconf 79' lang='lat' dir='ltr'>Ezechiel,</span> 
     </span>
    </p>
   </div>
   <div class='ocr_carea' id='block_1_52' title="bbox 2219 2115 3724 2192">
    <p class='ocr_par' dir='ltr' id='par_1_52' title="bbox 2219 2115 3724 2192">
     <span class='ocr_line' id='line_1_52' title="bbox 2219 2115 3724 2192; baseline -0.003 -18"><span class='ocrx_word' id='word_1_393' title='bbox 2219 2121 2360 2192; x_wconf 91' lang='lat' dir='ltr'>quid</span> <span class='ocrx_word' id='word_1_394' title='bbox 2384 2120 2570 2175; x_wconf 80' lang='lat' dir='ltr'>caeteri</span> <span class='ocrx_word' id='word_1_395' title='bbox 2606 2120 2918 2192; x_wconf 66' lang='lat' dir='ltr'>prophetae.</span> <span class='ocrx_word' id='word_1_396' title='bbox 2952 2120 3306 2191; x_wconf 78' lang='lat' dir='ltr'>Interrogata</span> <span class='ocrx_word' id='word_1_397' title='bbox 3332 2118 3569 2174; x_wconf 83' lang='lat' dir='ltr'>semitas:</span> <span class='ocrx_word' id='word_1_398' title='bbox 3595 2115 3724 2171; x_wconf 83' lang='lat' dir='ltr'>melius</span> 
     </span>
    </p>
   </div>
   <div class='ocr_carea' id='block_1_53' title="bbox 2219 2203 3725 2283">
    <p class='ocr_par' dir='ltr' id='par_1_53' title="bbox 2219 2203 3725 2283">
     <span class='ocr_line' id='line_1_53' title="bbox 2219 2203 3725 2283; baseline -0.003 -19"><span class='ocrx_word' id='word_1_399' title='bbox 2219 2211 2432 2264; x_wconf 88' lang='lat' dir='ltr'>dicitur</span> <span class='ocrx_word' id='word_1_400' title='bbox 2461 2209 2518 2264; x_wconf 90' lang='lat' dir='ltr'>in</span> <span class='ocrx_word' id='word_1_401' title='bbox 2551 2210 2746 2265; x_wconf 69' lang='lat' dir='ltr'>Graeco</span> <span class='ocrx_word' id='word_1_402' title='bbox 2774 2203 3034 2283; x_wconf 77' lang='grc' dir='ltr'>τρίϐουςε</span> <span class='ocrx_word' id='word_1_403' title='bbox 3077 2209 3282 2266; x_wconf 87' lang='lat' dir='ltr'>semita</span> <span class='ocrx_word' id='word_1_404' title='bbox 3323 2208 3458 2264; x_wconf 88' lang='lat' dir='ltr'>enim</span> <span class='ocrx_word' id='word_1_405' title='bbox 3505 2207 3659 2264; x_wconf 84' lang='lat' dir='ltr'>dicitur</span> <span class='ocrx_word' id='word_1_406' title='bbox 3683 2205 3725 2259; x_wconf 77' lang='lat' dir='ltr'>ab</span> 
     </span>
    </p>
   </div>
   <div class='ocr_carea' id='block_1_54' title="bbox 2219 2293 3726 2370">
    <p class='ocr_par' dir='ltr' id='par_1_54' title="bbox 2219 2293 3726 2370">
     <span class='ocr_line' id='line_1_54' title="bbox 2219 2293 3726 2370; baseline -0.005 -17"><span class='ocrx_word' id='word_1_407' title='bbox 2219 2315 2284 2353; x_wconf 89' lang='lat' dir='ltr'>eo</span> <span class='ocrx_word' id='word_1_408' title='bbox 2315 2299 2468 2369; x_wconf 92' lang='lat' dir='ltr'>quod</span> <span class='ocrx_word' id='word_1_409' title='bbox 2503 2297 2656 2353; x_wconf 88' lang='lat' dir='ltr'>calce</span> <span class='ocrx_word' id='word_1_410' title='bbox 2686 2298 3087 2370; x_wconf 87' lang='lat' dir='ltr'>gradientium</span> <span class='ocrx_word' id='word_1_411' title='bbox 3121 2297 3254 2352; x_wconf 89' lang='lat' dir='ltr'>trita</span> <span class='ocrx_word' id='word_1_412' title='bbox 3282 2301 3380 2352; x_wconf 90' lang='lat' dir='ltr'>est.</span> <span class='ocrx_word' id='word_1_413' title='bbox 3417 2297 3475 2351; x_wconf 86' lang='lat' dir='ltr'>Et</span> <span class='ocrx_word' id='word_1_414' title='bbox 3505 2294 3620 2366; x_wconf 87' lang='lat' dir='ltr'>quod</span> <span class='ocrx_word' id='word_1_415' title='bbox 3640 2293 3726 2348; x_wconf 85' lang='lat' dir='ltr'>dici-</span> 
     </span>
    </p>
   </div>
   <div class='ocr_carea' id='block_1_55' title="bbox 2221 2375 3726 2460">
    <p class='ocr_par' dir='ltr' id='par_1_55' title="bbox 2221 2375 3726 2460">
     <span class='ocr_line' id='line_1_55' title="bbox 2221 2375 3726 2460; baseline 0.001 -18"><span class='ocrx_word' id='word_1_416' title='bbox 2221 2393 2317 2442; x_wconf 92' lang='lat' dir='ltr'>tur</span> <span class='ocrx_word' id='word_1_417' title='bbox 2347 2387 2455 2443; x_wconf 92' lang='lat' dir='ltr'>hoc</span> <span class='ocrx_word' id='word_1_418' title='bbox 2486 2393 2596 2453; x_wconf 91' lang='lat' dir='ltr'>est,</span> <span class='ocrx_word' id='word_1_419' title='bbox 2626 2387 2979 2460; x_wconf 85' lang='lat' dir='ltr'>interrogate</span> <span class='ocrx_word' id='word_1_420' title='bbox 3009 2387 3275 2454; x_wconf 86' lang='lat' dir='ltr'>semitas,</span> <span class='ocrx_word' id='word_1_421' title='bbox 3307 2385 3402 2442; x_wconf 91' lang='lat' dir='ltr'>hoc</span> <span class='ocrx_word' id='word_1_422' title='bbox 3443 2389 3531 2448; x_wconf 82' lang='lat' dir='ltr'>est,</span> <span class='ocrx_word' id='word_1_423' title='bbox 3567 2375 3726 2454; x_wconf 71' lang='grc' dir='ltr'>τρίϐους,</span> 
     </span>
    </p>
   </div>
   <div class='ocr_carea' id='block_1_56' title="bbox 2221 2471 3728 2548">
    <p class='ocr_par' dir='ltr' id='par_1_56' title="bbox 2221 2471 3728 2548">
     <span class='ocr_line' id='line_1_56' title="bbox 2221 2471 3728 2548; baseline -0.007 -16"><span class='ocrx_word' id='word_1_424' title='bbox 2221 2476 2361 2548; x_wconf 90' lang='lat' dir='ltr'>quia</span> <span class='ocrx_word' id='word_1_425' title='bbox 2392 2477 2613 2532; x_wconf 89' lang='lat' dir='ltr'>scilicet</span> <span class='ocrx_word' id='word_1_426' title='bbox 2643 2476 2802 2531; x_wconf 81' lang='lat' dir='ltr'>trivit</span> <span class='ocrx_word' id='word_1_427' title='bbox 2825 2493 2924 2548; x_wconf 91' lang='lat' dir='ltr'>pes</span> <span class='ocrx_word' id='word_1_428' title='bbox 2959 2474 3213 2531; x_wconf 90' lang='lat' dir='ltr'>Domini.</span> <span class='ocrx_word' id='word_1_429' title='bbox 3245 2474 3509 2546; x_wconf 84' lang='lat' dir='ltr'>Siquidem</span> <span class='ocrx_word' id='word_1_430' title='bbox 3532 2476 3575 2527; x_wconf 85' lang='lat' dir='ltr'>et</span> <span class='ocrx_word' id='word_1_431' title='bbox 3602 2471 3728 2528; x_wconf 86' lang='lat' dir='ltr'>Domi-</span> 
     </span>
    </p>
   </div>
   <div class='ocr_carea' id='block_1_57' title="bbox 2223 2558 3729 2632">
    <p class='ocr_par' dir='ltr' id='par_1_57' title="bbox 2223 2558 3729 2632">
     <span class='ocr_line' id='line_1_57' title="bbox 2223 2558 3729 2632; baseline -0.006 -11"><span class='ocrx_word' id='word_1_432' title='bbox 2223 2583 2335 2622; x_wconf 91' lang='lat' dir='ltr'>nus</span> <span class='ocrx_word' id='word_1_433' title='bbox 2385 2565 2709 2620; x_wconf 85' lang='lat' dir='ltr'>ambulavit</span> <span class='ocrx_word' id='word_1_434' title='bbox 2753 2564 2811 2618; x_wconf 89' lang='lat' dir='ltr'>in</span> <span class='ocrx_word' id='word_1_435' title='bbox 2845 2565 2948 2620; x_wconf 90' lang='lat' dir='ltr'>eis.</span> <span class='ocrx_word' id='word_1_436' title='bbox 2983 2565 3134 2620; x_wconf 84' lang='lat' dir='ltr'>Cum</span> <span class='ocrx_word' id='word_1_437' title='bbox 3186 2569 3368 2619; x_wconf 90' lang='lat' dir='ltr'>autem</span> <span class='ocrx_word' id='word_1_438' title='bbox 3412 2558 3729 2632; x_wconf 72' lang='lat' dir='ltr'>interrogaveris</span> 
     </span>
    </p>
   </div>
   <div class='ocr_carea' id='block_1_58' title="bbox 2222 2647 3732 2724">
    <p class='ocr_par' dir='ltr' id='par_1_58' title="bbox 2222 2647 3732 2724">
     <span class='ocr_line' id='line_1_58' title="bbox 2222 2647 3732 2724; baseline -0.007 -14"><span class='ocrx_word' id='word_1_439' title='bbox 2222 2654 2464 2710; x_wconf 89' lang='lat' dir='ltr'>semitas</span> <span class='ocrx_word' id='word_1_440' title='bbox 2522 2653 2753 2709; x_wconf 90' lang='lat' dir='ltr'>Domini</span> <span class='ocrx_word' id='word_1_441' title='bbox 2808 2657 3080 2718; x_wconf 86' lang='lat' dir='ltr'>aeternas,</span> <span class='ocrx_word' id='word_1_442' title='bbox 3139 2658 3194 2709; x_wconf 91' lang='lat' dir='ltr'>et</span> <span class='ocrx_word' id='word_1_443' title='bbox 3248 2669 3344 2724; x_wconf 90' lang='lat' dir='ltr'>per</span> <span class='ocrx_word' id='word_1_444' title='bbox 3377 2668 3462 2706; x_wconf 88' lang='lat' dir='ltr'>eas</span> <span class='ocrx_word' id='word_1_445' title='bbox 3485 2649 3661 2706; x_wconf 84' lang='lat' dir='ltr'>semitas</span> <span class='ocrx_word' id='word_1_446' title='bbox 3683 2647 3732 2700; x_wconf 85' lang='lat' dir='ltr'>in-</span> 
     </span>
    </p>
   </div>
   <div class='ocr_carea' id='block_1_59' title="bbox 2220 2736 3730 2814">
    <p class='ocr_par' dir='ltr' id='par_1_59' title="bbox 2220 2736 3730 2814">
     <span class='ocr_line' id='line_1_59' title="bbox 2220 2736 3730 2814; baseline -0.006 -16"><span class='ocrx_word' id='word_1_447' title='bbox 2220 2743 2466 2798; x_wconf 87' lang='lat' dir='ltr'>venietis</span> <span class='ocrx_word' id='word_1_448' title='bbox 2497 2759 2673 2797; x_wconf 90' lang='lat' dir='ltr'>unam</span> <span class='ocrx_word' id='word_1_449' title='bbox 2710 2743 2861 2798; x_wconf 90' lang='lat' dir='ltr'>viam</span> <span class='ocrx_word' id='word_1_450' title='bbox 2895 2759 3020 2814; x_wconf 72' lang='lat' dir='ltr'>quae</span> <span class='ocrx_word' id='word_1_451' title='bbox 3051 2743 3230 2798; x_wconf 88' lang='lat' dir='ltr'>dicit:</span> <span class='ocrx_word' id='word_1_452' title='bbox 3255 2765 3282 2793; x_wconf 83' lang='lat'><strong>«</strong></span> <span class='ocrx_word' id='word_1_453' title='bbox 3314 2742 3419 2813; x_wconf 88' lang='lat' dir='ltr'>Ego</span> <span class='ocrx_word' id='word_1_454' title='bbox 3443 2755 3547 2796; x_wconf 89' lang='lat' dir='ltr'>sum</span> <span class='ocrx_word' id='word_1_455' title='bbox 3573 2736 3649 2801; x_wconf 77' lang='lat' dir='ltr'>vis,</span> <span class='ocrx_word' id='word_1_456' title='bbox 3672 2750 3730 2789; x_wconf 78' lang='lat' dir='ltr'>ve-</span> 
     </span>
    </p>
   </div>
   <div class='ocr_carea' id='block_1_60' title="bbox 2223 2821 3729 2902">
    <p class='ocr_par' dir='ltr' id='par_1_60' title="bbox 2223 2821 3729 2902">
     <span class='ocr_line' id='line_1_60' title="bbox 2223 2821 3729 2902; baseline -0.005 -17"><span class='ocrx_word' id='word_1_457' title='bbox 2223 2832 2367 2887; x_wconf 89' lang='lat' dir='ltr'>ritas</span> <span class='ocrx_word' id='word_1_458' title='bbox 2399 2835 2456 2885; x_wconf 91' lang='lat' dir='ltr'>et</span> <span class='ocrx_word' id='word_1_459' title='bbox 2486 2831 2602 2885; x_wconf 90' lang='lat' dir='ltr'>vita</span> <span class='ocrx_word' id='word_1_460' title='bbox 2635 2831 2810 2902; x_wconf 86' lang='lat' dir='ltr'>(Joan.</span> <span class='ocrx_word' id='word_1_461' title='bbox 2846 2848 2959 2896; x_wconf 87' lang='lat' dir='ltr'>x1v,</span> <span class='ocrx_word' id='word_1_462' title='bbox 2992 2831 3076 2901; x_wconf 82' lang='lat'>6).</span> <span class='ocrx_word' id='word_1_463' title='bbox 3113 2853 3141 2880; x_wconf 82' lang='lat'>»</span> <span class='ocrx_word' id='word_1_464' title='bbox 3172 2829 3456 2886; x_wconf 80' lang='lat' dir='ltr'>Ambulate</span> <span class='ocrx_word' id='word_1_465' title='bbox 3494 2826 3537 2880; x_wconf 91' lang='lat' dir='ltr'>in</span> <span class='ocrx_word' id='word_1_466' title='bbox 3571 2840 3628 2879; x_wconf 79' lang='lat' dir='ltr'>ea.</span> <span class='ocrx_word' id='word_1_467' title='bbox 3667 2821 3729 2874; x_wconf 82' lang='lat' dir='ltr'>Vi-</span> 
     </span>
    </p>
   </div>
   <div class='ocr_carea' id='block_1_61' title="bbox 2223 2909 3732 2992">
    <p class='ocr_par' dir='ltr' id='par_1_61' title="bbox 2223 2909 3732 2992">
     <span class='ocr_line' id='line_1_61' title="bbox 2223 2909 3732 2992; baseline -0.005 -16"><span class='ocrx_word' id='word_1_468' title='bbox 2223 2921 2354 2976; x_wconf 92' lang='lat' dir='ltr'>dete</span> <span class='ocrx_word' id='word_1_469' title='bbox 2405 2921 2683 2992; x_wconf 79' lang='lat' dir='ltr'>mysteria</span> <span class='ocrx_word' id='word_1_470' title='bbox 2739 2919 3205 2992; x_wconf 84' lang='lat' dir='ltr'>Scripturarum,</span> <span class='ocrx_word' id='word_1_471' title='bbox 3275 2917 3442 2974; x_wconf 88' lang='lat' dir='ltr'>videte</span> <span class='ocrx_word' id='word_1_472' title='bbox 3505 2915 3547 2970; x_wconf 89' lang='lat' dir='ltr'>in</span> <span class='ocrx_word' id='word_1_473' title='bbox 3604 2909 3732 2966; x_wconf 76' lang='lat' dir='ltr'>verbis</span> 
     </span>
    </p>
   </div>
   <div class='ocr_carea' id='block_1_62' title="bbox 2223 2999 3734 3082">
    <p class='ocr_par' dir='ltr' id='par_1_62' title="bbox 2223 2999 3734 3082">
     <span class='ocr_line' id='line_1_62' title="bbox 2223 2999 3734 3082; baseline -0.007 -17"><span class='ocrx_word' id='word_1_474' title='bbox 2223 3009 2584 3082; x_wconf 77' lang='lat' dir='ltr'>simplicibus</span> <span class='ocrx_word' id='word_1_475' title='bbox 2613 3009 3048 3080; x_wconf 88' lang='lat' dir='ltr'>Scripturarum</span> <span class='ocrx_word' id='word_1_476' title='bbox 3103 3009 3348 3081; x_wconf 90' lang='lat' dir='ltr'>plurima</span> <span class='ocrx_word' id='word_1_477' title='bbox 3390 3005 3680 3062; x_wconf 83' lang='lat' dir='ltr'>sacramenta,</span> <span class='ocrx_word' id='word_1_478' title='bbox 3698 2999 3734 3051; x_wconf 88' lang='lat' dir='ltr'>in</span> 
     </span>
    </p>
   </div>
   <div class='ocr_carea' id='block_1_63' title="bbox 2222 3087 3735 3170">
    <p class='ocr_par' dir='ltr' id='par_1_63' title="bbox 2222 3087 3735 3170">
     <span class='ocr_line' id='line_1_63' title="bbox 2222 3087 3735 3170; baseline -0.009 -18"><span class='ocrx_word' id='word_1_479' title='bbox 2222 3098 2353 3165; x_wconf 81' lang='lat' dir='ltr'>viis,</span> <span class='ocrx_word' id='word_1_480' title='bbox 2387 3099 2447 3152; x_wconf 91' lang='lat' dir='ltr'>in</span> <span class='ocrx_word' id='word_1_481' title='bbox 2478 3097 2724 3161; x_wconf 87' lang='lat' dir='ltr'>semitis,</span> <span class='ocrx_word' id='word_1_482' title='bbox 2761 3098 2817 3152; x_wconf 91' lang='lat' dir='ltr'>in</span> <span class='ocrx_word' id='word_1_483' title='bbox 2869 3098 3009 3170; x_wconf 84' lang='lat' dir='ltr'>Lege</span> <span class='ocrx_word' id='word_1_484' title='bbox 3048 3103 3114 3153; x_wconf 86' lang='lat' dir='ltr'>et</span> <span class='ocrx_word' id='word_1_485' title='bbox 3168 3095 3465 3169; x_wconf 89' lang='lat' dir='ltr'>Prophetis.</span> <span class='ocrx_word' id='word_1_486' title='bbox 3500 3096 3593 3146; x_wconf 83' lang='lat' dir='ltr'>Non</span> <span class='ocrx_word' id='word_1_487' title='bbox 3630 3087 3735 3148; x_wconf 77' lang='lat' dir='ltr'>dixit,</span> 
     </span>
    </p>
   </div>
   <div class='ocr_carea' id='block_1_64' title="bbox 462 3159 3734 3256">
    <p class='ocr_par' dir='ltr' id='par_1_64' title="bbox 462 3159 3734 3256">
     <span class='ocr_line' id='line_1_64' title="bbox 462 3159 3734 3256; baseline -0.003 -10"><span class='ocrx_word' id='word_1_488' title='bbox 462 3159 883 3248; x_wconf 80' lang='lat' dir='ltr'>beatitudinem</span> <span class='ocrx_word' id='word_1_489' title='bbox 917 3159 1170 3240; x_wconf 81' lang='lat' dir='ltr'>Joannes</span> <span class='ocrx_word' id='word_1_490' title='bbox 1206 3201 1320 3238; x_wconf 92' lang='lat' dir='ltr'>non</span> <span class='ocrx_word' id='word_1_491' title='bbox 1353 3182 1579 3238; x_wconf 87' lang='lat' dir='ltr'>habuit.</span> <span class='ocrx_word' id='word_1_492' title='bbox 1599 3187 1854 3238; x_wconf 89' lang='lat' dir='ltr'>Joannes</span> <span class='ocrx_word' id='word_1_493' title='bbox 1886 3183 2108 3256; x_wconf 90' lang='lat' dir='ltr'>utique,</span> <span class='ocrx_word' id='word_1_494' title='bbox 2143 3159 2185 3226; x_wconf 60' lang='grc' dir='ltr'>(ἶ</span> <span class='ocrx_word' id='word_1_495' title='bbox 2223 3159 2556 3256; x_wconf 87' lang='lat' dir='ltr'>Ambulate,</span> <span class='ocrx_word' id='word_1_496' title='bbox 2587 3187 2688 3242; x_wconf 90' lang='lat' dir='ltr'>sed</span> <span class='ocrx_word' id='word_1_497' title='bbox 2715 3159 2891 3244; x_wconf 82' lang='lat' dir='ltr'>state.</span> <span class='ocrx_word' id='word_1_498' title='bbox 2925 3159 3113 3255; x_wconf 62' lang='lat' dir='ltr'>gtate,</span> <span class='ocrx_word' id='word_1_499' title='bbox 3166 3203 3236 3242; x_wconf 88' lang='lat' dir='ltr'>ne</span> <span class='ocrx_word' id='word_1_500' title='bbox 3280 3159 3545 3239; x_wconf 76' lang='lat' dir='ltr'>dimittatis</span> <span class='ocrx_word' id='word_1_501' title='bbox 3583 3183 3734 3248; x_wconf 58' lang='lat' dir='ltr'>Legem,</span> 
     </span>
    </p>
   </div>
   <div class='ocr_carea' id='block_1_65' title="bbox 460 3271 2109 3347">
    <p class='ocr_par' dir='ltr' id='par_1_65' title="bbox 460 3271 2109 3347">
     <span class='ocr_line' id='line_1_65' title="bbox 460 3271 2109 3347; baseline -0.005 -10"><span class='ocrx_word' id='word_1_502' title='bbox 460 3282 580 3337; x_wconf 74' lang='lat' dir='ltr'>tam</span> <span class='ocrx_word' id='word_1_503' title='bbox 600 3273 975 3347; x_wconf 83' lang='lat' dir='ltr'>evangelista,</span> <span class='ocrx_word' id='word_1_504' title='bbox 996 3289 1171 3344; x_wconf 90' lang='lat' dir='ltr'>quam</span> <span class='ocrx_word' id='word_1_505' title='bbox 1193 3271 1483 3342; x_wconf 88' lang='lat' dir='ltr'>Baptista:</span> <span class='ocrx_word' id='word_1_506' title='bbox 1512 3276 1753 3342; x_wconf 91' lang='lat' dir='ltr'>uterque</span> <span class='ocrx_word' id='word_1_507' title='bbox 1773 3271 1927 3327; x_wconf 92' lang='lat' dir='ltr'>enim</span> <span class='ocrx_word' id='word_1_508' title='bbox 1951 3271 2109 3344; x_wconf 88' lang='lat' dir='ltr'>virgo</span> 
     </span>
    </p>
   </div>
   <div class='ocr_carea' id='block_1_66' title="bbox 464 3359 2106 3434">
    <p class='ocr_par' dir='ltr' id='par_1_66' title="bbox 464 3359 2106 3434">
     <span class='ocr_line' id='line_1_66' title="bbox 464 3359 2106 3434; baseline -0.004 -11"><span class='ocrx_word' id='word_1_509' title='bbox 464 3367 589 3434; x_wconf 77' lang='lat' dir='ltr'>fuit.</span> <span class='ocrx_word' id='word_1_510' title='bbox 614 3366 774 3422; x_wconf 89' lang='lat' dir='ltr'>Hanc</span> <span class='ocrx_word' id='word_1_511' title='bbox 792 3362 1236 3426; x_wconf 86' lang='lat' dir='ltr'>beatitudinem,</span> <span class='ocrx_word' id='word_1_512' title='bbox 1257 3359 1470 3415; x_wconf 90' lang='lat' dir='ltr'>Paulus</span> <span class='ocrx_word' id='word_1_513' title='bbox 1486 3377 1597 3414; x_wconf 92' lang='lat' dir='ltr'>non</span> <span class='ocrx_word' id='word_1_514' title='bbox 1620 3359 1933 3431; x_wconf 89' lang='lat' dir='ltr'>habuitqui</span> <span class='ocrx_word' id='word_1_515' title='bbox 1948 3361 2106 3417; x_wconf 88' lang='lat' dir='ltr'>dicit:</span> 
     </span>
    </p>
   </div>
   <div class='ocr_carea' id='block_1_67' title="bbox 470 3449 2112 3525">
    <p class='ocr_par' dir='ltr' id='par_1_67' title="bbox 470 3449 2112 3525">
     <span class='ocr_line' id='line_1_67' title="bbox 470 3449 2112 3525; baseline -0.004 -14"><span class='ocrx_word' id='word_1_516' title='bbox 470 3456 590 3512; x_wconf 82' lang='lat' dir='ltr'>Volo</span> <span class='ocrx_word' id='word_1_517' title='bbox 619 3463 803 3511; x_wconf 82' lang='lat' dir='ltr'>autem</span> <span class='ocrx_word' id='word_1_518' title='bbox 833 3468 1015 3508; x_wconf 77' lang='lat' dir='ltr'>omnes</span> <span class='ocrx_word' id='word_1_519' title='bbox 1044 3453 1127 3525; x_wconf 71' lang='lat' dir='ltr'>sic</span> <span class='ocrx_word' id='word_1_520' title='bbox 1147 3467 1260 3505; x_wconf 80' lang='lat' dir='ltr'>esse</span> <span class='ocrx_word' id='word_1_521' title='bbox 1288 3451 1426 3504; x_wconf 77' lang='lat' dir='ltr'>sicut</span> <span class='ocrx_word' id='word_1_522' title='bbox 1459 3467 1540 3504; x_wconf 82' lang='lat' dir='ltr'>me</span> <span class='ocrx_word' id='word_1_523' title='bbox 1562 3450 1610 3519; x_wconf 87' lang='grc' dir='ltr'>(Ι</span> <span class='ocrx_word' id='word_1_524' title='bbox 1637 3449 1756 3504; x_wconf 87' lang='lat' dir='ltr'>Cor.</span> <span class='ocrx_word' id='word_1_525' title='bbox 1791 3467 1887 3515; x_wconf 82' lang='lat' dir='ltr'>vn,</span> <span class='ocrx_word' id='word_1_526' title='bbox 1920 3451 1996 3520; x_wconf 88' lang='lat'>7).</span> <span class='ocrx_word' id='word_1_527' title='bbox 2022 3450 2112 3504; x_wconf 89' lang='lat' dir='ltr'>Vi-</span> 
     </span>
    </p>
   </div>
   <div class='ocr_carea' id='block_1_68' title="bbox 462 3537 2111 3615">
    <p class='ocr_par' dir='ltr' id='par_1_68' title="bbox 462 3537 2111 3615">
     <span class='ocr_line' id='line_1_68' title="bbox 462 3537 2111 3615; baseline -0.002 -18"><span class='ocrx_word' id='word_1_528' title='bbox 462 3544 614 3606; x_wconf 80' lang='lat' dir='ltr'>detis</span> <span class='ocrx_word' id='word_1_529' title='bbox 645 3559 781 3615; x_wconf 88' lang='lat' dir='ltr'>ergo</span> <span class='ocrx_word' id='word_1_530' title='bbox 812 3540 1088 3612; x_wconf 92' lang='lat' dir='ltr'>quoniam</span> <span class='ocrx_word' id='word_1_531' title='bbox 1123 3557 1266 3594; x_wconf 87' lang='lat' dir='ltr'>uxor</span> <span class='ocrx_word' id='word_1_532' title='bbox 1294 3544 1349 3594; x_wconf 88' lang='lat' dir='ltr'>et</span> <span class='ocrx_word' id='word_1_533' title='bbox 1370 3537 1471 3592; x_wconf 82' lang='lat' dir='ltr'>ﬁlii</span> <span class='ocrx_word' id='word_1_534' title='bbox 1497 3537 1880 3609; x_wconf 87' lang='lat' dir='ltr'>spiritualiter</span> <span class='ocrx_word' id='word_1_535' title='bbox 1902 3538 2111 3594; x_wconf 87' lang='lat' dir='ltr'>intelli-</span> 
     </span>
    </p>
   </div>
   <div class='ocr_carea' id='block_1_69' title="bbox 463 3626 2107 3704">
    <p class='ocr_par' dir='ltr' id='par_1_69' title="bbox 463 3626 2107 3704">
     <span class='ocr_line' id='line_1_69' title="bbox 463 3626 2107 3704; baseline -0.006 -13"><span class='ocrx_word' id='word_1_536' title='bbox 463 3632 635 3704; x_wconf 79' lang='lat' dir='ltr'>gendi</span> <span class='ocrx_word' id='word_1_537' title='bbox 650 3636 807 3696; x_wconf 88' lang='lat' dir='ltr'>sunt,</span> <span class='ocrx_word' id='word_1_538' title='bbox 825 3629 1078 3700; x_wconf 90' lang='lat' dir='ltr'>alioquin</span> <span class='ocrx_word' id='word_1_539' title='bbox 1100 3628 1211 3684; x_wconf 90' lang='lat' dir='ltr'>nisi</span> <span class='ocrx_word' id='word_1_540' title='bbox 1230 3626 1612 3699; x_wconf 89' lang='lat' dir='ltr'>spiritualiter</span> <span class='ocrx_word' id='word_1_541' title='bbox 1626 3627 2107 3696; x_wconf 86' lang='lat' dir='ltr'>intellexerimus,</span> 
     </span>
    </p>
   </div>
   <div class='ocr_carea' id='block_1_70' title="bbox 464 3715 2110 3794">
    <p class='ocr_par' dir='ltr' id='par_1_70' title="bbox 464 3715 2110 3794">
     <span class='ocr_line' id='line_1_70' title="bbox 464 3715 2110 3794; baseline -0.002 -18"><span class='ocrx_word' id='word_1_542' title='bbox 464 3717 656 3794; x_wconf 89' lang='lat' dir='ltr'>angeli</span> <span class='ocrx_word' id='word_1_543' title='bbox 673 3719 824 3775; x_wconf 87' lang='lat' dir='ltr'>hanc</span> <span class='ocrx_word' id='word_1_544' title='bbox 841 3717 1259 3772; x_wconf 90' lang='lat' dir='ltr'>beatitudinem</span> <span class='ocrx_word' id='word_1_545' title='bbox 1284 3734 1397 3772; x_wconf 93' lang='lat' dir='ltr'>non</span> <span class='ocrx_word' id='word_1_546' title='bbox 1421 3717 1656 3783; x_wconf 90' lang='lat' dir='ltr'>habent,</span> <span class='ocrx_word' id='word_1_547' title='bbox 1676 3717 1815 3788; x_wconf 91' lang='lat' dir='ltr'>quia</span> <span class='ocrx_word' id='word_1_548' title='bbox 1833 3715 1981 3772; x_wconf 81' lang='lat' dir='ltr'>ﬁlios</span> <span class='ocrx_word' id='word_1_549' title='bbox 1995 3735 2110 3772; x_wconf 92' lang='lat' dir='ltr'>non</span> 
     </span>
    </p>
   </div>
   <div class='ocr_carea' id='block_1_71' title="bbox 461 3804 2000 3875">
    <p class='ocr_par' dir='ltr' id='par_1_71' title="bbox 461 3804 2000 3875">
     <span class='ocr_line' id='line_1_71' title="bbox 461 3804 2000 3875; baseline -0.003 -11"><span class='ocrx_word' id='word_1_550' title='bbox 461 3805 701 3870; x_wconf 87' lang='lat' dir='ltr'>habent.</span> <span class='ocrx_word' id='word_1_551' title='bbox 738 3805 1119 3860; x_wconf 83' lang='lat' dir='ltr'>Revertamur</span> <span class='ocrx_word' id='word_1_552' title='bbox 1147 3821 1282 3875; x_wconf 88' lang='lat' dir='ltr'>ergo</span> <span class='ocrx_word' id='word_1_553' title='bbox 1314 3806 1386 3859; x_wconf 90' lang='lat' dir='ltr'>ad</span> <span class='ocrx_word' id='word_1_554' title='bbox 1419 3804 1682 3859; x_wconf 88' lang='lat' dir='ltr'>ordinem</span> <span class='ocrx_word' id='word_1_555' title='bbox 1714 3804 2000 3862; x_wconf 87' lang='lat' dir='ltr'>lectionis.</span> 
     </span>
    </p>
   </div>
   <div class='ocr_carea' id='block_1_72' title="bbox 540 3891 2110 3965">
    <p class='ocr_par' dir='ltr' id='par_1_72' title="bbox 540 3891 2110 3965">
     <span class='ocr_line' id='line_1_72' title="bbox 540 3891 2110 3965; baseline 0.001 -16"><span class='ocrx_word' id='word_1_556' title='bbox 540 3917 566 3949; x_wconf 76' lang='grc' dir='ltr'>ι</span> <span class='ocrx_word' id='word_1_557' title='bbox 597 3895 755 3954; x_wconf 85' lang='lat' dir='ltr'>Beati</span> <span class='ocrx_word' id='word_1_558' title='bbox 787 3909 991 3952; x_wconf 89' lang='lat' dir='ltr'>omnes</span> <span class='ocrx_word' id='word_1_559' title='bbox 1023 3892 1122 3965; x_wconf 91' lang='lat' dir='ltr'>qui</span> <span class='ocrx_word' id='word_1_560' title='bbox 1156 3891 1364 3946; x_wconf 83' lang='lat' dir='ltr'>timent</span> <span class='ocrx_word' id='word_1_561' title='bbox 1387 3893 1720 3948; x_wconf 91' lang='lat' dir='ltr'>Dominum.</span> <span class='ocrx_word' id='word_1_562' title='bbox 1755 3916 1774 3942; x_wconf 78' lang='grc' dir='ltr'><strong>υ</strong></span> <span class='ocrx_word' id='word_1_563' title='bbox 1810 3895 2110 3958; x_wconf 89' lang='lat' dir='ltr'>Quomodo</span> 
     </span>
    </p>
   </div>
   <div class='ocr_carea' id='block_1_73' title="bbox 464 3979 2112 4057">
    <p class='ocr_par' dir='ltr' id='par_1_73' title="bbox 464 3979 2112 4057">
     <span class='ocr_line' id='line_1_73' title="bbox 464 3979 2112 4057; baseline -0.004 -14"><span class='ocrx_word' id='word_1_564' title='bbox 464 4003 580 4048; x_wconf 84' lang='lat' dir='ltr'>non</span> <span class='ocrx_word' id='word_1_565' title='bbox 615 3987 804 4057; x_wconf 87' lang='lat' dir='ltr'>potest</span> <span class='ocrx_word' id='word_1_566' title='bbox 832 3981 1060 4038; x_wconf 89' lang='lat' dir='ltr'>dicere:</span> <span class='ocrx_word' id='word_1_567' title='bbox 1115 3981 1253 4036; x_wconf 90' lang='lat' dir='ltr'>Pars</span> <span class='ocrx_word' id='word_1_568' title='bbox 1303 3997 1432 4036; x_wconf 90' lang='lat' dir='ltr'>mea</span> <span class='ocrx_word' id='word_1_569' title='bbox 1481 3979 1784 4048; x_wconf 88' lang='lat' dir='ltr'>Dominus,</span> <span class='ocrx_word' id='word_1_570' title='bbox 1845 3982 1958 4037; x_wconf 90' lang='lat' dir='ltr'>nisi</span> <span class='ocrx_word' id='word_1_571' title='bbox 2012 3983 2112 4054; x_wconf 90' lang='lat' dir='ltr'>qui</span> 
     </span>
    </p>
   </div>
   <div class='ocr_carea' id='block_1_74' title="bbox 463 4068 2114 4145">
    <p class='ocr_par' dir='ltr' id='par_1_74' title="bbox 463 4068 2114 4145">
     <span class='ocr_line' id='line_1_74' title="bbox 463 4068 2114 4145; baseline -0.003 -14"><span class='ocrx_word' id='word_1_572' title='bbox 463 4074 640 4131; x_wconf 88' lang='lat' dir='ltr'>aliam</span> <span class='ocrx_word' id='word_1_573' title='bbox 673 4077 894 4145; x_wconf 89' lang='lat' dir='ltr'>partem</span> <span class='ocrx_word' id='word_1_574' title='bbox 929 4070 986 4126; x_wconf 92' lang='lat' dir='ltr'>in</span> <span class='ocrx_word' id='word_1_575' title='bbox 1021 4069 1228 4126; x_wconf 79' lang='lat' dir='ltr'>saeculo</span> <span class='ocrx_word' id='word_1_576' title='bbox 1263 4086 1374 4124; x_wconf 92' lang='lat' dir='ltr'>non</span> <span class='ocrx_word' id='word_1_577' title='bbox 1421 4068 1632 4136; x_wconf 88' lang='lat' dir='ltr'>habet;</span> <span class='ocrx_word' id='word_1_578' title='bbox 1679 4069 1768 4128; x_wconf 86' lang='lat' dir='ltr'>sic</span> <span class='ocrx_word' id='word_1_579' title='bbox 1801 4087 1915 4125; x_wconf 93' lang='lat' dir='ltr'>non</span> <span class='ocrx_word' id='word_1_580' title='bbox 1947 4071 2114 4126; x_wconf 90' lang='lat' dir='ltr'>timet</span> 
     </span>
    </p>
   </div>
   <div class='ocr_carea' id='block_1_75' title="bbox 464 4158 2112 4234">
    <p class='ocr_par' dir='ltr' id='par_1_75' title="bbox 464 4158 2112 4234">
     <span class='ocr_line' id='line_1_75' title="bbox 464 4158 2112 4234; baseline -0.004 -13"><span class='ocrx_word' id='word_1_581' title='bbox 464 4163 650 4221; x_wconf 91' lang='lat' dir='ltr'>Deum</span> <span class='ocrx_word' id='word_1_582' title='bbox 682 4161 778 4234; x_wconf 91' lang='lat' dir='ltr'>qui</span> <span class='ocrx_word' id='word_1_583' title='bbox 803 4160 969 4216; x_wconf 90' lang='lat' dir='ltr'>timet</span> <span class='ocrx_word' id='word_1_584' title='bbox 993 4159 1147 4214; x_wconf 87' lang='lat' dir='ltr'>aliud</span> <span class='ocrx_word' id='word_1_585' title='bbox 1173 4158 1392 4230; x_wconf 86' lang='lat' dir='ltr'>aliquid</span> <span class='ocrx_word' id='word_1_586' title='bbox 1426 4163 1587 4214; x_wconf 88' lang='lat' dir='ltr'>extra</span> <span class='ocrx_word' id='word_1_587' title='bbox 1634 4158 1971 4214; x_wconf 91' lang='lat' dir='ltr'>Dominum.</span> <span class='ocrx_word' id='word_1_588' title='bbox 2010 4164 2112 4214; x_wconf 90' lang='lat' dir='ltr'>De-</span> 
     </span>
    </p>
   </div>
   <div class='ocr_carea' id='block_1_76' title="bbox 465 4246 2108 4323">
    <p class='ocr_par' dir='ltr' id='par_1_76' title="bbox 465 4246 2108 4323">
     <span class='ocr_line' id='line_1_76' title="bbox 465 4246 2108 4323; baseline -0.004 -15"><span class='ocrx_word' id='word_1_589' title='bbox 465 4253 640 4323; x_wconf 91' lang='lat' dir='ltr'>nique</span> <span class='ocrx_word' id='word_1_590' title='bbox 670 4250 794 4322; x_wconf 89' lang='lat' dir='ltr'>ipse</span> <span class='ocrx_word' id='word_1_591' title='bbox 822 4248 1082 4304; x_wconf 90' lang='lat' dir='ltr'>Salvator</span> <span class='ocrx_word' id='word_1_592' title='bbox 1101 4247 1274 4302; x_wconf 86' lang='lat' dir='ltr'>dicit:</span> <span class='ocrx_word' id='word_1_593' title='bbox 1310 4271 1334 4296; x_wconf 83' lang='grc'>‹‹</span> <span class='ocrx_word' id='word_1_594' title='bbox 1372 4246 1558 4302; x_wconf 88' lang='lat' dir='ltr'>Nolite</span> <span class='ocrx_word' id='word_1_595' title='bbox 1605 4248 1809 4304; x_wconf 89' lang='lat' dir='ltr'>timere</span> <span class='ocrx_word' id='word_1_596' title='bbox 1862 4264 1960 4303; x_wconf 90' lang='lat' dir='ltr'>eos</span> <span class='ocrx_word' id='word_1_597' title='bbox 2011 4249 2108 4320; x_wconf 87' lang='lat' dir='ltr'>qui</span> 
     </span>
    </p>
   </div>
   <div class='ocr_carea' id='block_1_77' title="bbox 465 4337 2115 4418">
    <p class='ocr_par' dir='ltr' id='par_1_77' title="bbox 465 4337 2115 4418">
     <span class='ocr_line' id='line_1_77' title="bbox 465 4337 2115 4418; baseline -0.002 -22"><span class='ocrx_word' id='word_1_598' title='bbox 465 4345 714 4418; x_wconf 88' lang='lat' dir='ltr'>possunt</span> <span class='ocrx_word' id='word_1_599' title='bbox 740 4355 953 4410; x_wconf 89' lang='lat' dir='ltr'>corpus</span> <span class='ocrx_word' id='word_1_600' title='bbox 983 4337 1262 4400; x_wconf 90' lang='lat' dir='ltr'>occidere,</span> <span class='ocrx_word' id='word_1_601' title='bbox 1289 4337 1384 4390; x_wconf 82' lang='lat' dir='ltr'>sed</span> <span class='ocrx_word' id='word_1_602' title='bbox 1412 4353 1545 4391; x_wconf 90' lang='lat' dir='ltr'>eum</span> <span class='ocrx_word' id='word_1_603' title='bbox 1569 4337 1769 4392; x_wconf 88' lang='lat' dir='ltr'>timete</span> <span class='ocrx_word' id='word_1_604' title='bbox 1795 4338 1894 4408; x_wconf 92' lang='lat' dir='ltr'>qui</span> <span class='ocrx_word' id='word_1_605' title='bbox 1926 4342 2115 4408; x_wconf 89' lang='lat' dir='ltr'>potest</span> 
     </span>
    </p>
   </div>
   <div class='ocr_carea' id='block_1_78' title="bbox 464 4425 2109 4501">
    <p class='ocr_par' dir='ltr' id='par_1_78' title="bbox 464 4425 2109 4501">
     <span class='ocr_line' id='line_1_78' title="bbox 464 4425 2109 4501; baseline -0.003 -15"><span class='ocrx_word' id='word_1_606' title='bbox 464 4445 679 4501; x_wconf 89' lang='lat' dir='ltr'>corpus</span> <span class='ocrx_word' id='word_1_607' title='bbox 709 4432 766 4482; x_wconf 94' lang='lat' dir='ltr'>et</span> <span class='ocrx_word' id='word_1_608' title='bbox 798 4425 1055 4482; x_wconf 90' lang='lat' dir='ltr'>animam</span> <span class='ocrx_word' id='word_1_609' title='bbox 1083 4425 1342 4480; x_wconf 90' lang='lat' dir='ltr'>occidere</span> <span class='ocrx_word' id='word_1_610' title='bbox 1377 4425 1432 4479; x_wconf 92' lang='lat' dir='ltr'>in</span> <span class='ocrx_word' id='word_1_611' title='bbox 1463 4425 1815 4497; x_wconf 86' lang='lat' dir='ltr'>gehennam.</span> <span class='ocrx_word' id='word_1_612' title='bbox 1843 4449 1870 4474; x_wconf 87' lang='lat'>»</span> <span class='ocrx_word' id='word_1_613' title='bbox 1901 4427 2109 4495; x_wconf 82' lang='lat' dir='ltr'>(Matth.</span> 
     </span>
    </p>
   </div>
   <div class='ocr_carea' id='block_1_79' title="bbox 2222 3265 3733 3346">
    <p class='ocr_par' dir='ltr' id='par_1_79' title="bbox 2222 3265 3733 3346">
     <span class='ocr_line' id='line_1_79' title="bbox 2222 3265 3733 3346; baseline 0 -16"><span class='ocrx_word' id='word_1_614' title='bbox 2222 3293 2327 3331; x_wconf 92' lang='lat' dir='ltr'>nec</span> <span class='ocrx_word' id='word_1_615' title='bbox 2361 3275 2694 3346; x_wconf 87' lang='lat' dir='ltr'>Prophetas.</span> <span class='ocrx_word' id='word_1_616' title='bbox 2750 3276 2971 3331; x_wconf 85' lang='lat' dir='ltr'>Tamen</span> <span class='ocrx_word' id='word_1_617' title='bbox 3002 3291 3144 3331; x_wconf 89' lang='lat' dir='ltr'>cum</span> <span class='ocrx_word' id='word_1_618' title='bbox 3188 3271 3492 3330; x_wconf 84' lang='lat' dir='ltr'>inveneritis</span> <span class='ocrx_word' id='word_1_619' title='bbox 3529 3265 3733 3330; x_wconf 61' lang='lat' dir='ltr'>illasviaﬂ,</span> 
     </span>
    </p>
   </div>
   <div class='ocr_carea' id='block_1_80' title="bbox 2222 3362 3499 3438">
    <p class='ocr_par' dir='ltr' id='par_1_80' title="bbox 2222 3362 3499 3438">
     <span class='ocr_line' id='line_1_80' title="bbox 2222 3362 3499 3438; baseline -0.005 -18"><span class='ocrx_word' id='word_1_620' title='bbox 2222 3382 2324 3438; x_wconf 89' lang='lat' dir='ltr'>per</span> <span class='ocrx_word' id='word_1_621' title='bbox 2354 3365 2500 3420; x_wconf 89' lang='lat' dir='ltr'>istas</span> <span class='ocrx_word' id='word_1_622' title='bbox 2530 3363 2674 3430; x_wconf 89' lang='lat' dir='ltr'>vias,</span> <span class='ocrx_word' id='word_1_623' title='bbox 2710 3364 2768 3419; x_wconf 91' lang='lat' dir='ltr'>in</span> <span class='ocrx_word' id='word_1_624' title='bbox 2801 3365 2915 3419; x_wconf 87' lang='lat' dir='ltr'>ista</span> <span class='ocrx_word' id='word_1_625' title='bbox 2942 3381 3060 3420; x_wconf 89' lang='lat' dir='ltr'>una</span> <span class='ocrx_word' id='word_1_626' title='bbox 3098 3365 3186 3420; x_wconf 86' lang='lat' dir='ltr'>via</span> <span class='ocrx_word' id='word_1_627' title='bbox 3216 3362 3499 3420; x_wconf 89' lang='lat' dir='ltr'>ambulate.</span> 
     </span>
    </p>
   </div>
   <div class='ocr_carea' id='block_1_81' title="bbox 2297 3441 3732 3510">
    <p class='ocr_par' dir='ltr' id='par_1_81' title="bbox 2297 3441 3732 3510">
     <span class='ocr_line' id='line_1_81' title="bbox 2297 3441 3732 3510; baseline -0.003 -6"><span class='ocrx_word' id='word_1_628' title='bbox 2297 3476 2324 3504; x_wconf 83' lang='lat'><strong>«</strong></span> <span class='ocrx_word' id='word_1_629' title='bbox 2359 3454 2608 3509; x_wconf 89' lang='lat' dir='ltr'>Labores</span> <span class='ocrx_word' id='word_1_630' title='bbox 2639 3470 2922 3508; x_wconf 89' lang='lat' dir='ltr'>manuum</span> <span class='ocrx_word' id='word_1_631' title='bbox 2957 3457 3202 3509; x_wconf 87' lang='lat' dir='ltr'>tuarum</span> <span class='ocrx_word' id='word_1_632' title='bbox 3227 3447 3573 3510; x_wconf 84' lang='lat' dir='ltr'>manducabis.</span> <span class='ocrx_word' id='word_1_633' title='bbox 3593 3471 3607 3494; x_wconf 78' lang='grc' dir='ltr'><strong>ο</strong></span> <span class='ocrx_word' id='word_1_634' title='bbox 3627 3441 3732 3500; x_wconf 76' lang='lat' dir='ltr'>Multi</span> 
     </span>
    </p>
   </div>
   <div class='ocr_carea' id='block_1_82' title="bbox 2221 3529 3726 3614">
    <p class='ocr_par' dir='ltr' id='par_1_82' title="bbox 2221 3529 3726 3614">
     <span class='ocr_line' id='line_1_82' title="bbox 2221 3529 3726 3614; baseline -0.01 -16"><span class='ocrx_word' id='word_1_635' title='bbox 2221 3559 2335 3598; x_wconf 93' lang='lat' dir='ltr'>non</span> <span class='ocrx_word' id='word_1_636' title='bbox 2368 3541 2760 3613; x_wconf 90' lang='lat' dir='ltr'>intelligentes</span> <span class='ocrx_word' id='word_1_637' title='bbox 2791 3542 3162 3614; x_wconf 83' lang='lat' dir='ltr'>interpretati</span> <span class='ocrx_word' id='word_1_638' title='bbox 3193 3547 3328 3598; x_wconf 89' lang='lat' dir='ltr'>sunt</span> <span class='ocrx_word' id='word_1_639' title='bbox 3369 3539 3513 3595; x_wconf 88' lang='lat' dir='ltr'>aliter</span> <span class='ocrx_word' id='word_1_640' title='bbox 3535 3537 3654 3591; x_wconf 85' lang='lat' dir='ltr'>istum</span> <span class='ocrx_word' id='word_1_641' title='bbox 3674 3529 3726 3583; x_wconf 82' lang='lat' dir='ltr'>lo-</span> 
     </span>
    </p>
   </div>
   <div class='ocr_carea' id='block_1_83' title="bbox 2221 3620 3728 3687">
    <p class='ocr_par' dir='ltr' id='par_1_83' title="bbox 2221 3620 3728 3687">
     <span class='ocr_line' id='line_1_83' title="bbox 2221 3620 3728 3687; baseline -0.009 0"><span class='ocrx_word' id='word_1_642' title='bbox 2221 3648 2354 3687; x_wconf 90' lang='lat' dir='ltr'>cum</span> <span class='ocrx_word' id='word_1_643' title='bbox 2383 3649 2394 3686; x_wconf 93' lang='lat'>:</span> <span class='ocrx_word' id='word_1_644' title='bbox 2433 3654 2458 3680; x_wconf 87' lang='grc'><strong>‹‹</strong></span> <span class='ocrx_word' id='word_1_645' title='bbox 2493 3631 2738 3686; x_wconf 88' lang='lat' dir='ltr'>Labores</span> <span class='ocrx_word' id='word_1_646' title='bbox 2771 3631 3070 3687; x_wconf 80' lang='lat' dir='ltr'>fructuum</span> <span class='ocrx_word' id='word_1_647' title='bbox 3118 3637 3344 3687; x_wconf 88' lang='lat' dir='ltr'>tuorum</span> <span class='ocrx_word' id='word_1_648' title='bbox 3391 3620 3687 3684; x_wconf 68' lang='lat' dir='ltr'>manducabis.</span> <span class='ocrx_word' id='word_1_649' title='bbox 3709 3638 3728 3664; x_wconf 69' lang='grc' dir='ltr'><strong>ιι</strong></span> 
     </span>
    </p>
   </div>
   <div class='ocr_carea' id='block_1_84' title="bbox 2222 3710 3733 3792">
    <p class='ocr_par' dir='ltr' id='par_1_84' title="bbox 2222 3710 3733 3792">
     <span class='ocr_line' id='line_1_84' title="bbox 2222 3710 3733 3792; baseline -0.009 -17"><span class='ocrx_word' id='word_1_650' title='bbox 2222 3719 2482 3792; x_wconf 87' lang='lat' dir='ltr'>Denique</span> <span class='ocrx_word' id='word_1_651' title='bbox 2512 3719 2714 3775; x_wconf 82' lang='lat' dir='ltr'>Latina</span> <span class='ocrx_word' id='word_1_652' title='bbox 2743 3718 3101 3792; x_wconf 86' lang='lat' dir='ltr'>exemplaria</span> <span class='ocrx_word' id='word_1_653' title='bbox 3139 3721 3222 3777; x_wconf 90' lang='lat' dir='ltr'>ita</span> <span class='ocrx_word' id='word_1_654' title='bbox 3276 3719 3487 3782; x_wconf 87' lang='lat' dir='ltr'>habent,</span> <span class='ocrx_word' id='word_1_655' title='bbox 3527 3737 3548 3763; x_wconf 87' lang='grc'>‹‹</span> <span class='ocrx_word' id='word_1_656' title='bbox 3571 3710 3733 3766; x_wconf 70' lang='lat' dir='ltr'>Labores</span> 
     </span>
    </p>
   </div>
   <div class='ocr_carea' id='block_1_85' title="bbox 2221 3793 3733 3876">
    <p class='ocr_par' dir='ltr' id='par_1_85' title="bbox 2221 3793 3733 3876">
     <span class='ocr_line' id='line_1_85' title="bbox 2221 3793 3733 3876; baseline -0.008 -13"><span class='ocrx_word' id='word_1_657' title='bbox 2221 3809 2516 3864; x_wconf 80' lang='lat' dir='ltr'>fructuum</span> <span class='ocrx_word' id='word_1_658' title='bbox 2576 3812 2813 3862; x_wconf 92' lang='lat' dir='ltr'>tuorum</span> <span class='ocrx_word' id='word_1_659' title='bbox 2890 3809 3295 3876; x_wconf 75' lang='lat' dir='ltr'>manducabis.</span> <span class='ocrx_word' id='word_1_660' title='bbox 3339 3830 3364 3857; x_wconf 88' lang='lat'>»</span> <span class='ocrx_word' id='word_1_661' title='bbox 3418 3803 3510 3861; x_wconf 89' lang='lat' dir='ltr'>Sed</span> <span class='ocrx_word' id='word_1_662' title='bbox 3556 3815 3630 3854; x_wconf 83' lang='lat' dir='ltr'>nos</span> <span class='ocrx_word' id='word_1_663' title='bbox 3679 3793 3733 3848; x_wconf 75' lang='lat' dir='ltr'>le-</span> 
     </span>
    </p>
   </div>
   <div class='ocr_carea' id='block_1_86' title="bbox 2221 3892 3736 3971">
    <p class='ocr_par' dir='ltr' id='par_1_86' title="bbox 2221 3892 3736 3971">
     <span class='ocr_line' id='line_1_86' title="bbox 2221 3892 3736 3971; baseline -0.005 -19"><span class='ocrx_word' id='word_1_664' title='bbox 2221 3897 2416 3971; x_wconf 91' lang='lat' dir='ltr'>gimus</span> <span class='ocrx_word' id='word_1_665' title='bbox 2455 3897 2513 3951; x_wconf 93' lang='lat' dir='ltr'>in</span> <span class='ocrx_word' id='word_1_666' title='bbox 2575 3896 2807 3951; x_wconf 83' lang='lat' dir='ltr'>Hebraeo</span> <span class='ocrx_word' id='word_1_667' title='bbox 2866 3896 2948 3952; x_wconf 87' lang='lat' dir='ltr'>ita</span> <span class='ocrx_word' id='word_1_668' title='bbox 3003 3898 3312 3970; x_wconf 89' lang='lat' dir='ltr'>scriptum,</span> <span class='ocrx_word' id='word_1_669' title='bbox 3367 3892 3612 3948; x_wconf 77' lang='lat' dir='ltr'>«Labores</span> <span class='ocrx_word' id='word_1_670' title='bbox 3651 3899 3736 3938; x_wconf 74' lang='grc' dir='ltr'>ωιο</span> 
     </span>
    </p>
   </div>
   <div class='ocr_carea' id='block_1_87' title="bbox 2223 3973 3736 4050">
    <p class='ocr_par' dir='ltr' id='par_1_87' title="bbox 2223 3973 3736 4050">
     <span class='ocr_line' id='line_1_87' title="bbox 2223 3973 3736 4050; baseline -0.004 -9"><span class='ocrx_word' id='word_1_671' title='bbox 2223 4002 2406 4041; x_wconf 91' lang='lat' dir='ltr'>nuum</span> <span class='ocrx_word' id='word_1_672' title='bbox 2438 3990 2674 4042; x_wconf 90' lang='lat' dir='ltr'>tuarum</span> <span class='ocrx_word' id='word_1_673' title='bbox 2737 3986 3144 4042; x_wconf 88' lang='lat' dir='ltr'>manducabis.</span> <span class='ocrx_word' id='word_1_674' title='bbox 3175 4008 3203 4036; x_wconf 83' lang='lat'>»</span> <span class='ocrx_word' id='word_1_675' title='bbox 3255 3984 3387 4050; x_wconf 87' lang='lat' dir='ltr'>Quis</span> <span class='ocrx_word' id='word_1_676' title='bbox 3424 3982 3547 4038; x_wconf 87' lang='lat' dir='ltr'>enim</span> <span class='ocrx_word' id='word_1_677' title='bbox 3581 3973 3736 4030; x_wconf 64' lang='lat' dir='ltr'>labores</span> 
     </span>
    </p>
   </div>
   <div class='ocr_carea' id='block_1_88' title="bbox 2223 4055 3734 4144">
    <p class='ocr_par' dir='ltr' id='par_1_88' title="bbox 2223 4055 3734 4144">
     <span class='ocr_line' id='line_1_88' title="bbox 2223 4055 3734 4144; baseline -0.013 -16"><span class='ocrx_word' id='word_1_678' title='bbox 2223 4076 2518 4129; x_wconf 83' lang='lat' dir='ltr'>fructuum</span> <span class='ocrx_word' id='word_1_679' title='bbox 2551 4075 2869 4130; x_wconf 91' lang='lat' dir='ltr'>manducat</span> <span class='ocrx_word' id='word_1_680' title='bbox 2889 4075 2916 4129; x_wconf 74' lang='lat' dir='ltr'>‘I</span> <span class='ocrx_word' id='word_1_681' title='bbox 2949 4074 3160 4144; x_wconf 85' lang='lat' dir='ltr'>Utique</span> <span class='ocrx_word' id='word_1_682' title='bbox 3181 4072 3475 4130; x_wconf 90' lang='lat' dir='ltr'>econtrario</span> <span class='ocrx_word' id='word_1_683' title='bbox 3493 4067 3611 4123; x_wconf 82' lang='lat' dir='ltr'>debet</span> <span class='ocrx_word' id='word_1_684' title='bbox 3626 4055 3734 4113; x_wconf 76' lang='lat' dir='ltr'>intel-</span> 
     </span>
    </p>
   </div>
   <div class='ocr_carea' id='block_1_89' title="bbox 2223 4144 3732 4236">
    <p class='ocr_par' dir='ltr' id='par_1_89' title="bbox 2223 4144 3732 4236">
     <span class='ocr_line' id='line_1_89' title="bbox 2223 4144 3732 4236; baseline -0.015 -14"><span class='ocrx_word' id='word_1_685' title='bbox 2223 4162 2344 4236; x_wconf 85' lang='lat' dir='ltr'>ligi,</span> <span class='ocrx_word' id='word_1_686' title='bbox 2377 4163 2515 4234; x_wconf 91' lang='lat' dir='ltr'>quia</span> <span class='ocrx_word' id='word_1_687' title='bbox 2546 4161 2763 4234; x_wconf 90' lang='lat' dir='ltr'>aliquis</span> <span class='ocrx_word' id='word_1_688' title='bbox 2793 4162 3048 4218; x_wconf 84' lang='lat' dir='ltr'>fructum</span> <span class='ocrx_word' id='word_1_689' title='bbox 3073 4163 3338 4218; x_wconf 90' lang='lat' dir='ltr'>laborum</span> <span class='ocrx_word' id='word_1_690' title='bbox 3359 4170 3547 4216; x_wconf 86' lang='lat' dir='ltr'>suorum</span> <span class='ocrx_word' id='word_1_691' title='bbox 3565 4144 3732 4206; x_wconf 74' lang='lat' dir='ltr'>mandu-</span> 
     </span>
    </p>
   </div>
   <div class='ocr_carea' id='block_1_90' title="bbox 2222 4237 3738 4324">
    <p class='ocr_par' dir='ltr' id='par_1_90' title="bbox 2222 4237 3738 4324">
     <span class='ocr_line' id='line_1_90' title="bbox 2222 4237 3738 4324; baseline -0.007 -17"><span class='ocrx_word' id='word_1_692' title='bbox 2222 4257 2332 4319; x_wconf 89' lang='lat' dir='ltr'>cat,</span> <span class='ocrx_word' id='word_1_693' title='bbox 2369 4269 2483 4306; x_wconf 90' lang='lat' dir='ltr'>non</span> <span class='ocrx_word' id='word_1_694' title='bbox 2516 4250 2743 4306; x_wconf 90' lang='lat' dir='ltr'>labores</span> <span class='ocrx_word' id='word_1_695' title='bbox 2776 4252 3096 4308; x_wconf 82' lang='lat' dir='ltr'>fructuum.</span> <span class='ocrx_word' id='word_1_696' title='bbox 3130 4252 3276 4315; x_wconf 86' lang='lat' dir='ltr'>Quia</span> <span class='ocrx_word' id='word_1_697' title='bbox 3305 4250 3464 4324; x_wconf 90' lang='lat' dir='ltr'>igitur</span> <span class='ocrx_word' id='word_1_698' title='bbox 3493 4247 3537 4302; x_wconf 87' lang='lat' dir='ltr'>in</span> <span class='ocrx_word' id='word_1_699' title='bbox 3572 4237 3738 4293; x_wconf 72' lang='lat' dir='ltr'>tleme</span> 
     </span>
    </p>
   </div>
   <div class='ocr_carea' id='block_1_91' title="bbox 2223 4335 3742 4411">
    <p class='ocr_par' dir='ltr' id='par_1_91' title="bbox 2223 4335 3742 4411">
     <span class='ocr_line' id='line_1_91' title="bbox 2223 4335 3742 4411; baseline -0.013 -17"><span class='ocrx_word' id='word_1_700' title='bbox 2223 4342 2304 4394; x_wconf 89' lang='lat' dir='ltr'>ita</span> <span class='ocrx_word' id='word_1_701' title='bbox 2333 4340 2614 4411; x_wconf 89' lang='lat' dir='ltr'>scriptum</span> <span class='ocrx_word' id='word_1_702' title='bbox 2649 4343 2756 4406; x_wconf 90' lang='lat' dir='ltr'>est,</span> <span class='ocrx_word' id='word_1_703' title='bbox 2794 4362 2821 4389; x_wconf 86' lang='grc'><strong>‹‹</strong></span> <span class='ocrx_word' id='word_1_704' title='bbox 2847 4341 3097 4396; x_wconf 91' lang='lat' dir='ltr'>Labores</span> <span class='ocrx_word' id='word_1_705' title='bbox 3130 4355 3400 4396; x_wconf 88' lang='lat' dir='ltr'>manuum</span> <span class='ocrx_word' id='word_1_706' title='bbox 3432 4341 3610 4391; x_wconf 85' lang='lat' dir='ltr'>tuarum</span> <span class='ocrx_word' id='word_1_707' title='bbox 3633 4335 3742 4380; x_wconf 81' lang='lat' dir='ltr'>man-</span> 
     </span>
    </p>
   </div>
   <div class='ocr_carea' id='block_1_92' title="bbox 2223 4417 3741 4502">
    <p class='ocr_par' dir='ltr' id='par_1_92' title="bbox 2223 4417 3741 4502">
     <span class='ocr_line' id='line_1_92' title="bbox 2223 4417 3741 4502; baseline 0.002 -21"><span class='ocrx_word' id='word_1_708' title='bbox 2223 4427 2487 4482; x_wconf 79' lang='lat' dir='ltr'>ducabis.</span> <span class='ocrx_word' id='word_1_709' title='bbox 2526 4449 2553 4475; x_wconf 84' lang='lat'>»</span> <span class='ocrx_word' id='word_1_710' title='bbox 2612 4427 2727 4500; x_wconf 89' lang='lat' dir='ltr'>Ego</span> <span class='ocrx_word' id='word_1_711' title='bbox 2758 4435 2899 4499; x_wconf 87' lang='lat' dir='ltr'>puto</span> <span class='ocrx_word' id='word_1_712' title='bbox 2933 4431 2948 4462; x_wconf 74' lang='grc' dir='ltr'>ί</span> <span class='ocrx_word' id='word_1_713' title='bbox 2991 4429 3267 4502; x_wconf 90' lang='lat' dir='ltr'>quoniam</span> <span class='ocrx_word' id='word_1_714' title='bbox 3299 4433 3352 4483; x_wconf 90' lang='lat' dir='ltr'>et</span> <span class='ocrx_word' id='word_1_715' title='bbox 3378 4426 3539 4481; x_wconf 63' lang='lat' dir='ltr'>Graece</span> <span class='ocrx_word' id='word_1_716' title='bbox 3573 4417 3741 4502; x_wconf 42' lang='lat' dir='ltr'>Sept“?</span> 
     </span>
    </p>
   </div>
   <div class='ocr_carea' id='block_1_93' title="bbox 465 4499 3746 4593">
    <p class='ocr_par' dir='ltr' id='par_1_93' title="bbox 465 4499 3746 4593">
     <span class='ocr_line' id='line_1_93' title="bbox 465 4499 3746 4593; baseline -0.005 -18"><span class='ocrx_word' id='word_1_717' title='bbox 465 4537 519 4589; x_wconf 79' lang='grc' dir='ltr'>χ,</span> <span class='ocrx_word' id='word_1_718' title='bbox 550 4499 662 4588; x_wconf 63' lang='grc' dir='ltr'>έϐ).</span> <span class='ocrx_word' id='word_1_719' title='bbox 697 4517 899 4572; x_wconf 91' lang='lat' dir='ltr'>Videte</span> <span class='ocrx_word' id='word_1_720' title='bbox 930 4531 1066 4587; x_wconf 85' lang='lat' dir='ltr'>ergo</span> <span class='ocrx_word' id='word_1_721' title='bbox 1098 4515 1252 4586; x_wconf 93' lang='lat' dir='ltr'>quod</span> <span class='ocrx_word' id='word_1_722' title='bbox 1301 4513 1455 4569; x_wconf 89' lang='lat' dir='ltr'>aliud</span> <span class='ocrx_word' id='word_1_723' title='bbox 1484 4513 1697 4583; x_wconf 81' lang='lat' dir='ltr'>aliquid</span> <span class='ocrx_word' id='word_1_724' title='bbox 1739 4518 1898 4571; x_wconf 87' lang='lat' dir='ltr'>extra</span> <span class='ocrx_word' id='word_1_725' title='bbox 1928 4514 2110 4570; x_wconf 91' lang='lat' dir='ltr'>Deum</span> <span class='ocrx_word' id='word_1_726' title='bbox 2148 4529 2190 4593; x_wconf 73' lang='grc' dir='ltr'>θ</span> <span class='ocrx_word' id='word_1_727' title='bbox 2221 4517 2383 4588; x_wconf 88' lang='lat' dir='ltr'>ginta</span> <span class='ocrx_word' id='word_1_728' title='bbox 2409 4499 2756 4588; x_wconf 88' lang='lat' dir='ltr'>lnterpretes</span> <span class='ocrx_word' id='word_1_729' title='bbox 2779 4518 2834 4572; x_wconf 90' lang='lat' dir='ltr'>in</span> <span class='ocrx_word' id='word_1_730' title='bbox 2869 4518 2977 4572; x_wconf 89' lang='lat' dir='ltr'>isto</span> <span class='ocrx_word' id='word_1_731' title='bbox 3008 4499 3135 4574; x_wconf 90' lang='lat' dir='ltr'>loco</span> <span class='ocrx_word' id='word_1_732' title='bbox 3155 4518 3301 4573; x_wconf 90' lang='lat' dir='ltr'>bene</span> <span class='ocrx_word' id='word_1_733' title='bbox 3323 4505 3620 4584; x_wconf 75' lang='lat' dir='ltr'>interpretati</span> <span class='ocrx_word' id='word_1_734' title='bbox 3637 4499 3746 4558; x_wconf 59' lang='lat' dir='ltr'>sunt;</span> 
     </span>
    </p>
   </div>
   <div class='ocr_carea' id='block_1_94' title="bbox 467 4602 2112 4679">
    <p class='ocr_par' dir='ltr' id='par_1_94' title="bbox 467 4602 2112 4679">
     <span class='ocr_line' id='line_1_94' title="bbox 467 4602 2112 4679; baseline -0.003 -15"><span class='ocrx_word' id='word_1_735' title='bbox 467 4608 653 4679; x_wconf 90' lang='lat' dir='ltr'>timet,</span> <span class='ocrx_word' id='word_1_736' title='bbox 688 4605 788 4678; x_wconf 90' lang='lat' dir='ltr'>qui</span> <span class='ocrx_word' id='word_1_737' title='bbox 817 4613 998 4661; x_wconf 85' lang='lat' dir='ltr'>Deum</span> <span class='ocrx_word' id='word_1_738' title='bbox 1041 4621 1154 4659; x_wconf 91' lang='lat' dir='ltr'>non</span> <span class='ocrx_word' id='word_1_739' title='bbox 1213 4603 1395 4658; x_wconf 90' lang='lat' dir='ltr'>timet.</span> <span class='ocrx_word' id='word_1_740' title='bbox 1460 4626 1486 4652; x_wconf 81' lang='grc' dir='ltr'><em>υ</em></span> <span class='ocrx_word' id='word_1_741' title='bbox 1520 4602 1627 4666; x_wconf 91' lang='lat' dir='ltr'>Qui</span> <span class='ocrx_word' id='word_1_742' title='bbox 1687 4604 1852 4658; x_wconf 89' lang='lat' dir='ltr'>timet</span> <span class='ocrx_word' id='word_1_743' title='bbox 1910 4604 2112 4659; x_wconf 91' lang='lat' dir='ltr'>Domi-</span> 
     </span>
    </p>
   </div>
   <div class='ocr_carea' id='block_1_95' title="bbox 465 4689 2118 4768">
    <p class='ocr_par' dir='ltr' id='par_1_95' title="bbox 465 4689 2118 4768">
     <span class='ocr_line' id='line_1_95' title="bbox 465 4689 2118 4768; baseline -0.002 -16"><span class='ocrx_word' id='word_1_744' title='bbox 465 4713 630 4764; x_wconf 91' lang='lat' dir='ltr'>num,</span> <span class='ocrx_word' id='word_1_745' title='bbox 664 4689 694 4745; x_wconf 54' lang='grc' dir='ltr'>ἡ</span> <span class='ocrx_word' id='word_1_746' title='bbox 727 4712 854 4768; x_wconf 70' lang='lat' dir='ltr'>quae</span> <span class='ocrx_word' id='word_1_747' title='bbox 887 4694 1054 4767; x_wconf 89' lang='lat' dir='ltr'>signa</span> <span class='ocrx_word' id='word_1_748' title='bbox 1097 4692 1312 4748; x_wconf 86' lang='lat' dir='ltr'>habet?</span> <span class='ocrx_word' id='word_1_749' title='bbox 1367 4716 1393 4741; x_wconf 88' lang='grc'><strong>‹‹</strong></span> <span class='ocrx_word' id='word_1_750' title='bbox 1429 4691 1537 4755; x_wconf 89' lang='lat' dir='ltr'>Qui</span> <span class='ocrx_word' id='word_1_751' title='bbox 1589 4691 1854 4747; x_wconf 89' lang='lat' dir='ltr'>ambulat</span> <span class='ocrx_word' id='word_1_752' title='bbox 1902 4692 1960 4746; x_wconf 91' lang='lat' dir='ltr'>in</span> <span class='ocrx_word' id='word_1_753' title='bbox 2009 4693 2118 4748; x_wconf 87' lang='lat' dir='ltr'>viis</span> 
     </span>
    </p>
   </div>
   <div class='ocr_carea' id='block_1_96' title="bbox 466 4774 2116 4858">
    <p class='ocr_par' dir='ltr' id='par_1_96' title="bbox 466 4774 2116 4858">
     <span class='ocr_line' id='line_1_96' title="bbox 466 4774 2116 4858; baseline -0.004 -16"><span class='ocrx_word' id='word_1_754' title='bbox 466 4787 674 4858; x_wconf 83' lang='lat' dir='ltr'>ejus.»</span> <span class='ocrx_word' id='word_1_755' title='bbox 705 4783 898 4840; x_wconf 68' lang='lat' dir='ltr'>Multa:</span> <span class='ocrx_word' id='word_1_756' title='bbox 926 4774 1069 4838; x_wconf 74' lang='lat' dir='ltr'>sunt</span> <span class='ocrx_word' id='word_1_757' title='bbox 1117 4782 1216 4836; x_wconf 63' lang='lat' dir='ltr'>vite</span> <span class='ocrx_word' id='word_1_758' title='bbox 1244 4787 1300 4836; x_wconf 93' lang='lat' dir='ltr'>et</span> <span class='ocrx_word' id='word_1_759' title='bbox 1358 4781 1553 4836; x_wconf 74' lang='lat' dir='ltr'>multae</span> <span class='ocrx_word' id='word_1_760' title='bbox 1609 4779 1710 4834; x_wconf 68' lang='lat' dir='ltr'>viae</span> <span class='ocrx_word' id='word_1_761' title='bbox 1768 4780 1992 4836; x_wconf 89' lang='lat' dir='ltr'>ducunt</span> <span class='ocrx_word' id='word_1_762' title='bbox 2044 4783 2116 4836; x_wconf 86' lang='lat' dir='ltr'>ad</span> 
     </span>
    </p>
   </div>
   <div class='ocr_carea' id='block_1_97' title="bbox 466 4869 2118 4941">
    <p class='ocr_par' dir='ltr' id='par_1_97' title="bbox 466 4869 2118 4941">
     <span class='ocr_line' id='line_1_97' title="bbox 466 4869 2118 4941; baseline -0.003 -11"><span class='ocrx_word' id='word_1_763' title='bbox 466 4891 646 4938; x_wconf 84' lang='lat' dir='ltr'>unam</span> <span class='ocrx_word' id='word_1_764' title='bbox 675 4873 850 4928; x_wconf 91' lang='lat' dir='ltr'>viam.</span> <span class='ocrx_word' id='word_1_765' title='bbox 883 4871 1146 4941; x_wconf 88' lang='lat' dir='ltr'>Denique</span> <span class='ocrx_word' id='word_1_766' title='bbox 1193 4869 1410 4924; x_wconf 90' lang='lat' dir='ltr'>dicitur</span> <span class='ocrx_word' id='word_1_767' title='bbox 1452 4869 1511 4923; x_wconf 91' lang='lat' dir='ltr'>in</span> <span class='ocrx_word' id='word_1_768' title='bbox 1541 4869 1830 4924; x_wconf 84' lang='lat' dir='ltr'>Jeremia:</span> <span class='ocrx_word' id='word_1_769' title='bbox 1882 4871 1946 4924; x_wconf 88' lang='lat' dir='ltr'>Et</span> <span class='ocrx_word' id='word_1_770' title='bbox 1983 4879 2118 4926; x_wconf 83' lang='lat' dir='ltr'>state</span> 
     </span>
    </p>
   </div>
   <div class='ocr_carea' id='block_1_98' title="bbox 541 4975 2115 5048">
    <p class='ocr_par' dir='ltr' id='par_1_98' title="bbox 541 4975 2115 5048">
     <span class='ocr_line' id='line_1_98' title="bbox 541 4975 2115 5048; baseline -0.004 -10"><span class='ocrx_word' id='word_1_771' title='bbox 541 4984 769 5037; x_wconf 77' lang='lat' dir='ltr'>1Locus</span> <span class='ocrx_word' id='word_1_772' title='bbox 801 4979 858 5035; x_wconf 91' lang='lat' dir='ltr'>in</span> <span class='ocrx_word' id='word_1_773' title='bbox 893 4996 1036 5033; x_wconf 91' lang='lat' dir='ltr'>mss.</span> <span class='ocrx_word' id='word_1_774' title='bbox 1087 4975 1519 5048; x_wconf 86' lang='lat' dir='ltr'>exemplaribus</span> <span class='ocrx_word' id='word_1_775' title='bbox 1564 4977 1911 5048; x_wconf 86' lang='lat' dir='ltr'>depravatus</span> <span class='ocrx_word' id='word_1_776' title='bbox 1960 4995 1993 5033; x_wconf 86' lang='lat' dir='ltr'>a</span> <span class='ocrx_word' id='word_1_777' title='bbox 2045 4978 2115 5032; x_wconf 92' lang='lat' dir='ltr'>li-</span> 
     </span>
    </p>
   </div>
   <div class='ocr_carea' id='block_1_99' title="bbox 467 5048 2115 5124">
    <p class='ocr_par' dir='ltr' id='par_1_99' title="bbox 467 5048 2115 5124">
     <span class='ocr_line' id='line_1_99' title="bbox 467 5048 2115 5124; baseline -0.002 -16"><span class='ocrx_word' id='word_1_778' title='bbox 467 5051 678 5108; x_wconf 77' lang='lat' dir='ltr'>brariis</span> <span class='ocrx_word' id='word_1_779' title='bbox 709 5056 943 5124; x_wconf 89' lang='lat' dir='ltr'>propter</span> <span class='ocrx_word' id='word_1_780' title='bbox 972 5049 1396 5124; x_wconf 81' lang='lat' dir='ltr'>ignorationem</span> <span class='ocrx_word' id='word_1_781' title='bbox 1420 5048 1631 5119; x_wconf 67' lang='lat' dir='ltr'>linguae</span> <span class='ocrx_word' id='word_1_782' title='bbox 1655 5048 1883 5124; x_wconf 66' lang='lat' dir='ltr'>Graecas.</span> <span class='ocrx_word' id='word_1_783' title='bbox 1909 5049 2115 5104; x_wconf 91' lang='lat' dir='ltr'>Nescio</span> 
     </span>
    </p>
   </div>
   <div class='ocr_carea' id='block_1_100' title="bbox 468 5119 2117 5194">
    <p class='ocr_par' dir='ltr' id='par_1_100' title="bbox 468 5119 2117 5194">
     <span class='ocr_line' id='line_1_100' title="bbox 468 5119 2117 5194; baseline -0.002 -16"><span class='ocrx_word' id='word_1_784' title='bbox 468 5140 541 5179; x_wconf 89' lang='lat' dir='ltr'>an</span> <span class='ocrx_word' id='word_1_785' title='bbox 576 5119 1040 5194; x_wconf 23' lang='lat' dir='ltr'>primus‘auctor</span> <span class='ocrx_word' id='word_1_786' title='bbox 1068 5121 1401 5194; x_wconf 86' lang='lat' dir='ltr'>scripserat,</span> <span class='ocrx_word' id='word_1_787' title='bbox 1432 5137 1564 5194; x_wconf 76' lang='lat' dir='ltr'>nam</span> <span class='ocrx_word' id='word_1_788' title='bbox 1609 5119 1815 5194; x_wconf 74' lang='grc' dir='ltr'>καρπὸς</span> <span class='ocrx_word' id='word_1_789' title='bbox 1857 5129 1963 5194; x_wconf 63' lang='grc' dir='ltr'>οεδιΔ</span> <span class='ocrx_word' id='word_1_790' title='bbox 1984 5137 2117 5192; x_wconf 83' lang='lat' dir='ltr'>pars</span> 
     </span>
    </p>
   </div>
   <div class='ocr_carea' id='block_1_101' title="bbox 466 5191 2118 5267">
    <p class='ocr_par' dir='ltr' id='par_1_101' title="bbox 466 5191 2118 5267">
     <span class='ocr_line' id='line_1_101' title="bbox 466 5191 2118 5267; baseline -0.002 -17"><span class='ocrx_word' id='word_1_791' title='bbox 466 5191 672 5267; x_wconf 54' lang='lat' dir='ltr'>aliqua</span> <span class='ocrx_word' id='word_1_792' title='bbox 721 5211 954 5267; x_wconf 66' lang='lat' dir='ltr'>manus;</span> <span class='ocrx_word' id='word_1_793' title='bbox 1011 5191 1294 5267; x_wconf 73' lang='lat' dir='ltr'>Siquidem</span> <span class='ocrx_word' id='word_1_794' title='bbox 1359 5191 1613 5267; x_wconf 31' lang='lat' dir='ltr'>“sese</span> <span class='ocrx_word' id='word_1_795' title='bbox 1649 5191 1854 5246; x_wconf 79' lang='lat' dir='ltr'>dicitur</span> <span class='ocrx_word' id='word_1_796' title='bbox 1890 5263 1900 5267; x_wconf 85' lang='lat'>_</span> <span class='ocrx_word' id='word_1_797' title='bbox 1933 5191 2118 5267; x_wconf 50' lang='lat' dir='ltr'>Graece</span> 
     </span>
    </p>
   </div>
   <div class='ocr_carea' id='block_1_102' title="bbox 467 5263 2113 5334">
    <p class='ocr_par' dir='ltr' id='par_1_102' title="bbox 467 5263 2113 5334">
     <span class='ocr_line' id='line_1_102' title="bbox 467 5263 2113 5334; baseline -0.003 -11"><span class='ocrx_word' id='word_1_798' title='bbox 467 5263 572 5323; x_wconf 75' lang='grc' dir='ltr'>ἀπὸ</span> <span class='ocrx_word' id='word_1_799' title='bbox 604 5265 746 5319; x_wconf 62' lang='lat' dir='ltr'>niui.</span> <span class='ocrx_word' id='word_1_800' title='bbox 783 5265 888 5321; x_wconf 86' lang='lat' dir='ltr'>Ms.</span> <span class='ocrx_word' id='word_1_801' title='bbox 924 5263 1311 5326; x_wconf 82' lang='lat' dir='ltr'>Corheiensis,</span> <span class='ocrx_word' id='word_1_802' title='bbox 1337 5263 1521 5319; x_wconf 84' lang='lat' dir='ltr'>erasis</span> <span class='ocrx_word' id='word_1_803' title='bbox 1543 5263 1768 5334; x_wconf 91' lang='lat' dir='ltr'>aliquot</span> <span class='ocrx_word' id='word_1_804' title='bbox 1789 5263 1999 5325; x_wconf 83' lang='lat' dir='ltr'>verbis,</span> <span class='ocrx_word' id='word_1_805' title='bbox 2036 5264 2113 5319; x_wconf 92' lang='lat' dir='ltr'>ita</span> 
     </span>
    </p>
   </div>
   <div class='ocr_carea' id='block_1_103' title="bbox 468 5336 2111 5414">
    <p class='ocr_par' dir='ltr' id='par_1_103' title="bbox 468 5336 2111 5414">
     <span class='ocr_line' id='line_1_103' title="bbox 468 5336 2111 5414; baseline -0.002 -22"><span class='ocrx_word' id='word_1_806' title='bbox 468 5336 607 5414; x_wconf 84' lang='lat' dir='ltr'>legit</span> <span class='ocrx_word' id='word_1_807' title='bbox 634 5354 657 5414; x_wconf 81' lang='lat'>:_</span> <span class='ocrx_word' id='word_1_808' title='bbox 683 5338 861 5405; x_wconf 70' lang='lat' dir='ltr'>Cauph</span> <span class='ocrx_word' id='word_1_809' title='bbox 893 5346 1071 5414; x_wconf 71' lang='lat' dir='ltr'>autem</span> <span class='ocrx_word' id='word_1_810' title='bbox 1106 5339 1498 5414; x_wconf 53' lang='lat' dir='ltr'>interpretatur</span> <span class='ocrx_word' id='word_1_811' title='bbox 1525 5351 1650 5404; x_wconf 61' lang='lat' dir='ltr'>pars</span> <span class='ocrx_word' id='word_1_812' title='bbox 1675 5336 1866 5405; x_wconf 62' lang='lat' dir='ltr'>aliqum</span> <span class='ocrx_word' id='word_1_813' title='bbox 1892 5352 2111 5389; x_wconf 79' lang='lat' dir='ltr'>manus.</span> 
     </span>
    </p>
   </div>
   <div class='ocr_carea' id='block_1_104' title="bbox 466 5406 2116 5482">
    <p class='ocr_par' dir='ltr' id='par_1_104' title="bbox 466 5406 2116 5482">
     <span class='ocr_line' id='line_1_104' title="bbox 466 5406 2116 5482; baseline -0.002 -17"><span class='ocrx_word' id='word_1_814' title='bbox 466 5406 744 5482; x_wconf 56' lang='lat' dir='ltr'>Siquidem</span> <span class='ocrx_word' id='word_1_815' title='bbox 819 5406 1024 5479; x_wconf 79' lang='grc' dir='ltr'>καρπὸς</span> <span class='ocrx_word' id='word_1_816' title='bbox 1093 5408 1299 5482; x_wconf 65' lang='lat' dir='ltr'>dicitur</span> <span class='ocrx_word' id='word_1_817' title='bbox 1385 5406 1566 5482; x_wconf 63' lang='lat' dir='ltr'>Graece</span> <span class='ocrx_word' id='word_1_818' title='bbox 1651 5410 1890 5482; x_wconf 59' lang='grc' dir='ltr'>ᾼΡΟΡΑ,</span> <span class='ocrx_word' id='word_1_819' title='bbox 1975 5411 2116 5468; x_wconf 78' lang='lat' dir='ltr'>forte</span> 
     </span>
    </p>
   </div>
   <div class='ocr_carea' id='block_1_105' title="bbox 466 5477 2115 5572">
    <p class='ocr_par' dir='ltr' id='par_1_105' title="bbox 466 5477 2115 5572">
     <span class='ocr_line' id='line_1_105' title="bbox 466 5477 2115 5572; baseline 0 -38"><span class='ocrx_word' id='word_1_820' title='bbox 466 5477 690 5572; x_wconf 49' lang='grc' dir='ltr'>ξρὲυρα,</span> <span class='ocrx_word' id='word_1_821' title='bbox 719 5477 940 5572; x_wconf 49' lang='lat' dir='ltr'>afuerit,</span> <span class='ocrx_word' id='word_1_822' title='bbox 974 5494 1123 5572; x_wconf 55' lang='lat' dir='ltr'>ager.</span> <span class='ocrx_word' id='word_1_823' title='bbox 1155 5480 1263 5572; x_wconf 66' lang='lat' dir='ltr'>§ed</span> <span class='ocrx_word' id='word_1_824' title='bbox 1307 5478 1745 5572; x_wconf 66' lang='lat' dir='ltr'>convenientius</span> <span class='ocrx_word' id='word_1_825' title='bbox 1790 5477 2115 5572; x_wconf 61' lang='lat' dir='ltr'>legeremus</span> 
     </span>
    </p>
   </div>
   <div class='ocr_carea' id='block_1_106' title="bbox 465 5549 2110 5623">
    <p class='ocr_par' dir='ltr' id='par_1_106' title="bbox 465 5549 2110 5623">
     <span class='ocr_line' id='line_1_106' title="bbox 465 5549 2110 5623; baseline 0 -18"><span class='ocrx_word' id='word_1_826' title='bbox 465 5549 679 5623; x_wconf 45' lang='lat' dir='ltr'>saepte,</span> <span class='ocrx_word' id='word_1_827' title='bbox 717 5552 770 5608; x_wconf 93' lang='lat' dir='ltr'>id</span> <span class='ocrx_word' id='word_1_828' title='bbox 816 5555 923 5617; x_wconf 88' lang='lat' dir='ltr'>est,</span> <span class='ocrx_word' id='word_1_829' title='bbox 961 5551 1239 5623; x_wconf 4' lang='lat' dir='ltr'>particulas</span> <span class='ocrx_word' id='word_1_830' title='bbox 1297 5567 1529 5605; x_wconf 89' lang='lat' dir='ltr'>manus.</span> <span class='ocrx_word' id='word_1_831' title='bbox 1595 5549 1761 5623; x_wconf 81' lang='lat' dir='ltr'>Mart.</span> <span class='ocrx_word' id='word_1_832' title='bbox 1797 5549 1869 5589; x_wconf 46' lang='lat'>-—&#39;</span> <span class='ocrx_word' id='word_1_833' title='bbox 1923 5549 2110 5623; x_wconf 87' lang='lat' dir='ltr'>Verus</span> 
     </span>
    </p>
   </div>
   <div class='ocr_carea' id='block_1_107' title="bbox 465 5573 2108 5700">
    <p class='ocr_par' dir='ltr' id='par_1_107' title="bbox 465 5573 2108 5700">
     <span class='ocr_line' id='line_1_107' title="bbox 465 5573 2108 5623; baseline 0 -18"><span class='ocrx_word' id='word_1_834' title='bbox 465 5573 496 5605; x_wconf 70' lang='grc' dir='ltr'>α</span> <span class='ocrx_word' id='word_1_835' title='bbox 531 5573 679 5623; x_wconf 77' lang='grc' dir='ltr'>υρον,</span> <span class='ocrx_word' id='word_1_836' title='bbox 717 5573 770 5608; x_wconf 74' lang='lat' dir='ltr'>la</span> <span class='ocrx_word' id='word_1_837' title='bbox 816 5573 923 5617; x_wconf 68' lang='grc' dir='ltr'>εει,</span> <span class='ocrx_word' id='word_1_838' title='bbox 974 5573 1239 5604; x_wconf 77' lang='lat' dir='ltr'>ariwutus</span> <span class='ocrx_word' id='word_1_839' title='bbox 1297 5573 1529 5605; x_wconf 70' lang='grc' dir='ltr'>Ιηᾶῐιυδο</span> <span class='ocrx_word' id='word_1_840' title='bbox 1595 5573 1761 5604; x_wconf 71' lang='lat' dir='ltr'>tuan.</span> <span class='ocrx_word' id='word_1_841' title='bbox 1797 5580 1864 5589; x_wconf 87' lang='grc'>-·</span> <span class='ocrx_word' id='word_1_842' title='bbox 1935 5573 2108 5605; x_wconf 71' lang='lat' dir='ltr'>VUI‘US</span> 
     </span>
     <span class='ocr_line' id='line_1_108' title="bbox 465 5573 2108 5700; baseline -0.004 -17"><span class='ocrx_word' id='word_1_843' title='bbox 465 5573 848 5700; x_wconf 41' lang='lat' dir='ltr'>Hieronymus</span> <span class='ocrx_word' id='word_1_844' title='bbox 880 5622 1051 5696; x_wconf 88' lang='lat' dir='ltr'>epist.</span> <span class='ocrx_word' id='word_1_845' title='bbox 1099 5621 1158 5676; x_wconf 88' lang='lat' dir='ltr'>in</span> <span class='ocrx_word' id='word_1_846' title='bbox 1218 5626 1417 5682; x_wconf 80' lang='lat' dir='ltr'>nostra</span> <span class='ocrx_word' id='word_1_847' title='bbox 1470 5620 1804 5682; x_wconf 86' lang='lat' dir='ltr'>recensione</span> <span class='ocrx_word' id='word_1_848' title='bbox 1859 5638 2005 5686; x_wconf 70' lang='lat' dir='ltr'>xxxv</span> <span class='ocrx_word' id='word_1_849' title='bbox 2036 5622 2108 5684; x_wconf 86' lang='lat' dir='ltr'>ad</span> 
     </span>
    </p>
   </div>
   <div class='ocr_carea' id='block_1_108' title="bbox 527 5685 532 5694">
    <p class='ocr_par' dir='ltr' id='par_1_108' title="bbox 527 5685 532 5694">
     <span class='ocr_line' id='line_1_109' title="bbox 527 5685 532 5694; baseline 0 0"><span class='ocrx_word' id='word_1_850' title='bbox 527 5685 532 5694; x_wconf 80' lang='grc' dir='ltr'><em>ι</em></span> 
     </span>
    </p>
   </div>
   <div class='ocr_carea' id='block_1_109' title="bbox 2229 4593 3750 4678">
    <p class='ocr_par' dir='ltr' id='par_1_109' title="bbox 2229 4593 3750 4678">
     <span class='ocr_line' id='line_1_110' title="bbox 2229 4593 3750 4678; baseline -0.01 -19"><span class='ocrx_word' id='word_1_851' title='bbox 2229 4622 2424 4660; x_wconf 81' lang='lat' dir='ltr'>manus</span> <span class='ocrx_word' id='word_1_852' title='bbox 2455 4606 2610 4661; x_wconf 90' lang='lat' dir='ltr'>enim</span> <span class='ocrx_word' id='word_1_853' title='bbox 2642 4605 2844 4677; x_wconf 85' lang='lat' dir='ltr'>lingua</span> <span class='ocrx_word' id='word_1_854' title='bbox 2879 4606 3116 4664; x_wconf 66' lang='lat' dir='ltr'>Hebraea</span> <span class='ocrx_word' id='word_1_855' title='bbox 3143 4623 3244 4662; x_wconf 77' lang='grc' dir='ltr'>,ιΑο</span> <span class='ocrx_word' id='word_1_856' title='bbox 3276 4603 3498 4678; x_wconf 86' lang='lat' dir='ltr'>dicitur;</span> <span class='ocrx_word' id='word_1_857' title='bbox 3525 4593 3669 4652; x_wconf 86' lang='lat' dir='ltr'>inisto</span> <span class='ocrx_word' id='word_1_858' title='bbox 3685 4601 3750 4678; x_wconf 64' lang='lat' dir='ltr'>alt-</span> 
     </span>
    </p>
   </div>
   <div class='ocr_carea' id='block_1_110' title="bbox 2229 4671 3751 4765">
    <p class='ocr_par' dir='ltr' id='par_1_110' title="bbox 2229 4671 3751 4765">
     <span class='ocr_line' id='line_1_111' title="bbox 2229 4671 3751 4765; baseline -0.005 -16"><span class='ocrx_word' id='word_1_859' title='bbox 2229 4703 2339 4749; x_wconf 90' lang='lat' dir='ltr'>tem</span> <span class='ocrx_word' id='word_1_860' title='bbox 2372 4693 2519 4765; x_wconf 86' lang='lat' dir='ltr'>loco,</span> <span class='ocrx_word' id='word_1_861' title='bbox 2581 4711 2696 4750; x_wconf 91' lang='lat' dir='ltr'>non</span> <span class='ocrx_word' id='word_1_862' title='bbox 2730 4671 2968 4750; x_wconf 49' lang='lat' dir='ltr'>&#39;habent</span> <span class='ocrx_word' id='word_1_863' title='bbox 3024 4711 3149 4761; x_wconf 78' lang='lat' dir='ltr'>JAD,</span> <span class='ocrx_word' id='word_1_864' title='bbox 3184 4675 3294 4751; x_wconf 20' lang='lat' dir='ltr'>sed.</span> <span class='ocrx_word' id='word_1_865' title='bbox 3338 4701 3558 4747; x_wconf 75' lang='lat' dir='ltr'>CHMPH:</span> <span class='ocrx_word' id='word_1_866' title='bbox 3594 4671 3751 4742; x_wconf 48' lang='lat' dir='ltr'>Chatti?”</span> 
     </span>
    </p>
   </div>
   <div class='ocr_carea' id='block_1_111' title="bbox 2227 4768 3752 4855">
    <p class='ocr_par' dir='ltr' id='par_1_111' title="bbox 2227 4768 3752 4855">
     <span class='ocr_line' id='line_1_112' title="bbox 2227 4768 3752 4855; baseline -0.001 -18"><span class='ocrx_word' id='word_1_867' title='bbox 2227 4787 2422 4837; x_wconf 91' lang='lat' dir='ltr'>autem</span> <span class='ocrx_word' id='word_1_868' title='bbox 2455 4782 2873 4855; x_wconf 90' lang='lat' dir='ltr'>interpretatur</span> <span class='ocrx_word' id='word_1_869' title='bbox 2899 4781 3127 4855; x_wconf 69' lang='grc' dir='ltr'>καρπός,</span> <span class='ocrx_word' id='word_1_870' title='bbox 3163 4801 3275 4838; x_wconf 91' lang='lat' dir='ltr'>non</span> <span class='ocrx_word' id='word_1_871' title='bbox 3305 4777 3504 4854; x_wconf 76' lang='grc' dir='ltr'>καρπὸς,</span> <span class='ocrx_word' id='word_1_872' title='bbox 3547 4768 3624 4842; x_wconf 72' lang='grc' dir='ltr'>ειοά</span> <span class='ocrx_word' id='word_1_873' title='bbox 3660 4774 3752 4835; x_wconf 54' lang='lat' dir='ltr'>Pa”</span> 
     </span>
    </p>
   </div>
   <div class='ocr_carea' id='block_1_112' title="bbox 2227 4855 3752 4947">
    <p class='ocr_par' dir='ltr' id='par_1_112' title="bbox 2227 4855 3752 4947">
     <span class='ocr_line' id='line_1_113' title="bbox 2227 4855 3752 4947; baseline -0.01 -21"><span class='ocrx_word' id='word_1_874' title='bbox 2227 4870 2423 4942; x_wconf 86' lang='lat' dir='ltr'>aliqua</span> <span class='ocrx_word' id='word_1_875' title='bbox 2481 4887 2731 4937; x_wconf 88' lang='lat' dir='ltr'>manus;</span> <span class='ocrx_word' id='word_1_876' title='bbox 2795 4871 3085 4942; x_wconf 89' lang='lat' dir='ltr'>siquidem</span> <span class='ocrx_word' id='word_1_877' title='bbox 3137 4870 3336 4947; x_wconf 76' lang='grc' dir='ltr'>καρπὸς</span> <span class='ocrx_word' id='word_1_878' title='bbox 3401 4864 3580 4922; x_wconf 87' lang='lat' dir='ltr'>dicitur</span> <span class='ocrx_word' id='word_1_879' title='bbox 3618 4855 3752 4911; x_wconf 69' lang='grc' dir='ltr'>ϐτεοθ</span> 
     </span>
    </p>
   </div>
   <div class='ocr_carea' id='block_1_113' title="bbox 2228 4951 3753 5050">
    <p class='ocr_par' dir='ltr' id='par_1_113' title="bbox 2228 4951 3753 5050">
     <span class='ocr_line' id='line_1_114' title="bbox 2228 4951 3753 5050; baseline 0.011 -17"><span class='ocrx_word' id='word_1_880' title='bbox 2228 4977 2556 5033; x_wconf 84' lang='lat' dir='ltr'>Marcellam</span> <span class='ocrx_word' id='word_1_881' title='bbox 2592 4995 2648 5032; x_wconf 94' lang='lat' dir='ltr'>n.</span> <span class='ocrx_word' id='word_1_882' title='bbox 2680 4978 2813 5050; x_wconf 36' lang='lat'>5:4</span> <span class='ocrx_word' id='word_1_883' title='bbox 2853 4977 3076 5050; x_wconf 13' lang='lat' dir='ltr'>lnihoc,</span> <span class='ocrx_word' id='word_1_884' title='bbox 3129 4977 3332 5050; x_wconf 70' lang='lat' dir='ltr'>inquit.</span> <span class='ocrx_word' id='word_1_885' title='bbox 3377 4974 3488 5050; x_wconf 68' lang='lat'>199°</span> <span class='ocrx_word' id='word_1_886' title='bbox 3529 4951 3753 5050; x_wconf 50' lang='grc' dir='ltr'>ΨηΗὲ</span> 
     </span>
    </p>
   </div>
   <div class='ocr_carea' id='block_1_114' title="bbox 2225 5030 3755 5119">
    <p class='ocr_par' dir='ltr' id='par_1_114' title="bbox 2225 5030 3755 5119">
     <span class='ocr_line' id='line_1_115' title="bbox 2225 5030 3755 5119; baseline 0.003 -18"><span class='ocrx_word' id='word_1_887' title='bbox 2225 5030 2720 5119; x_wconf 56' lang='grc' dir='ltr'>ὶὶιὶέιιέῥὶτέίὲέζεθὰ</span> <span class='ocrx_word' id='word_1_888' title='bbox 2739 5030 2984 5118; x_wconf 57' lang='lat' dir='ltr'>Lassi:</span> <span class='ocrx_word' id='word_1_889' title='bbox 3000 5030 3076 5104; x_wconf 59' lang='lat' dir='ltr'>illi</span> <span class='ocrx_word' id='word_1_890' title='bbox 3101 5030 3442 5119; x_wconf 46' lang='lat' dir='ltr'>diéét&#39;ierbi</span> <span class='ocrx_word' id='word_1_891' title='bbox 3467 5030 3755 5119; x_wconf 38' lang='lat' dir='ltr'>ambigui???</span> 
     </span>
    </p>
   </div>
   <div class='ocr_carea' id='block_1_115' title="bbox 2225 5110 3751 5194">
    <p class='ocr_par' dir='ltr' id='par_1_115' title="bbox 2225 5110 3751 5194">
     <span class='ocr_line' id='line_1_116' title="bbox 2225 5110 3751 5194; baseline 0.009 -20"><span class='ocrx_word' id='word_1_892' title='bbox 2225 5110 2472 5194; x_wconf 77' lang='lat' dir='ltr'>decepti,</span> <span class='ocrx_word' id='word_1_893' title='bbox 2530 5110 2792 5194; x_wconf 70' lang='grc' dir='ltr'>κᾴρποὺς,</span> <span class='ocrx_word' id='word_1_894' title='bbox 2851 5110 3065 5192; x_wconf 56' lang='lat' dir='ltr'>ﬂuetus</span> <span class='ocrx_word' id='word_1_895' title='bbox 3135 5118 3334 5194; x_wconf 72' lang='lat' dir='ltr'>magis.</span> <span class='ocrx_word' id='word_1_896' title='bbox 3409 5125 3574 5194; x_wconf 12' lang='lat' dir='ltr'>quam,</span> 
     </span>
    </p>
   </div>
   <div class='ocr_carea' id='block_1_116' title="bbox 2225 5174 3752 5276">
    <p class='ocr_par' dir='ltr' id='par_1_116' title="bbox 2225 5174 3752 5276">
     <span class='ocr_line' id='line_1_117' title="bbox 2225 5174 3752 5276; baseline 0.01 -32"><span class='ocrx_word' id='word_1_897' title='bbox 2225 5174 2584 5276; x_wconf 61' lang='lat' dir='ltr'>interpretati</span> <span class='ocrx_word' id='word_1_898' title='bbox 2602 5174 2792 5276; x_wconf 61' lang='lat' dir='ltr'>sun</span> <span class='ocrx_word' id='word_1_899' title='bbox 2807 5174 2940 5247; x_wconf 75' lang='lat' dir='ltr'>cum</span> <span class='ocrx_word' id='word_1_900' title='bbox 2963 5174 3367 5276; x_wconf 45' lang='lat' dir='ltr'>xap&#39;ztoin‘s‘tim‘ts</span> <span class='ocrx_word' id='word_1_901' title='bbox 3386 5174 3752 5276; x_wconf 50' lang='grc' dir='ltr'>αξιοίῖιέξδίξίξξξ</span> 
     </span>
    </p>
   </div>
   <div class='ocr_carea' id='block_1_117' title="bbox 2225 5245 3751 5333">
    <p class='ocr_par' dir='ltr' id='par_1_117' title="bbox 2225 5245 3751 5333">
     <span class='ocr_line' id='line_1_118' title="bbox 2225 5245 3751 5333; baseline -0.003 -19"><span class='ocrx_word' id='word_1_902' title='bbox 2225 5268 2339 5326; x_wconf 83' lang='lat' dir='ltr'>tur,</span> <span class='ocrx_word' id='word_1_903' title='bbox 2372 5245 2526 5332; x_wconf 76' lang='lat' dir='ltr'>quod</span> <span class='ocrx_word' id='word_1_904' title='bbox 2556 5245 2617 5317; x_wconf 85' lang='lat' dir='ltr'>in</span> <span class='ocrx_word' id='word_1_905' title='bbox 2645 5245 3139 5333; x_wconf 47' lang='lat' dir='ltr'>ch’raaoponitur</span> <span class='ocrx_word' id='word_1_906' title='bbox 3159 5245 3466 5331; x_wconf 71' lang='lat' dir='ltr'>Chapbach.</span> <span class='ocrx_word' id='word_1_907' title='bbox 3493 5245 3751 5333; x_wconf 50' lang='lat' dir='ltr'>);_Vifl§9})§_°</span> 
     </span>
    </p>
   </div>
   <div class='ocr_carea' id='block_1_118' title="bbox 2227 5309 3753 5408">
    <p class='ocr_par' dir='ltr' id='par_1_118' title="bbox 2227 5309 3753 5408">
     <span class='ocr_line' id='line_1_119' title="bbox 2227 5309 3753 5408; baseline 0.001 -20"><span class='ocrx_word' id='word_1_908' title='bbox 2227 5309 2791 5408; x_wconf 58' lang='lat' dir='ltr'>Hilariuxntractatu</span> <span class='ocrx_word' id='word_1_909' title='bbox 2827 5336 2881 5389; x_wconf 89' lang='lat' dir='ltr'>in</span> <span class='ocrx_word' id='word_1_910' title='bbox 2908 5309 3072 5390; x_wconf 58' lang='lat' dir='ltr'>hunc</span> <span class='ocrx_word' id='word_1_911' title='bbox 3104 5309 3326 5408; x_wconf 36' lang='lat' dir='ltr'>psalmi,</span> <span class='ocrx_word' id='word_1_912' title='bbox 3351 5323 3542 5408; x_wconf 40' lang='lat' dir='ltr'>num-“4</span> <span class='ocrx_word' id='word_1_913' title='bbox 3562 5324 3606 5374; x_wconf 59' lang='lat' dir='ltr'>et</span> <span class='ocrx_word' id='word_1_914' title='bbox 3624 5309 3753 5408; x_wconf 43' lang='lat'>5&amp;1:</span> 
     </span>
    </p>
   </div>
   <div class='ocr_carea' id='block_1_119' title="bbox 2225 5390 3754 5479">
    <p class='ocr_par' dir='ltr' id='par_1_119' title="bbox 2225 5390 3754 5479">
     <span class='ocr_line' id='line_1_120' title="bbox 2225 5390 3754 5479; baseline -0.008 -20"><span class='ocrx_word' id='word_1_915' title='bbox 2225 5406 2453 5479; x_wconf 82' lang='lat' dir='ltr'>dubitat</span> <span class='ocrx_word' id='word_1_916' title='bbox 2484 5404 2854 5479; x_wconf 64' lang='lat' dir='ltr'>Martianeus</span> <span class='ocrx_word' id='word_1_917' title='bbox 2885 5423 2958 5462; x_wconf 88' lang='lat' dir='ltr'>an</span> <span class='ocrx_word' id='word_1_918' title='bbox 3009 5390 3206 5462; x_wconf 69' lang='lat' dir='ltr'>auctor</span> <span class='ocrx_word' id='word_1_919' title='bbox 3261 5390 3560 5479; x_wconf 71' lang='lat' dir='ltr'>scripserit:</span> 
     </span>
    </p>
   </div>
   <div class='ocr_carea' id='block_1_120' title="bbox 2222 5470 3749 5550">
    <p class='ocr_par' dir='ltr' id='par_1_120' title="bbox 2222 5470 3749 5550">
     <span class='ocr_line' id='line_1_121' title="bbox 2222 5470 3749 5550; baseline -0.011 -13"><span class='ocrx_word' id='word_1_920' title='bbox 2222 5473 2451 5550; x_wconf 53' lang='grc' dir='ltr'>ᾉᾳρπὸς,</span> <span class='ocrx_word' id='word_1_921' title='bbox 2481 5483 2570 5550; x_wconf 81' lang='lat' dir='ltr'>est</span> <span class='ocrx_word' id='word_1_922' title='bbox 2601 5494 2735 5550; x_wconf 80' lang='lat' dir='ltr'>pars</span> <span class='ocrx_word' id='word_1_923' title='bbox 2765 5477 2962 5550; x_wconf 84' lang='lat' dir='ltr'>aliqua</span> <span class='ocrx_word' id='word_1_924' title='bbox 2993 5493 3234 5534; x_wconf 89' lang='lat' dir='ltr'>manus:</span> <span class='ocrx_word' id='word_1_925' title='bbox 3286 5470 3545 5544; x_wconf 80' lang='lat' dir='ltr'>siquidem</span> <span class='ocrx_word' id='word_1_926' title='bbox 3585 5470 3749 5532; x_wconf 70' lang='grc' dir='ltr'>καρποίι</span> 
     </span>
    </p>
   </div>
   <div class='ocr_carea' id='block_1_121' title="bbox 2225 5547 3032 5606">
    <p class='ocr_par' dir='ltr' id='par_1_121' title="bbox 2225 5547 3032 5606">
     <span class='ocr_line' id='line_1_122' title="bbox 2225 5547 3032 5606; baseline -0.007 -2"><span class='ocrx_word' id='word_1_927' title='bbox 2225 5547 2436 5604; x_wconf 87' lang='lat' dir='ltr'>dicitur</span> <span class='ocrx_word' id='word_1_928' title='bbox 2466 5547 2658 5606; x_wconf 84' lang='lat' dir='ltr'>Graece</span> <span class='ocrx_word' id='word_1_929' title='bbox 2691 5547 2793 5601; x_wconf 79' lang='grc' dir='ltr'>ἀπὸ</span> <span class='ocrx_word' id='word_1_930' title='bbox 2823 5547 2965 5604; x_wconf 69' lang='grc' dir='ltr'>πάω.</span> <span class='ocrx_word' id='word_1_931' title='bbox 3002 5573 3032 5599; x_wconf 89' lang='grc'><strong>››</strong></span> 
     </span>
    </p>
   </div>
  </div>
