3992 6194
263 368 424 435 11369

1459 370 1953 434 BBFIVlA-RIUM
2003 369 2080 430 IN
2128 369 2506 433 PSALMOS.

3513 368 3670 430 i370

269 521 468 562 spera.
500 503 617 560 Hoc
648 504 819 560 modo
849 504 921 560 de
975 504 1452 577 interpretatione
1501 505 1778 560 diximus.
1817 509 1911 559 La-
1940 503 1996 569 Α
2025 501 2178 558 bella
2208 506 2549 558 nascuntur.
2583 500 2763 558 Jacob
2813 517 3135 574 numquam
3198 501 3423 558 dixerat
3453 499 3467 556 ξ
3497 502 3674 559 Timeo

269 595 442 652 bores
487 610 772 649 manuum
813 598 1047 650 tuarum
1098 595 1504 650 manducabis.
1537 615 1563 644 ιι
1614 595 1917 666 Unusquis-

269 698 374 754 que
401 681 542 752 quod
569 684 932 738 seminaverit
986 684 1086 739 hoc
1138 691 1190 738 et
1244 692 1406 738 metet
1465 684 1664 755 (Galat.
1722 701 1798 749 vi,
1839 684 1916 748 8).

266 771 413 831 Ecce
445 770 642 835 homo,
695 776 752 827 et
798 788 979 843 opera
1027 773 1177 843 ejus.
1238 773 1388 845 Ergo
1440 778 1497 827 et
1544 789 1649 828 nos
1691 772 1920 827 labores

269 876 558 916 manuum
592 864 928 916 nostrarum
962 861 1475 918 manducabimus.
1509 862 1571 917 In
1623 861 1917 928 manibus,

265 965 448 1020 opera
476 947 910 1020 intelliguntur.
975 971 1002 1002 ε
1065 950 1309 1006 Labores
1367 967 1651 1006 manuum
1684 957 1918 1006 tuarum

273 1036 679 1096 manducabis.
716 1060 744 1086 ››
774 1037 939 1094 Dicat
977 1039 1214 1112 aliquis,
1275 1056 1411 1112 ergo
1465 1046 1598 1111 post
1628 1056 1919 1095 resurrec.

269 1127 524 1184 stionem
566 1127 908 1184 manducari
955 1145 1162 1184 sumus
1215 1129 1332 1185 Hoc
1387 1129 1542 1185 enim
1592 1129 1808 1184 dicitur
1851 1128 1922 1182 de

270 1216 440 1274 beato
470 1216 590 1272 viro
625 1233 638 1272 :
680 1235 701 1264 ι
723 1217 972 1273 Labores
1003 1235 1286 1274 manuum
1319 1223 1557 1275 tuarum
1599 1219 1919 1274 manduca-

273 1307 384 1362 bis.
413 1330 440 1356 ››
471 1307 589 1378 Ego
622 1305 730 1361 hoc
773 1307 905 1362 dico
963 1307 1329 1379 simpliciter.
1393 1308 1681 1372 Quoniam
1741 1307 1920 1362 homo

209 1451 216 1464 ,
271 1411 344 1452 ex
372 1394 605 1450 duabus
635 1394 988 1450 substantiis
1018 1402 1359 1468 compactus
1395 1402 1502 1464 est,
1564 1397 1674 1452 hoc
1705 1401 1815 1466 est,
1848 1396 1920 1450 de

273 1482 477 1539 anima
505 1487 561 1537 et
608 1499 847 1556 corpore
881 1501 896 1538 :
930 1485 1128 1540 anima
1174 1484 1528 1541 immortalis
1560 1491 1669 1551 est,
1706 1500 1922 1555 corpus

275 1575 470 1627 autem
504 1570 767 1626 mortale.
802 1572 965 1636 Quod
987 1573 1229 1629 mortale
1259 1579 1440 1637 est.ut
1471 1579 1526 1630 et
1553 1573 1826 1629 mortales
1848 1572 1923 1626 ci-

274 1660 381 1717 bos
415 1659 810 1725 habeat.Quod
840 1663 1389 1719 autemimmortale
1421 1664 1647 1732 est,hoc
1680 1663 1922 1727 est,ani-

270 1765 375 1806 ma
404 1765 531 1820 quae
561 1749 911 1806 immortalis
942 1756 1051 1821 est,
1084 1757 1141 1807 et
1165 1751 1528 1809 immortales
1559 1753 1720 1809 cibos
1752 1753 1925 1808 habet

276 1837 651 1940 Zultisﬁscire
681 1840 962 1911 quoniam
996 1841 1281 1940 et‘anima
1338 1842 1515 1897 habet
1544 1843 1704 1898 cibos
1736 1841 1922 1898 suos?
1949 1875 1998 1940 Β

265 1926 427 1982 κΒὶοἱι
456 1927 743 1984 Dominus
772 1933 950 2001 atque
979 1929 1243 1986 Salvator
1297 1948 1429 1986 cum
1479 1931 1744 1987 esuriret.
1773 1931 1918 1997 Quid

275 2015 416 2071 dicit
441 2015 469 2068 ?
501 2020 654 2072 Meus
682 2016 833 2072 cibus
863 2023 940 2072 est
970 2022 1030 2073 ut
1058 2020 1263 2086 faciam
1313 2019 1647 2074 voluntatem
1677 2021 1794 2090 ejus
1824 2021 1922 2089 qui

273 2106 429 2160 misit
463 2121 546 2159 me
600 2106 777 2175 (Joan.
828 2122 906 2171 ιν,
957 2107 1067 2175 34).
1124 2105 1316 2161 Vultis
1368 2107 1516 2162 scire
1563 2123 1710 2178 quos
1761 2107 1920 2162 cibos

273 2191 452 2250 habet
483 2192 681 2249 anima
707 2193 735 2246 ?
764 2191 915 2248 Dicit
943 2193 1111 2249 nobis
1142 2198 1199 2249 et
1229 2194 1516 2266 Propheta
1543 2211 1557 2250 :
1609 2195 1831 2252 Gustate
1861 2201 1918 2251 et

276 2279 458 2337 videte
486 2283 745 2352 quoniam
775 2283 958 2338 suavis
986 2285 1066 2339 est
1095 2284 1356 2340 Dominus
1387 2284 1559 2354 (Psal.
1608 2302 1809 2354 χχχιιι,
1841 2286 1918 2356 9).

275 2369 582 2436 Quomodo
611 2370 767 2426 enim
801 2386 1034 2442 corpus,
1067 2371 1180 2427 nisi
1230 2373 1514 2444 acceperit
1563 2375 1724 2430 cibos
1756 2392 1917 2442 suos,

277 2457 539 2517 moritur
571 2475 584 2514 :
618 2458 701 2516 sic
727 2463 788 2516 .et
815 2459 1014 2515 anima
1043 2460 1156 2516 nisi
1214 2462 1503 2534 acceperit
1560 2463 1722 2520 cibos
1747 2464 1918 2536 spiri—

275 2545 768 2612 tuales,moritur.
804 2547 921 2606 Hoc
949 2553 1136 2605 totum
1165 2566 1346 2622 quare
1374 2551 1524 2619 dico,
1557 2552 1698 2624 quia
1729 2553 1922 2609 solent

273 2633 456 2707 aliqui
497 2635 709 2705 dicere,
761 2637 886 2693 Non
936 2636 1121 2694 habeo
1169 2639 1496 2696 necessario
1557 2642 1921 2712 Scripturam

275 2739 530 2788 sacram,
564 2723 782 2779 sufﬁcit
805 2725 947 2783 mihi
982 2730 1209 2782 tantum
1241 2727 1447 2784 timere
1477 2734 1680 2786 Deum.
1717 2737 1781 2785 Et
1815 2732 1922 2790 hoc

275 2816 587 2883 propterea
635 2812 915 2879 diximus,
975 2816 1270 2885 quomodo
1300 2816 1414 2872 cibl
1471 2822 1612 2874 sunt
1643 2821 1921 2892 corporis,

273 2899 363 2957 sic
393 2899 506 2956 cibi
540 2906 680 2958 sunt
709 2905 766 2957 et
792 2901 1002 2960 animas
1032 2908 1245 2961 nostris
1277 2905 1589 2978 Scripturas
1620 2915 1856 2964 sanctae.

344 2987 535 3048 «Uxor
565 2994 668 3046 tua
681 2989 980 3048 sicutvitis
997 2993 1378 3052 abundansin
1399 2993 1684 3051 lateribus
1707 2998 1920 3053 domus

270 3081 404 3146 tuae.
435 3098 466 3129 ››
498 3076 650 3135 Dicit
677 3077 950 3136 Salomon
982 3080 1122 3151 quia
1151 3081 1394 3137 voluerit
1439 3084 1787 3154 sapientiam
1821 3087 1924 3142 du-

274 3182 406 3224 cere
427 3165 649 3222 scilicet
677 3183 954 3238 sponsam
991 3168 1146 3240 (Sap.
1179 3187 1299 3240 vni,
1341 3171 1416 3242 3).
1452 3172 1603 3228 Dicit
1632 3178 1690 3229 et
1721 3175 1778 3229 in
1810 3173 1920 3232 alio

274 3254 402 3311 loco
435 3254 507 3311 de
535 3255 838 3327 Sapientia
870 3274 882 3312 :
917 3257 1052 3312 Ama
1081 3259 1259 3326 illam,
1290 3268 1342 3316 et
1389 3262 1806 3333 amplexabitur
1846 3273 1916 3320 te.
1950 3241 1994 3312 (ἶ

279 3343 573 3400 Circumda
601 3345 765 3401 illam
790 3353 844 3402 et
882 3349 1135 3403 servabit
1191 3357 1239 3404 te
1267 3349 1450 3419 (Prov.
1511 3368 1584 3416 iv,
1615 3353 1692 3422 6).
1735 3358 1921 3409 Duca-

281 3449 419 3492 mus
446 3449 584 3505 ergo
609 3439 667 3488 et
695 3451 802 3490 nos
833 3434 984 3491 hanc
1015 3453 1274 3503 uxorem,
1323 3443 1381 3493 et
1410 3439 1733 3497 habeamus
1764 3441 1923 3498 illam

277 3521 338 3584 in
369 3520 738 3594 amplexibus
768 3524 1006 3580 nostris.
1039 3524 1356 3598 Nunquam
1387 3544 1516 3583 eam
1548 3528 1923 3587 dimittamus

277 3609 350 3667 de
381 3610 515 3669 sinu
546 3612 1084 3684 nostro.Nunquam
1118 3615 1388 3686 fugiatde
1417 3617 1690 3674 manibus
1706 3620 1924 3676 nostris

276 3699 334 3756 Si
385 3715 618 3771 semper
675 3701 850 3762 fuerit
905 3702 964 3760 in
1025 3701 1295 3775 amplexu
1357 3710 1554 3762 nostro
1613 3707 1728 3763 ista
1756 3724 1922 3775 uxor,

277 3786 562 3846 faciemus
592 3804 664 3844 ex
691 3805 760 3846 ea
781 3789 934 3847 ﬁlios
969 3809 981 3856 ;
1015 3809 1132 3849 non
1162 3792 1336 3862 ﬁlias,
1379 3795 1481 3850 sed
1541 3795 1712 3851 ﬁlios.
1747 3797 1922 3853 Deni-

277 3891 389 3946 que
417 3879 475 3931 et
503 3875 597 3932 hic
623 3875 839 3934 dicitur
873 3895 886 3933 :
922 3901 950 3928 «
987 3879 1112 3938 Filii
1153 3881 1237 3936 tui
1270 3882 1422 3938 sicut
1477 3884 1713 3940 novellae
1743 3885 1920 3942 oliva.

277 3979 407 4024 rum
437 3963 499 4018 in
528 3963 775 4020 circuitu
809 3981 1025 4024 mensae
1059 3971 1185 4023 tuis.
1220 3991 1247 4018 »
1284 3970 1584 4042 Numquid
1617 3990 1732 4029 non
1765 3979 1921 4047 pote-

274 4053 365 4108 rat
393 4049 606 4119 dicere,
635 4052 797 4118 Filiae
826 4061 941 4112 tuae
969 4058 994 4108 .9
1023 4058 1125 4109 aut
1181 4073 1297 4112 non
1355 4063 1583 4128 poterat
1638 4061 1830 4120 dicere
1855 4063 1922 4118 τὰ

271 4134 430 4194 τέκνα
459 4157 576 4208 σου,
601 4144 664 4194 ut
694 4141 924 4212 possint
963 4143 1208 4217 intelligi
1257 4151 1315 4201 et
1371 4145 1498 4214 viri,
1555 4155 1611 4204 et
1644 4151 1922 4210 feminae?

273 4227 383 4286 Sed
416 4227 545 4284 vide
575 4229 715 4300 quid
749 4231 926 4298 dicat,
957 4234 1091 4288 Filii
1117 4236 1219 4299 tui.
1252 4236 1360 4300 Qui
1395 4236 1752 4310 Sapientiam
1785 4259 1920 4298 uxo-

274 4333 396 4376 rem
429 4313 624 4386 habet,
657 4335 773 4386 non
806 4320 945 4380 facit
972 4322 1045 4378 de
1073 4339 1143 4379 ea
1169 4323 1342 4395 ﬁlias,
1394 4327 1496 4382 sed
1555 4327 1725 4386 ﬁlios.
1762 4331 1920 4386 Nihil

270 4404 466 4473 molle,
498 4404 645 4462 nihil
671 4405 1009 4476 delicatum,
1055 4411 1200 4466 nihil
1257 4419 1547 4485 tenerum,
1583 4417 1729 4473 nihil
1782 4419 1915 4474 eﬁ‘e-

271 4493 564 4552 minatum
598 4493 776 4563 habet
806 4494 866 4552 in
897 4501 1092 4552 mente
1123 4515 1250 4554 sua.
1287 4505 1463 4557 Putas
1517 4506 1670 4574 quod
1731 4508 1917 4563 sancti

2027 594 2210 661 fecisti
2238 608 2323 647 me
2349 593 2611 648 odibilem
2656 589 3042 662 (’Gen.xxx1v,
3090 591 3204 663 30).
3260 590 3538 663 Loquitur
3594 591 3667 647 ad

2031 683 2161 738 Levi
2195 687 2251 738 et
2278 683 2534 747 Simeon,
2567 683 2695 738 Levi
2721 685 2771 736 et
2814 681 3031 736 Simeon
3080 683 3139 736 in
3193 682 3424 737 concilio
3478 697 3666 738 eorum

2027 789 2139 828 non
2159 775 2308 828 venit
2337 774 2535 828 anima
2562 787 2685 826 mea
2725 771 2873 842 (Gen.
2908 788 3059 837 xux,
3117 772 3193 842 6).
3253 773 3440 837 Quare
3467 769 3495 825 ?
3524 770 3673 835 Quia

2029 861 2156 926 viri,
2191 877 2429 917 causam
2459 859 2766 916 voluerunt
2796 875 2965 930 agere
2996 858 3280 914 mulieris.
3312 863 3428 914 Hoc
3477 863 3666 914 totum

2030 968 2210 1023 quare
2240 950 2380 1017 dixi,
2415 949 2692 1021 quoniam
2726 948 2913 1004 sancti
2956 948 3108 1004 ﬁlias
3139 965 3252 1004 non
3296 948 3533 1017 habent,
3565 948 3669 1004 sed
3704 938 3706 942 ’

2033 1040 2183 1095 ﬁlios
2214 1044 2444 1095 tantum
2477 1039 2715 1103 habent,
2748 1038 2890 1093 Rem
2921 1037 3084 1093 vobis
3135 1037 3262 1092 dico
3294 1053 3523 1106 novam,
3558 1053 3669 1091 no-

2030 1146 2161 1185 vam
2195 1128 2612 1185 nescientibus.
2643 1131 2921 1183 Caeterum
2957 1125 3056 1198 qui
3093 1125 3422 1196 Scripturas
3446 1123 3670 1196 legunt,

2029 1226 2084 1274 et
2115 1217 2425 1290 diligenter
2454 1215 2799 1289 legunt,non
2832 1231 3039 1270 novam
3072 1215 3213 1270 :sed
3244 1231 3310 1269 ea
3330 1231 3457 1285 qua:
3481 1213 3677 1269 sciunt

2029 1308 2207 1363 Jacob
2235 1306 2542 1362 duodecim
2575 1305 2781 1361 habuit
2814 1304 2964 1359 ﬁlios
3004 1302 3389 1376 patriarchas,
3438 1303 3663 1359 Ruben.

2031 1397 2284 1453 Simeon.
2326 1396 2500 1462 Juda,
2555 1395 2708 1461 Levi,
2741 1394 3028 1461 lssachar,
3095 1395 3239 1449 Aser
3302 1397 3359 1448 et
3425 1397 3664 1448 caeteros

2032 1501 2219 1558 usque
2250 1486 2322 1540 ad
2353 1485 2786 1541 duodecimum.
2831 1484 3029 1555 Legite
3070 1482 3130 1538 in
3189 1481 3579 1555 generatione,
3615 1485 3673 1536 et

2032 1591 2334 1646 nunquam
2368 1574 2671 1630 invenietis
2692 1575 2762 1630 de
2782 1572 2962 1629 tantis
2985 1570 3294 1628 duodecim
3322 1569 3674 1643 patriarchis

2033 1663 2217 1719 ullum
2253 1663 2459 1720 fecisse
2490 1663 2693 1727 ﬁliam,
2728 1663 2826 1718 sed
2886 1666 3037 1717 totos
3095 1660 3266 1715 ﬁlios.
3328 1659 3466 1715 Dico
3505 1659 3670 1714 vobis

2031 1770 2217 1810 unum
2245 1768 2315 1808 ne
2346 1752 2591 1808 forsitan
2621 1750 3068 1808 obliviscamini.
3088 1751 3226 1805 Aser
3255 1748 3436 1803 ﬁliam
3469 1747 3677 1803 habuit

2033 1842 2441 1907 Saram,Jacob
2458 1841 2667 1897 habuit
2698 1841 3005 1896 duodecim
3037 1838 3187 1893 ﬁlios
3217 1842 3275 1893 et
3291 1853 3469 1892 unam
3492 1835 3674 1893 ﬁliam

2029 1932 2123 1988 Sic
2155 1932 2309 1986 inter
2338 1930 2643 1985 duodecim
2681 1929 3062 2000 patriarchas,
3125 1944 3278 1983 unus
3337 1926 3670 1998 patriarcha

2032 2036 2210 2076 unam
2243 2023 2472 2075 tantum
2505 2017 2685 2073 ﬁliam
2717 2017 2940 2074 habuit.
2964 2017 3078 2072 Hoc
3109 2020 3294 2071 totum
3329 2030 3508 2086 quare
3529 2014 3678 2069 dixi?

2036 2115 2100 2165 ut
2124 2108 2276 2165 ﬁlios
2306 2114 2364 2164 et
2394 2107 2544 2163 ﬁlias
2575 2107 2632 2162 in
2666 2105 2984 2180 Scripturis
3041 2103 3425 2177 spiritualiter
3462 2102 3677 2159 intelli-

2029 2214 2166 2272 gere
2195 2198 2534 2272 debeamus.
2569 2219 2596 2246 «
2630 2197 2781 2252 Uxor
2810 2201 2910 2250 tua
2967 2195 3120 2250 sicut
3172 2191 3306 2250 vitis
3359 2193 3670 2248 abundans

2030 2289 2088 2342 in
2123 2287 2404 2343 lateribus
2434 2287 2646 2342 domus
2675 2290 2804 2340 tute.
2870 2307 2898 2336 »
2958 2284 3122 2340 Sicut
3175 2283 3308 2339 vitis
3363 2281 3672 2338 abundans

2030 2376 2314 2449 plurimos
2344 2375 2542 2430 botros
2571 2374 2767 2441 habet,
2802 2373 2887 2430 sic
2917 2377 2975 2429 et
3005 2390 3149 2428 uxor
3177 2375 3397 2435 nostra,
3430 2371 3540 2426 hoc
3562 2374 3671 2435 est,

2031 2464 2320 2536 sapientia
2351 2480 2495 2520 uxor
2524 2468 2742 2527 nostra,
2787 2480 2914 2534 quae
2972 2479 3192 2534 sponsa
3244 2465 3351 2517 est.
3410 2459 3674 2531 Denique

2031 2553 2310 2610 scribitur
2356 2553 2416 2608 in
2475 2551 2587 2608 alio
2643 2551 2814 2608 loco:
2858 2554 3005 2617 Veni,
3062 2567 3237 2616 soror,
3296 2565 3419 2606 mea
3472 2565 3674 2621 sponsa

2030 2643 2208 2714 (Cant.
2240 2659 2295 2709 v,
2331 2643 2402 2712 1).
2437 2642 2519 2698 Ne
2549 2641 2606 2696 in
2639 2658 2704 2696 eo
2745 2641 2898 2713 quod
2957 2640 3198 2711 dixerat,
3255 2656 3471 2711 sponsa,
3502 2642 3673 2709 turpe

2003 2731 2250 2803 (aliquid
2283 2729 2659 2803 intelligeres,
2684 2730 2956 2801 jungitur
2997 2746 3150 2783 soror
3183 2747 3195 2795 ;
3231 2734 3294 2784 ut
3325 2728 3518 2783 omnis
3547 2733 3670 2782 tur-

2032 2821 2122 2893 pis
2155 2837 2320 2875 amor
2374 2820 2734 2875 excludatur.
2794 2818 2960 2888 Veni,
3012 2835 3178 2874 soror
3233 2833 3381 2888 mea,
3432 2820 3672 2872 sanctus

2031 2909 2186 2966 enim
2219 2925 2384 2965 amor
2412 2908 2510 2975 sit,
2542 2913 2599 2964 et
2637 2914 2942 2981 propterea
2998 2913 3053 2964 te
3102 2923 3357 2963 sororem
3412 2922 3557 2961 voco
3614 2910 3672 2959 et

2031 3015 2308 3072 sponsam
2362 3013 2575 3054 meam.
2613 3002 2928 3069 Propterea
2953 3001 3008 3053 te
3065 3013 3343 3069 sponsam
3401 3012 3565 3061 voco,
3602 2999 3666 3050 ut

2033 3088 2278 3143 habeam
2313 3104 2574 3153 uxorem,
2607 3092 2666 3142 et
2694 3087 2765 3142 de
2794 3091 2849 3142 te
2880 3086 3032 3142 ﬁlios
3064 3086 3269 3142 faciam
3293 3083 3669 3158 plures,tilios

2033 3176 2230 3249 plures
2262 3176 2428 3247 quasi
2463 3177 2533 3232 de
2560 3176 2674 3232 vite
2706 3176 2925 3232 botros.
2960 3175 3258 3240 Quomodo
3288 3174 3423 3229 vitis
3463 3173 3676 3229 habeat

2033 3265 2292 3320 diversos
2323 3266 2540 3320 botros.
2601 3265 2667 3319 Et
2719 3282 2836 3320 una
2892 3264 3130 3337 quidem
3187 3262 3350 3319 radix
3397 3267 3507 3318 est.
3566 3261 3672 3316 Sed

2033 3354 2203 3426 longe
2233 3352 2465 3426 lateque
2497 3353 2606 3409 huc
2637 3358 2814 3425 atque
2844 3351 2984 3409 illuc
3015 3352 3244 3425 ﬂagella
3291 3351 3588 3417 diﬁ‘undit,
3617 3353 3677 3406 et

2034 3444 2163 3516 ipsa
2192 3443 2418 3517 ﬂagella
2446 3443 2666 3498 habent
2695 3443 2920 3498 fructus
2968 3459 3127 3509 suos,
3161 3447 3218 3497 et
3263 3441 3323 3496 in
3379 3440 3525 3513 ipsis
3558 3441 3670 3494 fru-

2032 3533 2224 3601 ctibus
2254 3536 2394 3588 sunt
2421 3531 2594 3602 botri,
2625 3536 2683 3586 et
2728 3531 2879 3586 alius
2923 3532 3126 3587 botrus
3157 3533 3343 3603 major
3372 3534 3484 3596 est,
3517 3527 3668 3584 alius

2034 3621 2246 3687 minor,
2279 3620 2394 3677 alia
2423 3621 2647 3692 majora
2677 3636 2859 3692 grana
2889 3625 3047 3686 sunt,
3080 3618 3192 3675 alia
3209 3618 3437 3675 minora
3471 3643 3485 3685 ;
3517 3617 3602 3673 sic
3617 3624 3672 3672 et

2033 3712 2104 3767 de
2135 3709 2443 3783 sapientia,
2475 3727 2601 3781 quis
2627 3713 2717 3765 est
2741 3725 2885 3765 uxor
2918 3713 3119 3766 nostra
3152 3725 3165 3763 :
3199 3707 3249 3764 si
3286 3713 3486 3764 tamen
3517 3723 3668 3762 nun-

2031 3816 2210 3871 quam
2243 3815 2370 3855 eam
2401 3799 2823 3863 dimiserimus,
2856 3799 3053 3870 plures
3105 3805 3432 3855 nascuntur
3488 3796 3660 3866 botri,

2031 3888 2140 3944 hoc
2187 3894 2294 3954 est,
2344 3889 2588 3944 virtutes
2639 3888 2904 3960 plurima:
2939 3906 2953 3956 ;
2987 3893 3199 3946 sanctas
3268 3885 3670 3959 cogitationes,

2031 3993 2208 4049 opera
2238 3976 2532 4050 praeclara.
2565 3979 2698 4033 Filii
2724 3979 2809 4033 tui
2835 3979 2976 4034 sicut
3030 3977 3261 4032 novellae
3307 3976 3584 4040 olivarum
3615 3977 3676 4029 in

2029 4068 2265 4124 circuitu
2293 4082 2500 4124 mensae
2530 4066 2942 4136 tiaeLegimus
2967 4065 3021 4119 in
3048 4065 3162 4120 alio
3193 4064 3318 4119 loco
3352 4082 3371 4119 :
3393 4065 3456 4118 Et
3481 4065 3674 4118 vinum

2030 4156 2281 4227 laetiﬁcat
2307 4172 2401 4211 cor
2430 4156 2670 4210 hominie
2699 4156 2870 4225 (Psal.
2905 4170 3024 4224 cm,
3062 4154 3169 4223 15).
3223 4154 3497 4224 Legimus
3527 4157 3584 4208 et
3613 4152 3671 4208 in

2030 4243 2284 4300 Canticis
2331 4244 2744 4299 canticorum:
2793 4242 2991 4308 Venite,
3035 4245 3233 4313 fratres
3292 4241 3454 4297 bibite
3489 4249 3539 4298 et
3583 4244 3670 4297 in-

2027 4334 2327 4390 ebriamini
2357 4332 2534 4402 (Cant.
2567 4349 2621 4395 ν,
2657 4331 2728 4402 1).
2763 4331 2832 4386 Et
2860 4330 3061 4386 vinum
3105 4332 3257 4401 quod
3291 4330 3544 4388 laetiﬁcat
3573 4349 3672 4388 cor

2029 4421 2307 4476 hominis.
2343 4424 2461 4476 Hoc
2508 4419 2710 4475 vinum
2763 4437 2874 4476 non
2927 4419 3180 4476 letiﬁcat
3223 4439 3321 4476 cor
3366 4421 3668 4489 hominis;

2029 4509 2127 4565 sed
2159 4509 2374 4575 obruit,
2407 4513 2465 4564 et
2508 4509 2782 4565 insanum
2844 4509 2999 4565 facit.
3064 4509 3322 4582 Denique
3374 4510 3668 4578 scribitur,

271 4581 384 4676 alia
417 4583 965 4676 causagscribnntur
987 4601 1102 4676 non
1138 4585 1374 4676 habisse
1397 4590 1568 4658 ﬁlias,
1602 4595 1700 4648 sed
1736 4595 1920 4652 ﬁlios?
1949 4609 1996 4676 ι)
2029 4606 2091 4654 ut
2122 4599 2222 4670 qui
2250 4602 2490 4670 potentes
2518 4603 2667 4654 sunt.
2701 4601 2892 4655 vinum
2918 4615 3030 4656 non
3083 4581 3270 4656 bibant
3297 4602 3478 4669 (Prov.
3512 4618 3668 4664 χχχι,

273 4671 556 4744 Legamus
586 4671 882 4744 Genesim,
930 4673 1011 4730 ibi
1065 4675 1221 4732 enim
1281 4679 1723 4748 generationum
1778 4685 1918 4740 ordo

272 4766 556 4819 servatur.
589 4765 838 4820 Sanctus
868 4763 1160 4821 Abraham
1203 4764 1410 4823 habuit
1441 4785 1676 4826 uxorem
1712 4771 1916 4828 Saram

271 4849 480 4917 habuit
517 4852 672 4924 Agar
717 4852 1104 4920 concubinam
1140 4872 1152 4921 ;
1184 4854 1392 4912 habuit
1446 4863 1646 4929 postea
1702 4862 1914 4917 Cethu-

271 4956 420 4998 ram.
452 4938 533 4998 De
561 4940 794 5008 duabus
825 4942 1104 5000 uxoribus
1151 4943 1306 5002 ﬁlios
1367 4953 1523 5006 creat
1556 4966 1568 5016 ;
1601 4948 1752 5006 ﬁlias
1799 4969 1916 5008 non

272 5027 428 5098 facit.
481 5029 798 5086 Veniamus
857 5032 927 5086 ad
987 5033 1168 5104 Isaac,
1227 5035 1298 5090 Et
1349 5037 1509 5094 Isaac
1564 5038 1713 5095 duos
1765 5040 1918 5097 ﬁlios

272 5117 429 5188 facit,
465 5117 618 5188 ﬁlias
647 5136 765 5176 non
796 5119 992 5178 habet.
1027 5121 1276 5180 Sanctus
1328 5125 1486 5182 enim
1529 5132 1654 5184 erat
1681 5132 1738 5184 et
1767 5128 1915 5184 nihil

270 5205 523 5278 habebat
549 5207 745 5281 molle,
779 5214 838 5266 et
878 5213 1170 5279 tenerum,
1227 5216 1285 5268 et
1327 5215 1750 5279 effeminatum.
1810 5220 1913 5276 sed

266 5299 454 5358 totum
484 5296 648 5355 virile
678 5302 736 5354 et
765 5298 1047 5372 rigidum.
1100 5301 1312 5360 Beatus
1363 5304 1544 5363 Jacob
1603 5307 1912 5364 duodecim

266 5385 630 5455 patriarchas
662 5385 839 5456 habet
867 5387 1040 5446 ﬁlios.
1074 5390 1143 5445 Et
1172 5407 1353 5450 unam
1385 5393 1567 5452 ﬁliam
1597 5396 1772 5453 habet
1805 5415 1912 5453 no-

269 5472 426 5544 mine
454 5475 678 5544 ninam,
709 5476 865 5546 quod
892 5482 1312 5549 interpretaur,
1367 5497 1544 5542 causa
1575 5485 1910 5559 jurgiorum

266 5562 473 5632 rixam.
508 5563 766 5635 Denique
799 5580 976 5624 unam
1007 5565 1217 5624 habuit
1247 5569 1427 5628 ﬁliam
1490 5577 1548 5628 et
1599 5573 1910 5630 duodecim

266 5649 438 5726 ﬁlios.
472 5652 542 5722 Et
576 5656 813 5726 propter
862 5668 1040 5714 unam
1099 5655 1280 5716 ﬁliam
1342 5664 1504 5719 tanta
1559 5662 1619 5718 in
1670 5663 1909 5722 Sichem

2032 4688 2103 4758 4).
2131 4687 2342 4743 Scribit
2369 4692 2427 4744 et
2478 4688 2816 4761 Apostolus,
2877 4690 3154 4761 quoniam
3215 4706 3330 4745 non
3388 4689 3669 4746 deb’emus

2024 4775 2224 4831 vinum
2275 4777 2476 4832 bibere
2531 4783 2587 4833 et
2644 4795 2878 4834 carnem
2938 4780 3292 4835 manducare
3347 4780 3519 4851 (Rom.
3553 4797 3668 4844 xxv,

2027 4865 2142 4935 21).
2206 4865 2459 4922 Rursum
2515 4866 2732 4922 dicitur
2789 4866 2959 4924 nobis
3001 4886 3014 4924 :
3049 4871 3122 4922 Et
3174 4869 3368 4923 vinum
3427 4870 3669 4939 laetiﬁcat

2025 4969 2124 5010 cor
2153 4954 2414 5010 hominis.
2448 4956 2559 5011 Sed
2589 4957 2790 5012 vinum
2822 4956 3036 5012 dicitur
3061 4957 3386 5028 spirituale,
3418 4959 3572 5029 quod
3619 4958 3667 5014 si

2027 5043 2160 5115 quis
2191 5042 2402 5099 biberit
2429 5044 2628 5101 statim
2657 5045 2996 5104 inebriatur.
3046 5046 3162 5101 Vos
3209 5063 3433 5116 omnes,
3488 5051 3553 5102 ut
3583 5048 3667 5103 di-

2027 5132 2336 5188 mitteretis
2367 5133 2771 5203 possessiones
2803 5140 3112 5202 vestras,et
3143 5143 3412 5208 parentes
3442 5141 3667 5194 vestros

2024 5225 2082 5277 et
2108 5220 2260 5278 ﬁlios
2285 5226 2344 5278 et
2372 5222 2599 5290 afﬁnes,
2634 5223 2869 5279 bibistis
2897 5224 3122 5295 vinum,
3165 5230 3224 5281 et
3251 5225 3517 5282 inebriati
3562 5244 3666 5300 pro

2023 5309 2254 5366 Christo
2286 5309 2545 5367 insanire
2575 5312 2852 5384 cmpistis.
2885 5313 3006 5370 Non
3043 5314 3205 5372 vobis
3257 5315 3484 5373 videtur
3538 5333 3668 5373 esse

2023 5399 2275 5455 ebrietas
2308 5400 2336 5455 ‘t
2367 5417 2481 5456 non
2521 5400 2686 5457 vobis
2740 5403 2969 5459 videtur
3026 5404 3353 5476 spiritualis
3409 5406 3662 5474 insania,

2022 5487 2262 5544 delicias
2291 5493 2684 5557 contemnere,
2726 5492 2928 5548 sordes
2978 5499 3266 5566 appetere,
3303 5495 3502 5567 fugere
3533 5494 3662 5550 civi-

2021 5581 2193 5645 tates,
2245 5578 2476 5635 deserta
2525 5579 2754 5647 sectari,
2812 5584 3038 5638 nescire
3097 5584 3359 5652 all‘ectus,
3393 5583 3662 5655 ignorare

2021 5666 2214 5723 carnis
2245 5667 2765 5741 propinquitatem,
2798 5675 2855 5726 et
2885 5670 3076 5728 solum
3111 5689 3284 5729 nosse
3315 5671 3612 5728 Christum
3634 5673 3665 5729 ?
