3992 6194
434 320 583 384 1371
1921 325 2338 391 ΑΡΡΕΝῸΙΧ.
3593 342 3690 404 ητα

437 458 696 530 Denique
726 457 972 532 apostoli
1006 457 1114 514 hoc
1145 458 1276 516 vino
1309 458 1579 518 inebriati
1639 465 1822 528 erant,
1856 467 1911 518 et
1942 478 2078 533 pro-
2111 461 2162 527 Α
2196 464 2611 531 instruxeritis,
2661 464 2779 522 vidi
2833 464 2980 522 ﬁlios
3034 481 3189 523 meos
3221 482 3233 522 :
3281 465 3326 523 si
3373 483 3459 524 vos
3505 470 3612 528 alios
3642 474 3694 531 iu-

435 555 632 622 pterea
663 551 878 606 dicitur
910 551 995 607 eis
1028 569 1040 607 :
1072 553 1240 608 Musio
1297 560 1428 607 sunt
1472 553 1624 622 pleni
1678 555 1812 624 (Act.
1871 571 1930 623 ιι,
1966 555 2073 623 13).
2187 555 2542 622 struxeritis,
2578 555 2694 611 vini
2737 555 2889 612 ﬁlios
2938 554 3186 611 ﬁliorum
3243 571 3492 614 meorum.
3531 560 3700 620 Oremus

433 643 558 694 Non
593 640 746 695 enim
783 641 1010 696 fuerant
1040 641 1307 698 inebriati
1341 643 1412 698 de
1445 644 1594 716 Lege
1623 644 1815 712 veteri,
1876 644 1975 699 sed
2007 647 2076 700 de
2186 644 2368 717 igitur
2422 645 2756 713 Dominum,
2807 651 2873 701 ut
2929 645 3242 702 habeamus
3288 646 3439 714 ﬁlios,
3466 648 3700 709 habeamus

433 729 757 802 Evangelio.
793 735 914 785 l\on
947 747 1081 803 ergo
1109 737 1267 803 puto,
1304 733 1458 804 quod
1514 733 1594 788 ita
1651 733 1972 789 inebriatus
2004 734 2079 789 sit
2188 739 2455 806 nepotes,
2487 740 2544 791 et
2575 751 2804 808 semper
2834 735 3153 791 habeamus
3185 735 3412 792 multam
3461 742 3702 810 progeniem

444 818 555 874 hoc
583 822 734 875 vino.
776 843 796 868 α
834 820 959 875 Filii
993 820 1076 875 tui
1109 821 1260 876 sicut
1282 820 1517 877 novellae
1549 821 1890 878 olivarum.»
1923 823 2074 878 Nulli

2187 825 2558 881 Festinemus
2588 825 2730 881 tales
2763 825 2914 880 ﬁlios
2946 825 3149 880 facere.
3179 829 3375 880 Sancta
3402 827 3495 881 ista
3518 835 3585 882 est
3611 845 3700 884 con-

440 907 537 964 alii
569 915 988 981 comparantur
1017 909 1118 964 ﬁlii
1154 910 1336 966 nostri
1369 911 1481 966 nisi
1513 910 1748 968 novellae
1792 911 2074 968 olivarum
2181 913 2434 986 junctio.
2491 915 2631 970 Rem
2709 914 2872 978 vobis
2938 914 3064 970 dico
3141 931 3336 970 novam
3371 932 3381 969 :
3413 915 3516 971 sine
3570 920 3705 974 uxoris

437 997 558 1052 Non
593 998 929 1054 dixit‘olivm
960 1001 1157 1072 veteri,
1190 1002 1290 1056 sed
1324 1000 1558 1056 novellae
1591 1002 2078 1067 olivaa.Quomodo

435 1090 492 1140 et
521 1086 598 1141 ibi
633 1088 702 1143 de
733 1088 1010 1144 ebrietate
1041 1090 1583 1162 apostolorum,non
1605 1093 1820 1148 dicitur
1848 1095 1917 1149 de
1945 1094 2077 1149 vino

433 1175 635 1242 veteri,
669 1178 766 1232 sed
802 1178 874 1232 de
932 1184 1125 1234 musto
1161 1179 1282 1236 :sic
1320 1185 1376 1236 et
1433 1181 1525 1237 hic
1583 1181 1798 1237 dicitur
1855 1183 2080 1238 novella

434 1263 743 1333 olivarum,
781 1283 905 1337 quae
941 1271 1060 1322 tota
1094 1269 1238 1324 viret
1286 1269 1342 1324 in
1403 1270 1694 1344 Evangelii
1747 1273 2074 1341 juventute.

433 1353 668 1410 Novella
699 1355 981 1412 olivarum
1010 1357 1181 1429 plena
1211 1358 1358 1415 luce.
1394 1359 1596 1416 Oleum
1628 1360 1778 1417 hanc
1809 1365 2076 1416 naturam

435 1441 628 1515 habet,
663 1450 726 1500 ut
753 1445 913 1502 cibos
947 1448 1200 1515 condiat,
1245 1453 1310 1503 ut
1357 1449 1567 1505 lumini
1626 1450 1888 1506 fomenta
1937 1467 2076 1522 prae-

432 1531 658 1597 heat,ut
689 1533 846 1591 lasso
874 1536 1048 1608 longo
1068 1537 1273 1594 itinere
1304 1555 1515 1609 corpus
1540 1544 1782 1594 unctum
1810 1540 2080 1596 restituat

434 1623 601 1693 quasi
631 1623 816 1679 labori
850 1625 1095 1698 pristino
1135 1632 1192 1683 et
1223 1628 1481 1684 sanitati.
1546 1630 1800 1700 Denique
1830 1629 2077 1702 quicun-

431 1727 544 1783 que
573 1711 767 1769 lassus
801 1715 973 1770 fuerit
1000 1721 1056 1770 et
1090 1717 1348 1788 ungitur,
1411 1717 1580 1789 quasi
1635 1718 1840 1788 recipit
1881 1717 2077 1790 pristi-

2189 1002 2494 1075 complexu
2524 1003 2719 1076 plures
2749 1008 3072 1059 nascuntur
3098 1002 3242 1058 tales
3272 1002 3387 1058 ﬁlii.
3417 1026 3442 1052 «
3471 1004 3561 1059 Pax
3590 1023 3708 1076 super

2189 1092 2384 1148 Israel.
2445 1117 2471 1143 »
2501 1094 2680 1150 Israel
2721 1092 3153 1164 interpretatur,
3200 1107 3349 1146 mens
3378 1092 3538 1148 videns
3577 1095 3706 1150 Deum.

2188 1181 2331 1237 Vide
2374 1199 2510 1254 ergo
2551 1183 2706 1255 quod
2754 1181 2969 1237 dicitur
3016 1199 3126 1252 pax
3176 1198 3343 1253 super
3384 1182 3545 1236 Israel.
3583 1183 3709 1254 Super

2189 1286 2288 1325 eos
2320 1270 2423 1343 qui
2473 1271 2690 1326 habent
2739 1275 2994 1326 mentem
3045 1271 3324 1325 videntem
3390 1270 3558 1326 Deum.
3602 1271 3709 1328 Mens

2191 1375 2321 1414 mea
2351 1360 2399 1415 si
2432 1359 2702 1416 habuerit
2729 1359 3010 1416 visionem
3044 1357 3168 1426 Dei,
3198 1359 3244 1414 si
3276 1375 3479 1430 semper
3502 1359 3708 1414 Christum

2186 1447 2405 1515 videro,
2437 1449 2584 1504 alios
2649 1466 2764 1504 nan
2831 1449 3062 1504 videbo.
3129 1448 3448 1519 Quicunque
3501 1447 3709 1503 Christum

2189 1536 2442 1593 babetin
2477 1555 2559 1603 se,
2593 1537 2771 1593 habet
2809 1538 2867 1592 in
2914 1553 2976 1593 se
3030 1553 3251 1609 pacem.
3304 1538 3483 1591 Pacem
3520 1536 3710 1590 mando

2186 1628 2354 1682 vobis.
2383 1643 2574 1698 pacem
2605 1643 2784 1683 meam
2823 1627 3075 1698 relinquo
3122 1625 3266 1682 vobis
3309 1626 3463 1695 (Joan.
3506 1641 3593 1691 xiv,
3633 1625 3706 1690 27).

2191 1715 2348 1771 Licet
2379 1717 2498 1770 sint
2547 1715 2745 1772 multa:
2796 1715 3256 1787 persecutiones,
3305 1713 3428 1769 licet
3469 1713 3600 1768 multi
3636 1713 3710 1767 sint

435 1816 576 1854 num
609 1801 1068 1874 vigorem.Putas
1101 1805 1226 1860 sine
1257 1822 1436 1861 causa
1457 1823 1611 1862 nunc
1630 1806 1847 1862 dicitur
1877 1806 2076 1860 vinum
2108 1833 2154 1898 Β
2189 1804 2287 1876 qui
2317 1809 2763 1876 persequantur,
2797 1810 2995 1860 tamen
3024 1803 3088 1859 in
3136 1821 3246 1875 quo
3287 1802 3518 1858 Christus
3540 1801 3708 1865 habitat,

431 1891 488 1943 et
512 1888 700 1946 oleum
734 1891 761 1946 ?
792 1893 915 1948 Non
949 1892 1137 1964 potuit
1165 1894 1278 1950 mel
1311 1894 1449 1964 dici,
1484 1889 1596 1951 non
1630 1895 1744 1952 alia
1783 1901 2066 1962 aromata,

432 1993 546 2032 non
576 1977 691 2034 alia
719 1980 911 2045 arbor.
939 1983 1040 2038 sed
1081 1987 1311 2039 tantum
1360 1984 1494 2040 vitis
1541 1990 1598 2041 et
1637 1984 1805 2040 oliva.
1853 1985 2070 2040 Vinum

438 2069 492 2121 et
526 2066 740 2124 oleum.
775 2070 835 2124 In
871 2071 1002 2126 vino
1035 2073 1371 2140 austeritas,
1404 2073 1462 2128 in
1495 2073 1619 2130 oleo
1651 2073 2068 2131 misericordia.

432 2157 687 2228 Denique
718 2158 814 2214 ille
836 2161 936 2231 qui
969 2161 1041 2216 de
1089 2161 1412 2218 Jerusalem
1467 2163 1696 2220 Jericho
1752 2164 2072 2220 descende-

432 2243 552 2312 bat,
608 2247 708 2317 qui
776 2248 1113 2306 vulneratus
1163 2251 1373 2319 fuerat,
1417 2253 1744 2321 Samaritis,
1793 2252 1902 2308 hoc
1961 2256 2073 2320 est,

432 2342 627 2402 custos,
661 2336 806 2392 nihil
839 2338 891 2393 ei
923 2340 1181 2396 infundit
1209 2341 1323 2396 nisi
1354 2341 1556 2398 vinum
1587 2346 1644 2398 et
1699 2341 1891 2398 oleum
1914 2345 2066 2411 (Luc.

432 2439 490 2489 x,
519 2423 730 2492 30-34).
784 2425 993 2482 Vinum
1045 2430 1449 2486 austeritatem
1495 2435 1934 2504 praceptorum,
1984 2430 2068 2484 vi-

437 2527 578 2566 num
611 2513 872 2585 typicum
908 2540 921 2583 ;
955 2521 1020 2572 ut
1045 2518 1462 2590 quodcunque
1493 2518 1630 2575 mali
1685 2519 1951 2576 humoris
1983 2524 2072 2576 est

435 2606 720 2672 excoquat
750 2607 806 2658 et
833 2606 1190 2662 excomedat.
1219 2607 1506 2671 Quoniam
1557 2613 1750 2664 autem
1812 2608 2073 2663 humana

433 2687 722 2760 fragilitas
754 2708 864 2747 non
899 2698 1089 2764 potest
1117 2696 1415 2752 veritatem
1475 2697 1639 2754 ferre.
1671 2698 1735 2754 Si
1787 2699 1935 2753 enim
1966 2699 2073 2752 ini-

437 2779 671 2847 quitates
699 2781 971 2850 attendas,
1025 2785 1276 2851 Domine,
1316 2787 1562 2852 Domine,
1613 2791 1734 2858 quis
1781 2788 2072 2843 sustinebit

439 2866 830 2940 (Psal.cxx1x,
889 2871 998 2941 3)?
1034 2873 1092 2928 Si
1151 2873 1306 2929 enim
1367 2879 1596 2931 tantum
1642 2877 1844 2947 justus
1905 2875 2077 2932 fuerit

444 2955 747 3027 Dominus,
791 2976 898 3016 nos
958 2961 1147 3018 vivere
1197 2980 1312 3020 non
1369 2981 1706 3036 possumus.
1768 2970 2078 3038 PrOpterea

430 3045 676 3115 justitise
707 3046 913 3121 ipsius,
948 3049 1056 3106 hoc
1085 3055 1192 3124 est,
1225 3051 1356 3132 vino
1416 3053 1827 3112 misericordia:
1883 3055 2075 3112 oleum

436 3134 783 3206 adjunctum
803 3142 909 3193 est.
1283 3135 1286 3138 ’

2188 1892 2284 1949 ille
2316 1910 2547 1966 semper
2574 1894 2870 1950 Christum
2901 1894 3078 1950 habet
3113 1911 3126 1950 :
3161 1893 3251 1949 cui
3281 1893 3352 1948 sit
3398 1891 3552 1965 gloria
3576 1891 3618 1944 in
3642 1907 3708 1943 se-

2187 1983 2319 2038 cula
2351 1981 2722 2038 saeculorum.
2756 1986 2960 2038 Amen.

2689 2072 3013 2128 PSALMUS
3045 2071 3320 2127 CXXVIII.

2261 2184 2287 2210 ‹‹
2325 2161 2486 2232 Saepe
2517 2166 2996 2234 expugnaverunt
3020 2178 3121 2216 me
3159 2179 3190 2215 ει
3231 2162 3504 2232 juventute
3528 2174 3636 2221 mea,
3659 2155 3711 2209 di-

2192 2254 2283 2306 cat
2309 2267 2465 2307 nunc
2484 2251 2847 2322 lsrael.Sa2pe
2859 2254 3334 2323 expugnaverunt
3353 2266 3434 2304 me
3458 2249 3712 2319 ajuventute

2190 2356 2339 2395 mea.
2377 2362 2404 2389 ››
2438 2339 2560 2396 Duo
2593 2340 2887 2396 dicuntur.
2917 2341 2986 2395 Et
3014 2356 3170 2412 saepe
3214 2340 3619 2412 expugnaverunt
3640 2348 3711 2396 me,

2190 2433 2248 2484 et
2271 2445 2304 2484 a
2325 2430 2636 2501 juventute
2668 2446 2796 2484 mea
2833 2432 3311 2500 expugnaverunt
3365 2443 3462 2482 me.
3488 2425 3601 2495 Ergo
3624 2423 3654 2476 si
3675 2421 3712 2475 iu

2193 2518 2385 2574 media
2416 2523 2588 2574 astate
2616 2534 2840 2590 coepero
2872 2519 3094 2574 servire
3125 2517 3379 2581 Domino,
3430 2513 3558 2570 verbi
3587 2510 3712 2583 gratia

2193 2609 2582 2680 quadraginta
2631 2624 2941 2675 annorum,
2993 2624 3114 2663 non
3165 2623 3392 2679 possum
3427 2603 3712 2669 dicere,«ex-

2192 2702 2598 2769 pugnaverunt
2628 2714 2721 2752 me
2753 2714 2788 2752 a
2809 2696 3127 2768 juventute
3160 2711 3335 2752 mea.»
3365 2693 3460 2750 Sed
3487 2690 3594 2763 quid
3609 2684 3714 2743 dico?

2192 2787 2529 2843 occiderunt
2560 2803 2654 2842 me
2684 2804 2717 2842 a
2737 2787 3049 2856 juventute
3091 2802 3239 2850 mea,
3269 2781 3633 2839 vulneraverunt
3653 2788 3713 2829 me

2197 2892 2230 2931 a
2253 2877 2556 2946 juventute
2587 2892 2737 2939 mea,
2771 2873 3262 2930 conculcaverunt
3309 2889 3393 2929 me
3437 2889 3465 2926 a
3499 2867 3711 2941 juventute

2199 2981 2347 3020 mea.
2379 2964 2486 3028 Qui
2517 2969 2714 3020 autem
2745 2981 2779 3018 a
2815 2963 3076 3034 pueritia
3107 2962 3308 3035 incipit
3327 2961 3508 3018 servire
3527 2953 3713 3012 Domino:

2198 3057 2253 3109 et
2284 3071 2434 3125 saepe
2469 3059 2838 3126 expugnatur
2882 3069 2916 3108 a
2952 3052 3192 3108 diabolo
3241 3057 3297 3107 et
3341 3047 3528 3122 angelis
3555 3044 3662 3114 ejus,
3681 3043 3718 3092 et

2195 3149 2391 3200 tamen
2415 3160 2531 3199 non
2562 3143 2832 3210 vincitur;
2864 3141 2974 3198 iste
3005 3141 3153 3213 quid
3193 3141 3342 3197 dicat
3373 3143 3439 3194 ?«
3459 3138 3584 3207 Sape
3598 3145 3718 3200 expu-

511 3247 539 3273 ‹‹
573 3225 717 3282 Ecce
747 3227 830 3284 sic
875 3229 1253 3287 benedicetur
1302 3232 1476 3289 homo
1509 3235 1610 3307 qui
1664 3235 1832 3292 timet
1882 3235 2079 3292 Domi-
2111 3221 2154 3289 C
2191 3237 2519 3308 gnaverunt
2540 3248 2633 3288 me
2683 3249 2717 3287 a
2757 3231 3072 3302 juventute
3117 3246 3250 3285 mea
3287 3247 3298 3284 :
3330 3226 3509 3284 etenim
3547 3238 3628 3276 non
3654 3232 3717 3308 po-

427 3325 601 3370 ‘num.
638 3337 666 3365 »
697 3316 829 3373 Jam
863 3319 1051 3375 multa
1080 3318 1262 3377 locuti
1318 3339 1549 3391 sumus,
1610 3324 1953 3381 festinemus
2008 3326 2080 3381 ad

440 3403 636 3460 ﬁnem.
675 3427 702 3456 ‹‹
733 3407 1043 3465 Benedicat
1074 3414 1130 3465 te
1174 3413 1456 3468 Dominus
1485 3430 1554 3469 ex
1609 3414 1767 3470 Sion.
1805 3437 1832 3464 ››
1859 3415 1940 3471 De
1970 3417 2083 3471 ista

438 3493 576 3549 Sion
607 3499 662 3550 et
693 3498 987 3568 quomodo
1037 3499 1180 3555 dicit
1217 3500 1367 3557 alius
1400 3501 1684 3575 propheta
1715 3521 1728 3560 :
1763 3506 1898 3561 Sion
1925 3507 2084 3578 quasi

441 3598 575 3651 ager
598 3585 859 3642 arabitur
887 3589 1108 3659 (Jerem.
1141 3607 1292 3657 xxvr,
1323 3591 1430 3663 18).
1463 3592 1613 3648 Dicit
1640 3597 1698 3649 et
1752 3595 2032 3651 Dominus
2064 3611 2078 3650 :

440 3673 776 3741 Jerusalem,
807 3677 1132 3747 Jerusalem,
1166 3696 1284 3751 qua:
1314 3683 1518 3738 occidis
1570 3685 1860 3756 prophetas
1914 3691 1967 3740 et
1999 3685 2080 3740 la-

437 3757 596 3833 pides
627 3777 718 3818 eos
747 3766 844 3834 qui
869 3765 938 3819 ad
967 3769 1018 3823 te
1073 3769 1260 3825 misssi
1311 3773 1439 3825 sunt
1483 3773 1693 3842 (Matth.
1748 3790 1910 3844 xxm,
1969 3775 2080 3846 37).

442 3849 704 3923 Denique
735 3869 866 3908 cum
901 3856 1429 3929 appropinquasset
1479 3861 1758 3917 Dominus
1812 3864 1883 3918 ad
1915 3863 2084 3918 Jeru-

444 3940 625 3997 salem
673 3946 731 3998 et
776 3943 1038 4014 vidisset,
1089 3947 1244 4002 ﬂevit
1286 3948 1437 4018 (Luc.
1505 3966 1622 4012 xxx.
1682 3952 1790 4019 41).
1843 3953 2083 4017 Quando

448 4036 645 4088 autem
675 4033 904 4090 deﬂevit
933 4052 1060 4091 eam
1091 4035 1118 4091 ?
1145 4036 1277 4093 Ideo
1317 4037 1519 4109 utique
1562 4037 1717 4092 ﬁevit
1772 4039 2082 4111 ruituram,

448 4123 617 4192 quasi
649 4123 992 4195 perituram.
1029 4125 1283 4198 Denique
1312 4125 1451 4198 quid
1494 4126 1635 4182 dicit
1662 4127 1689 4182 ?
1717 4128 1953 4196 Surgite,
1982 4145 2073 4184 ea-

448 4228 568 4268 mus
599 4213 728 4268 hinc
757 4213 931 4284 (Joan.
961 4231 1074 4283 xxv,
1104 4215 1217 4287 31).
1251 4216 1320 4271 Et
1349 4215 1409 4271 in
1438 4214 1551 4272 alio
1581 4215 1706 4272 loco
1737 4217 1891 4288 quod
1917 4216 2074 4273 dicit:

449 4303 810 4374 Relinquetur
837 4305 984 4360 vobis
1012 4303 1208 4360 domus
1236 4313 1416 4361 vestra
1462 4305 1673 4361 deserta
1698 4306 2084 4378 (Matth.xxnr,

446 4392 562 4464 38).
605 4393 751 4465 Ergo
784 4391 893 4449 hoc
918 4393 1074 4465 quod
1105 4393 1246 4450 dicit
1278 4412 1292 4450 :
1330 4417 1350 4444 α
1387 4394 1696 4451 Benedicat
1724 4399 1778 4451 te
1807 4395 2086 4452 Dominus

446 4497 515 4538 ex
545 4481 704 4550 Sion,
741 4500 854 4539 non
907 4482 1049 4538 dicit
1111 4481 1286 4539 istam
1348 4483 1507 4550 Sion,
1574 4501 1753 4556 quam
1819 4484 2087 4541 videmus

2191 3304 2434 3378 tuerunt
2481 3320 2649 3377 mihi.
2705 3342 2733 3369 »
2772 3318 3005 3375 Athleta
3047 3318 3169 3375 nisi
3223 3317 3454 3389 legitime
3489 3304 3716 3372 certaverit,

2191 3430 2308 3469 non
2338 3414 2671 3478 coronatur,
2705 3409 2818 3464 nisi
2853 3423 3124 3481 pugnum
3156 3405 3440 3478 acceperit,
3465 3401 3552 3458 nisi
3577 3395 3714 3453 faciem

2189 3501 2448 3566 lividam,
2483 3498 2596 3555 nisi
2626 3499 2697 3554 de
2727 3496 2871 3553 facie
2893 3495 3206 3568 sanguinis
3221 3494 3426 3550 effusus
3452 3482 3716 3546 fuerittivor

2192 3595 2450 3647 meretur
2465 3604 2761 3654 coronam,
2795 3585 2960 3642 dolor
2988 3589 3254 3640 meretur
3279 3582 3538 3657 gaudium.
3563 3598 3583 3624 «
3605 3573 3710 3638 589°

2194 3681 2677 3752 expugnaverunt
2707 3693 2799 3732 me
2830 3693 2864 3731 a
2885 3676 3205 3746 juventute
3233 3689 3372 3729 mea.
3404 3694 3428 3721 »
3466 3668 3590 3724 Dicat
3608 3661 3712 3755 hunc

2190 3767 2543 3825 versiculum
2570 3767 2732 3839 virgo
2788 3762 3044 3821 Domini.
3106 3765 3264 3821 Dicat
3304 3757 3573 3817 monachus
3606 3761 3715 3840 qum.

2195 3875 2372 3932 parva
2402 3861 2567 3913 aetate
2598 3857 2774 3928 coepit
2803 3859 3018 3915 servire
3051 3858 3322 3916 Domino.
3352 3854 3452 3924 Ego
3487 3849 3632 3935 autem
3653 3849 3718 3935 tim

2197 3947 2585 4021 quadraginta
2605 3946 2690 4002 vel
2707 3947 3148 4021 quinquaginta
3159 3958 3430 4003 annorum
3448 3933 3558 4006 coepi
3573 3933 3718 3985 servire

2196 4038 2460 4104 Domino,
2494 4036 2786 4108 quomodo
2817 4053 3061 4108 possum
3115 4038 3309 4093 dicere
3339 4049 3400 4087 :«
3434 4028 3559 4096 Saepe
3589 4027 3717 4108 expu-

2193 4102 2526 4201 gnaverunt
2551 4141 2645 4181 me
2675 4143 2708 4180 a
2730 4102 3036 4196 juventute
3069 4142 3204 4181 mea
3232 4125 3259 4180 ?
3287 4145 3314 4173 ‹‹
3345 4120 3480 4175 Dicat
3506 4121 3607 4201 ergo.
3636 4102 3713 4201 90°

2193 4191 2375 4288 virgo.
2409 4214 2568 4270 Dicat
2598 4214 2922 4271 monachus
2957 4215 3186 4287 integer
3236 4221 3450 4282 corpore
3484 4204 3526 4255 et
3546 4191 3709 4294 spiritu.

2194 4307 2264 4362 Et
2293 4303 2435 4376 quid
2465 4302 2621 4358 dicat
2655 4344 2666 4356 .
2693 4327 2719 4352 ‹‹
2754 4303 2917 4375 Saepe
2949 4302 3419 4377 expugnaverunt
3443 4305 3514 4348 me
3536 4303 3560 4341 a
3576 4290 3720 4377 juvet‘r

2195 4362 2329 4450 tute.
2351 4409 2480 4448 mea
2510 4392 2537 4446 ‘.’
2562 4415 2590 4441 ››
2623 4392 2785 4448 Dicat
2817 4362 3038 4466 aliquis
3063 4411 3077 4449 :
3104 4362 3156 4449 ἶ)
3206 4384 3483 4447 monacho,
3514 4362 3721 4466 quanio“

2197 4485 2252 4538 te
2277 4485 2759 4554 expugnaverunt
2787 4458 3088 4538 daemones
3113 4486 3172 4538 et
3201 4475 3451 4536 diabolus
3474 4469 3496 4524 ἱ)
3517 4458 3722 4550 Videbim-

445 4588 575 4627 esse
637 4539 950 4628 desertam.
1021 4572 1164 4644 Ipsa:
1246 4577 1420 4645 portae
1487 4539 1545 4628 et
1595 4539 1734 4646 “ipse
1808 4539 2007 4646 ager;
2032 4539 2089 4630 et
2116 4593 2163 4657 Β
2196 4576 2296 4628 tur
2326 4539 2566 4642 quidem
2601 4570 2871 4627 homines
2902 4572 3004 4644 qui
3033 4567 3460 4657 impugnabant,
3481 4554 3566 4657 fied

445 4661 585 4734 ipsae
616 4661 799 4718 ruinas
830 4662 976 4717 iram
1007 4658 1109 4718 Dei
1140 4661 1491 4735 signiﬁcant.
1512 4662 1752 4719 Etiamsi
1782 4680 1889 4719 nos
1917 4663 2087 4735 igno-

445 4751 823 4819 ramus,oculi
856 4751 968 4824 ipsi
999 4750 1257 4807 clamant
1289 4752 1436 4807 iram
1463 4751 1755 4807 Domini.«
1779 4752 2090 4808 Benedicat

446 4849 497 4898 te
529 4840 811 4897 Dominus
841 4857 910 4896 ex
937 4840 1094 4896 Sion.
1151 4861 1176 4889 η
1225 4840 1357 4896 Sion
1404 4839 1819 4913 interpretatur
1867 4841 2091 4912 specula

444 4932 749 4988 Jerusalem
779 4931 1196 5004 interpretatur
1223 4933 1359 4986 visio
1382 4931 1555 5002 pacis.
1574 4929 1633 4986 Si
1665 4929 1862 4985 anima
1891 4935 2090 4985 nostra

447 5019 746 5092 speculam
779 5019 1067 5076 habuerit.
1103 5018 1161 5075 Si
1194 5019 1251 5074 in
1284 5018 1534 5075 sublime
1563 5019 1754 5074 fuerit.
1791 5017 1849 5074 Si
1882 5035 1997 5074 non
2019 5018 2090 5073 de

445 5110 693 5165 terrenis
723 5110 1079 5183 cogitaverit,
1113 5109 1212 5166 sed
1253 5109 1324 5165 de
1371 5108 1748 5164 sublimibus.
1800 5107 1860 5164 Si
1891 5107 2091 5163 anima

446 5202 648 5254 nostra
677 5198 949 5255 habuerit
977 5196 1257 5254 visionem
1288 5197 1470 5270 pacis,
1512 5196 1619 5252 hoc
1647 5201 1758 5267 est,
1818 5197 1868 5252 si
1921 5195 2088 5251 Chri-

446 5291 594 5358 stus,
627 5287 726 5359 qui
756 5304 891 5344 vera
920 5304 1032 5360 pax
1059 5291 1149 5343 est
1177 5285 1525 5343 habitaverit
1577 5285 1636 5342 in
1668 5303 1736 5342 ea
1768 5303 1780 5342 :
1818 5285 1944 5358 ipse
1983 5302 2089 5342 nos

444 5375 752 5433 benedicit.
787 5376 844 5430 Si
875 5376 1223 5433 habitaverit
1250 5377 1310 5433 in
1357 5376 1528 5432 nobis
1557 5375 1846 5441 Christus,
1895 5381 1951 5431 et
1983 5392 2089 5431 nos

438 5469 659 5524 erimus
689 5464 848 5522 Sion.
881 5467 950 5521 Et
975 5483 1082 5521 nos
1109 5465 1330 5522 erimus
1375 5464 1763 5522 Jerusalem.«
1797 5466 1864 5521 Et
1893 5465 2089 5520 videas

443 5557 594 5613 filios
629 5555 904 5612 ﬁliorum.
939 5575 967 5604 »
1003 5555 1116 5628 Ego
1147 5554 1310 5610 vobis
1341 5552 1566 5628 loquor.
1617 5555 1675 5610 Si
1707 5571 1775 5611 ex
1806 5571 1935 5610 meo
1968 5570 2088 5610 ser-

442 5662 614 5708 mone
641 5663 742 5703 vos
771 5645 1122 5712 instruxero,
1155 5643 1269 5701 vidi
1310 5643 1462 5702 ﬁlios
1494 5661 1686 5703 meos:
1720 5643 1767 5701 si
1800 5661 1900 5701 vos
1944 5642 2090 5700 alios

2199 4661 2272 4717 ho
2283 4659 2541 4716 minibus
2556 4659 2858 4715 diabolum
2892 4648 3527 4733 intelligebam.Quando
3539 4653 3641 4711 ergo

2198 4753 2637 4823 persequuntur
2664 4748 3078 4819 homines,non
3110 4749 3422 4803 irascamur
3434 4723 3725 4827 ρβτεθῇυθηᾲίξξ

2199 4809 2300 4894 sed
2333 4809 2752 4894 cdndoleamus
2782 4841 2839 4893 et
2871 4809 3222 4911 plangamus
3250 4850 3344 4892 eos
3375 4809 3524 4901 :quia
3543 4809 3728 4912 alius

2199 4927 2299 4999 qui
2333 4925 2705 5000 persequitur
2729 4925 2791 4981 in
2827 4907 3385 4999 persecutoribusDi
3413 4907 3729 5000 daemoniaru‘is=

2202 4983 2304 5089 qui
2333 4983 2532 5072 ‘habet
2577 5015 2921 5086 daemonem,
2967 5015 3208 5081 venerit,
3281 5016 3334 5068 et
3375 5012 3593 5104 pugnum
3630 4983 3730 5104 “2h:

2199 5105 2443 5171 dederit,
2477 5108 2532 5160 et
2553 5104 2710 5160 calce
2741 5105 3118 5177 percusserit,
3162 5096 3438 5171 numquid
3463 5092 3636 5146 irascor
3656 5091 3725 5129 ei:

2200 5195 2299 5252 Ille
2326 5211 2521 5268 pugno
2553 5194 2823 5266 percutit,
2855 5199 2914 5250 et
2951 5211 3055 5268 ego
3086 5193 3247 5266 ploro
3278 5194 3332 5246 et
3375 5185 3554 5259 ριαηεο

2198 5257 2460 5341 tienterii.
2496 5257 2676 5340 Video
2725 5257 2881 5340 enim
2924 5257 3064 5356 quia
3087 5257 3278 5355 -pejus
3309 5257 3585 5350 percutitur
3607 5257 3657 5356 alii
3684 5263 3728 5304 9°

2200 5375 2298 5447 qui
2331 5375 2389 5429 in
2423 5389 2484 5429 se
2514 5377 2811 5445 operatur,
2843 5389 3022 5444 quam
3051 5387 3157 5446 ego
3205 5387 3238 5426 a
3266 5381 3430 5424 manu
3468 5345 3726 5448 ejus.“0"t_’:

2197 5436 2306 5519 ties
2335 5478 2473 5534 ergo
2523 5436 2744 5532 aliquid
2795 5436 3171 5532 patimur,vet
3214 5436 3726 5534 mutationes-aliqu“?

2200 5528 2585 5619 sustinemus,
2612 5528 3226 5623 illum—intelligamus
3271 5557 3388 5601 esse
3427 5541 3475 5594 et
3516 5528 3726 5623 illosl'qili

2201 5607 2371 5699 nobis
2418 5607 2772 5698 tenta'tiones
2817 5607 3116 5713 generant,
3162 5636 3220 5693 in
3269 5625 3580 5692 hominibus.
3614 5607 3723 5670 Dicat
