3992 6194
204 389 357 454 13Ἷ3
697 357 700 360 “
1413 376 1916 450 BBEYIARIUM
1959 377 2038 440 IN
2085 378 2470 442 PSALMOS.
2571 357 2576 362 ’
3455 381 3614 440 1374

203 525 457 599 aliquis:
491 529 607 582 Hoc
647 524 842 598 ipsum
903 523 973 580 de
1029 522 1352 595 Scripturis
1406 521 1674 578 afﬁrma:
1736 533 1850 572 non
1882 516 1928 580 A
1962 518 2240 577 funiculis
2279 523 2648 592 peccatorum
2705 533 2948 574 suorum
3007 516 3420 590 unusquisque
3477 531 3615 571 con-

205 615 362 672 enim
385 616 669 670 debemus
694 613 914 686 aliquid
934 612 1091 685 loqui
1115 612 1227 668 nisi
1277 612 1348 668 de
1378 607 1699 681 Soripturis
1731 607 1852 661 fue-
1965 611 2305 682 stringetur.
2340 607 2658 664 Funiculus
2690 611 3081 680 peccatorum,
3115 605 3227 662 nisi
3260 605 3428 678 plura
3481 621 3614 676 pec-

207 705 288 760 rit
318 705 670 760 adornatum
701 707 878 774 atque
909 700 1538 775 approbatum.Judas
1597 696 1858 770 proditor
1967 705 2096 755 cata
2155 697 2480 764 habuerim,
2557 697 2669 753 texi
2726 714 2840 752 non
2929 699 3139 768 potest.
3197 695 3250 750 Si
3312 699 3614 766 peccatum

211 794 342 857 fuit,
375 793 476 848 sed
508 792 746 847 intravit
774 791 833 846 in
866 791 1030 846 illum
1063 795 1330 856 Satanas,
1367 794 1424 844 et
1461 788 1586 860 ipse
1616 787 1677 841 in
1725 801 1857 858 pro-
1966 790 2174 858 fecero,
2207 805 2322 844 non
2354 791 2472 842 tam
2508 784 2806 842 funiculus
2834 791 2942 847 est,
2975 801 3152 858 quam
3202 783 3370 857 quasi
3429 800 3615 839 unum

210 883 397 940 ditore
425 881 704 953 prodidit.
739 880 891 936 Uxor
920 879 1205 951 Putiphar
1234 895 1300 934 eo
1328 883 1590 949 tempore
1625 874 1858 948 quando

210 971 400 1028 tenuit
426 969 667 1042 Joseph,
700 985 934 1025 servum
967 985 1165 1035 suum,
1201 967 1438 1024 domina
1470 981 1724 1029 servum,
1773 962 1860 1018 di-

192 1060 442 1126 tissima
465 1057 908 1131 pauperculum,
941 1057 1082 1114 civis
1115 1057 1512 1130 peregrinum,
1545 1054 1647 1110 illa
1695 1060 1863 1108 tene-

211 1149 313 1204 bat
335 1133 577 1220 Joseph,
610 1147 711 1202 sed
745 1150 984 1202 sanctus
1018 1146 1105 1200 vir
1154 1145 1214 1200 in
1269 1145 1544 1201 manibus
1602 1141 1863 1198 mulieris

209 1236 577 1309 intelligebat
597 1251 728 1291 esse
757 1233 1054 1291 diabolum
1090 1233 1436 1290 retinentem
1470 1231 1622 1304 (Gen.
1673 1247 1861 1301 χχχιχ,

207 1327 386 1397 7-15).
421 1327 534 1381 Hoc
564 1329 753 1381 totum
785 1340 965 1396 quare
996 1323 1126 1378 dico
1147 1323 1174 1378 ‘I
1228 1324 1294 1380 Ut
1349 1322 1582 1393 quando
1643 1318 1863 1391 aliquid

210 1415 469 1488 patimur
499 1414 570 1469 ab
601 1413 964 1480 hominibus,
1000 1429 1114 1468 non
1145 1412 1470 1467 irascamur
1495 1409 1861 1466 hominibus:

211 1505 314 1561 sed
337 1503 689 1577 plangamus
713 1518 834 1558 eos.
861 1501 927 1556 Et
951 1501 1117 1557 illum
1144 1500 1444 1556 videamus
1466 1498 1866 1555 insidiatorem

213 1593 313 1666 qui
342 1593 400 1648 in
432 1592 580 1664 ipsis
614 1596 907 1663 operatur.
941 1613 970 1640 ‹‹
1003 1591 1164 1661 Saepe
1193 1592 1673 1661 expugnaverunt
1719 1603 1812 1641 me
1836 1603 1871 1640 a

213 1685 518 1756 juventute
541 1696 671 1736 mea
694 1697 706 1735 :
726 1679 939 1735 etenim
969 1695 1081 1734 non
1106 1682 1422 1750 potuerunt
1452 1675 1618 1732 mihi.
1642 1697 1669 1726 ››
1702 1697 1730 1726 ‹‹
1757 1676 1870 1730 Ex-

219 1773 628 1844 pugnaverunt
684 1784 798 1835 me,
844 1790 873 1818 ››
934 1767 991 1822 in
1045 1767 1502 1839 cogitationibus
1557 1765 1868 1838 turpibus:

1969 879 2133 935 ﬁlum
2162 881 2270 933 est.
2301 877 2358 932 Si
2387 881 2582 932 autem
2613 893 2798 930 unum
2829 875 2992 930 filum
3024 879 3132 944 est,
3166 874 3279 929 cito
3301 872 3615 945 rumpitur,

1969 972 2026 1023 et
2052 972 2271 1035 tenere,
2303 970 2359 1022 et
2391 965 2571 1037 ligare
2602 981 2714 1020 non
2750 968 2955 1036 potest.
2988 963 3044 1017 Si
3078 967 3272 1018 autem
3304 961 3472 1032 plura
3493 978 3619 1033 pec-

1971 1060 2097 1112 cata
2131 1054 2346 1110 fuerint
2374 1059 2431 1109 et
2460 1052 2931 1126 prolongaverint
2960 1051 3320 1123 iniquitates,
3363 1051 3434 1105 de
3489 1049 3616 1121 plu-

1973 1145 2137 1200 ribus
2169 1143 2420 1216 peccatis
2452 1143 2620 1214 quasi
2652 1142 2723 1197 de
2755 1140 3023 1212 pluribus
3053 1138 3166 1194 illis
3198 1138 3496 1194 funiculus
3531 1139 3617 1205 fit,

1973 1239 2030 1289 et
2046 1232 2208 1306 ligat,
2223 1236 2280 1287 et
2305 1248 2419 1286 non
2439 1231 2550 1286 cito
2569 1229 2884 1301 rumpitur.
2906 1229 3023 1284 Hoc
3049 1232 3236 1283 totum
3261 1243 3441 1299 quare
3462 1227 3620 1282 dixi?

1975 1321 2121 1386 Quia
2149 1321 2401 1393 legimus
2432 1321 2489 1375 in
2522 1319 2634 1375 isto
2674 1318 2978 1384 versiculo,
3038 1339 3067 1368 ‹‹
3128 1315 3620 1388 prolongaverunt

1974 1411 2348 1484 iniquitatem
2381 1425 2571 1466 suam.
2607 1431 2635 1458 »

2053 1523 2074 1551 ι
2103 1499 2384 1556 Dominus
2397 1500 2600 1569 justus
2621 1496 2888 1553 concidet
2907 1496 3157 1552 cervices
3181 1498 3568 1567 peccatorum.
3602 1514 3629 1539 »

1977 1589 2178 1645 Videte
2207 1587 2347 1660 quid
2378 1588 2551 1656 dicat,
2584 1603 2698 1642 non
2741 1586 2907 1652 dixit,
2958 1584 3226 1640 concidat
3271 1587 3626 1655 peccatores.

1979 1678 2035 1733 Si
2068 1683 2264 1733 autem
2293 1676 2404 1732 hoc
2436 1675 2696 1734 dixisset.
2730 1690 2900 1730 nemo
2924 1673 3133 1728 salvari
3167 1676 3635 1744 poterat,omnes

1981 1773 2314 1840 peccatores
2367 1781 2598 1821 sumus.
2660 1764 2772 1819 Sed
2811 1763 2952 1836 quid
3001 1761 3199 1817 dicit?
3259 1783 3286 1810 «
3343 1759 3634 1815 Dominus

224 1882 245 1909 ι
280 1860 773 1930 Expugnaverunt
803 1873 924 1924 me,
949 1877 974 1908 ι)
1013 1856 1072 1911 in
1106 1855 1426 1912 iracundia.
1459 1856 1578 1928 Ego
1613 1853 1871 1926 acquievi
1903 1889 1950 1954 B
1975 1858 2178 1929 justus
2208 1854 2472 1910 concidet
2500 1853 2750 1909 cervices
2784 1856 3178 1923 peccatorum.
3217 1872 3244 1898 ››
3278 1849 3385 1916 Qui
3417 1853 3474 1904 et
3504 1864 3638 1921 pec-

219 1946 705 2021 cogitationibus;
741 1947 841 2002 sed
876 1948 1055 2017 [Forte
1083 1945 1394 2002 addendum
1424 1945 1562 2015 non]
1613 1942 1873 2014 acquievi

218 2036 644 2093 tentationibus
673 2053 686 2102 ;
725 2036 826 2090 sed
858 2033 1078 2106 aliquid
1120 2033 1228 2089 feci
1261 2032 1417 2104 quod
1451 2049 1544 2086 me
1603 2029 1874 2102 cogitatio

220 2125 628 2195 compellebat.
659 2123 719 2179 Si
751 2122 1058 2178 iracundia
1105 2137 1198 2176 me
1232 2119 1551 2191 superavit,
1610 2125 1665 2174 et
1712 2117 1876 2173 fratri

221 2213 330 2269 feci
363 2211 666 2284 injuriam,
691 2228 805 2266 non
828 2226 1071 2282 possum
1102 2209 1295 2265 dicere
1323 2225 1334 2263 :
1387 2231 1414 2258 ‹‹
1476 2207 1701 2264 Etenim
1762 2223 1878 2262 non

220 2305 536 2374 potuerunt
567 2298 734 2354 mihi.
772 2321 799 2348 »
834 2303 1156 2355 Potuerunt
1183 2297 1341 2353 enim
1373 2297 1541 2353 mihi.

296 2412 323 2439 ‹‹
356 2390 544 2461 Super
572 2389 813 2444 dorsum
870 2403 1068 2445 meum
1130 2387 1561 2443 fabricaverunt
1617 2389 1880 2459 peccato-

225 2495 335 2535 res.
402 2501 423 2528 ι
487 2476 807 2549 Diligenter
875 2475 1323 2532 animadvertite
1377 2475 1677 2548 Scriptura
1743 2474 1882 2547 quid

224 2567 401 2623 dicat.
435 2566 686 2622 Sanctus
715 2564 938 2621 athleta
967 2570 1076 2635 est,
1111 2569 1168 2620 et
1226 2581 1342 2621 non
1402 2569 1716 2620 coronatur
1771 2563 1884 2619 nisi

228 2656 330 2729 qui
359 2654 622 2729 legitime
651 2653 996 2710 Certaverit:
1033 2653 1197 2710 scitis
1231 2653 1387 2710 enim
1447 2653 1586 2725 quia
1643 2652 1886 2709 athleta-

231 2761 364 2800 rum
397 2743 584 2799 multa
611 2748 750 2799 sunt
776 2759 1009 2815 genera.
1062 2743 1211 2798 Sunt
1240 2741 1396 2798 enim
1456 2742 1554 2798 alii
1613 2742 1883 2797 athletae:

235 2832 335 2889 alii
364 2849 498 2887 vero
522 2836 662 2887 sunt
682 2831 853 2903 quasi
876 2829 1303 2887 Pammacharii
1329 2833 1369 2895 ί,
1394 2829 1493 2886 alii
1517 2832 1584 2886 ad
1611 2831 1734 2885 dies
1757 2847 1890 2886 con-

236 2921 507 2989 tendunt,
542 2919 638 2976 alii
669 2936 802 2975 vero
834 2924 974 2974 sunt
1001 2936 1290 2990 cursores,
1322 2919 1430 2974 hoc
1459 2923 1568 2987 est,
1609 2918 1709 2990 qui
1759 2936 1889 2974 cur-

239 3013 378 3066 runt
405 3009 464 3064 in
497 3008 709 3064 stadio.
743 3007 1002 3079 Denique
1028 3014 1086 3063 et
1114 3007 1428 3079 Apostolus
1461 3006 1603 3063 dicit
1642 3024 1702 3063 se
1759 3025 1890 3064 cur-

237 3113 364 3154 rere
412 3100 478 3152 ut
533 3096 605 3151 ad
659 3111 932 3152 coronam
978 3095 1277 3166 perveniat
1330 3095 1374 3165 (Ι
1409 3095 1527 3149 Cor.
1573 3113 1650 3161 ιχ,
1679 3097 1792 3167 26).
1825 3096 1894 3151 Et

1987 1949 2210 2001 catores
2241 1948 2401 2009 sunt,
2431 1947 2489 1997 et
2516 1941 2752 2013 superbi
2802 1945 2977 1995 sunt:
3038 1939 3315 2008 quoniam
3371 1937 3641 2009 superbis

1985 2033 2141 2089 Deus
2173 2031 2413 2097 resistit,
2447 2029 2771 2086 humilibus
2800 2032 2996 2084 autem
3029 2029 3129 2083 dat
3157 2026 3406 2101 gratiam
3434 2043 3448 2081 :
3509 2025 3640 2080 ideo

1988 2121 2253 2179 concidet
2282 2120 2536 2177 cervices
2564 2123 2960 2192 peccatorum.

2517 2262 2842 2320 PSALMUS
2881 2261 3114 2319 CXXX'.

2065 2412 2092 2439 ‹‹
2127 2392 2438 2454 Memento,
2467 2386 2732 2455 Domine,
2769 2386 2940 2442 David
2965 2389 3022 2442 et
3059 2385 3252 2441 omnis
3303 2388 3641 2442 mansuetu-

1995 2477 2150 2534 dinis
2179 2478 2327 2548 ejus.
2364 2498 2392 2525 »
2424 2475 2590 2532 Multi
2614 2479 2824 2546 putant
2853 2493 2922 2531 ex
2951 2493 3016 2532 eo
3049 2474 3203 2547 quod
3235 2474 3519 2546 scriptum
3558 2477 3648 2529 est

1994 2566 2054 2622 in
2089 2565 2393 2638 Evangelio
2442 2564 2663 2636 (Matth.
2696 2582 2789 2630 xx,
2819 2565 2948 2636 31):
3006 2565 3256 2620 Miserere
3314 2565 3504 2633 nostri,
3564 2564 3650 2633 ﬁli

1997 2656 2170 2712 David
2193 2655 2326 2724 (hoc
2355 2655 2487 2710 caeci
2537 2655 2744 2709 dicunt
2788 2654 2886 2725 qui
2936 2654 3220 2710 sedebant
3275 2652 3335 2706 in
3367 2653 3644 2722 Jericho),

1998 2744 2179 2800 istum
2211 2743 2408 2809 David,
2433 2743 2534 2814 qui
2561 2744 2977 2814 interpretatur
3005 2744 3170 2813 fortis
3204 2759 3396 2806 manu,
3448 2741 3649 2796 referri

1999 2834 2070 2889 ad
2103 2833 2416 2889 Dominum
2441 2831 2820 2888 Salvatorem.
2850 2833 2957 2888 Sed
2982 2831 3042 2886 in
3064 2831 3177 2887 isto
3205 2830 3430 2902 psalmo
3467 2829 3516 2885 si
3547 2846 3650 2885 vo-

1997 2921 2284 2978 luerimus
2332 2919 2555 2986 referri,
2612 2923 2678 2974 ut
2736 2918 2815 2974 illi
2878 2923 3107 2991 putant,
3170 2917 3422 2973 multum
3481 2920 3651 2972 nocet

1999 3009 2394 3082 intelligentia
2425 3013 2656 3066 nostrae.
2701 3008 2758 3064 Si
2817 3007 2973 3063 enim
3033 3007 3142 3063 hoc
3200 3006 3355 3079 quod
3411 3006 3648 3074 dicitur,

2001 3123 2030 3150 «
2063 3103 2371 3163 Memento,
2403 3098 2668 3165 Domine,
2704 3097 2879 3153 David
2910 3101 2966 3152 et
3003 3096 3195 3153 omnis
3240 3093 3646 3151 mansuetudi-

237 3186 378 3258 quid
408 3183 698 3241 diciturin
731 3182 845 3239 alio
875 3183 1038 3239 loco:
1101 3185 1518 3241 Prwteritorum
1565 3185 1892 3240 obliviscens
1929 3253 1961 3259 _
2000 3189 2094 3245 nis
2123 3189 2271 3259 ejus,
2307 3210 2335 3237 ››
2383 3189 2632 3243 refertur
2660 3187 2732 3242 ad
2788 3186 3106 3251 Christum,
3162 3185 3454 3257 quomodo
3508 3184 3652 3239 dicit

234 3253 305 3330 ad
332 3276 523 3348 priora
552 3289 638 3329 me
665 3272 893 3329 extendo
922 3271 1190 3344 (Philipp.
1225 3289 1309 3339 ιιι,
1347 3274 1455 3343 13).
1494 3273 1696 3329 Videte
1751 3291 1889 3347 ergo
1919 3253 1964 3320 CI
2003 3253 2172 3351 quasi
2202 3278 2274 3332 de
2320 3276 2475 3333 alio:
2537 3281 2726 3333 Donec
2784 3275 3072 3331 inveniam
3129 3253 3324 3330 locum
3384 3273 3649 3338 Domino,

233 3363 532 3436 Scriptura
572 3361 715 3435 quid
747 3362 906 3418 dicit.
938 3366 1126 3434 Supra
1170 3362 1410 3418 dorsum
1461 3378 1658 3418 meum
1719 3363 1892 3419 fabri-

234 3453 523 3509 cabantur
553 3455 906 3524 peccatores.
929 3450 1023 3506 Sic
1039 3467 1271 3522 semper
1291 3451 1545 3521 cucurri,
1577 3457 1634 3507 et
1660 3456 1889 3508 tantum

234 3540 487 3611 cucurri,
519 3545 584 3596 ut
613 3538 984 3595 adversarius
1016 3556 1184 3595 meus
1214 3556 1521 3611 nunquam
1579 3542 1888 3613 praecedat,

236 3630 337 3686 sed
371 3645 604 3701 semper
625 3632 756 3700 post
771 3633 1002 3700 tergum
1025 3628 1374 3683 inveniatur.
1399 3629 1711 3700 Nunquam
1736 3628 1891 3685 venit

236 3726 440 3776 contra
469 3717 669 3774 oculos
700 3733 862 3774 meos
891 3742 905 3785 ;
941 3733 1126 3789 neque
1157 3718 1312 3772 enim
1354 3717 1542 3789 potuit
1599 3718 1892 3774 sustinere

236 3807 438 3863 lumen
459 3805 762 3862 oculorum
789 3822 1052 3861 meorum
1080 3824 1092 3873 ;
1127 3807 1229 3862 sed
1262 3822 1494 3878 semper
1521 3823 1650 3862 eam
1669 3811 1892 3879 partem

237 3894 701 3968 persequebatur
723 3910 848 3965 qua
871 3910 1021 3949 caeca
1042 3899 1151 3958 est,
1184 3910 1312 3965 quas
1343 3893 1546 3950 oculos
1564 3912 1678 3950 non
1697 3895 1888 3952 habet.

245 4003 268 4032 κ
301 3983 489 4055 Supra
519 3982 759 4038 dorsum
785 3998 984 4037 meum
1015 3981 1456 4037 fabricabantur
1485 3987 1836 4055 peccatores.
1866 4008 1886 4034 ι

237 4071 718 4142 Quandocunque
747 4069 968 4142 aliquid
1001 4070 1279 4126 fratribus
1309 4071 1581 4140 detrahit,
1623 4071 1732 4128 iste
1764 4078 1894 4146 post

237 4161 480 4216 dorsum
512 4158 848 4216 fabricatur.
882 4158 1073 4230 Supra
1102 4159 1345 4215 dorsum
1387 4175 1584 4215 meum
1646 4161 1891 4218 fabrica-

235 4249 454 4305 bantur
481 4251 832 4319 peccatores,
867 4247 967 4302 sed
1009 4263 1114 4319 ego
1146 4264 1262 4303 non
1319 4248 1587 4304 videbam
1646 4250 1893 4305 insidias

234 4351 436 4394 eorum
463 4353 476 4403 ;
508 4334 593 4390 illi
625 4335 1062 4390 fabricabantur
1091 4340 1222 4407 post
1262 4336 1504 4392 dorsum
1559 4354 1778 4409 meum,
1838 4343 1896 4393 et

236 4442 341 4499 ego
371 4423 558 4482 oculis
589 4423 928 4496 paradisum
960 4422 1415 4494 conspiciebam.
1451 4425 1542 4480 Illi
1575 4426 1716 4481 mihi
1767 4443 1893 4482 mo-

239 4514 533 4570 liebantur
561 4512 828 4582 insidias,
862 4516 919 4566 et
947 4528 1052 4583 ego
1107 4528 1380 4568 coronam
1439 4513 1634 4570 videre
1690 4517 1893 4587 cupie-

1998 3365 2442 3423 tabernaculum
2473 3366 2588 3421 Deo
2617 3365 2840 3421 Jacob?
2871 3369 3011 3421 Ecce
3040 3364 3372 3420 audivimus
3402 3379 3530 3419 eam
3588 3363 3648 3418 in

2000 3455 2279 3528 Ephrata,
2311 3453 2640 3510 invenimus
2671 3471 2798 3509 eam
2861 3454 2919 3508 in
2971 3454 3197 3525 campis
3255 3451 3430 3508 silvae.
3492 3473 3514 3503 ι
3579 3453 3649 3507 Et

2000 3546 2293 3617 quomodo
2325 3543 2578 3600 dicitur:
2615 3565 2643 3593 «
2676 3547 2919 3615 Propter
2947 3543 3149 3606 David,
3190 3559 3423 3598 servum
3454 3545 3646 3608 tuum,

2001 3649 2117 3689 non
2149 3637 2378 3688 avertas
2406 3631 2615 3688 faciem
2647 3631 2859 3687 Christi
2895 3631 3022 3686 tui?
3054 3653 3082 3680 »
3113 3631 3174 3687 Si
3205 3631 3384 3698 enim,
3417 3635 3482 3686 ut
3542 3648 3648 3702 pu-

2000 3725 2147 3786 tant,
2183 3719 2449 3775 Christus
2479 3725 2566 3774 est
2595 3718 2794 3789 David,
2841 3719 3134 3791 quomodo
3193 3719 3353 3782 dicit,
3418 3722 3653 3790 propter

2002 3809 2205 3877 David,
2237 3825 2469 3864 servum
2501 3813 2690 3872 tuum,
2731 3825 2842 3863 non
2890 3812 3114 3864 avertas
3173 3807 3380 3864 faciem
3438 3807 3654 3864 Christi

2003 3897 2137 3953 tui?
2170 3898 2292 3953 Non
2325 3901 2442 3952 stat
2471 3897 2634 3952 ordo.
2669 3896 2730 3952 Si
2760 3897 2913 3951 enim
2947 3896 3124 3952 David
3185 3896 3451 3952 Christus
3507 3894 3651 3950 dici-

2003 3990 2121 4054 tur,
2155 3985 2240 4042 sic
2273 3985 2592 4056 incipimus
2624 3984 2964 4057 intelligere,
3002 4007 3030 4034 «
3066 3989 3301 4056 propter
3355 3983 3649 4040 Christum

2004 4091 2237 4131 servum
2272 4080 2443 4130 tuum
2476 4092 2546 4130 ne
2574 4079 2800 4130 avertas
2829 4072 3031 4128 faciem
3063 4072 3277 4128 Christi
3309 4073 3415 4128 tui.
3449 4092 3475 4124 ι
3535 4072 3653 4128 Hoc

2005 4169 2240 4236 propter
2306 4180 2404 4219 eos
2460 4163 2687 4234 loquor,
2749 4162 2848 4234 qui
2904 4161 3084 4216 David
3142 4161 3200 4215 in
3243 4161 3422 4216 istum
3456 4161 3651 4217 locum

2003 4253 2300 4309 Christum
2332 4253 2826 4322 interpretantur:
2862 4249 2988 4305 Non
3010 4250 3164 4321 quod
3196 4248 3656 4322 negemusChri-

2003 4345 2164 4396 stum
2196 4338 2563 4410 interpretari
2613 4337 2794 4392 David
2853 4354 2955 4409 pro
3010 4337 3272 4394 locat-um
3329 4337 3649 4410 qualitate;

2004 4429 2104 4484 sed
2139 4429 2197 4483 in
2229 4428 2343 4483 isto
2373 4427 2497 4482 loco
2529 4443 2643 4482 non
2677 4427 2880 4498 recipit
2909 4443 3138 4482 sensus.
3200 4431 3267 4482 Et
3329 4444 3508 4500 quare
3563 4445 3650 4483 er-

2005 4521 2136 4573 rent
2165 4517 2294 4572 dico
2321 4517 2504 4583 vobis,
2538 4515 2676 4588 quia
2723 4515 3009 4588 scriptum
3067 4520 3191 4572 est:
3259 4540 3284 4566 ι‹
3346 4519 3650 4583 Memento,

238 4605 396 4661 bam.
433 4623 460 4655 α
488 4601 988 4673 Prolongaverunt
1026 4599 1397 4672 iniquitatem
1432 4619 1622 4658 suam.
1660 4625 1688 4652 ››
1745 4605 1892 4669 Quid
1924 4619 1972 4684 ι)
2005 4606 2269 4674 Domine,
2302 4605 2479 4662 David
2511 4610 2568 4662 et
2595 4605 2788 4661 omnis
2832 4605 3302 4661 mansuetudinis
3327 4607 3476 4677 ejus.
3513 4628 3540 4653 ››
3591 4605 3658 4660 Et

239 4691 403 4762 dixit,
443 4714 464 4741 ι
499 4690 998 4762 Prolongaverunt
1028 4687 1400 4760 iniquitatem
1450 4707 1617 4747 suam
1651 4709 1662 4746 :
1693 4715 1719 4740 ››
1777 4697 1894 4765 Ego

240 4782 290 4837 si
323 4797 650 4854 peccavero,
683 4784 740 4836 et
771 4783 902 4851 post
932 4781 1236 4850 peccatum
1289 4795 1486 4835 meum
1544 4797 1714 4853 egero
1774 4799 1892 4855 pm-

238 4869 567 4936 nitentiam,
599 4867 789 4925 brevis
813 4872 903 4923 est
932 4865 1214 4939 iniquitas
1245 4883 1372 4923 mea
1410 4873 1468 4924 et
1524 4885 1638 4925 non
1695 4870 1888 4944 longa.

239 4958 300 5014 Si
360 4962 557 5014 autem
606 4971 938 5030 peccavero,
1000 4971 1353 5028 quocunque
1409 4957 1502 5012 die
1559 4973 1889 5030 peccavero,

237 5046 536 5103 funiculus
566 5051 938 5119 peccatorum
972 5060 1236 5101 meorum
1269 5044 1497 5118 longior
1553 5048 1670 5104 ﬁet.
1735 5049 1894 5104 Unde

235 5135 452 5191 dicitur
482 5141 540 5193 et
564 5137 623 5191 in
654 5135 770 5192 alio
799 5133 965 5190 loco:
1023 5135 1199 5190 Funes
1251 5141 1604 5206 peccatorum
1657 5139 1892 5192 circum-

235 5223 501 5280 dederunt
560 5241 645 5280 me
691 5223 865 5297 (Psal.
925 5240 1121 5290 cxvm,
1178 5224 1290 5292 61).
1351 5225 1496 5280 Vide
1541 5225 1684 5296 quid
1716 5226 1892 5295 dicat,

236 5313 429 5370 Funes
460 5317 830 5386 peccatorum
863 5302 1376 5369 circumdederunt
1405 5329 1520 5368 me.
1554 5315 1622 5368 Et
1663 5314 1722 5370 in
1781 5313 1893 5371 alio

241 5401 369 5459 loco
399 5401 714 5459 scribitur:
748 5399 1036 5459 Funiculis
1061 5402 1406 5471 peccatorum
1442 5415 1663 5456 suorum
1719 5418 1893 5458 unus-

242 5492 469 5566 quisque
491 5492 895 5563 constringetur
920 5489 1107 5562 (Prov.
1141 5506 1196 5556 v,
1225 5489 1338 5561 22).
1371 5488 1512 5544 Vide
1544 5490 1683 5561 quid
1719 5490 1892 5561 dicat,

322 5600 661 5672 ‘_Corrupte
715 5595 1146 5672 Pammacharii,
1201 5611 1332 5672 quis
1359 5612 1494 5672 _vox
1549 5597 1897 5672 felicissimo:

250 5670 468 5745 potius,
501 5666 678 5744 quam
707 5671 1036 5743 pugnatores
1055 5666 1238 5736 notat,
1259 5666 1372 5740 legi
1404 5666 1669 5724 autumo.
1695 5668 1893 5726 Malim

2009 4695 2294 4752 Dominus
2325 4694 2468 4750 dicit
2517 4694 2576 4748 in
2633 4692 2979 4765 Evangelio:
3038 4694 3240 4750 Discite
3296 4711 3331 4748 a
3381 4710 3468 4748 me
3524 4695 3658 4766 quia

2004 4784 2160 4838 mitis
2216 4800 2338 4838 sum
2397 4791 2448 4838 et
2505 4781 2733 4837 humilis
2787 4781 2943 4838 corde
2997 4781 3206 4853 (Matth.
3267 4799 3341 4847 xu,
3391 4783 3504 4850 29).
3547 4786 3656 4836 Pro

2004 4869 2242 4942 quidem
2276 4886 2490 4936 sensu;
2524 4870 2623 4925 sed
2657 4874 2914 4925 errantes
2970 4870 3145 4925 David
3204 4870 3298 4925 hic
3355 4870 3653 4926 Christum

2002 4959 2478 5031 interpretantur,
2511 4963 2567 5014 et
2598 4957 3108 5014 mansuetudinem
3139 4960 3268 5031 ejus
3298 4960 3556 5016 referunt
3583 4960 3655 5014 ad

2002 5047 2320 5104 Christum.
2354 5048 2470 5103 Nos
2499 5063 2636 5119 ergo
2666 5047 3118 5118 interpretemur
3146 5048 3322 5102 istum
3359 5048 3652 5120 psalmum

2003 5137 2063 5192 in
2092 5136 2293 5206 David,
2330 5141 2393 5191 ut
2421 5136 2522 5208 qui
2554 5140 2826 5191 nascetur
2857 5151 2924 5189 ex
2967 5135 3144 5190 David
3201 5153 3332 5192 vere
3387 5136 3656 5193 Christus

2002 5224 2382 5298 intelligatur.
2441 5224 2702 5297 Denique
2759 5224 2946 5280 videte
3029 5224 3316 5295 ordinem,
3379 5226 3658 5299 quoniam

2003 5315 2157 5371 enim
2191 5314 2434 5386 grandis
2455 5320 2544 5371 est
2574 5313 2858 5386 psalmus,
2891 5317 2948 5368 et
2983 5317 3108 5383 jam
3142 5314 3324 5371 multa
3381 5316 3657 5382 diximus,

2004 5403 2288 5459 debemus
2320 5404 2571 5459 breviter
2599 5418 2810 5458 sensus
2835 5403 3243 5474 perstringere,
3305 5421 3418 5460 non
3480 5403 3656 5460 latius

2003 5491 2340 5564 disputare:
2377 5495 2440 5546 ut
2471 5490 2727 5564 prudens
2759 5490 2991 5546 auditor
3011 5507 3078 5546 cx
3102 5492 3191 5548 his
3215 5509 3344 5565 quae
3373 5492 3650 5561 diximus,

2004 5595 2247 5672 rescribi
2275 5596 2672 5672 Pancratiarii,
2705 5597 2860 5672 quod
2892 5611 3105 5652 nomen
3140 5598 3291 5654 idem
3333 5602 3422 5654 est
3477 5599 3652 5672 atque

2003 5667 2149 5726 illud
2181 5667 2557 5743 potissimum
2585 5669 3012 5726 Pancratiastx.
