3992 6194
450 338 603 404 1.375

1937 345 2329 411 A'PPENDIX
2344 395 2357 410 .
3616 369 3701 433 1316

441 471 618 536 etiam
649 488 716 532 ea
747 492 871 548 quae
905 493 1020 532 non
1049 472 1369 550 loquimur,
1402 479 1527 551 ipse
1576 497 1610 536 a
1665 498 1726 538 se
1781 481 2085 556 intelligat.
2117 480 2173 547 Α
2211 484 2399 557 Vulpes
2417 487 2601 557 faueas
2620 487 2842 560 habent,
2868 499 2922 547 et
2946 491 3185 548 voluere:
3205 490 3329 548 caeli
3347 493 3498 554 nidos.
3518 497 3710 559 Filima-

508 586 538 618 ,«
576 563 974 634 Sicutjuravit
995 566 1262 634 Domino,
1284 573 1479 625 votum
1507 570 1661 626 vovit
1691 572 1806 628 Deo
1834 572 2032 638 Jacob.
2062 595 2088 622 »

440 651 500 712 In
537 653 810 710 Hebraico
842 672 957 726 non
990 656 1164 713 habet
1193 656 1292 724 ὡς,
1324 659 1430 714 hoc
1461 665 1570 725 est,
1621 662 1780 728 sicut,
1843 679 1945 718 nec
2001 665 2087 720 sic

439 755 650 800 sensus
672 747 760 798 est
788 744 927 800 :sed
953 743 1124 800 habet
1145 739 1229 813 ὅς,
1251 745 1359 802 hoc
1381 751 1488 814 est,
1514 751 1632 821 qui,
1655 755 1712 806 et
1737 756 1824 806 est
1846 768 2082 808 sensus:

439 851 467 877 «
497 828 813 900 Memento,
849 832 1110 901 Domine,
1143 836 1320 892 David
1343 841 1400 891 et
1429 839 1623 894 omnis
1681 843 2083 902 mansuetudi-

440 917 531 977 nis
561 920 711 989 ejus,
745 920 1132 992 (qui)juravit
1181 924 1446 993 Domino,
1507 934 1703 985 votum
1761 930 1916 986 vovit
1975 933 2084 987 Deo

435 1005 634 1074 Jacob.
669 1030 696 1058 »
732 1009 802 1064 Et
829 1009 939 1066 hoc
963 1016 1100 1082 puto
1132 1030 1245 1069 non
1269 1020 1388 1071 tam
1423 1017 1560 1072 vitio
1582 1018 1965 1092 Septuaginta
1995 1021 2084 1077 In-

439 1097 758 1166 terpretum
794 1099 1033 1169 factum,
1058 1118 1235 1173 quam
1266 1105 1622 1175 scriptorum
1653 1124 1865 1164 errore.

509 1207 537 1234 «
571 1185 628 1240 Si
661 1186 936 1243 introiero
974 1189 1034 1244 in
1095 1192 1536 1251 tabernaculum
1597 1197 1808 1252 domus
1857 1214 2016 1254 meae.
2055 1221 2080 1246 »ι

435 1272 613 1329 David
646 1275 752 1330 hoc
783 1277 942 1346 dicit,
970 1279 1190 1336 nullam
1224 1281 1400 1338 aliam
1434 1284 1694 1357 requiem
1725 1303 1918 1358 quaero
1970 1288 2081 1344 nisi

435 1359 790 1434 Christi,iqui
815 1366 884 1421 de
904 1385 1031 1423 meo
1059 1371 1282 1426 semine
1305 1374 1640 1430 nasciturus
1665 1380 1773 1443 est,
1808 1375 1914 1432 hoc
1973 1383 2079 1444 est,

438 1466 609 1521 quem
630 1455 974 1524 promisisti,
993 1458 1132 1529 quia
1143 1459 1212 1514 de
1226 1461 1604 1519 meislumbis
1617 1466 1950 1522 nasciturus
1971 1473 2078 1522 est.

512 1562 539 1589 «
569 1541 627 1598 Si
651 1543 861 1600 dedero
883 1547 1068 1604 oculis
1100 1550 1247 1605 meis
1277 1556 1335 1606 et
1363 1553 1654 1624 palpebris
1686 1555 1831 1610 meis
1860 1556 2082 1612 dormi-

435 1629 736 1694 tationem.
771 1637 837 1688 Et
867 1635 1126 1706 requiem
1159 1641 1520 1712 temporibus
1553 1643 1718 1713 meis,
1751 1644 1934 1700 donec
1992 1644 2078 1699 in-

432 1718 662 1780 veniam
690 1720 880 1778 locum
905 1724 1170 1795 Domino,
1203 1729 1646 1786 tabernaculum
1673 1731 1788 1788 Deo
1814 1732 2014 1789 Jacob.
2050 1756 2078 1782 ››

2197 579 2305 627 tem
2333 573 2575 632 hominis
2592 594 2702 633 non
2731 579 2898 635 habet
2913 581 3012 635 ubi
3029 589 3185 652 caput
3215 583 3711 659 reclinet(Luc.u,58.)

2750 668 3068 726 PSALMUS
3109 671 3286 725 CXLI.

2274 777 2293 802 α
2334 755 2668 814 Intellectus
2699 757 2902 824 David,
2961 776 3092 814 cum
3151 765 3300 816 esset
3353 763 3406 816 in
3456 764 3713 836 spelunca...

2195 841 2390 898 Oratio
2423 847 2826 916 prescribitur.
2861 848 2975 903 Iste
3014 847 3224 904 titulus
3275 856 3556 908 secundum
3602 856 3713 912 histo-

2195 931 2340 987 riam
2374 933 2610 1004 quidem
2646 941 2754 1000 est,
2788 938 3021 1008 quando
3074 938 3329 1010 fugiebat
3377 943 3527 996 David
3571 962 3595 997 a
3632 945 3716 1001 Sui]

2193 1020 2253 1075 in
2285 1022 2512 1078 deserto
2544 1025 2829 1096 Engaddi,
2861 1026 2919 1080 in
2952 1027 3232 1097 spelunca
3260 1028 3560 1085 absconsus.
3584 1036 3631 1087 Et
3659 1033 3713 1089 in-

2190 1125 2428 1181 gressus
2459 1116 2547 1167 est
2577 1113 2856 1185 ignorans
2883 1115 3042 1183 Saul,
3090 1116 3256 1187 quasi
3310 1133 3408 1173 sua
3454 1136 3610 1186 causa,
3653 1123 3715 1178 sed

2193 1199 2470 1271 quoniam
2502 1201 2676 1257 habet
2706 1203 2765 1258 in
2799 1220 2906 1259 sua
2938 1205 3382 1277 praescriptione,
3415 1230 3439 1257 κ
3484 1208 3716 1266 Intellectus

2191 1288 2392 1359 David,
2418 1313 2445 1340 ››
2470 1291 2750 1347 debemus
2772 1293 3158 1364 spiritualiter
3176 1293 3474 1368 intelligere
3492 1297 3712 1367 psalmum.

2189 1377 2483 1450 Accipitur
2512 1380 2749 1451 quidem
2781 1386 2839 1436 et
2869 1381 2926 1436 in
2961 1381 3272 1438 Dominum
3294 1399 3474 1439 verum
3497 1384 3632 1440 David
3651 1388 3717 1442 istc

2191 1465 2480 1537 psalmus,
2509 1473 2566 1523 et
2597 1469 2946 1541 intelligitur
2976 1469 3116 1526 Saul
3149 1471 3206 1526 in
3244 1471 3490 1528 diabolo:
3525 1475 3717 1544 spelunca

2191 1559 2388 1610 autem
2421 1557 2479 1611 in
2513 1556 2621 1614 hoc
2651 1561 2892 1614 mundo.
2929 1560 2999 1615 Et
3023 1562 3178 1632 quod
3211 1560 3458 1616 diabolus
3484 1578 3572 1616 non
3595 1563 3722 1617 mittat

2191 1643 2248 1698 in
2283 1644 2392 1699 hoc
2424 1648 2644 1702 mundo
2676 1646 2897 1718 aliquid
2931 1648 3090 1716 boni,
3119 1650 3219 1704 sed
3249 1657 3472 1719 stercus,
3497 1654 3544 1705 et
3565 1651 3602 1705 si
3630 1652 3718 1722 quid

2190 1733 2513 1804 putridum.
2538 1735 2828 1808 Spelunca
2848 1741 3048 1793 autem
3073 1737 3406 1810 intelligitur
3422 1739 3514 1794 iste
3532 1741 3718 1805 mundus,

432 1805 550 1873 Hoc
581 1809 749 1868 multi
773 1815 980 1882 putant
1009 1813 1120 1870 dici
1146 1816 1530 1916 dehEcclesia:
1557 1822 1659 1876 sed
1684 1821 1827 1877 mihi
1851 1822 2082 1878 videtur
2112 1822 2328 1918 B\quia
2357 1805 2676 1918 perfectum
2701 1824 3048 1918 lumen‘non
3082 1805 3532 1918 habet'quantum
3549 1829 3717 1918 adeon-

434 1910 547 1950 non
580 1900 698 1952 tam
733 1899 802 1956 de
832 1901 1089 1958 Ecclesia
1117 1899 1253 1976 dici,
1286 1923 1464 1978 quam
1508 1909 1578 1964 de
1609 1915 1812 1967 sancta
1878 1911 2080 1967 Maria.

435 1985 693 2057 Denique
721 1988 952 2046 dicitur.

503 2075 710 2131 «Ecce
744 2079 1075 2137 audivimus
1110 2099 1243 2140 eum
1303 2085 1361 2140 in
1421 2087 1694 2159 Ephrata,
1753 2088 2084 2145 invenimus

431 2176 558 2217 eam
580 2162 637 2218 in
661 2167 886 2238 campis
913 2168 1085 2225 silvae.
1110 2195 1138 2222 »
1163 2172 1450 2244 Legamus
1475 2175 1806 2247 Scripturas
1827 2183 2085 2262 sanctas,

428 2253 486 2305 et
513 2251 721 2308 diebus
751 2259 809 2310 et
838 2258 1106 2315 noctibus
1137 2261 1404 2334 singulas
1443 2264 1699 2337 syllabas
1757 2273 1813 2323 et
1860 2251 2083 2327 litteras

423 2340 796 2408 ventilemus.
818 2346 984 2402 Dicat
1006 2349 1221 2421 aliquis
1269 2353 1340 2408 de
1361 2354 1636 2425 Ephrata.
1697 2357 1791 2414 hic
1851 2360 2084 2416 Bethle-

427 2426 562 2488 hem
623 2432 788 2488 dixit.
853 2435 1126 2506 Legimus
1183 2441 1338 2496 enim
1397 2442 1456 2497 in
1513 2445 1760 2502 Genesi:
1829 2451 1978 2504 Venit
2024 2451 2080 2506 in

427 2517 764 2607 Bethleliem,
798 2521 906 2578 hoc
936 2529 1042 2593 est,
1067 2527 1318 2598 Ephrata
1340 2532 1494 2601 (Gen.
1519 2551 1681 2602 xxxv,
1718 2537 1826 2607 19).
1860 2538 1977 2593 Ηοο
1999 2539 2088 2594 di-

431 2604 585 2664 citur
614 2609 684 2664 de
713 2610 892 2675 Jacob
924 2617 1158 2686 quando
1189 2635 1333 2676 uxor
1393 2621 1518 2690 ejus
1579 2604 1796 2680 Rachel
1851 2630 2080 2683 mortua

429 2700 537 2756 est.
571 2698 688 2754 Hoc
704 2705 811 2770 est,
835 2702 1108 2774 Ephrata.
1137 2707 1248 2763 Sed
1273 2708 1571 2767 videamus
1627 2713 1882 2784 Ephrata
1935 2733 2080 2787 qua-

427 2799 488 2838 re
520 2802 731 2844 nomen
763 2793 1067 2864 acceperit.
1092 2795 1383 2868 Scriptum
1406 2804 1497 2855 est
1515 2801 1669 2857 enim
1697 2802 1756 2858 in
1779 2804 2081 2877 Paralipov

424 2891 659 2940 menon,
721 2880 1000 2950 quoniam
1056 2885 1256 2957 Maria,
1316 2904 1481 2944 soror
1532 2891 1713 2963 Moysi
1765 2898 1825 2948 et
1867 2899 2078 2950 Aaron,

426 2962 703 3022 habuerit
732 2969 1010 3027 maritum
1043 2972 1196 3030 0r‘:
1235 2992 1348 3031 non
1383 2977 1478 3047 Ur,
1512 2962 1725 3037 sedOr
1781 2983 1835 3053 (Ι
1884 2984 2077 3038 Paral.

431 3070 495 3120 ιι,
556 3055 664 3126 19).
727 3061 793 3111 Et
858 3064 1061 3131 postea
1115 3063 1254 3127 ordo
1313 3065 1684 3136 describitur,
1737 3074 1794 3126 et
1823 3071 2078 3127 dicitur:

433 3141 637 3211 Maria,
669 3161 835 3202 soror
858 3147 1038 3221 Moysi
1061 3155 1120 3216 et
1139 3159 1352 3223 Aaron,
1385 3154 1506 3214 haec
1536 3162 1624 3212 est
1662 3157 1938 3229 Ephrata.
1965 3161 2079 3216 Hoc

430 3229 488 3285 in
521 3219 1024 3306 Paralipomeno—m
1054 3239 1219 3296 libris
1246 3219 1542 3303 scribitur.
1578 3219 1819 3315 Quaerite
1848 3254 1900 3303 et
1925 3252 2076 3305 inve-
2107 3219 2151 3286 C

425 3320 588 3376 nietis
619 3321 827 3395 (Matth.
859 3342 958 3397 vn,
988 3327 1066 3398 7).
1102 3329 1358 3402 Denique
1387 3337 1444 3388 et
1487 3333 1608 3390 huic
1663 3336 1918 3407 Ephrata.
1975 3355 2075 3394 no-

429 3425 563 3464 men
594 3412 834 3485 accepit.
873 3413 1116 3472 Videtur
1163 3418 1408 3480 forsitan
1467 3423 1640 3481 alicui
1701 3443 1900 3482 verum
1962 3444 2075 3483 non

429 3514 580 3564 esse,
612 3501 751 3572 quia
780 3519 996 3560 novum
1027 3512 1152 3562 est:
1187 3509 1289 3564 sed
1319 3526 1453 3566 eum
1486 3515 1722 3570 remitto
1753 3516 1824 3570 ad
1883 3521 2077 3573 aucto-

429 3586 658 3646 ritatem
687 3589 845 3646 libri.
883 3616 902 3643 α
942 3595 1083 3652 Ecce
1112 3597 1443 3657 audivimus
1473 3616 1602 3657 eam
1644 3603 1704 3659 in
1736 3605 2010 3676 Ephrata.
2047 3629 2075 3657 ››

427 3673 487 3732 in
519 3676 757 3767 Hebraeo
789 3697 904 3736 non
937 3681 1114 3751 habet
1169 3702 1312 3754 eam,
1371 3689 1473 3746 sed
1530 3690 1706 3748 habet
1757 3673 1900 3767 eam,
1970 3696 2079 3752 hoc

429 3767 537 3834 est,
571 3765 736 3822 illum
765 3769 865 3839 qui
896 3772 1230 3832 nasciturus
1261 3781 1350 3838 est
1375 3778 1449 3834 de
1478 3781 1719 3836 semine.
1763 3806 1790 3833 ‹‹
1850 3765 2080 3841 Audivi-

430 3870 562 3918 mus
596 3871 722 3920 eam
756 3857 816 3912 in
876 3859 1167 3931 Ephrata;
1204 3885 1230 3912 »
1283 3868 1441 3934 quod
1497 3870 1568 3924 de
1608 3870 1790 3928 Maria
1845 3891 2074 3931 sensus.

428 3944 540 4000 Sed
573 3949 629 4000 et
653 3945 999 4018 simpliciter
1025 3949 1348 4026 intelligam
1407 3973 1742 4027 possumus,
1797 3964 2076 4033 quoniam

409 4031 702 4106 -Ephrata,
735 4035 1072 4094 Bethlehem
1108 4040 1342 4099 dicitur.
1376 4048 1442 4100 Et
1470 4045 1766 4103 Christum
1801 4031 1860 4104 in
1906 4051 2078 4106 Beth-

426 4119 616 4194 lehem
649 4128 823 4181 natus
853 4126 950 4182 sit.
985 4127 1144 4186 Felix
1173 4129 1354 4203 igitur
1385 4132 1548 4192 locus
1579 4137 1677 4207 qui
1727 4142 1889 4194 tanto
1947 4145 2080 4196 ante

428 4213 692 4283 tempore
721 4215 1141 4287 prephetarum
1188 4235 1324 4282 voce
1380 4228 1647 4281 cantatus
1703 4232 1810 4283 est.
1870 4228 2080 4284 Omnia

433 4299 668 4370 quidem
698 4300 825 4358 loca
853 4311 1078 4376 sancta,
1107 4310 1463 4367 venerabilia
1491 4317 1648 4384 sunt,
1681 4319 1739 4371 et
1776 4316 1873 4372 ubi
1907 4322 2079 4373 natus

433 4392 543 4458 est,
575 4396 633 4446 et
662 4391 760 4447 ubi
793 4394 1105 4460 cruciﬁxus
1132 4403 1241 4464 est,
1272 4404 1329 4454 et
1359 4401 1457 4455 ubi
1489 4406 1823 4476 resurrexit,
1865 4411 1922 4461 et
1976 4407 2075 4463 ubi

429 4479 503 4544 ad
535 4479 711 4538 oculos
740 4482 922 4542 victor
948 4487 1248 4555 ascendit;
1298 4490 1399 4548 sed
1455 4491 1567 4548 iste
1621 4492 1785 4550 locus
1846 4497 2078 4568 proprie

2197 1911 2556 1982 perationem
2589 1914 2794 1984 futuri,
2827 1915 2929 1971 sed
2961 1916 3133 1986 quasi
3166 1915 3353 1970 lumen
3382 1915 3576 1987 aliquod
3595 1915 3717 1970 illuxit

2194 1999 2479 2056 Dominus
2507 2002 2745 2058 veniens
2777 2005 2834 2058 in
2869 2003 3026 2059 hunc
3056 2005 3356 2060 mundum.
3385 2005 3630 2076 Propterea
3659 2002 3712 2058 di-

2194 2088 2273 2145 cit
2301 2090 2650 2162 Apostolus:
2685 2093 2792 2160 Qui
2819 2097 2896 2147 est
2925 2094 3117 2149 lumen
3153 2094 3346 2166 gloriae
3395 2094 3498 2164 ejus
3543 2093 3667 2164 (Hebr.
3685 2109 3712 2158 ι,

2194 2178 2268 2247 3).
2304 2180 2453 2250 Ergo
2487 2181 2638 2235 sicut
2665 2180 2846 2236 David
2876 2181 3122 2237 intravit
3145 2183 3203 2236 in
3232 2181 3528 2254 speluncam
3551 2182 3716 2236 abscon-

2195 2267 2339 2322 dens
2369 2285 2431 2323 se
2462 2285 2495 2324 a
2523 2267 2691 2324 Saul:
2723 2269 2807 2324 ita
2835 2275 2894 2326 et
2937 2271 3226 2326 Dominus
3281 2271 3542 2342 ingressus
3583 2274 3646 2325 est
3681 2268 3715 2321 in

2195 2354 2304 2411 hoc
2335 2359 2578 2425 mundo,
2611 2363 2668 2413 et
2697 2360 3165 2431 persecutionem
3199 2376 3395 2432 passus
3421 2363 3506 2413 est.

2266 2468 2294 2495 «
2327 2446 2571 2512 Eti'undo
2600 2447 2658 2502 in
2686 2453 2999 2520 conspectu
3035 2450 3170 2520 ejus
3207 2448 3495 2515 orationem
3529 2461 3677 2500 meam.
3698 2466 3716 2492 ιν

2193 2533 2635 2606 Significantius
2664 2536 2830 2602 dixit,
2862 2537 3102 2594 eﬁ‘undo
3138 2542 3322 2593 totum
3373 2553 3459 2592 cor
3499 2550 3641 2590 meum
3679 2532 3714 2586 in

2193 2628 2505 2695 conspectu
2542 2625 2768 2680 Domini
2799 2641 2812 2679 :
2843 2626 3347 2690 Quemadmodum
3385 2624 3558 2695 aliquis
3596 2621 3715 2677 conﬂ-

2193 2715 2386 2767 teatur
2415 2713 2640 2769 medico
2674 2714 2886 2770 vulnus
2919 2731 3122 2770 suum.
3159 2717 3221 2770 Et
3249 2729 3435 2770 omnes
3459 2729 3570 2784 quas
3600 2710 3716 2765 habet

2193 2801 2497 2872 passiones
2526 2801 2668 2856 dicit
2696 2801 2802 2873 illi,
2835 2807 2897 2858 ut
2931 2802 3013 2859 ita
3033 2804 3305 2860 adhibeat
3331 2804 3378 2859 ei
3405 2817 3573 2858 curaui.
3591 2821 3613 2847 ιι
3634 2797 3715 2851 Tri-

2193 2888 2549 2946 bulationem
2571 2907 2761 2946 meam
2784 2895 2920 2947 ante
2946 2893 3144 2964 ipsum
3171 2891 3472 2965 pronuntio,
3499 2911 3515 2936 ι
3544 2887 3616 2942 hoc
3634 2889 3706 2952 est,

2190 2977 2488 3035 tribulatio
2519 2997 2699 3052 quam
2722 2980 3040 3053 Apostolus
3064 2986 3346 3049 numerat,
3377 2997 3482 3052 quae
3503 2979 3714 3033 numerata

2191 3083 2324 3122 cum
2358 3069 2578 3124 caeteris
2611 3086 2776 3140 spem
2799 3070 2957 3140 facit,
2991 3087 3134 3142 spes
3151 3076 3336 3127 autem
3365 3085 3460 3124 non
3486 3061 3711 3121 confundit.

2261 3178 2289 3204 «
2321 3156 2382 3210 In
2419 3157 2738 3212 deiicienda
2770 3157 2828 3212 in
2864 3175 2956 3213 me
2985 3159 3262 3231 spiritum
3291 3174 3477 3214 meum.
3504 3176 3526 3204 η
3558 3152 3597 3206 Si
3637 3165 3711 3204 non

2189 3260 2258 3300 ex
2289 3244 2459 3301 nobis
2481 3245 2714 3302 deﬁciat
2743 3246 2984 3319 spiritus
3005 3248 3206 3305 malus
3235 3247 3328 3320 qui
3356 3234 3712 3302 sutlocabatSaul

2187 3351 2304 3390 non
2337 3339 2529 3406 potest
2575 3351 2750 3391 nosse
2780 3335 3023 3392 semitas
3057 3342 3285 3394 nostras
3339 3333 3582 3390 Dominus.
3624 3328 3710 3390 Ουε

2187 3428 2383 3478 autem
2415 3428 2558 3480 sunt
2588 3425 2807 3480 semitae
2831 3425 3139 3496 justorum
3161 3427 3188 3481 7
3214 3424 3447 3493 Justitia,
3475 3434 3624 3514 opera.

2188 3529 2282 3579 na,
2315 3512 2408 3568 via
2438 3517 2613 3579 recta,
2646 3513 2888 3570 castitas
2918 3514 3296 3582 continentia,
3324 3519 3374 3568 et
3398 3515 3564 3566 caetera
3583 3505 3706 3559 hinsi-

2189 3600 2371 3656 milia.

2263 3712 2292 3741 ‹‹
2323 3691 2384 3746 In
2416 3690 2510 3746 via
2537 3690 2647 3747 hac
2691 3707 2810 3763 qua
2837 3692 3221 3750 ambulabam
3274 3684 3621 3747 absconderunt
3653 3675 3705 3729 la-

2188 3795 2406 3852 queum
2438 3779 2603 3835 mihi.
2639 3802 2668 3830 »
2698 3781 2881 3853 Prope
2903 3785 3044 3837 sunt
3073 3783 3215 3838 vitia
3241 3777 3530 3836 virtutibus.
3556 3773 3598 3826 In
3619 3781 3708 3838 qua-

2192 3885 2423 3940 cunque
2447 3869 2540 3924 via
2569 3868 2816 3925 voluerit
2844 3869 3056 3942 aliquis
3081 3869 3388 3938 ambulare,
3409 3867 3457 3920 in
3487 3879 3539 3918 ea
3558 3856 3707 3951 pon‘ufil

2192 3956 2453 4028 laqueos.
2486 3962 2603 4012 Aut
2633 3959 2690 4013 in
2716 3959 2968 4031 jejunio,
3001 3967 3109 4014 aut
3137 3959 3197 4015 in
3227 3959 3553 4026 eleemosyna,
3578 3947 3705 4000 autin

2189 4047 2410 4102 caeteris
2437 4046 2773 4102 virtutibus.

2260 4158 2289 4186 ‹‹
2321 4131 2770 4192 Considerabam
2813 4137 2884 4192 ad
2945 4137 3264 4204 dexteram,
3322 4140 3373 4191 et
3418 4128 3621 4212 videbam.

2191 4240 2305 4280 non
2336 4228 2460 4279 erat
2488 4225 2588 4296 qui
2618 4230 2992 4297 cognosceret
3021 4243 3137 4282 me.
3173 4248 3201 4275 »
3229 4224 3284 4280 Si
3313 4225 3366 4279 in
3395 4222 3529 4278 Deum

2189 4329 2322 4369 mus
2352 4293 2669 4385 psalmum,
2694 4293 2829 4386 ipse
2861 4315 3150 4372 Dominus
3179 4313 3434 4386 loquitur.
3459 4293 3702 4386 Omnesgdi-

2189 4384 2395 4474 seipuli
2430 4403 2542 4458 mei
2575 4384 3011 4475 dereliquerunt
3057 4419 3174 4474 me,
3205 4384 3271 4460 et
3315 4384 3706 4490 fugeruntLOUn‘ll8

2186 4497 2549 4548 remanserat
2576 4496 2783 4548 Petrus
2816 4494 2916 4564 qui
2948 4510 3009 4549 se
3030 4491 3514 4565 promisitdicens:
3538 4481 3704 4545 SHW"

427 4569 815 4642 venerabilior
843 4576 949 4628 est.
981 4574 1125 4631 Vide
1155 4583 1376 4642 quanta
1397 4579 1799 4640 misericordia
1827 4567 1928 4641 Dei
1958 4567 2079 4642 ihic
2107 4581 2157 4646 D
2188 4587 2263 4635 εει
2288 4595 2374 4636 m0
2397 4596 2498 4651 Ρνο
2527 4585 2579 4634 τε
2600 4589 2762 4648 τηονες
2790 4595 2902 4636 ποη
2932 4590 2984 4636 ιθ
3019 4582 3381 4653 derelinquam
3420 4567 3581 4648 (MM
3602 4572 3702 4653 ξφ

428 4663 604 4725 natus
635 4659 914 4731 parvulus
945 4662 1158 4721 iulans.
1195 4667 1258 4722 In
1317 4684 1573 4742 praesepe
1631 4673 1904 4743 ponitur:
1965 4691 2072 4730 non

427 4750 580 4812 enim
601 4752 720 4805 erat
742 4751 860 4816 illis
881 4752 1025 4817 locus
1045 4755 1103 4809 in
1121 4755 1425 4814 diversorio
1455 4759 1604 4830 (Luc.
1641 4778 1700 4827 ιι,
1732 4763 1808 4830 7).
1850 4763 1894 4818 0
1953 4780 2081 4820 mo-o

430 4837 637 4909 nache,
675 4839 955 4896 Dominus
987 4842 1248 4900 nascitur
1278 4845 1337 4901 in
1367 4851 1542 4916 terra,
1582 4853 1638 4904 et
1679 4849 1888 4906 cellam
1946 4869 2079 4925 pro-

430 4927 620 4999 priam
652 4945 768 4988 non
801 4929 1011 4995 habet:
1034 4948 1146 4990 non
1173 4943 1294 4990 erat
1321 4936 1437 4992 illis
1466 4939 1612 4994 locus
1645 4941 1704 4995 in
1759 4941 2077 4998 diversorio.

432 5017 780 5074 Universum
803 5036 989 5093 genus
1010 5021 1339 5080 humanum
1371 5026 1545 5082 habet
1573 5027 1762 5084 locum
1781 5046 1795 5086 :
1813 5029 2081 5088 Christus

431 5123 548 5162 non
578 5107 800 5166 invenit
829 5110 1021 5172 locum
1055 5115 1207 5169 inter
1235 5115 1523 5172 homines.
1565 5117 1690 5173 Non
1746 5118 1968 5175 invenit
2018 5120 2078 5175 in

430 5195 685 5269 Platone,
719 5216 833 5256 non
865 5199 926 5256 in
954 5202 1282 5270 Aristotele,
1317 5206 1417 5260 sed
1470 5205 1528 5260 in
1588 5223 1866 5280 praesepe.
1924 5209 2082 5265 Inter

421 5285 691 5359 jumenta
719 5293 778 5344 et
802 5289 978 5348 bruta
1006 5291 1284 5350 animalia
1339 5299 1397 5350 et
1450 5295 1751 5368 simplices
1811 5314 2080 5371 quosque

425 5379 484 5444 et
517 5374 876 5438 innocentes.
913 5381 1070 5438 Unde
1091 5383 1232 5438 dicit
1259 5389 1317 5440 et
1345 5384 1634 5442 Dominus
1654 5386 1713 5442 in
1731 5387 2076 5460 Evangelia:

507 5505 521 5538 ¹
558 5502 930 5580 Hebraeorum
961 5503 1074 5580 ista
1102 5508 1297 5580 opinio
1354 5514 1461 5566 est.
1505 5510 1692 5567 MART.
1750 5543 1817 5552 -—
1876 5510 2081 5580 Falsus

435 5574 669 5634 Ηίθνοηο
701 5577 760 5633 in
793 5574 1196 5643 (lucrationibus
1253 5581 1538 5638 Hebraicis
1591 5583 1650 5638 in
1709 5582 1809 5638 lib.
1869 5577 2080 5640 Parali-

434 5663 721 5720 pomenon
749 5665 760 5706 :
797 5648 956 5706 Caleb
984 5647 1145 5707 duxit
1176 5651 1352 5710 aliam
1381 5669 1611 5712 uxorem
1636 5657 1862 5711 nomine
1880 5656 2083 5727 Ephra-

2186 4669 2292 4737 35;
2326 4648 2539 4741 eli—ipse
2569 4669 2802 4742 negavit
2832 4669 2994 4742 (Ibid.
3027 4648 3254 4744 70-74):
3302 4667 3553 4737 Propterea

2188 4737 2956 4815 considerabam'eumv'ad
3013 4761 3322 4826 dexteram,
3375 4758 3425 4810 et
3466 4762 3553 4806 non
3592 4737 3704 4796 dixit,

2191 4847 2264 4903 ad
2293 4847 2614 4912 sinistram,
2647 4847 2925 4919 quoniam
2955 4849 3076 4922 egit
3101 4846 3465 4922 penitentiam
3485 4837 3650 4893 Petrus.

2262 4957 2291 4986 «
2323 4935 2501 4991 Periit
2529 4910 2729 5008 fuga-a
2758 4954 2872 4993 me.
2911 4961 2938 4987 ››
2971 4910 3208 5003 δι]αῇἀο
3254 4927 3629 5005 comprehensus
3649 4910 3707 4965 est

2189 5042 2223 5081 a
2244 5025 2275 5081 J
2286 5024 2485 5080 udasis.
2507 5047 2536 5075 ι(
2565 5025 2633 5081 Et
2657 5042 2772 5082 non
2790 5027 3000 5099 estqui
3024 5027 3276 5100 requirat
3293 5021 3512 5079 animam
3529 5016 3704 5100 ωέξωοέ

2189 5112 2404 5169 Omnes
2433 5112 2586 5168 enim
2622 5093 2990 5172 clamabant:
3025 5093 3299 5186 Cruci/iga,
3327 5103 3543 5175 cruciﬁge
3582 5093 3704 5164 tm"

2185 5219 2300 5271 xIx,
2331 5204 2409 5271 6).
3672 5260 3680 5270 .

2262 5219 2300 5341 fc,
2322 5203 2564 5348 Iﬁritende
2593 5293 2665 5348 ad
2694 5293 3158 5367 deprecationem
3193 5305 3387 5356 meam,
3413 5281 3527 5356 qni“
3567 5260 3706 5367 hufn

2188 5381 2366 5438 liatus
2396 5398 2528 5437 sum
2560 5355 2821 5438 nimias»
2853 5383 2908 5439 Si
2942 5400 3058 5440 non
3087 5381 3289 5456 aliquis
3322 5368 3602 5434 humiliatus
3622 5355 3705 5411 [υθ-

2190 5517 2271 5576 ta.
2302 5525 2370 5565 ex
2399 5524 2512 5580 qua
2542 5511 2780 5582 suscepit
2807 5511 2943 5579 Har,
2978 5513 3153 5568 virum
3180 5507 3372 5570 Mariis,
3401 5489 3565 5556 sorori:
3600 5479 3702 5548 Μομ-

2188 5584 2257 5649 si,
2284 5589 2498 5653 patrem
2526 5581 2682 5650 Hii-ri,
2716 5586 2823 5636 etc.
