3992 6194
1403 380 1897 444 BREVIAIlIUM
1943 381 2022 441 IN
2069 376 2456 440 PSALMOS.
3459 368 3616 437 1378

2037 533 2064 562 ‹‹
2101 511 2256 567 Educ
2287 511 2357 566 de
2386 510 2652 567 custodia
2682 510 2940 565 animam
2974 519 3186 580 meam,
3230 511 3300 565 ad
3333 511 3612 566 conﬁten-

1969 603 2108 656 dum
2143 600 2361 655 nomini
2399 605 2519 655 tuo.
2556 623 2582 648 ››
2618 599 2677 654 Id
2727 604 2834 666 est,
2884 600 2956 654 de
3000 601 3112 654 isto
3156 615 3414 671 corpore.
3452 621 3478 647 »
3529 600 3612 654 Ad

1968 689 2390 751 conﬁtendum,
2425 709 2451 736 η
2488 688 2541 742 id
2574 693 2684 754 est,
2715 687 3176 744 clariﬁcandum.
3225 689 3388 744 Sicut
3434 687 3613 743 dicit:

1973 778 2246 847 Conﬁteor
2283 778 2403 847 tibi,
2434 778 2609 832 Pater
2638 778 2856 846 (Matth.
2891 787 2969 846 XI,
2997 779 3110 843 25).

2044 890 2074 918 «
2104 868 2192 923 Me
2213 865 2732 938 exspectantjusli,
2757 865 2938 920 donec
2961 866 3250 921 retribuas
3273 865 3436 921 mihi.
3468 888 3487 913 ι
3518 869 3619 920 Do-

1975 954 2171 1009 minus
2198 953 2339 1008 dicit
2365 971 2376 1007 :
2412 956 2496 1006 Me
2526 956 2866 1023 exspectant
2893 952 3165 1024 apostoli,
3199 954 3381 1008 donec
3424 969 3619 1009 resur-

1974 1059 2109 1116 gam
2140 1060 2174 1098 a
2205 1042 2476 1098 mortuis.

203 394 355 455 i377

202 526 298 598 rit,
332 542 449 582 non
480 523 789 581 exauditur
817 537 852 577 a
896 518 1161 576 Domino.
1211 516 1360 582 Quid
1411 515 1567 572 enim
1618 515 1853 586 prodest
1881 519 1935 583 Α

210 615 465 687 aliquem
498 613 690 670 verbis
721 628 886 668 orare
918 614 976 666 et
1005 608 1284 664 cervicem
1316 610 1562 662 erectam
1597 603 1858 660 habere?

207 705 264 761 Si
295 709 493 760 autem
522 703 582 758 in
615 700 927 757 Dominum
969 696 1389 770 intelligimus:
1443 696 1642 750 Discite
1677 711 1713 749 a
1750 709 1856 763 me,

210 792 344 866 quia
373 792 524 847 mitis
551 805 679 846 sum
707 792 758 844 et
788 787 1017 843 humilis
1045 785 1202 840 corde
1239 781 1446 854 (Matth.
1480 799 1558 848 χι,
1589 782 1702 851 29).

293 902 320 934 ιι
349 881 556 936 Libera
595 894 688 933 me
717 893 751 932 a
781 872 1264 948 persequentibus
1291 887 1404 937 me,
1451 871 1587 942 quia
1633 868 1859 924 confor-

217 969 318 1026 tati
349 972 488 1024 sunt
517 981 696 1038 super
726 980 838 1020 me.
879 986 900 1013 ιι
937 962 1042 1026 Qui
1076 965 1278 1017 contra
1306 975 1415 1014 nos
1454 961 1718 1030 pugnant
1750 956 1862 1012 for-

214 1058 394 1114 tiores
425 1056 594 1113 nobis
620 1057 780 1124 sunt,
812 1053 921 1108 hoc
949 1055 1058 1118 est,
1091 1049 1385 1122 principes
1416 1047 1596 1118 hujus
1636 1045 1862 1101 mundi.

1398 1364 1430 1423 J
1444 1409 1456 1421 .
1506 1361 1616 1422 MA
1630 1357 1967 1421 ΒΤῙΑΝΕΙ
2012 1357 2448 1419 ADMONITIO

805 1527 898 1582 AD
938 1520 1514 1588 CONSEQUENTEM
1553 1517 2084 1576 PR/EFATIONEM
2129 1517 2196 1573 lN
2239 1514 2685 1572 PSALMORUM
2728 1516 3025 1573 LIBRUM.

296 1837 352 1891 1η
386 1835 562 1889 tribus
592 1847 719 1886 mss.
753 1827 1157 1900 exemplaribus
1209 1825 1444 1882 Cononis
1503 1825 1786 1878 Hebraicze
1838 1822 2118 1886 Veritatis,
2150 1837 2307 1892 quem
2346 1829 2474 1874 tom.
2508 1821 2530 1874 Ι
2560 1820 2722 1890 hujus
2775 1819 3036 1876 editionis
3089 1837 3249 1880 novae
3306 1823 3541 1894 Operam
3570 1825 3627 1881 ς.

224 1924 547 1996 Hieronymi
573 1936 747 1992 nuper
772 1918 980 1990 publici
997 1917 1148 1988 juris
1176 1916 1303 1986 feci,
1338 1917 1648 1969 constanter
1675 1913 2002 1982 descriptam
2031 1910 2217 1964 inveni
2245 1919 2656 1980 consequentem
2684 1909 3080 1978 Prw/titionem
3111 1913 3171 1965 in
3221 1911 3422 1966 librum
3474 1915 3628 1968 Psal-

219 2029 437 2069 morum
464 2029 534 2068 ea:
561 2011 784 2066 Hebraeo
811 2010 867 2062 in
894 2008 1149 2061 Latinum
1173 2019 1474 2058 sermonem
1502 2001 1838 2056 translatum
1865 1999 1932 2054 ab
1961 1999 2148 2054 eodem
2187 1999 2534 2067 Hieronymo,
2586 1998 2685 2067 qui
2725 1998 2841 2052 alia
2885 1999 3123 2052 multum
3169 2000 3381 2055 diversa
3421 2005 3632 2073 praefa-

219 2105 366 2158 tione
394 2103 696 2157 versionem
716 2113 871 2152 suam
903 2094 1350 2149 communiverat.
1390 2092 1488 2145 Vir
1517 2095 1704 2144 autem
1732 2089 1916 2143 clarus
1965 2087 2260 2142 Ludovicus
2291 2087 2607 2141 Ferrandus
2654 2087 2798 2140 hunc
2852 2087 3144 2156 prologum
3187 2088 3360 2144 edidit
3411 2093 3469 2144 in
3524 2093 3638 2162 ﬁne

219 2191 518 2248 voluminis
547 2187 950 2257 Paraphraseos
980 2197 1099 2238 sua?
1119 2183 1178 2236 in
1208 2181 1538 2236 Psalterium
1565 2178 1785 2233 Davidis
1809 2195 1826 2230 :
1855 2176 1946 2231 sed
1970 2177 2146 2248 falsus
2165 2179 2243 2230 est
2262 2175 2515 2230 eruditus
2535 2176 2783 2246 scriptor,
2813 2191 2934 2229 cum
2955 2177 3292 2232 existimavit
3316 2195 3443 2234 eum
3462 2181 3638 2251 fuisse

223 2283 489 2349 scriptum
521 2293 560 2330 α
589 2275 730 2345 falso
761 2274 860 2328 illo
890 2273 1219 2342 Hieronymo
1251 2269 1688 2325 consarcinatore
1738 2266 2264 2322 Commentariorum
2306 2265 2364 2318 in
2396 2264 2680 2319 Psalmos:
2727 2263 2870 2317 unde
2914 2266 3156 2320 Joannes
3207 2267 3444 2338 Baptista
3495 2269 3644 2324 Cote-'

224 2367 394 2423 terius
425 2367 484 2419 in
513 2365 656 2419 notis
685 2362 755 2417 ad
787 2367 994 2417 tom-um
1018 2361 1103 2416 III
1129 2359 1387 2414 Monum.
1414 2356 1628 2412 Eccles.
1663 2355 1891 2419 Graecae,

2024 2371 2114 2408 am
2140 2353 2417 2423 professus
2445 2357 2524 2406 est
2559 2352 2680 2422 jam
2707 2351 2914 2406 dictam
2941 2355 3333 2422 prwfationem
3382 2360 3642 2412 neutrius

227 2471 343 2511 esse
373 2453 712 2525 Hieronymi.
747 2450 902 2517 Quae,
938 2451 1138 2521 inquit,
1171 2465 1276 2502 nec
1304 2446 1660 2518 Hieronymi,
1694 2461 1798 2499 nec
1829 2443 2262 2515 llieronymiani
2301 2441 2461 2495 illius
2493 2441 2980 2496 consarcinatoris
3010 2458 3136 2498 esse
3187 2444 3434 2500 videtur.
3469 2447 3640 2518 Cujus

228 2559 393 2616 porro
421 2544 610 2614 fuerit,
641 2542 745 2596 etsi
772 2555 877 2594 non
912 2539 1134 2595 omnino
1162 2538 1304 2591 mihi
1332 2538 1554 2600 constet,
1589 2536 1688 2588 ri.r
1715 2537 1898 2588 tamen
1927 2532 2114 2586 dubito
2144 2532 2276 2602 quin
2313 2531 2404 2584 hic
2429 2531 2687 2600 proloyus
2721 2530 2943 2584 Eusebio
2975 2530 3303 2588 Caesariensi
3343 2536 3415 2589 sit
3461 2537 3637 2590 ascri-

236 2631 439 2687 bendus
459 2649 477 2686 :
508 2647 639 2702 pars
667 2631 817 2685 enim
846 2644 955 2683 non
981 2628 1217 2680 minima
1246 2626 1314 2680 de
1343 2623 1584 2696 ejusdem
1611 2621 1991 2693 hypothesibus
2017 2623 2076 2675 in
2133 2620 2408 2675 Psalterio
2437 2619 2709 2680 derivata,
2751 2621 2810 2674 id
2836 2621 2992 2672 nobis
3039 2623 3362 2677 renuntiare
3408 2624 3638 2680 videtur.

235 2719 336 2776 Sed
358 2721 604 2790 quisquis
631 2717 1005 2787 pra/titionem
1035 2715 1335 2769 Latinitate
1365 2713 1610 2775 donavit,
1645 2714 1738 2765 vix
1761 2711 1968 2782 primis
1996 2710 2106 2779 fuit
2137 2709 2375 2763 imbutus
2407 2708 2628 2777 litteris,
2661 2715 2722 2760 ut
2750 2709 2809 2760 in
2840 2707 3097 2762 Latinum
3135 2724 3243 2763 non
3287 2713 3478 2765 Latine
3521 2729 3642 2767 eam

236 2816 479 2864 verteret.
505 2806 711 2863 Caetera
741 2805 939 2862 oidesis
971 2805 1031 2858 in
1061 2801 1534 2858 adnotatiunculis
1558 2802 1712 2855 meis.

239 2949 3648 2982 ww

811 3113 1520 3209 PBZEFATIO‘
1593 3113 1756 3204 DE
1826 3109 2204 3204 LIBBO
2277 3107 3078 3205 PSALMORUM.

1737 3293 2160 3312 α*

269 3463 280 3476 -
318 3432 380 3487 In
415 3431 647 3486 Hebraeo
678 3427 826 3484 libro
859 3425 1223 3482 Psalmorum
1258 3426 1405 3480 citra
1453 3425 1677 3481 numeri
1728 3425 1889 3495 adje-
1919 3427 1967 3490 B
1996 3426 2140 3478 mini
2170 3424 2398 3479 Domino
2430 3423 2598 3492 (Psal.
2644 3440 2750 3490 CVI,
2787 3425 2859 3494 1),
2893 3441 3080 3496 usque
3117 3425 3188 3480 ad
3231 3427 3648 3486 novissimum.

245 3520 496 3576 ctionem
530 3516 807 3589 descripti
843 3521 980 3571 sunt
1011 3531 1238 3584 omnes,
1269 3520 1325 3569 et
1355 3514 1578 3570 diverse
1616 3513 1891 3586 quidem:

249 3609 490 3681 quidam
509 3607 824 3678 conjuncti,
849 3605 1088 3678 quidam
1108 3610 1305 3659 autem
1325 3603 1514 3659 divisi.
1535 3605 1900 3675 Quapropter

251 3697 478 3770 primus
506 3701 562 3751 et
592 3695 886 3752 secundus
907 3693 1202 3761 conjuncti
1227 3693 1552 3763 suntjuxta
1569 3692 1896 3758 Hebraeum,

251 3790 308 3841 et
340 3786 551 3840 iterum
583 3783 1056 3855 septuagesimus
1095 3783 1383 3852 septimus
1430 3781 1784 3851 conjunctus
1813 3785 1902 3835 est

254 3874 409 3947 apud
445 3888 588 3928 nos:
625 3873 680 3925 in
715 3873 951 3926 llebrmo
983 3877 1178 3925 autem
1212 3869 1406 3941 partiti
1439 3875 1578 3925 sunt
1625 3870 1681 3923 in
1728 3871 1897 3926 duos.

255 3963 317 4016 In
346 3961 606 4032 quinque
631 3976 764 4014 vero
795 3959 974 4014 libros
997 3958 1262 4012 dividunt
1286 3957 1508 4012 Hebraei
1533 3958 1897 4013 Psalmorum

251 4049 471 4105 librum
523 4049 630 4122 [Αἰ.
691 4047 916 4116 libros],
975 4063 1223 4117 quorum
1282 4046 1517 4118 quidem
1580 4047 1904 4117 primuma

254 4139 447 4195 Beatus
475 4137 563 4193 vir
591 4137 766 4209 (Psal.
804 4154 844 4203 ι,
879 4136 930 4206 1)
976 4149 1161 4206 usque
1217 4135 1287 4190 ad
1346 4135 1519 4190 linem
1572 4135 1902 4206 quadrage-

255 4226 412 4284 simi.
463 4227 795 4283 Secundum
845 4231 1080 4279 autem:
1117 4224 1576 4292 Quemadmodum
1634 4224 1904 4280 desiderat

254 4332 442 4373 cervus
473 4315 541 4369 ad
586 4317 792 4384 fontem
847 4315 952 4384 [Αι.
998 4314 1206 4384 fontes]
1255 4329 1526 4384 aquarum
1573 4314 1754 4383 (Psal.
1787 4331 1903 4380 xm,

253 4405 334 4478 2),
368 4420 555 4476 usque
585 4403 656 4457 ad
689 4402 1102 4473 septuagesimi
1129 4403 1304 4471 primi
1328 4404 1521 4456 tinem.
1554 4403 1786 4458 Tertius
1818 4419 1905 4458 ve-

259 4511 318 4550 ro
351 4498 480 4549 est:
537 4493 712 4560 Quam
770 4491 936 4546 bonus
982 4491 1158 4544 Israel
1215 4491 1352 4545 Deus
1400 4491 1569 4560 (Psal.
1623 4508 1792 4559 Lxxu,
1830 4493 1902 4562 1),

257 4598 443 4654 usque
473 4581 543 4636 ad
597 4578 934 4652 octogesimi
985 4577 1187 4633 octavi.
1240 4579 1492 4640 Quartus
1540 4584 1760 4643 autem,
1795 4585 1903 4635 Do-

258 4674 428 4737 mine,
469 4671 747 4741 refugium
791 4670 970 4739 [actus
1015 4675 1091 4722 est
1140 4667 1297 4722 nobis
1349 4667 1518 4736 (Psal.
1575 4684 1795 4730 LXXXIX,
1830 4670 1904 4738 1),

264 4777 452 4833 usque
483 4761 554 4815 ad
604 4757 906 4814 centesimi
945 4757 1133 4828 quint.
1167 4755 1419 4821 Quintus
1477 4771 1638 4812 vero:
1675 4756 1903 4827 Conﬁte-
1936 4790 1978 4855 Ο

333 4903 346 4935 ¹
383 4900 444 4956 In
473 4899 810 4977 codicems.
842 4896 1196 4977 Meminiam
1227 4901 1281 4951 et
1313 4895 1370 4951 in
1411 4896 1901 4977 Sangermanensi

259 4979 456 5027 nostro
492 4971 750 5042 praefatio
782 4968 978 5024 isthaec
1019 4967 1368 5042 Hieronymo
1409 4967 1760 5042 ascribitur:
1812 4971 1902 5042 In-

252 5046 385 5115 cipit
413 5040 670 5115 prgfatio
729 5041 1063 5115 Hieronymi
1112 5041 1416 5115 presbyteri
1466 5041 1527 5094 in
1576 5040 1714 5115 libro
1749 5041 1902 5095 Psal-

255 5111 489 5170 m'oru'm.
525 5111 732 5168 Melius
763 5111 1244 5182 Cari-assonensis
1273 5111 1471 5175 codex,
1525 5112 1623 5182 qui
1671 5128 1785 5166 non
1817 5127 1903 5166 re-

258 5187 404 5241 tinet
434 5201 643 5240 nomen
675 5183 1028 5255 Hieronymi.
1065 5181 1250 5255 MA_RT.
1280 5212 1347 5221 —
1381 5181 1643 5255 Diximus
1675 5183 1732 5237 in
1759 5200 1905 5255 prae-

259 5258 372 5312 fixa
397 5256 532 5327 huic
553 5255 858 5327 appendici
881 5253 1731 5327 admonitione,_conle_rendam
1754 5253 1905 5310 hanc

304 5323 661 5383 refationem
693 5342 820 5381 esse
853 5341 985 5380 cum
1021 5325 1250 5379 Eusebii
1291 5323 1743 5396 Hypothesibus,
1778 5341 1903 5396 qua:

304 5345 661 5383 relationem
693 5345 820 5381 esse
853 5345 985 5380 cum
1021 5345 1250 5379 EUSBDII
1291 5345 1743 5396 HypOLHESlDUS,
1778 5345 1903 5396 qua:

257 5345 373 5471 ἕως)
401 5415 614 5471 magna
642 5413 709 5453 ex
742 5402 926 5468 parte,
984 5396 1217 5471 tametsi
1249 5412 1456 5468 parum
1490 5396 1780 5471 felicibus
1811 5413 1908 5471 au-

257 5466 583 5535 spiciisﬂab
633 5466 867 5524 auctore
909 5466 1212 5522 translata
1253 5466 1428 5522 sunt.
1489 5466 1646 5522 Duos
1705 5467 1909 5523 laudat

320 5542 634 5596 artianaeus‘
663 5539 832 5594 codd.
869 5555 1010 5593 mss.
1045 5537 1464 5594 Memmianum
1507 5555 1714 5602 unum,
1763 5539 1903 5594 alte-

256 5627 390 5670 rum
421 5613 1008 5684 Sangermanensem,
1037 5610 1509 5684 quiHieronymo
1527 5609 1904 5684 scriptionem

253 5685 407 5745 hanc
440 5681 721 5741 tribuunt.
756 5683 871 5738 Nos
901 5698 1033 5738 cum
1055 5681 1192 5739 'uno
1243 5681 1663 5738 Ambrosianus“
1695 5681 1903 5738 Biblio-

2078 3513 2514 3567 Observandum
2545 3517 2764 3578 autem,
2798 3513 2936 3586 quia
2966 3531 3080 3568 non
3111 3516 3435 3570 secundum
3468 3516 3651 3573 histo-

2009 3601 2123 3671 riae,
2159 3618 2257 3656 seu
2293 3606 2644 3674 temporum,
2678 3602 3040 3674 psalmorum
3071 3605 3434 3675 compositus
3463 3607 3542 3662 sit
3563 3623 3656 3662 or-

2009 3691 2102 3744 do.
2123 3690 2524 3744 Comminatus
2545 3695 2633 3745 est
2655 3706 2786 3745 vero
2802 3691 2996 3747 minus
3014 3691 3266 3747 multum
3291 3696 3658 3766 temporibus

2009 3780 2190 3850 [Forte
2222 3778 2398 3833 minis
2431 3779 2634 3834 multis
2655 3781 3064 3852 temporibus].
3095 3781 3414 3838 sicutliber
3437 3784 3660 3853 Regno-

2012 3883 2141 3921 rum
2173 3867 2445 3922 declarat.
2482 3867 2663 3924 Multa
2691 3870 2847 3923 enim
2879 3868 3168 3925 idolorum
3220 3871 3449 3926 cultura
3504 3873 3658 3927 obti-

2012 3972 2158 4011 nens
2213 3955 2548 4011 Judzeorum
2629 3963 2881 4028 gentem,
2950 3960 3298 4014 ob.ivionem
3385 3961 3662 4016 infecerat

2015 4050 2386 4116 paternarum
2432 4046 2887 4117 Scripturarum,
2948 4052 3012 4100 ut
3073 4064 3176 4102 nec
3234 4053 3460 4118 pareret
3515 4048 3663 4105 liber

2015 4134 2278 4190 Mosaicae
2318 4133 2484 4204 legis,
2552 4150 2736 4204 neque
2796 4134 3078 4190 memoria
3138 4142 3370 4207 patrum
3430 4137 3662 4208 pietatis

2013 4224 2173 4278 salva
2204 4223 2521 4278 haberetur
2551 4224 2704 4294 apud
2737 4239 2856 4278 eos.
2882 4223 2975 4278 Sic
2997 4240 3133 4296 ergo
3155 4231 3212 4280 et
3237 4225 3552 4296 pr0phetas
3573 4227 3665 4281 in-

2013 4313 2367 4366 terfecerunt
2425 4311 2838 4381 redarguentes
2897 4311 3132 4367 illorum
3194 4314 3550 4385 impietates,
3607 4320 3664 4372 et

2015 4400 2223 4455 horum
2255 4416 2433 4455 causa
2464 4399 2719 4471 primum
2743 4401 3113 4472 Assyriorum
3137 4402 3332 4458 traditi
3366 4410 3504 4460 sunt
3525 4421 3663 4476 cap-

2014 4487 2240 4543 tivitali.
2275 4487 2427 4542 Nihil
2459 4487 2638 4557 igitr
2669 4489 2935 4545 mirabile
2975 4492 3086 4546 sub
3143 4492 3484 4563 hujusmodi
3531 4511 3664 4549 cono

2015 4577 2340 4642 stitutione,
2373 4583 2430 4632 et
2462 4594 2588 4649 quae
2620 4578 2780 4634 illata
2812 4585 2952 4634 sunt
2974 4580 3121 4636 libro
3148 4581 3532 4649 Psalmorum,
3565 4583 3666 4638 de-

2015 4667 2304 4732 ciderunt,
2338 4665 2610 4721 oblivioni
2654 4666 2845 4740 longis
2872 4668 3089 4724 tradita
3119 4671 3506 4743 temporibus.

2091 4755 2225 4810 Post
2255 4754 2374 4810 haec
2405 4760 2622 4821 autem,
2675 4757 2794 4810 sive
2852 4757 3122 4825 Ezram’,
3177 4758 3295 4814 sive
3347 4759 3662 4830 quemdam

2013 4897 2195 4970 thecae
2227 4897 2263 4970 l~
2290 4895 2484 4970 littera
2531 4914 2596 4952 ac
2645 4913 2806 4953 num.
2839 4900 2874 4952 6
2919 4904 3234 4970 praenotato
3282 4899 3661 4968 contulimus,

2015 4969 2112 5040 qui
2149 4968 2374 5044 nullum
2407 4968 2934 5044 _babet_auctoris_
2958 4988 3170 5026 nomen
3231 4972 3574 5044 ascriptum,
3609 4979 3665 5028 et

2015 5039 2166 5110 saepe
2199 5039 2454 5094 melioris
2486 5047 2573 5095 est
2606 5041 2806 5112 frugis.

2083 5115 2212 5185 {De
2244 5113 2550 5184 Synagoga
2583 5129 2812 5185 magna,
2839 5112 3196 5181 Judieorum,
3231 5130 3357 5185 qum
3391 5115 3661 5171 ﬂoruisse

2014 5182 2229 5238 dicitur
2254 5182 2422 5258 circa
2448 5182 2933 5258 ωίδιοξηᾟεὼιεελ
2957 5191 3153 5258 aperte
3185 5182 3346 5258 satis
3405 5185 3668 5258 loquitur

2013 5261 2216 5329 auctor
2254 5255 2431 5329 hujus
2476 5256 2856 5329 prmfationis.
2904 5255 3065 5329 Quod
3117 5255 3663 5329 diligenterholari

2012 5327 2207 5392 velim,
2241 5325 2570 5401 quia_solus
2603 5332 2728 5401 est,
2786 5326 2842 5381 ni
2885 5327 3087 5401 fallor,
3141 5325 3291 5384 intér
3337 5326 3662 5401 scriptores

2013 5395 2738 5472 veteres:ecclesiasticos,
2801 5397 2896 5472 qui
2958 5399 3275 5472 Synagogm
3325 5395 3701 5472 Juda'zoru-m'.

2016 5467 2320 5524 meminit:
2350 5469 2456 5524 etsi
2489 5469 2619 5538 ejus
2655 5467 3017 5524 auctoritate
3051 5467 3455 5527 consécratum
3485 5470 3663 5526 velint

2016 5540 2364 5667 recentgtiares
2395 5538 2688 5596 Canonem
2722 5540 3034 5596 Esdrinum
3093 5558 3390 5602 sacrorum
3447 5539 3657 5599 Biblio-

2017 5628 2170 5667 rum.
2265 5628 2393 5667 sar.

2017 5628 2170 5668 rum.
2206 5628 2393 5669 MART.
