3992 6194
387 381 543 447 1379

1880 377 2296 439 APPENDIX.

3643 385 3768 447 i380

383 519 570 573 virum
604 517 1043 589 prophetarum,
1079 515 1233 570 circa
1262 513 1771 587 congregationem
1803 527 2027 578 eorum,
2059 515 2113 580 Α
2146 527 2278 566 mus
2304 511 2533 584 tertius,
2568 512 3096 586 quinquagesimus
3126 518 3394 586 quartus,
3427 515 3772 590 quinquage-

387 607 696 663 festinasse
725 623 859 662 cum
891 604 1114 661 caeteris
1145 609 1201 659 et
1228 603 1440 659 librum
1493 602 1857 658 Psalmorum
1891 618 2026 657 coa-

386 697 665 763 dunasse,
697 713 810 752 non
844 695 1066 766 liquido
1110 693 1472 749 invenientes
1521 709 1743 758 omnes,
1796 693 1894 747 sed
1929 708 2030 762 per

383 785 543 840 varia
571 789 855 857 tempora.
889 785 1175 843 Taxavere
1206 786 1400 838 autem
1435 780 1725 853 imprimis
1747 781 1845 853 qui
1872 781 2028 852 prio-

345 928 362 933 __
388 890 479 929 res
512 873 732 929 inventi
765 876 922 942 sunt,
957 876 1191 944 propter
1209 870 1364 941 quod
1389 886 1492 925 nec
1522 869 1631 940 ipsi
1663 873 1728 924 ut
1755 869 1936 924 David
1968 868 2029 922 in

379 963 799 1033 ordinejacere
829 963 1092 1016 omnes‘.
1128 959 1342 1014 Deinde
1401 964 1598 1014 autem
1659 963 1716 1013 et
1772 957 2026 1012 ﬁliorum

379 1052 541 1120 Core,
575 1057 633 1106 et
662 1050 879 1122 Asaph,
914 1054 970 1105 et
1027 1048 1373 1114 Salomonis,
1409 1053 1464 1104 et
1493 1048 1700 1118 Moysi,
1732 1052 1788 1102 et
1818 1047 2024 1116 E.han,

375 1146 432 1196 et
463 1141 706 1207 Heman,
739 1143 795 1194 et
826 1139 1100 1206 Idithum,
1134 1143 1189 1194 et
1227 1139 1436 1192 iterum
1486 1135 1674 1208 ipsius
1728 1137 1900 1191 David
1934 1136 2025 1190 in-

373 1229 610 1285 veniens
644 1228 862 1283 mistim
897 1227 956 1294 in
1008 1227 1157 1282 libro
1215 1231 1461 1292 taxatos,
1522 1243 1639 1280 non
1699 1225 2022 1282 secundum

372 1319 586 1390 quibus
609 1317 750 1373 dicti
784 1321 923 1374 sunt
945 1315 1329 1389 temporibus,
1363 1317 1461 1371 sed
1515 1315 1729 1386 quibus
1781 1313 2021 1370 inventi.

371 1409 513 1462 Hinc
539 1407 714 1463 etiam
748 1407 1032 1479 provenit,
1072 1410 1132 1460 ut
1162 1405 1261 1476 qui
1313 1404 1676 1476 temporibus
1723 1408 1890 1458 erant
1921 1419 2021 1458 no-

371 1496 596 1552 vissimi
630 1496 802 1567 primi
834 1496 1074 1562 inventi,
1127 1495 1524 1566 reciperentur
1571 1492 1782 1565 primi:
1837 1497 1892 1548 et
1923 1493 2022 1563 qui

372 1585 736 1658 temporibus
769 1591 933 1640 erant
965 1583 1160 1656 primi,
1228 1587 1428 1654 postea
1473 1580 1716 1641 inventi.
1768 1581 2023 1636 secundo

372 1674 785 1729 ordinarentur
817 1671 961 1728 loco.
999 1672 1260 1743 ldipsum
1284 1675 1480 1726 autem
1513 1669 1770 1724 invenies
1805 1671 2022 1724 factum

371 1768 428 1819 et
456 1763 512 1817 in
535 1762 874 1834 prophetis.

447 1851 601 1906 Libri
637 1850 998 1906 Psalmorum
1031 1851 1051 1883 ²
1083 1848 1200 1903 haec
1241 1851 1329 1903 est
1357 1846 1565 1902 divisio
1601 1846 1886 1918 ipsorum,
1943 1845 2021 1902 si-

373 1947 472 1996 cut
501 1944 655 1995 certa
678 1939 1058 1994 scribentium
1087 1935 1542 2007 diligentissima
1574 1935 1838 2006 exempla
1871 1935 2024 2006 prio-

375 2045 528 2097 rum,
589 2033 646 2084 et
701 2027 894 2097 ipsum
966 2025 1316 2081 Hebraicum
1376 2025 1697 2080 continent.
1761 2024 2026 2078 Personae

375 2134 624 2190 quorum
659 2119 794 2171 sunt
828 2113 1037 2186 psalmi
1072 2114 1199 2169 sine
1251 2113 1631 2184 inscriptione
1662 2129 1812 2168 xvn:
1847 2129 2028 2184 supra

376 2205 576 2278 scripti
605 2221 837 2260 cxxxiii:
871 2221 1050 2275 supra
1080 2202 1432 2273 scriptorum
1489 2201 1718 2265 divisio,
1781 2200 1890 2272 ipsi
1926 2205 2028 2256 Da-

375 2295 468 2350 vid
507 2312 685 2361 Lxxu;
749 2293 886 2347 ﬁliis
915 2294 936 2327 ³
991 2300 1127 2347 Core
1175 2309 1270 2357 x1;
1329 2291 1525 2361 Asaph
1567 2307 1685 2356 xii;
1750 2289 1930 2344 Ethan
1965 2307 2021 2355 1;

378 2386 558 2440 Eman
591 2401 604 2438 ι
632 2401 645 2450 ;
679 2388 735 2438 et
756 2382 929 2454 Moysi
957 2399 971 2436 1
998 2379 1359 2448 ;Salomonis
1378 2397 1415 2434 ιι
1441 2398 1454 2446 ;
1480 2378 1605 2433 sine
1627 2378 1861 2434 nomine
1885 2395 2020 2446 xvn;

372 2472 726 2528 Alleluiatici
758 2489 913 2537 xvu;
976 2487 1078 2542 pro
1137 2468 1533 2524 torcularibus
1566 2485 1666 2534 III;
1719 2467 2020 2522 Graduum

373 2579 483 2626 xv;
515 2565 654 2615 sunt
681 2566 876 2614 autem
909 2559 1034 2612 sine
1067 2574 1322 2627 nomine,
1357 2557 1557 2628 quanti
1583 2551 2021 2627 superscriptio-

375 2666 476 2705 nes
509 2649 745 2720 quidem
799 2647 1041 2712 habent,
1073 2663 1186 2701 non
1220 2652 1412 2701 tamen
1465 2645 1801 2718 signiﬁcant
1851 2646 2021 2716 cujus

373 2738 512 2808 sint,
544 2754 696 2803 xvn;
731 2734 906 2791 simul
939 2753 1023 2790 CL.
1058 2736 1182 2790 Non
1233 2735 1316 2788 sic
1373 2733 1656 2805 suscipiat
1707 2733 1840 2806 quis
1882 2734 2021 2805 quia

371 2843 574 2882 omnes
605 2826 721 2881 sint
751 2825 922 2880 David
955 2824 1186 2897 psalmi,
1221 2824 1321 2879 sed
1355 2829 1411 2878 et
1464 2822 1709 2878 aliorum
1770 2822 2016 2894 prophe-

374 2921 569 2972 tarum
600 2915 669 2969 ad
693 2913 1060 2986 psallendum
1086 2911 1581 2984 prophetantium,
1606 2916 1841 2983 propter
1861 2913 2015 2982 quod

372 3006 491 3060 haec
523 3005 712 3060 omnis
744 3003 1042 3075 Scriptura
1071 3018 1196 3073 quae
1229 3002 1382 3073 apud
1438 3002 1702 3055 Hebraeos
1755 2999 2016 3056 Psalterii

374 3095 628 3163 nomine,
663 3111 777 3148 non
809 3093 1046 3164 ‘ipsius
1088 3091 1262 3147 David
1321 3107 1502 3162 supra
1558 3091 1856 3158 scribitur,
1914 3091 2010 3146 sed

369 3185 604 3240 invidus
635 3183 780 3237 liber
811 3181 1174 3238 Psalmorum
1209 3180 1563 3235 nominatur.

2141 600 2330 656 simus
2365 601 2626 672 quintus,
2663 603 3190 676 quinquagesimus
3232 610 3455 672 sextus,
3502 605 3776 678 quinqua-

2139 690 2401 761 gesimus
2432 691 2740 764 septimus,
2774 693 3302 764 quinquagesimus
3332 699 3597 762 octavus,
3632 696 3779 768 quin-

2140 779 2522 851 quagesimus
2579 797 2810 848 nonus;
2881 783 3302 854 sexagesimus,
3388 785 3776 857 sexagesimus

2139 866 2387 938 primus,
2421 869 2820 940 sexagesimus
2861 871 3174 938 secundus,
3222 872 3630 944 sexagesimus
3673 879 3778 928 ter-

2137 955 2276 1025 tius,
2298 957 2695 1029 sexagesimus
2717 965 2983 1029 quartus,
3008 961 3408 1032 sexagesimus
3433 961 3453 994 ⁷
3475 963 3773 1034 septimus,

2137 1047 2538 1116 sexagesimus
2571 1050 2828 1113 octavus,
2872 1049 3270 1121 sexagesimus
3311 1067 3542 1116 nonus;
3593 1057 3774 1106 cente-

2137 1133 2348 1198 simus,
2379 1134 2734 1190 centesimus
2755 1137 3071 1204 secundus,
3094 1138 3454 1194 centesimus
3475 1140 3772 1211 septimus,

2137 1222 2491 1278 centesimus
2508 1230 2768 1292 octavus,
2793 1227 3146 1282 centesimus
3173 1244 3365 1283 nonus
3390 1246 3405 1296 ;
3431 1230 3772 1286 centesimus

2136 1311 2448 1367 vicesimus
2482 1313 2730 1383 primus,
2774 1315 3130 1370 centesimus
3178 1316 3491 1373 vicesimus
3537 1319 3770 1388 tertius;

2134 1399 2491 1457 centesimus
2522 1402 2874 1470 tricesimus,
2918 1404 3273 1461 centesimus
3330 1405 3662 1462 tricesimus
3697 1425 3772 1464 se-

2133 1489 2384 1554 cundus,
2420 1490 2777 1546 centesimus
2807 1491 3140 1548 tricesimus
3166 1495 3394 1560 tertius,
3425 1498 3770 1551 centesimus

2133 1576 2466 1633 tricesimus
2489 1583 2756 1650 quartus,
2781 1581 3136 1636 centesimus
3157 1582 3492 1639 tricesimus
3518 1585 3767 1655 quintus,

2134 1668 2492 1723 centesimus
2524 1668 2857 1724 tricesimus
2899 1677 3098 1726 sextus
3120 1671 3162 1740 ⁸,
3211 1672 3571 1729 centesimus
3618 1675 3766 1730 trice—

2134 1755 2322 1810 simus
2361 1755 2669 1828 septimus,
2723 1758 3078 1815 centesimus
3121 1760 3459 1817 tricesimus
3507 1768 3765 1831 octavus;

2134 1844 2490 1899 centesimus
2520 1845 2855 1901 tricesimus
2888 1865 3116 1904 nonus:
3147 1851 3512 1906 centesimus
3534 1852 3763 1922 quadra-

2137 1933 2416 2004 gesimus,
2449 1934 2803 1990 centesimus
2837 1936 3323 2009 quadragesimus
3370 1939 3620 2010 primus,
3650 1957 3756 1995 cea-

2138 2021 2383 2077 tesimus
2406 2023 2894 2095 quadragesimus
2919 2027 3236 2098 secundus,
3257 2027 3619 2084 centesimus
3637 2046 3747 2100 qua-

2138 2111 2507 2183 dragesimus
2563 2113 2790 2182 tertius,
2853 2115 3207 2170 centesimus
3291 2117 3758 2191 quadragesimus

2139 2205 2404 2271 quartus,
2437 2199 2614 2257 simul
2647 2219 2814 2257 Lxxn.
2848 2203 2972 2258 Non
3005 2221 3182 2276 supra
3212 2205 3416 2276 scripti
3451 2214 3612 2272 sunt,
3670 2208 3768 2278 pri-

2138 2306 2290 2355 mus,
2323 2292 2636 2354 secundus,
2666 2292 3002 2348 tricesimus
3033 2295 3351 2360 secundus,
3407 2296 3773 2368 quadragesi-

2137 2394 2269 2432 mus
2296 2380 2609 2449 secundus,
2643 2383 3137 2454 septuagesimus,
3192 2385 3615 2456 nonagesimus
3669 2386 3776 2458 pri-

2136 2483 2290 2536 mus,
2327 2469 2743 2540 nonagesimus
2766 2472 3084 2541 secundus,
3108 2472 3531 2544 nonagesimus
3556 2473 3782 2538 tertius,

2134 2557 2554 2628 nonagesimus
2576 2563 2841 2628 quartus,
2866 2561 3290 2631 nonagesimus
3312 2562 3576 2633 quintus.
3604 2578 3777 2618 nona-

2132 2643 2394 2717 gesimus
2425 2651 2646 2714 sextus,
2681 2647 3100 2720 nonagesimus
3132 2650 3448 2721 septimus,
3479 2651 3781 2723 nonagesi-

2133 2750 2264 2788 mus
2297 2739 2532 2789 octavus
2559 2753 2571 2793 :
2595 2737 2951 2791 centesimus
2983 2739 3210 2804 tertius,
3245 2741 3595 2796 centesimus
3626 2740 3781 2796 deci-

2135 2839 2268 2877 mus
2299 2823 2562 2894 quintus,
2603 2825 2959 2879 centesimus
3005 2825 3336 2881 tricesimus
3378 2832 3588 2894 sextus,
3624 2843 3778 2882 cen-

2133 2918 2378 2967 tesimus
2410 2913 2897 2984 quadragesimus
2913 2915 3204 2985 septimus
3224 2941 3237 2982 ;
3261 2915 3424 2970 simul
3444 2931 3574 2969 xvu.
3601 2915 3764 2970 Filiis

2126 3005 2286 3071 Core,
2321 3001 2811 3073 quadragesimus
2843 3003 3089 3074 primus,
3124 3004 3598 3076 quadragesimus
3645 3010 3772 3058 ter-

2127 3090 2265 3156 tius,
2357 3090 2842 3162 quadragesimus
2929 3098 3199 3164 quartus,
3285 3093 3773 3166 quadragesimus

2126 3180 2387 3250 quintus,
2451 3180 2935 3252 quadragesimus
2993 3187 3213 3252 sextus,
3286 3182 3774 3255 quadragesimus

439 3273 602 3328 Sicut
631 3271 860 3326 dicebat
889 3270 1126 3341 quidam
1153 3270 1173 3302 ³
1203 3270 1341 3340 quia
1372 3268 1706 3324 hexametro
1728 3266 2010 3339 scriptum
2045 3255 2088 3321 C
2127 3268 2435 3340 septimus,
2506 3267 2992 3340 quadragesimus
3046 3275 3283 3326 octavus
3310 3289 3322 3326 :
3377 3271 3774 3342 octogesimus

370 3368 457 3418 est
487 3360 778 3417 canticum
816 3358 1263 3424 Deuteronomii,
1297 3358 1448 3427 apud
1473 3357 1780 3412 Hebraeos:
1816 3357 2013 3411 trime-

368 3457 457 3506 tro
487 3466 620 3505 vero
660 3454 716 3505 et
764 3452 1100 3503 tetrametro
1131 3445 1333 3516 scripti
1385 3449 1524 3500 sunt
1568 3444 1776 3516 psalmi
1820 3461 2012 3500 versu.

371 3539 519 3611 Ergo
550 3539 652 3610 qui
681 3538 836 3609 apud
870 3537 1158 3603 Hebraeos,
1191 3535 1285 3589 alii
1317 3540 1454 3590 sunt
1485 3534 1583 3604 qui
1616 3535 1768 3605 apud
1802 3551 1927 3589 nos.

445 3627 558 3698 Ipsi
597 3627 796 3691 David,
858 3625 1087 3694 tertius,
1147 3629 1412 3694 quartus,
1471 3622 1736 3694 quintus,
1792 3629 2012 3688 sextus,

369 3716 681 3786 septimus,
728 3719 985 3783 octavus,
1037 3729 1248 3778 nonus,
1309 3712 1592 3778 decimus,
1642 3711 2011 3781 undecimus,

368 3802 776 3866 duodecimus,
837 3803 1099 3857 decimus
1153 3801 1379 3866 tertius,
1433 3801 1693 3855 decimus
1747 3807 2012 3872 quartus,

367 3892 633 3948 decimus
656 3890 921 3962 quintus,
936 3887 1198 3943 decimus
1217 3887 1714 3952 sextus,decimus
1733 3890 2013 3959 octavus“,

367 3982 636 4038 decimus
668 3997 876 4050 nonus,
907 3977 1241 4044 vicesimus,
1293 3977 1607 4032 vicesimus
1648 3978 1894 4048 primus,
1930 3976 2051 4032 vi-'

371 4071 626 4128 cesimus
673 4068 988 4134 secundus,
1043 4065 1356 4121 vicesimus
1415 4066 1642 4130 tertius,
1702 4067 2014 4121 vicesimus

372 4163 639 4232 quartus,
673 4157 986 4214 vicesimus
1007 4155 1270 4227 quintus,
1301 4154 1613 4210 vicesimus
1635 4159 1852 4218 sextus,
1871 4156 2016 4211 vice-

369 4249 558 4304 simus
590 4247 896 4320 septimus,
930 4244 1240 4300 vicesimus
1274 4248 1531 4310 octavus,
1561 4243 1875 4299 vicesimus
1907 4261 2010 4300 no-

370 4355 525 4405 nus;
579 4335 932 4406 tricesimus,
987 4334 1318 4389 tricesimus
1381 4333 1628 4404 primus,
1681 4332 2014 4388 tricesimus

365 4425 683 4491 secundus,
719 4424 1055 4479 tricesimus
1085 4422 1318 4486 tertius,
1352 4420 1691 4476 tricesimus
1742 4427 2010 4492 quartus,

365 4514 704 4569 tricesimus
749 4513 1011 4583 quintus,
1045 4511 1378 4565 tricesimus
1411 4515 1630 4579 sextus,
1679 4510 2012 4565 tricesimus

367 4603 680 4675 septimus,
714 4601 1046 4656 tricesimus
1094 4604 1354 4663 octavus,
1405 4598 1736 4653 tricesimus
1782 4615 2010 4666 nonus;
2045 4623 2091 4686 D

368 4691 894 4764 quadragesimus;
918 4687 1463 4762 quinquagesimus,
1485 4687 2013 4758 quinquagesimus

369 4780 620 4854 primus,
663 4777 1189 4850 quinquagesimus
1237 4775 1552 4842 secundus,
1600 4775 2010 4848 quinquagesi-

441 4926 457 4958 ¹
493 4923 681 4978 Codex
711 4919 1103 4985 Ambrosiam,
1137 4922 1196 4974 in
1225 4918 1416 4974 ordine
1449 4922 1506 4972 ut
1522 4920 1728 4989 jacere,
1761 4923 1868 4972 etc.

439 4997 459 5028 ²
489 4995 569 5049 Ex
595 4995 703 5049 hoc
733 4993 857 5047 loco
889 4997 944 5047 et
988 4991 1119 5046 aliis
1163 4990 1659 5062 consequentibus
1711 4991 2016 5046 manifeste

369 5065 735 5138 comprobari
767 5068 976 5138 potest,
1039 5061 1371 5138 Eusebium’
1399 5061 1813 5138 Cesariensem
1865 5063 2015 5138 scri-

410 5132 592 5192 torem
627 5132 805 5192 fuisse
834 5135 1141 5190 verborum
1175 5133 1352 5205 hujus
1385 5132 1603 5205 prologi
1632 5150 1644 5188 :
1678 5138 1816 5188 sunt
1855 5135 2011 5189 enim

410 5153 592 5192 torem
627 5153 805 5192 tuisse
834 5153 1141 5190 verborum
1175 5153 1352 5205 nujus
1385 5153 1603 5204 prmogl
1632 5153 1644 5188 :
1678 5153 1816 5188 sunt
1855 5153 2011 5189 enim

367 5153 946 5278 fiypothesesipsius
967 5206 1026 5261 in
1058 5204 1356 5278 Psalterio,
1391 5220 1517 5274 qua:
1563 5203 1756 5278 Graece
1785 5209 2016 5278 exstant

369 5276 517 5350 tom.
553 5295 617 5350 vi
657 5276 1138 5350 Polyglottorum,
1172 5276 1440 5350 Londin.‘
1467 5292 1521 5347 p.
1556 5276 1678 5350 137,
1731 5280 1786 5350 et
1819 5277 2016 5350 Latine

369 5349 523 5421 apud
557 5346 832 5405 Thomas“.
867 5354 1074 5405 Carum
1099 5346 1540 5421 praeiationibUs
1560 5346 1619 5400 in
1643 5346 2011 5403 Psalterium.

367 5418 565 5494 Atqui
616 5421 929 5494 Eusebium
978 5421 1037 5476 in
1089 5418 1196 5494 hoc
1250 5418 1488 5494 prologo
1538 5434 1638 5491 per
1690 5435 1912 5494 pannos
1952 5428 2017 5494 et

367 5489 673 5565 segmenta
735 5492 948 5565 Latinis
1004 5493 1206 5565 tradit,
1252 5489 1550 5546 ’ordin'em‘
1611 5489 2014 5565 Hypetheseibv

368 5561 707 5622 subvertere
733 5563 982 5628 studuit,
1006 5579 1077 5617 ne
1095 5564 1312 5635 furtum
1328 5561 1798 5635 agnosceremus.
1826 5561 2013 5620 MART.

438 5638 459 5673 ⁸
490 5635 888 5693 Emendamus
917 5650 983 5691 ex
1017 5633 1389 5690 AmbrosianI
1415 5651 1526 5692 ms.
1567 5635 1750 5692 Antea
1775 5633 1834 5691 in
1861 5639 2016 5692 recto

367 5710 493 5776 erat
521 5708 672 5768 Filii.

2128 3356 2354 3420 tertius,
2387 3357 2778 3428 octogesimus
2808 3363 3074 3428 quartus,
3107 3359 3502 3430 octogesimus
3549 3365 3771 3422 sextus,

2126 3445 2517 3517 octogesimus
2558 3451 2815 3516 octavus,
2866 3447 3043 3501 simul
3073 3463 3148 3502 x1.
3203 3449 3340 3502 Sine
3389 3447 3624 3503 nomine
3673 3446 3778 3518 qui

2126 3541 2352 3590 tantum
2387 3535 2915 3606 superscriptiones
2945 3535 3184 3606 habent,
3211 3552 3326 3592 non
3361 3541 3554 3592 tamen
3587 3537 3776 3610 signi-

2127 3625 2303 3678 ﬁcant
2331 3625 2500 3694 cujus
2531 3623 2666 3689 sint,
2719 3625 3119 3696 sexagesimus
3169 3625 3433 3696 quintus,
3476 3625 3779 3697 sexagesi-

2125 3713 2314 3768 simus
2346 3717 2562 3781 sextus,
2598 3713 3014 3784 nonagesimus
3046 3714 3293 3785 primus,
3349 3714 3782 3786 nonagesimus

2125 3809 2383 3868 octavus,
2419 3799 2832 3872 nonagesimus
2872 3818 3101 3868 nonus;
3135 3803 3492 3858 centesimus
3524 3805 3784 3875 primus,

2125 3889 2479 3945 centesimus
2511 3889 2775 3943 decimus
2809 3907 3017 3961 nonus,
3052 3892 3410 3946 centesimus
3433 3892 3783 3955 vicesimus,

2125 3978 2480 4034 centesimus
2512 3976 2826 4032 vicesimus
2853 3979 3166 4045 secundus,
3219 3981 3575 4035 centesimus
3626 3981 3786 4034 vice.-

2125 4068 2312 4122 simus
2344 4066 2573 4131 tertius,
2605 4067 2959 4122 centesimus
2991 4067 3304 4124 vicesimus
3334 4073 3603 4139 quartus,
3640 4085 3785 4124 cen-

2123 4156 2372 4212 tesimus
2401 4154 2714 4211 vicesimus
2744 4155 3012 4228 quintus,
3061 4158 3413 4212 centesimus
3457 4159 3793 4214 vicesimus

2124 4245 2429 4316 septimus,
2465 4245 2820 4300 centesimus
2849 4245 3162 4302 vicesimus
3208 4251 3467 4314 octavus,
3521 4247 3794 4302 centesi-

2125 4351 2257 4389 mus
2296 4333 2608 4389 vicesimus
2669 4350 2896 4401 nonus;
2951 4334 3306 4390 centesimus
3363 4335 3708 4392 tricesimus
3745 4338 3795 4407 ’,

2123 4422 2480 4477 centesimus
2510 4422 2845 4477 tricesimus
2870 4423 3100 4491 tertius,
3127 4423 3304 4479 simul
3337 4441 3474 4478 xvn.
3504 4423 3800 4480 Alleluia-

2122 4511 2240 4580 tici,
2274 4511 2627 4565 centesimus
2658 4515 2927 4582 quartus,
2951 4511 3306 4567 centesimus
3336 4513 3604 4584 quintus,
3641 4529 3799 4568 cen-

2124 4600 2369 4654 tesimus
2401 4603 2620 4663 sextus,
2667 4602 3023 4656 centesimus
3069 4602 3354 4672 decimus,
3413 4601 3803 4657 centesimus

2129 4687 2496 4758 undecimus,
2545 4689 2901 4744 centesimus
2959 4690 3362 4760 duodecimus,
3416 4692 3806 4748 centesimus

2125 4777 2389 4832 decimus
2421 4777 2648 4844 tertius,
2683 4777 3038 4832 centesimus
3061 4777 3326 4834 decimus
3347 4783 3614 4849 quartus,
3641 4796 3806 4834 cen-

2195 4923 2216 4953 ⁴
2247 4918 2505 4992 Negandi
2538 4918 2886 4992 particulum
2920 4919 3047 4974 cod.
3075 4920 3498 4992 Ambrosianus
3520 4921 3806 4992 ignorat.

2195 4992 2216 5025 ⁵
2243 4990 2595 5064 Scholiastes
2627 4992 2689 5064 in
2718 4991 2864 5063 psal.
2914 5008 3109 5057 cxvm,
3146 4996 3277 5064 tom
3310 4991 3404 5058 Vl,
3460 4990 3807 5064 Polyglott.

2124 5067 2242 5118 Hoc
2274 5063 2448 5116 etiam
2484 5062 2770 5118 Eusebius
2800 5079 3067 5134 expresse
3098 5063 3261 5134 dixit,
3311 5065 3486 5135 Praep.
3537 5062 3634 5118 Ev'.
3669 5063 3807 5120 lib.

2124 5152 2200 5200 xi,
2234 5151 2359 5200 cap.
2391 5135 2445 5188 5.
2474 5137 2655 5189 MART.

2194 5207 2214 5240 ⁸
2243 5204 2416 5259 Addit
2440 5205 2566 5262 cod.
2588 5205 2780 5277 fidem,
2812 5204 3160 5277 etgdecimum
3191 5209 3504 5277 septimum.

2193 5277 2212 5312 ⁷
2244 5281 2458 5332 lterum
2491 5276 2652 5330 addit
2681 5277 2834 5343 cod.,
2868 5275 3042 5346 idem,
3075 5280 3130 5332 et
3169 5275 3574 5349 sexagesimum
3606 5279 3809 5348 quin-

2125 5358 2265 5415 tum,
2292 5352 2343 5402 et
2368 5349 2766 5417 sexagesimum
2793 5355 3030 5403 sextum.

2194 5420 2214 5454 ³
2246 5419 2582 5474 Econtrario
2613 5418 2707 5474 hic
2735 5419 2860 5474 cod.
2894 5420 3258 5474 centesimum
3279 5423 3633 5477 tricesimum
3666 5423 3814 5476 lcr-

2126 5493 2598 5563 tium,gquartum,
2621 5493 2877 5563 quintum
2905 5495 2954 5546 et
2983 5499 3198 5547 sextum
3228 5491 3446 5548 reticet.

2196 5564 2216 5598 9
2242 5561 2464 5647 Dicitur
2493 5563 2552 5618 in
2583 5561 2954 5620 Ambrosian.
2987 5563 3138 5632 cod.,
3184 5566 3508 5622 centesimus
3554 5564 3816 5621 tricesi-

2125 5650 2247 5692 mus
2272 5650 2508 5708 primus.
