3992 6194
296 390 447 452 1381

295 618 514 681 sextus,
547 614 903 672 centesimus
933 616 1198 675 decimus
1244 621 1552 694 septimus,
1584 627 1938 684 centesimus

292 701 557 759 decimus
589 707 863 773 octavus;
897 707 1254 765 centesimus
1283 710 1619 769 tricesimus
1668 720 1935 788 quartus,

293 791 652 848 centesimus
700 792 1032 851 tricesimus
1076 796 1358 868 quintus;
1406 803 1763 860 centesimus
1794 823 1937 878 qua-

292 975 512 1040 sextus,
546 971 904 1028 centesimus
935 975 1423 1048 quadragesimus
1451 985 1709 1051 octavus,
1744 988 1933 1040 cente-

292 1058 481 1116 simus
533 1061 1024 1134 quadragesimus
1054 1080 1245 1122 nonus
1275 1069 1316 1138 ¹,
1372 1070 1732 1128 centesimus
1763 1074 1937 1145 quin-

289 1146 691 1220 quagesimus,
721 1148 900 1204 simul
928 1167 1066 1207 XVII.
1100 1152 1288 1210 Ethan
1320 1172 1605 1227 LXXXVIII;
1639 1159 1938 1218 Salmonis

288 1246 437 1307 LXXI,
468 1252 653 1293 CXXVI.
684 1237 902 1311 Asaph,
935 1242 1422 1314 quadragesimus
1455 1262 1670 1316 nonus,
1702 1255 1935 1322 septua-

287 1324 551 1397 gesimus
580 1340 772 1382 nonus
793 1328 833 1397 ²,
859 1331 1329 1403 septuagesimus
1361 1336 1676 1407 secundus,
1706 1345 1936 1411 septua-

288 1413 550 1486 gesimus
600 1415 832 1485 tertius,
878 1419 1351 1492 septuagesimus
1397 1429 1664 1494 quartus,
1697 1434 1937 1500 septua-

287 1501 551 1574 gesimus
613 1504 886 1575 quintus,
956 1510 1426 1580 septuagesimus
1503 1519 1736 1584 sextus,
1803 1534 1936 1591 sep-

286 1591 653 1664 tuagesimus
732 1596 1048 1667 septimus,
1118 1602 1589 1673 septuagesimus
1665 1610 1931 1679 octavus,

287 1681 759 1754 septuagesimus
807 1700 1036 1752 nonus;
1083 1689 1496 1760 octogesimus,
1540 1696 1933 1768 octogesimus

286 1769 537 1841 primus,
568 1771 965 1845 octogesimus
1014 1777 1332 1847 secundus,
1364 1779 1542 1836 simul
1592 1798 1691 1838 XII.
1727 1784 1933 1855 Moysi,

285 1858 680 1932 octogesimus
726 1878 934 1919 nonus.
972 1864 1143 1920 Fiunt
1192 1882 1396 1923 omnes
1447 1870 1656 1941 psalmi
1707 1889 1795 1928 CL.
1832 1876 1935 1931 Pro

283 1948 676 2007 torcularibus
726 1969 811 2023 III,
844 1958 902 2008 et
948 1953 1251 2010 Graduum
1300 1974 1389 2027 XV,
1437 1976 1540 2029 pro
1593 1962 1935 2019 nominibus

283 2036 457 2109 positi
489 2043 646 2095 sunt.
682 2040 853 2095 Extra
881 2058 950 2096 CL
981 2059 1095 2097 non
1129 2048 1290 2099 sunt.

340 2108 421 2179 ‘In
454 2126 670 2196 quibus
699 2127 981 2199 psalmis3
1012 2129 1069 2183 in
1103 2134 1698 2205 superscriptionibus
1730 2155 1933 2196 eorum

285 2212 542 2268 obulus‘
577 2215 737 2284 jacet
770 2232 783 2271 :
835 2215 953 2271 hac
986 2234 1164 2289 penes
1193 2221 1349 2277 solos
1378 2225 1757 2298 Septuaginta
1789 2230 1932 2286 infe-

285 2305 518 2357 runtur.
550 2303 747 2375 Neque
794 2321 928 2361 vero
982 2308 1135 2377 apud
1184 2313 1422 2367 caeteros
1452 2312 1804 2387 Interpretes
1843 2320 1932 2374 in-

283 2389 618 2448 veniuntur.
646 2394 873 2459 Quanta
903 2395 1232 2466 adjacentia
1255 2399 1275 2432 ⁵
1304 2400 1362 2453 in
1389 2401 1669 2461 lIebraico
1690 2412 1747 2462 et
1775 2409 1930 2480 apud

285 2483 547 2549 caateros,
577 2498 692 2537 non
740 2487 881 2538 sunt
932 2484 1168 2540 inventa
1217 2503 1395 2557 penes
1444 2491 1827 2567 Septuaginta
1877 2505 1935 2554 et

285 2567 766 2640 Theodotionem,
798 2571 1123 2642 adiecimus
1152 2591 1287 2631 cum
1318 2581 1615 2638 asteriscis
1645 2600 1659 2638 :
1713 2592 1933 2657 quanta

290 2672 424 2713 vero
469 2659 624 2730 apud
671 2667 1023 2717 memoratos
1053 2663 1190 2720 LXX
1219 2670 1320 2721 aut
1349 2668 1806 2730 Theodotionem
1838 2676 1931 2732 in-

286 2747 579 2803 venimus.
630 2748 829 2821 Neque
875 2756 1071 2807 autem
1123 2753 1182 2809 in
1235 2756 1489 2826 Hebraeo,
1540 2776 1727 2834 neque
1774 2767 1931 2837 apud

288 2838 545 2905 omteros,
567 2837 733 2894 obelo
760 2842 1201 2912 supposuimus.
1226 2844 1307 2902 De
1336 2863 1515 2920 supra
1536 2852 1768 2924 scriptis
1797 2871 1931 2912 vero

286 2924 427 2997 quia
481 2928 805 2984 secundum
863 2932 1181 3000 quamdam
1239 2934 1736 3007 dispensationem
1796 2944 1931 3001 LXX

283 3012 645 3087 interpretati
694 3020 853 3088 sunt,
886 3022 964 3073 De
1002 3028 1174 3076 morte
1226 3023 1352 3092 ﬁlii,
1388 3042 1490 3096 pro
1533 3031 1761 3086 occultis
1802 3033 1928 3104 ﬁlii.

288 3102 446 3158 Sicut
478 3120 614 3176 ergo
644 3104 845 3161 eduxit
878 3107 1038 3178 prius
1066 3113 1222 3165 terra
1252 3114 1656 3187 quadrupedia
1698 3124 1755 3176 et
1803 3102 1929 3195 qua

1474 398 1967 469 BREVIARIUM
2012 406 2091 470 IN
2137 410 2491 479 PSALMOS
2507 464 2521 478 .

293 523 544 581 tesimus
600 524 863 583 decimus
927 524 1203 600 quintus,
1259 533 1616 592 centesimus
1674 536 1938 596 decimus
1966 543 2235 614 Agenus
2290 547 2606 608 obtinebat.
2655 556 2956 630 Increpasti
2997 573 3202 635 gentes,

3540 432 3695 506 i382

3245 573 3417 641 periit
3464 577 3686 649 impius.

2048 631 2344 691 Diabolus.
2379 638 2647 706 Quomodo
2692 650 3021 707 annuntiem
3070 656 3255 714 laudes
3294 668 3440 729 tuas,
3471 665 3531 719 in
3557 683 3717 738 por-,

2043 899 2258 969 fugium
2285 903 2466 972 factus
2494 922 2549 961 es
2578 910 2733 966 nobis
2762 914 2825 968 in
2851 923 3259 986 generationem
3287 937 3339 983 et
3376 939 3691 1000 generatio-

2046 1004 2192 1044 nem.
2209 989 2519 1065 Refugium
2544 1002 2868 1059 secundum
2890 1012 3325 1079 generationem
3351 989 3460 1075 fuit
3476 989 3693 1095 EnoCh,

2048 1075 2182 1132 inde
2208 1080 2523 1155 Abraham,
2556 1090 2612 1141 et
2660 1075 2919 1162 reliqua:
2938 1096 3117 1166 Terra,
3151 1100 3373 1163 habens
3420 1075 3692 1182 apﬁudﬂs—e,

2045 1164 2419 1227 absconditos
2451 1180 2700 1243 montes,
2733 1180 3048 1247 novissime
3080 1188 3099 1221 ⁷
3148 1189 3295 1248 sicut
3340 1211 3408 1251 ea
3450 1164 3693 1258 demon-

2046 1256 2254 1312 stravit
2305 1275 2455 1331 aqua
2504 1268 2631 1321 tum
2684 1272 3010 1329 secundum
3055 1280 3319 1350 tempora
3349 1256 3695 1348 terramde-

2050 1346 2311 1413 nudavit,
2343 1355 2399 1404 et
2456 1352 2836 1413 demonstrati
2895 1368 3036 1420 sunt
3085 1346 3335 1427 montes.
3372 1376 3434 1429 Et
3477 1346 3701 1447 dixisti,

2048 1432 2460 1505 Convertimini,
2490 1442 2601 1511 lilii
2628 1448 2934 1506 hominum.
2972 1457 3047 1509 De
3076 1457 3339 1527 gentium
3374 1467 3696 1526 vocatione.

2047 1523 2187 1590 Quia
2240 1528 2393 1583 mille
2449 1534 2604 1587 anni.
2662 1534 2795 1598 Quae
2854 1538 2989 1597 fecit
3045 1523 3225 1618 δίογεί
3270 1566 3283 1604 :
3342 1552 3499 1609 Mane
3551 1523 3699 1614 sicut

2044 1610 2212 1668 herba
2240 1621 2501 1674 transeat.
2536 1620 2669 1684 Quae
2700 1628 3019 1688 secundum
3050 1610 3231 1691 DaVid
3260 1638 3301 1706 ⁸,
3349 1645 3406 1697 et
3437 1610 3696 1703 Salonio;

2044 1717 2200 1771 nem,
2240 1705 2460 1773 Vespere
2500 1709 2735 1768 decidat.
2769 1714 2849 1771 De
2879 1726 3491 1788 consummationibus
3524 1735 3695 1791 deso-

2043 1788 2331 1848 lationum
2360 1795 2710 1869 Jerusalem,
2744 1803 2864 1860 haec
2909 1807 3136 1881 Moyses
3170 1817 3536 1888 prophetavit
3562 1788 3692 1896 Spi-

2046 1877 2161 1932 ritu
2194 1880 2293 1935 Dei
2344 1885 2519 1940 lsrael
2550 1887 2589 1942 9.

2114 1966 2472 2041 Principium
2489 1975 2848 2045 psalmorum
2859 1984 3026 2040 David
3042 1992 3369 2050 secundum
3384 1996 3690 2058 historiam

2043 2071 2169 2125 quae
2202 2056 2261 2111 in
2292 2057 2441 2115 libro
2471 2065 2802 2134 Regnorum
2833 2073 3165 2132 continetur
3194 2096 3207 2134 :
3260 2098 3452 2153 CXLIII,
3487 2087 3689 2145 Adver-

2040 2159 2135 2198 sus
2184 2144 2404 2203 Goliath
2459 2167 2583 2207 cum
2627 2157 2816 2223 stetit;
2866 2177 3018 2233 LVIII,
3071 2166 3203 2223 Cum
3254 2173 3405 2228 misit
3440 2144 3590 2232 'Saul
3639 2189 3693 2235 et

2042 2233 2325 2290 custodivzt
2379 2238 2598 2297 domum
2653 2246 2793 2315 ejus,
2854 2257 2913 2303 ut
2968 2254 3296 2324 interﬁceret
3350 2278 3519 2333 eum;
3577 2284 3690 2336 LVI,

2046 2320 2179 2377 Cum
2219 2325 2370 2394 fugit
2415 2345 2456 2383 α
2498 2332 2644 2401 facie
2690 2334 2825 2391 Saul
2872 2340 2932 2394 in
2977 2320 3278 2416 spelunca;
3323 2320 3520 2421 XXXIII,

2042 2413 2191 2467 venit
2236 2414 2306 2469 ad
2348 2418 2661 2478 Abimelech
2687 2426 3039 2502 sacerdotem,
3072 2442 3126 2488 et
3173 2413 3528 2497 commutavit
3569 2447 3689 2501 vul-

2041 2503 2158 2555 tum
2200 2518 2358 2559 suum
2402 2522 2596 2564 coram
2625 2513 2931 2571 Abimelech
2975 2536 3100 2591 rege
3140 2534 3192 2579 et
3221 2526 3437 2585 dimisit
3461 2548 3607 2603 eum,
3639 2541 3693 2592 et

2041 2589 2217 2658 abiit;
2248 2609 2392 2661 CXLI,
2429 2599 2566 2652 Cum
2596 2603 2746 2670 fugit
2769 2606 2839 2659 de
2869 2604 3017 2679 Geth,
3037 2589 3099 2666 vet
3132 2617 3281 2670 venit
3325 2619 3386 2672 in
3429 2589 3689 2693 spelunca

2041 2679 2369 2749 Modollam;
2410 2702 2481 2754 LI,
2531 2687 2667 2744 Cum
2725 2696 2869 2748 venit
2926 2697 3098 2755 Doech
3154 2702 3427 2764 Idumaeas
3454 2679 3536 2766 let

2039 2772 2317 2826 nuntiavit
2362 2772 2515 2839 Saul,
2544 2786 2595 2832 et
2640 2778 2786 2835 dicit
2833 2785 2890 2838 ei
2916 2802 2936 2838 .·
2990 2788 3140 2844 Venit
3169 2792 3341 2849 David
3372 2798 3431 2867 in
3458 2799 3682 2859 domum

2039 2858 2377 2917 Achimelech
2397 2879 2417 2923 ;
2449 2881 2616 2931 LXXII,
2647 2867 2778 2924 Cum
2805 2878 2942 2929 esset
2970 2877 3030 2930 in
3058 2877 3262 2937 deserto
3288 2858 3490 2943 Iudaee
3508 2906 3529 2950 ,ο
3562 2908 3681 2961 LIII,

2039 2950 2176 3003 Cum
2235 2963 2501 3008 venerunt
2550 2956 2789 3031 Zephei,
2822 2970 2874 3018 et
2923 2964 3187 3024 dixerunt
3233 2973 3452 3030 Sauli:
3496 2950 3685 3041 Nonne

2039 3053 2160 3095 ecce
2192 3040 2361 3096 David
2406 3044 2752 3103 absconditus
2797 3060 2877 3107 est
2918 3070 3080 3125 penes
3124 3075 3263 3129 nos;
3318 3081 3403 3132 Lv,
3456 3068 3683 3136 Quando

2036 3132 2329 3184 tenuerunt
2354 3146 2480 3187 eum
2506 3134 2781 3209 allophyti
2809 3141 2869 3195 in
2896 3141 3026 3199 Geth
3047 3162 3068 3207 ;
3099 3164 3250 3216 XXVI,
3290 3154 3418 3210 Post
3456 3132 3684 3217 mortem

2619 3198 2631 3207 '
2697 3198 2721 3209 ν
2946 3198 2951 3199 ⁷
3013 3198 3019 3199 ⁷
3047 3198 3059 3207 '
3099 3198 3250 3216 """7
3290 3198 3309 3208 η
3337 3198 3417 3210 νυν
3459 3198 3560 3215 ιιιυι
3578 3198 3684 3217 κρυ.

284 3207 352 3245 ex
396 3209 464 3247 ea
512 3198 788 3266 generata
834 3202 990 3264 sunt,
1026 3203 1082 3254 et
1130 3200 1284 3256 sicut
1329 3206 1582 3274 quodam
1630 3212 1929 3282 pascimus
1958 3282 1999 3311 Π
2035 3217 2173 3273 Saul
2196 3220 2521 3292 priusquam
2548 3230 2845 3296 angeretur
2889 3232 2950 3287 in
2990 3251 3209 3308 regem;
3239 3258 3365 3311 XCV,
3400 3244 3534 3302 Cum
3579 3249 3684 3306 άο-

286 3279 431 3311 ΙηΛιΛ
462 3281 715 3311 ἰιιῖηιηννι
766 3284 849 3311 κζ..
877 3290 1005 3311 Α-ι-
1028 3286 1339 3311 α..1---ι--2-
1369 3308 1384 3311 Α
1410 3293 1432 3311 j
1556 3299 1566 3311 ι
1717 3299 1754 3311 ς.
2287 3310 2293 3311 ,
2345 3309 2354 3311 _

2196 3279 2211 3289 ι
2364 3279 2379 3292 ι
2625 3279 2701 3296 g-~
2727 3279 2826 3284 ivv--
2890 3279 2948 3287 νυν
2991 3279 3169 3308 curavit.
3189 3283 3203 3307 ’
3239 3279 3365 3311 Δυν,
3400 3279 3534 3302 uuln
3579 3279 3683 3306 αυ-

284 3279 433 3336 lacte
462 3281 742 3352 primum,
766 3284 850 3339 sic
876 3290 1008 3341 ante
1028 3286 1341 3345 Salvator-is
1364 3293 1677 3353 adventum
1700 3299 1928 3373 dispen-
1957 3282 1999 3350 (ἶ
2038 3323 2159 3361 mus
2199 3309 2487 3379 aediﬁcata
2531 3322 2610 3370 est
2650 3326 2771 3387 post
2797 3324 3185 3395 captivitatem,
3219 3338 3271 3386 et
3300 3349 3431 3389 area
3459 3337 3683 3395 Domina

284 3371 408 3395 ηειιιι
446 3374 529 3395 Αηι
559 3370 955 3395 ἔ..ι--....-ι-ιε-
994 3375 1176 3395 (νη-μεηι
1629 3391 1637 3395 -
1740 3390 1773 3395 _
1846 3392 1857 3395 _

283 3371 413 3424 sata
443 3374 532 3425 est
559 3370 961 3443 interpretatio
994 3375 1423 3448 Scripturarum
1475 3391 1711 3458 propter
1740 3370 1927 3449 Ptolo-

284 3473 494 3513 misum
530 3474 542 3513 :
597 3460 813 3516 etenim
845 3462 1235 3535 interpretata:
1266 3475 1405 3525 sunt
1433 3474 1542 3528 sub
1573 3479 1852 3545 apostolis
1883 3483 1924 3550 ⁸,

283 3545 562 3617 quoniam
592 3553 715 3604 erat
744 3549 1110 3622 impossibile
1143 3560 1377 3627 propter
1425 3560 1824 3624 infidelitatem
1859 3545 1928 3627 de

284 3634 515 3691 Christo
544 3653 642 3693 eas
674 3640 1025 3711 prophetari.

355 3722 585 3779 Nonum
622 3743 634 3778 :
683 3728 981 3796 Conﬁtebor
1010 3733 1114 3786 tibi
1151 3735 1211 3788 in
1240 3738 1348 3791 toto
1375 3741 1533 3796 corde
1561 3760 1696 3815 meo,
1732 3765 1832 3818 pro
1862 3765 1928 3805 eo

283 3812 463 3883 quod,
497 3815 705 3880 gratias
760 3833 879 3887 ago.
926 3820 1173 3876 Narrabo
1229 3828 1416 3882 omnia
1469 3812 1753 3890 mirabilia
1810 3847 1928 3895 tua-

285 3899 511 3971 Moyses
559 3918 673 3957 non
722 3907 919 3962 omnia
961 3915 1084 3963 erat
1115 3913 1409 3981 possibilia
1441 3935 1696 3989 narrare,
1729 3928 1828 3981 sed
1860 3946 1929 3985 ex

283 3993 445 4058 parte
475 4004 540 4043 ea
573 3990 864 4049 mirabilia
895 4014 1024 4066 quae
1058 3998 1113 4051 in
1144 4000 1407 4074 Egypto.
1436 4007 1699 4068 Christus
1730 4022 1925 4074 autem

281 4080 338 4129 et
365 4093 491 4149 quae
522 4095 698 4150 super
717 4082 990 4140 coelestia.
1014 4088 1074 4141 In
1105 4093 1394 4149 avertendo
1427 4098 1715 4156 inimicum
1745 4121 1929 4163 meum

278 4168 599 4221 retrorsum.
636 4169 911 4228 Diabolus
961 4181 1086 4231 erat
1135 4177 1431 4253 inimicus,
1465 4187 1564 4257 qui
1601 4188 1924 4252 humanum

352 4346 367 4379 ι
402 4342 513 4400 Iste
541 4351 868 4428 centesimus
890 4355 1363 4428 quadragesimus
1392 4380 1570 4421 nonus
1601 4368 1659 4424 in
1693 4372 1927 4428 Ambro-

278 4414 429 4470 sian.
465 4433 575 4472 ms.
612 4414 997 4478 desideratur.

347 4487 369 4520 ²
397 4487 502 4614 Hi:
532 4504 764 4562 quoque
792 4497 1219 4565 septuagesimus
1246 4516 1422 4558 nonus
1452 4506 1523 4561 ab
1553 4510 1920 4570 Ambrosian.

347 4574 390 4612 s.
421 4575 453 4612 a
499 4566 605 4614 est.

278 4573 390 4612 ms.
421 4566 605 4616 abest.

347 4629 369 4731 ξ
399 4628 516 4685 Hoc
546 4632 1108 4731 etiam'ab‘ﬂuseb‘i'o
1141 4645 1445 4701 mutuatus
1485 4653 1575 4703 est
1616 4649 1923 4723 imperitus
1955 4654 2001 4719 D
2031 4660 2164 4731 plus
2194 4677 2250 4716 m

274 4698 702 4773 interpres'iste
735 4705 997 4763 Latinus.
1031 4710 1217 4767 MART.

346 4771 368 4860 ς
394 4770 659 4860 intelligi}
691 4777 930 4859 obelum,
958 4781 1064 4860 qui
1096 4784 1392 4860 superﬂua
1412 4787 1668 4860 jugulat.

344 4842 435 4929 5‘E
467 4842 818 4929 marginem
841 4842 1555 4929 contextum-irrepsevra‘nt
1574 4862 1690 4920 duo
1722 4866 1921 4927 isthmc

273 4914 466 4994 verba,
499 4914 769 5008 dste'risc'is
790 4921 1003 5008 “obtritas
1019 4942 1042 5008 ς
1090 4928 1267 5008 quod_
1295 4914 1429 4986 ante
1459 4948 1565 4988 nos
1594 4936 1920 5008 observavit
2027 4947 2343 5004 seruimus.

271 4982 360 5040 Vir
405 4982 670 5046 eruditus
697 4990 851 5048 J.-B.
886 4982 1205 5056 Cotelerlus
1234 4982 1913 5077 ίῑαὲέὲιῖριῖαϊὲἶι⁹ἁὲἵιὶἑῖ

2039 3396 2259 3452 reducta
2301 3403 2428 3455 est:
2473 3417 2671 3471 XXVIII,
2704 3410 2771 3463 In
2819 3419 3286 3475 consummatione
3314 3423 3678 3497 tabernaculi,

2038 3488 2097 3542 in
2125 3503 2230 3559 quo
2255 3505 2390 3544 arca
2427 3494 2602 3561 posita
2648 3501 2775 3551 est:
2821 3516 2974 3569 XXIX,
3005 3506 3068 3559 In
3107 3502 3445 3570 dedicatione
3489 3516 3682 3577 domus

2037 3576 2248 3642 David;
2303 3595 2411 3645 LIX,
2458 3581 2593 3636 Cum
2646 3584 2779 3640 Joab
2832 3595 3189 3659 percussisset
3241 3599 3679 3674 MesOpotamiam

2037 3666 2239 3735 Syriae,
2272 3669 2323 3720 et
2360 3667 2583 3739 Syriam
2617 3672 2780 3743 Saba,
2812 3687 2866 3732 et
2914 3682 3107 3738 vallem
3153 3666 3494 3764 Salinarum,
3543 3696 3677 3756 duo-

2037 3753 2211 3808 decim
2237 3756 2445 3824 millia,
2475 3776 2523 3823 L,
2553 3762 2694 3817 Cum
2722 3768 2868 3821 venit
2896 3768 2966 3824 ad
2994 3787 3116 3827 eum
3137 3778 3370 3835 Nat/Ian
3396 3753 3681 3857 propheta,

2038 3852 2088 3897 et
2118 3844 2346 3900 intravit
2375 3846 2446 3901 ad
2474 3849 2775 3916 Bethsabe;
2807 3872 2892 3923 III,
2928 3858 3060 3916 Cum
3087 3866 3232 3935 fugit
3274 3885 3309 3923 a
3343 3844 3682 3940 facie‘Absa:

2039 3932 2127 3985 ton
2158 3930 2270 4001 ﬁlii
2296 3935 2388 3987 sui
2404 3955 2426 4001 ,-
2463 3952 2561 4002 VII,
2591 3940 2699 3995 Pro
2727 3945 2904 4000 verbis
2934 3947 3063 4005 Cusi
3088 3952 3199 4021 ﬁlii
3227 3954 3448 4014 Gemini
3462 3977 3484 4021 ,·
3513 3979 3681 4033 CXLII,

2040 4018 2173 4073 Cum
2218 4036 2343 4075 eum
2387 4034 2806 4099 persequeretur
2832 4034 3125 4093 Abessalon
3152 4042 3307 4110 ﬁlius
3334 4062 3469 4102 suus
3489 4066 3511 4110 ;
3541 4068 3681 4125 XVII,

2037 4109 2100 4163 Ιη
2140 4109 2228 4164 die
2272 4127 2381 4183 qua
2418 4114 2672 4173 liberavit
2697 4134 2823 4175 eum
2850 4122 3113 4182 Dominus
3140 4130 3205 4185 de
3233 4148 3401 4189 manu
3429 4143 3682 4198 omnium

2034 4199 2396 4256 inimicorum
2423 4219 2668 4271 suorum,
2700 4213 2753 4262 et
2779 4209 2844 4264 de
2872 4229 3041 4269 manu
3068 4216 3222 4274 Saul.

2037 4375 2223 4501 ΝέΑῗτ.
2255 4409 2323 4417 -
2352 4379 2527 4469 Addit
2563 4381 2653 4439 hic
2687 4388 3056 4448 Ambrosian.
3108 4394 3255 4454 liber
3298 4406 3588 4464 asteriscus
3631 4417 3684 4465 et

2037 4463 2065 4501 ο
2101 4463 2129 4501 ρ
2156 4464 2237 4501 us.

2034 4463 2237 4502 coetus.

2103 4518 2125 4552 ⁶
2158 4519 2598 4646 Ισιὲθιιὶῑίεεὶτηθ
2653 4527 2793 4585 dicit
2838 4531 2976 4589 LXX
3021 4535 3367 4613 interpretes
3399 4548 3512 4603 sub
3541 4566 3679 4622 apo-

2103 4587 2199 4645 )lis
2269 4590 2558 4646 crinturas
2590 4597 2782 4646 Graece
2813 4608 3185 4646 frnnalnliaan
3239 4630 3369 4646 ιω...
3403 4621 3677 4646 .......-_.:_

3024 4587 3162 4595 _____
3218 4587 3367 4600 mm,
3399 4587 3512 4603 πυ
3541 4587 3575 4605 ι,
3618 4587 3679 4606 υ-

2033 4587 2199 4679 stolis
2226 4587 2558 4679 Scriptores
2590 4587 3209 4679 Graece‘transtulisse',’
3239 4630 3371 4671 cum
3403 4587 3679 4679 treceiltis

2256 4662 2390 4758 inus
2420 4667 2591 4758 a‘nnis
2620 4677 2756 4728 ante
2776 4662 3678 4758 Christum,interpretati;

2030 4732 2282 4803 perfecta
2311 4735 2405 4790 sit.
2438 4740 2622 4796 MART.

2100 4804 2119 4885 ξ
2151 4804 2452 4885 interserit
2484 4810 2638 4868 idem
2670 4831 2780 4871 ms.
2816 4819 3155 4879 adverbium
3188 4828 3431 4885 quando.

2097 4874 2118 4909 ⁸
2151 4874 2406 4957 Rursum
2438 4897 2506 4936 ex
2535 4885 2738 4942 eodem
2770 4904 2880 4946 ms.
2914 4874 3020 4947 hic
3038 4874 3213 4952 David
3250 4916 3461 4957 nomen
3493 4902 3672 4960 inter-

2097 5019 2118 5053 θ
2146 5017 2305 5077 Idem
2335 5038 2503 5095 mss.,
2532 5027 2874 5101 prophetavit
2897 5036 3100 5107 spiritu
3138 5038 3204 5096 de
3231 5041 3423 5099 Israel.
