3962 6336
2102 321 2277 329 "—-

1319 459 1828 587 PPuZEF
1852 456 2347 587 ATlO.

194 778 285 839 Ad
333 797 481 842 eam
519 782 659 862 jam
703 782 1080 848 devenimus
1125 781 1426 846 editionis
1465 788 1706 845 nostra)
1756 789 2044 862 partem,
2092 798 2226 859 qua
2274 777 2932 859 Eieronymianarum
2984 775 3419 856 Scriptionum

115 877 477 942 absolvitur
506 899 718 962 genus
770 884 968 960 illud,
1001 882 1175 963 quod
1210 889 1309 947 est
1344 882 1598 961 quidem
1630 901 1748 963 pro
1781 884 2147 945 divinarum
2175 925 2193 955 ,
2226 896 2392 959 quas
2426 884 2700 951 tractat,
2732 880 3123 940 Litterarum
3159 893 3421 941 summa

117 973 422 1053 dignitate
452 981 706 1043 caeteris
738 983 1154 1061 praestantius
1182 983 1484 1046 omnibus
1514 1003 1529 1043 :
1569 1000 1687 1061 pro
1719 983 2019 1045 Auctoris
2049 986 2265 1044 autem
2294 979 2655 1042 incredibili
2684 979 3045 1041 eruditione
3084 981 3172 1040 ita
3205 978 3424 1039 excel-

119 1074 225 1151 lit,
261 1079 413 1139 utsi
453 1084 606 1157 post
640 1082 763 1144 hoc
807 1082 1005 1144 ferme
1036 1085 1393 1157 biennium,
1423 1101 1503 1145 ex
1546 1103 1680 1163 quo
1706 1084 1846 1164 ejus
1878 1102 1979 1145 me
2026 1089 2232 1144 totum
2275 1082 2502 1145 devovi
2558 1080 2812 1154 studio,
2868 1082 3081 1161 palam
3133 1080 3424 1159 proﬁteri

117 1177 283 1252 quod
322 1180 539 1240 sentio
571 1180 763 1255 licet,
794 1190 905 1244 aut
935 1202 1036 1245 me
1064 1186 1348 1263 suscepti
1384 1186 1447 1246 in
1481 1185 1581 1247 his
1616 1186 2013 1249 exornandis
2049 1184 2550 1247 Commentariis
2583 1184 2821 1263 negotii
2857 1200 3041 1247 amor
3078 1184 3270 1256 fallit,
3308 1191 3429 1243 aut

121 1294 302 1337 nemo
352 1296 667 1358 umquam
721 1289 863 1359 post
909 1283 1208 1348 homines
1259 1294 1470 1359 natos,
1524 1306 1641 1349 nec
1687 1304 2024 1350 sacrarum
2053 1303 2299 1349 arcana
2327 1303 2548 1347 rerum
2585 1285 2779 1347 altius
2810 1284 3257 1365 iuvestigavit,
3309 1302 3427 1345 nec

118 1378 546 1450 luculentius,
582 1402 663 1443 ex
701 1390 828 1446 tota
859 1387 1266 1463 antiquitatis
1297 1389 1638 1462 memoria,
1667 1395 1865 1465 atque
1891 1386 2068 1447 omni
2101 1384 2590 1463 disciplinarum
2620 1400 2860 1464 genere
2888 1382 3215 1461 exposuit.
3238 1380 3425 1457 Quod

118 1478 171 1539 si
202 1478 458 1543 Veteris
511 1482 970 1557 lustrumeuti,
1021 1504 1169 1564 quae
1208 1485 1525 1548 hactenus
1572 1486 2021 1565 superioribus
2070 1485 2258 1547 tomis
2313 1483 2761 1546 recensuimus
2815 1483 3428 1562 interpretamenta,

125 1584 367 1642 tantam
415 1583 560 1662 ejus
598 1586 949 1665 provincia:
996 1588 1270 1667 gloriam
1321 1588 1813 1649 sustinuerunt:
1846 1605 1994 1666 qua:
2025 1587 2185 1648 Novi
2224 1602 2399 1647 nunc
2431 1585 2816 1647 exhibemus
2839 1628 2857 1658 ,
2897 1585 3093 1645 nullis
3129 1600 3259 1644 non
3294 1600 3435 1644 nu-

121 1684 311 1744 meris
349 1687 655 1750 absoluta
678 1731 697 1762 ,
734 1697 966 1769 prater
989 1708 1132 1752 eam
1164 1690 1420 1751 laudem
1441 1736 1458 1764 ,
1495 1691 1553 1749 id
1589 1690 1790 1751 ferme
1817 1690 2012 1753 etiam
2046 1690 2376 1768 peculiare
2403 1688 2676 1758 habent,
2707 1687 2882 1765 quod
2916 1688 3142 1768 paucis
3185 1704 3435 1749 unum-

130 1785 438 1865 quodque
472 1807 675 1867 opus,
707 1808 837 1852 non
860 1792 994 1872 jam
1021 1792 1166 1853 dico
1198 1793 1559 1865 mensibus,
1586 1791 1696 1852 sed
1733 1792 1961 1853 diebus
1997 1790 2187 1852 fuerit
2214 1789 2876 1867 absolutum,hicque
2906 1789 3154 1867 integer
3179 1794 3431 1865 tomus,

123 1888 177 1948 si
217 1888 537 1952 rationem
586 1909 719 1953 una
765 1893 972 1968 ineas,
1011 1894 1120 1954 vix
1146 1900 1459 1972 quatuor,
1490 1900 1603 1953 aut
1631 1892 1924 1970 quinque
1958 1890 2281 1952 mensium
2323 1890 2544 1952 labore
2576 1888 2957 1951 constiterit.
2990 1888 3272 1949 Tantum
3315 1886 3425 1947 ille

124 1984 568 2050 doctrinarum
598 1991 886 2052 scatebat
914 1990 1208 2064 animus,
1241 1998 1302 2054 et
1334 1990 1491 2063 ψυχή
1532 1993 1688 2067 ὑπἀΡῖ

1871 2010 1951 2044 ›σα
1992 1990 2175 2063 λόγων.
2208 1987 2350 2062 Qua
2384 1986 2645 2066 quidem
2689 1986 2759 2047 in
2806 2003 2877 2047 re
2926 1985 3221 2050 miraculi
3274 1985 3435 2048 mihi

127 2091 333 2153 instar
367 2098 500 2166 est,
538 2093 801 2171 quando
832 2094 967 2171 ipse
1015 2094 1095 2155 de
1140 2110 1213 2155 se
1259 2093 1496 2156 fatetur
1544 2094 1611 2153 in
1648 2092 1922 2170 Prologo
1955 2091 2228 2152 alterius
2259 2087 2405 2151 libri
2454 2088 2522 2149 iu
2566 2087 2921 2165 Epistulam
2962 2086 3042 2151 ad
3073 2086 3389 2166 Ephesios
3415 2132 3434 2164 ,

130 2190 452 2254 interdum
476 2209 593 2272 per
620 2193 907 2271 singulos
932 2192 1062 2257 dies
1087 2211 1285 2273 usque
1305 2192 1392 2253 ad
1422 2210 1750 2252 numerum
1784 2192 1955 2253 mille
2002 2207 2293 2253 uersuum
2327 2188 2655 2269 peruenire
2692 2208 2713 2249 :
2749 2206 2895 2250 cum
2933 2192 3114 2252 tanta
3154 2188 3441 2251 dictandi

130 2290 468 2353 alacritate
490 2333 509 2362 ,
543 2291 649 2352 cui
683 2291 792 2352 vix
828 2308 1017 2370 pares
1046 2292 1386 2356 scribendo
1421 2291 1659 2354 fuerint
1688 2307 2158 2361 amanueuses,
2205 2294 2451 2352 tantam
2495 2292 2561 2353 et
2612 2287 2999 2351 elocutionis
3032 2289 3392 2352 castitatem
3418 2334 3438 2367 ,

133 2396 193 2453 et
223 2389 703 2452 sententiarum
733 2392 986 2469 copiam
1016 2408 1202 2470 asque
1228 2399 1425 2470 atque
1459 2391 1783 2453 delectum
1807 2389 2088 2470 jungere
2121 2390 2435 2470 potuiSse.

212 2495 376 2569 Qum
426 2492 534 2553 hic
589 2492 811 2570 itaque
860 2500 1074 2555 tomus
1131 2493 1578 2574 complectitur
1627 2493 1829 2555 sancti
1866 2493 2074 2554 Patris
2108 2509 2310 2573 Opera
2333 2537 2350 2564 ,
2383 2493 2503 2555 etsi
2537 2512 2669 2557 non
2705 2512 2932 2558 omnes
2954 2541 2974 2573 ,
3006 2495 3447 2558 nobilissimas

137 2601 353 2658 tamen
389 2595 553 2657 Novi
587 2595 982 2657 Testameuti
1014 2600 1231 2673 partes
1259 2594 1628 2657 edisserunt
1656 2613 1672 2653 :
1709 2592 1994 2655 Matthiei
2045 2592 2287 2655 scilicet
2316 2593 2781 2675 Evangelium;
2829 2601 2964 2657 tum
2998 2595 3236 2658 selecta
3261 2613 3450 2675 qua:-

135 2699 282 2762 dam
320 2699 516 2761 Luca:
550 2699 798 2776 capita,
836 2699 1098 2778 triginta
1142 2715 1373 2759 novem
1426 2696 1726 2757 Homiliis
1780 2713 1865 2757 ex
1912 2696 2210 2775 Origenis
2265 2694 2489 2757 Graeco
2536 2696 2767 2758 Latine
2820 2693 3116 2771 redditis;
3164 2703 3452 2775 quatuor

134 2798 421 2887 denique
444 2798 632 2860 Pauli
660 2798 1009 2875 Epistolas,
1033 2798 1113 2860 ad
1136 2798 1400 2860 Galatas
1427 2802 1493 2859 et
1519 2796 1858 2874 Ephesios,
1887 2797 2103 2858 Titum
2132 2803 2193 2857 et
2219 2795 2681 2859 Philemonem.
2705 2798 2914 2876 Atque
2946 2804 3017 2859 ut
3042 2798 3119 2860 de
3150 2798 3452 2876 singulis,

136 2920 286 2980 quae
314 2902 687 2980 praedocere
710 2901 1017 2963 lectorem
1041 2901 1262 2975 decet,
1291 2918 1365 2961 ex
1378 2918 1641 2981 ponam.
1663 2904 1726 2962 et
1748 2900 2071 2979 praecipue
2097 2898 2468 2977 scriptionis
2495 2904 2746 2976 tempus
2773 2918 2788 2958 :
2819 2899 3453 2961 Commentariorum

138 3002 203 3062 in
232 3004 654 3076 Matthmum,
686 3004 797 3081 qui
831 3022 914 3064 ex
958 3002 1439 3081 Scripturarum
1477 3001 1703 3064 ordine
1743 3001 1933 3079 primi
1972 3007 2361 3074 occurrunt,
2405 3008 2691 3078 quatuor
2727 3002 2924 3062 libros
2953 3001 3017 3062 S.
3052 3002 3261 3074 Pater,
3304 3020 3454 3065 cum

139 3104 362 3165 subito
393 3120 476 3165 ex
507 3101 770 3164 Oriente
801 3102 1071 3163 Romam
1100 3103 1531 3182 navigaturus
1557 3100 2014 3165 Cremonensis
2044 3100 2366 3163 Eusebius
2394 3100 2565 3162 hanc
2591 3100 2712 3163 sibi
2741 3103 2932 3180 quasi
2958 3103 3286 3164 sitarciam
3310 3101 3456 3165 dari

130 3205 473 3282 petiisset,
539 3202 652 3264 vix
702 3201 1070 3281 quindecim
1106 3201 1356 3263 dierum
1409 3200 1646 3278 spatio,
1691 3198 2066 3260 imminente
2110 3197 2244 3278 jam
2288 3199 2558 3274 Pascha,
2596 3199 2911 3278 profudit,
2963 3217 3111 3261 cum
3163 3217 3205 3263 a
3257 3201 3457 3263 trium

131 3305 465 3367 mensium
498 3305 920 3383 aegrotatione
980 3302 1245 3364 vixdum
1303 3299 1766 3363 convalescere
1819 3300 2156 3377 inciperet.
2206 3298 2305 3358 Ex
2349 3298 2449 3360 his
2502 3298 2650 3361 facti
2705 3301 3237 3377 circumstantiis,
3289 3318 3456 3379 quas

134 3402 414 3481 ipsemet
466 3404 533 3462 in
591 3401 829 3479 prioris
863 3401 1135 3481 prologo
1168 3400 1317 3462 libri
1356 3405 1596 3460 Auctor
1626 3404 1839 3473 notat,
1895 3397 2236 3460 manifesto
2272 3397 2423 3460 licet
2449 3400 2756 3480 colligere
2779 3443 2797 3472 ,
2832 3400 2913 3462 ad
2948 3418 3143 3478 quem
3171 3417 3454 3477 annum,

134 3502 275 3564 sive
305 3502 466 3562 anni
503 3501 928 3579 perexiguam
960 3506 1207 3578 partem
1243 3498 1651 3561 elucubratio
1684 3499 1805 3559 ista
1838 3499 2183 3576 pertineat.
2212 3499 2307 3561 Ea
2351 3498 2590 3578 quippe
2632 3500 2827 3561 trium
2869 3502 3191 3563 mensium
3236 3520 3454 3583 aegro-

136 3602 337 3673 talio,
372 3618 523 3678 qua:
564 3601 687 3661 sub
718 3599 1242 3680 Quadragesimaa
1271 3600 1497 3661 diebus
1530 3598 1713 3660 illum
1752 3602 2106 3676 utcumque
2145 3600 2469 3678 respirare
2512 3601 2840 3679 permisit,
2875 3602 3069 3681 plane
3105 3603 3329 3665 eadem
3363 3615 3463 3667 est

137 3715 343 3784 atque
382 3704 496 3764 illa
517 3746 535 3775 ,
565 3717 761 3780 quam
793 3702 860 3762 in
896 3701 1169 3779 epistola
1206 3701 1273 3762 in
1306 3708 1527 3763 nostra
1558 3698 1941 3762 recensione
1974 3699 2078 3773 71,
2109 3699 2187 3763 ad
2214 3701 2554 3763 Lacinium
2584 3708 2810 3767 notat:
2847 3702 2994 3784 Ego
3029 3705 3218 3784 longo
3246 3713 3462 3767 tentus

138 3802 571 3875 incommodo,
602 3803 718 3864 vix
731 3801 810 3862 in
839 3802 1057 3863 diebus
1084 3801 1586 3879 Quadragesima:
1614 3801 1930 3881 respirare
1955 3803 2112 3882 capi
2132 3822 2153 3863 :
2181 3809 2243 3865 et
2270 3804 2470 3864 multo
2503 3804 2895 3868 luculentius
2928 3806 2991 3866 in
3013 3805 3115 3881 73,
3140 3805 3220 3870 ad
3245 3806 3462 3869 Evan~

144 3906 368 3986 gelum
402 3924 419 3963 :
465 3904 629 3965 Post
672 3904 925 3982 longam
979 3905 1453 3982 aegrotationem
1475 3948 1493 3980 ,
1524 3903 1639 3964 vix
1669 3904 1740 3964 in
1773 3904 2280 3984 Quadragesima:
2307 3904 2518 3967 diebus
2540 3905 2705 3987 febri
2737 3923 2948 3968 carere
2967 3907 3192 3986 potui,
3226 3916 3280 3969 et
3318 3927 3461 3970 cum

139 4007 332 4069 alteri
363 4024 458 4066 me
493 4004 675 4084 operi
700 4021 1154 4085 praepararem,
1171 4023 1414 4084 paucos
1444 4004 1599 4079 dies,
1627 4007 1739 4086 qui
1758 4017 2131 4088 supererant
2156 4051 2175 4083 ,
2206 4008 2273 4070 in
2297 4007 2586 4070 Matthtei
2615 4009 3045 4088 Expositione
3080 4013 3464 4092 consumpsi.

140 4108 350 4172 Certis
397 4112 619 4168 autem
650 4105 1052 4184 argumentis
1087 4123 1167 4167 ex
1198 4105 1863 4184 Hieronymianarum
1908 4107 2195 4169 maxime
2232 4125 2450 4169 rerum
2490 4108 2661 4169 serie
2697 4107 3093 4171 ostendimus
3129 4111 3194 4172 in
3251 4111 3468 4175 Chro-

140 4206 466 4289 nologicis
495 4206 680 4267 Notis
716 4206 795 4269 ad
826 4223 935 4270 eas
962 4207 1274 4286 epistolas
1299 4255 1316 4285 ,
1353 4215 1482 4269 tres
1510 4208 1657 4269 illos
1691 4227 1943 4271 menses
1976 4212 2059 4273 ab
2107 4211 2261 4271 anni
2317 4210 2749 4272 trecentesimi
2801 4214 3203 4292 nonagesimi
3253 4204 3466 4278 oct'avi

68 4332 73 4335 τ
142 4311 496 4390 primis,ut
523 4310 612 4372 ita
634 4307 866 4381 dicam,
900 4309 1211 4388 calendis,
1246 4310 1370 4370 nisi
1402 4310 1455 4370 si
1487 4312 1690 4373 mavis
1718 4328 1758 4374 a
1790 4312 2145 4391 superioris
2181 4313 2544 4389 Decembri,
2573 4330 2715 4375 esse
2744 4314 3190 4393 supputandos
3219 4337 3236 4376 :
3274 4324 3342 4377 ut
3377 4320 3460 4380 sit

142 4415 309 4477 adeo
340 4414 488 4493 ejus
520 4411 675 4475 anni
701 4411 936 4474 Martio
968 4411 1178 4473 mensi
1214 4410 1594 4474 ascribenda
1647 4413 1957 4491 temporis
1989 4412 2268 4491 epocha,
2317 4431 2465 4475 cum
2502 4420 2565 4475 et
2614 4423 2945 4476 recreatus
2993 4416 3322 4496 paulisper
3359 4427 3462 4479 est

136 4515 206 4576 S.
256 4516 459 4577 Pater
504 4513 589 4573 ab
638 4528 811 4591 aegra
860 4510 1255 4581 valetudine,
1296 4511 1619 4573 etomissa
1646 4510 1859 4574 studia
1904 4511 2077 4572 hisce
2119 4511 2436 4574 dictandis
2469 4511 2533 4572 in
2560 4512 2935 4574 Malthzeum
2964 4512 3462 4579 Commentariis

141 4615 350 4675 nimia
390 4610 705 4675 aviditate
739 4610 1060 4686 repetivit.
1099 4608 1343 4671 Pascha
1369 4652 1385 4682 ,
1440 4608 1611 4686 quod
1661 4608 1797 4689 jam
1847 4609 2184 4671 imminere
2219 4611 2338 4671 sibi
2368 4610 2560 4684 dixit,
2617 4629 2695 4673 eo
2745 4628 2921 4672 anno
2948 4613 3186 4690 Aprilis
3214 4614 3462 4680 decima

139 4724 376 4781 octava
413 4713 520 4774 die
552 4712 846 4790 contigit.
880 4712 947 4772 1d
998 4727 1194 4793 porro
1240 4710 1450 4788 ipsum
1490 4728 1570 4771 ex
1604 4709 1862 4771 Eusebii
1897 4708 1960 4769 in
1993 4710 2243 4770 Italiam
2273 4710 2555 4772 adventu
2586 4713 2983 4772 constituas:
3023 4731 3210 4790 quem
3244 4713 3468 4778 Romm

138 4818 351 4880 fuisse
389 4814 521 4876 hoc
549 4814 695 4893 ipso
727 4829 900 4873 anno
938 4819 1082 4888 post
1114 4810 1394 4870 medium
1416 4856 1434 4886 ,
1471 4816 1749 4872 testatur
1777 4808 2212 4887 Hieronymus
2241 4811 2516 4887 epistola
2562 4810 2626 4870 in
2678 4817 2899 4872 nostra
2932 4816 3309 4876 recensione
3340 4816 3422 4875 Ἧι
3446 4865 3465 4895 ,

132 4921 216 4984 ad
240 4917 590 4987 Ruﬁnum,
622 4931 753 4974 non
781 4913 964 4973 illum
993 4910 1502 4989 Aquileiensem,
1533 4911 1642 4972 sed
1670 4910 1782 4987 qui
1811 4911 2141 4971 Romanus
2170 4910 2503 4987 presbyter
2525 4909 2721 4988 vulgo
2744 4910 2964 4974 audit:
2996 4912 3146 4985 ubi,
3172 4912 3423 4975 Gaudeo
3446 4967 3467 4992 ,

133 5022 397 5102 inquit,
447 5032 646 5096 super
690 5012 1042 5073 testimonio
1075 5027 1225 5090 erga
1254 5028 1345 5071 me
1375 5010 1735 5072 sanctitatis
1790 5018 1948 5086 tum,
1998 5017 2055 5069 et
2108 5025 2316 5070 amore
2349 5007 2557 5069 sancti
2589 5007 2955 5087 Presbyteri
3005 5011 3273 5076 Eusebii
3303 5037 3323 5075 :
3356 5036 3471 5080 mc

131 5126 364 5187 dubito
398 5121 564 5203 quin
591 5135 685 5178 me
709 5112 960 5194 publice
984 5112 1363 5193 praedicetis.
1396 5110 1514 5172 Sed
1548 5118 1610 5171 et
1649 5110 1896 5189 liquido
1944 5111 2267 5173 constabit
2302 5127 2384 5172 ex
2430 5109 2769 5190 ipsiusmet
2821 5111 3255 5188 Aquileiensis
3307 5135 3469 5193 pro-

128 5230 308 5292 fectu
348 5227 681 5286 Romam:
726 5216 895 5277 libro
938 5216 1108 5276 enim
1161 5214 1347 5276 tertio
1393 5212 1723 5291 Apologia:
1765 5216 1994 5273 contra
2026 5211 2322 5274 eumdem
2373 5228 2549 5272 num.
2594 5208 2712 5287 211-,
2770 5216 2911 5290 post
2938 5227 3183 5274 annum
3219 5231 3302 5275 ex
3332 5234 3470 5291 quo

128 5327 420 5390 Ruﬁnus
472 5321 700 5383 isthuc
752 5320 1172 5394 pervenerat,
1229 5311 1568 5376 advenisse
1622 5310 1941 5370 Eusebius
1990 5310 2347 5373 asseritur:
2384 5309 2815 5373 Paulinianus
2867 5316 2923 5368 et
2967 5309 3280 5372 Eusebius
3317 5322 3470 5390 post

127 5450 376 5496 annum
408 5434 650 5490 vestrm
679 5418 1114 5496 navigationis
1139 5415 1415 5495 profecti
1452 5420 1625 5473 sunt.
1666 5411 1967 5475 Ruﬁnum
1998 5430 2156 5478 vero
2186 5412 2316 5496 jam
2342 5428 2383 5475 a
2417 5414 2752 5494 superiore
2802 5430 2976 5477 anno
3019 5413 3138 5474 397
3176 5418 3316 5493 post
3352 5433 3471 5475 re—

124 5538 337 5602 ditum
365 5554 401 5598 e
432 5524 804 5595 Palaestina
833 5566 847 5592 ,
881 5520 1004 5581 sub
1031 5518 1255 5581 Siricio
1286 5523 1609 5580 moratum
1639 5517 1857 5579 Roma:
1890 5535 2065 5595 esse,
2120 5516 2283 5578 nihil
2332 5521 2430 5578 est
2476 5516 2770 5595 dubium,
2819 5523 3083 5595 totaque
3135 5523 3473 5594 gestorum

130 5642 278 5720 ejus
308 5634 605 5700 historia
645 5620 1018 5706 persuadet.
1048 5623 1182 5684 Non
1212 5627 1309 5685 est
1334 5622 1497 5685 adeo
1527 5636 1644 5681 cur
1671 5619 1957 5697 aliquem
1987 5622 2241 5682 moveat
2270 5618 2450 5680 locus
2480 5619 2587 5680 ille
2614 5620 2678 5682 in
2703 5625 2897 5699 caput
2926 5637 2977 5681 ιι
3007 5618 3287 5681 Matthaai
3307 5663 3323 5694 ,
3353 5622 3475 5683 ubi

130 5762 204 5811 se
238 5744 334 5808 ait
360 5740 427 5805 S.
460 5738 671 5801 Pater
699 5726 941 5789 Oscam
971 5724 1345 5803 prophetam
1368 5743 1446 5789 ex
1478 5722 1749 5785 Hebraeo
1778 5738 1981 5803 nuper
2002 5720 2311 5802 edidisse,
2338 5739 2483 5786 cum
2515 5726 2665 5787 ante
2697 5722 2894 5787 ferme
2918 5740 3036 5784 sex
3067 5738 3273 5784 annos
3310 5740 3488 5808 opus.

588 5837 893 5900 Ρλτιιοι.
942 5825 1174 5890 XXVI.

2949 5824 2986 5895 1

1582 658 1913 680 ——-——-.
