3962 6326
562 128 623 183 il
2012 121 2401 179 PMFATIO.
3790 127 3845 181 I2

564 242 727 305 illud
750 243 1123 307 absolutum
1150 242 1283 322 jam
1315 244 1565 305 constet
1596 240 1852 304 ratione
1894 240 2019 303 hac
2061 247 2319 313 nostra,
2345 257 2545 319 quam
2578 256 2663 302 ex
2691 240 3029 321 ipsiusmet
3060 241 3433 303 testimonio
3456 242 3524 304 in
3547 241 3847 322 Catalogo

563 348 829 408 inimus.
860 348 1005 409 Vox
1035 348 1205 408 enim
1237 353 1336 409 est
1376 347 1523 420 illa,
1568 364 1795 424 nuper,
1850 352 1979 406 tam
2005 346 2176 423 apud
2203 347 2700 425 Hieronymum,
2731 348 3028 427 aliosque
3063 349 3201 427 ejus
3231 349 3436 410 aetatis
3465 348 3811 429 Scriptores
3831 392 3846 419 ,

561 448 877 510 indeﬁniti
903 493 921 520 ,
959 450 1237 527 vagique
1269 448 1607 526 temporis,
1644 453 1712 507 ut
1744 452 1991 510 certum
2029 448 2294 524 aliquod
2322 467 2405 509 ex
2442 466 2515 509 ea
2549 450 2854 524 spatium,
2884 455 3384 527 respectumque
3419 451 3625 517 illum,
3660 465 3847 526 quem

558 554 800 611 Auctor
850 551 915 609 in
965 549 1306 610 scribendo
1336 548 1595 619 habuit,
1650 548 2001 611 decernere
2050 549 2321 609 omnino
2368 566 2497 608 non
2546 549 2761 610 liceat.
2798 551 3136 628 Ambiguae
3180 550 3321 626 ejus
3368 549 3846 628 signiﬁcationis

560 652 926 729 exemplum
957 668 1038 710 ex
1067 650 1375 709 hiscemet
1404 648 1471 707 in
1504 647 2421 725 MatlhmumZCommeutariis,
2452 646 2711 708 lectoris
2741 665 2900 708 sane
2926 647 3193 725 dignum
3217 649 3666 709 observatione
3701 662 3851 727 pro-

554 770 818 836 ponam.
848 754 941 814 Ad
971 754 1199 833 capitis
1231 770 1327 813 xu
1355 751 1749 815 versiculum
1780 750 2102 815 decimum
2135 751 2424 822 tertium,
2452 767 2522 813 se
2569 750 2664 813 ait
2702 749 2769 813 8.
2824 750 3084 818 Doctor.
3110 749 3535 827 Evangelium
3564 749 3847 812 Nazare-

548 870 808 923 norum,
834 851 1057 931 Nuper
1086 852 1155 913 in
1187 850 1473 914 Grecam
1498 848 1573 913 de
1605 848 1871 913 Hebrum
1900 866 2183 913 sermone
2218 848 2642 912 transtulisse.
2690 849 2766 917 Ut
2812 850 3151 917 minimum
3182 849 3289 915 hic
3326 858 3549 928 putes,
3598 856 3846 912 sextum
3928 926 3929 929 η

548 959 634 1020 ab
682 956 806 1018 hoc
850 973 1101 1018 annum
1145 954 1476 1034 designari
1528 972 1796 1015 necesse
1848 953 1981 1015 sit:
2026 951 2345 1027 siquidem
2387 969 2533 1015 eam
2568 951 2776 1031 ipsam
2823 952 3425 1031 interpretationem
3464 970 3546 1013 ex
3580 951 3845 1013 Hebrum

546 1064 863 1119 memorat
882 1059 947 1117 in
964 1054 1643 1116 Virorumlllustrium
1659 1054 1969 1131 Catalogo
1999 1071 2055 1113 c.
2088 1052 2152 1123 2,
2179 1068 2374 1133 quem
2406 1069 2582 1113 anno
2612 1054 3030 1131 nonagesimo
3059 1053 3344 1115 secundo
3372 1072 3569 1133 supra
3597 1060 3844 1116 treccnv

545 1161 876 1233 tesimum,
914 1158 1172 1220 nemine
1204 1156 1540 1225 dittiteule.
1580 1156 1944 1220 adornavit.
1986 1156 2229 1219 Verum
2280 1156 2469 1234 quid,
2521 1174 2670 1217 cum
2713 1156 2908 1218 etiam
2967 1157 3079 1218 illo
3129 1156 3420 1237 Catalogi
3473 1159 3680 1238 capite
3730 1158 3845 1220 hoc
3928 1158 3929 1241 ᾖ

548 1266 775 1345 Nuper
807 1264 1117 1326 adverbio
1157 1268 1377 1326 utatur
1427 1262 1510 1324 ad
1554 1277 1692 1321 sum
1721 1268 1974 1338 tempus
2022 1259 2467 1321 translationis
2521 1257 3066 1338 signiﬁcandum?
3108 1261 3549 1339 Euangelitsttt,
3595 1262 3841 1340 inquit.

541 1364 713 1446 quod
745 1366 1105 1444 appellatur
1135 1361 1478 1423 secundum
1495 1359 1815 1431 Hebraeos,
1843 1380 1882 1420 a
1910 1378 2003 1419 me
2020 1375 2224 1438 nuper
2256 1359 2325 1420 in
2352 1357 2638 1420 Graecum
2662 1359 3084 1440 Latinumque
3106 1378 3445 1423 sermonem
3473 1362 3846 1423 translatum

540 1474 656 1528 est.
693 1465 1247 1540 Quemadmodum
1275 1478 1513 1541 supra,
1560 1460 1667 1523 hic
1707 1478 1973 1539 quoque
2011 1461 2065 1520 si
2100 1476 2310 1521 annos
2339 1459 2635 1522 denotari
2675 1461 2880 1533 velis,
2928 1460 3065 1539 jam
3104 1479 3236 1523 non
3270 1479 3384 1525 sex
3437 1479 3685 1539 annos,
3737 1463 3845 1524 sed

543 1564 882 1626 duodecim
916 1564 1118 1642 priori
1152 1565 1296 1624 loco
1320 1562 1751 1641 supputabis:
1790 1567 1987 1639 atque
2020 1560 2185 1622 adeo
2214 1576 2630 1637 quocumque
2674 1564 2737 1621 te
2783 1563 2975 1625 modo
3004 1568 3336 1642 torqueas,
3389 1579 3741 1643 numquam
3771 1581 3845 1625 eo
3928 1606 3929 1643 ᾗ

536 1666 869 1743 deveuics,
903 1640 974 1725 ut
1000 1672 1245 1726 certam
1278 1640 1468 1725 abea
1504 1667 1662 1726 nota
1702 1661 2010 1739 temporis
2068 1661 2234 1725 inire
2282 1661 2600 1725 rationem
2652 1664 2886 1740 possis.
2944 1664 3062 1727 His
3120 1640 3322 1744 igitur
3373 1640 3843 1744 protei-missis,

539 1785 687 1846 quin
717 1738 907 1846 plane
935 1767 1259 1828 immerito
1290 1765 1374 1826 cl.
1406 1738 1891 1827 Tillemontium
1917 1778 2225 1825 movero:
2259 1778 2435 1824 nunc
2461 1738 2672 1826 obiter
2698 1770 2984 1842 praestat,
3010 1738 3347 1827 auctorem
3367 1738 3846 1833 bissertationis
3928 1738 3929 1765 Χ

538 1873 613 1933 de
646 1869 1099 1931 Fundamentis
1129 1867 1508 1930 Christiana
1539 1865 1892 1944 Religionis
1921 1864 2253 1935 refellere,
2282 1868 2397 1944 qui
2426 1866 2904 1947 Hieronymum
2931 1869 3288 1931 arbitratus
3315 1878 3413 1932 est
3442 1870 3509 1930 in
3536 1888 3614 1934 ea
3646 1870 3847 1935 fuisse

536 1975 881 2046 sententia,
945 1978 1017 2034 ut
1063 1974 1362 2047 doceret,
1398 1988 1481 2031 ex
1518 1969 1897 2049 apocrypha
1942 1968 2241 2030 Ieremia
2285 1970 2477 2041 libro,
2523 1987 2718 2049 quem
2770 1971 2864 2030 illi
2913 1971 3267 2035 Nasarens
3317 1981 3506 2034 sectas
3537 1973 3845 2036 Hebraeus

533 2077 811 2153 obtulit,
838 2075 1119 2137 Matthoi
1151 2090 1294 2152 cap.
1326 2088 1511 2135 xxvtt
1548 2088 1807 2133 versum
1835 2087 2080 2130 nonum
2110 2068 2193 2131 de
2221 2070 2485 2148 triginta
2514 2072 2877 2152 argenteis,
2927 2075 3100 2151 quod
3137 2076 3416 2154 pretium
3459 2075 3573 2137 iuit
3609 2091 3850 2155 appro—

538 2180 708 2257 tiati,
737 2178 1010 2239 laudari.
1038 2177 1263 2253 Neque
1287 2172 1456 2235 enim
1480 2189 1558 2234 ea
1580 2189 1762 2239 mens
1790 2170 2174 2249 Hieronymi
2211 2170 2353 2239 iuit,
2386 2171 2499 2249 qui
2532 2190 2604 2232 se
2636 2172 2839 2235 tradit
2873 2172 3107 2235 vidisse
3137 2174 3398 2251 quidem
3427 2193 3576 2241 eum
3611 2176 3848 2238 librum

541 2280 843 2340 Jeremiee
870 2278 1033 2337 [also
1059 2276 1439 2354 ascriptum,
1470 2274 1537 2334 in
1562 2288 1699 2351 quo
1731 2269 1927 2335 ver'ba
1976 2288 2124 2350 qua
2171 2270 2515 2333 Mattheus
2555 2274 2814 2345 laudat,
2850 2273 2929 2335 ad
2978 2274 3259 2341 litteram
3305 2277 3846 2357 inveniebantur;

538 2380 651 2443 scd
681 2382 759 2443 ad
793 2380 932 2458 ejus
968 2377 1357 2437 sententiam
1406 2374 1582 2451 quod
1611 2373 1877 2442 attinet,
1919 2378 2170 2433 tantum
2206 2372 2425 2446 abest,
2454 2376 2525 2433 ut
2562 2374 2646 2433 ab
2677 2373 2792 2432 illo
2828 2374 3073 2451 putarit
3104 2376 3494 2455 Apoerypho
3536 2385 3838 2457 accepta,
3928 2384 3929 2458 ξ

531 2488 605 2542 ut
638 2481 841 2558 magis
870 2496 906 2539 n
942 2478 1255 2558 preplieta
1292 2474 1605 2535 Zacharia
1637 2472 1888 2535 desumi
1920 2472 2291 2532 contendat.
2318 2472 2516 2552 Legi,
2556 2475 2815 2553 inquit,
2864 2492 3068 2555 nuper
3110 2477 3181 2538 in
3220 2478 3490 2558 quodam
3522 2479 3845 2543 Hebraico
3928 2472 3929 2503 Ψ

532 2583 874 2659 uolumine,
910 2582 1081 2663 quod
1109 2581 1172 2643 Ν
1177 2597 1459 2645 osorem
1485 2586 1663 2642 uete
1686 2579 1842 2641 mihi
1877 2579 2180 2641 Hebrum
2214 2580 2485 2657 obtulit,
2509 2583 2795 2643 Ieremia
2826 2600 3282 2655 seocnrrnuu,
3313 2582 3382 2646 in
3404 2602 3530 2665 quo
3558 2585 3683 2648 hac
3726 2588 3752 2667 (
3766 2585 3850 2650 Et
3928 2572 3929 2657 Ῑ

537 2692 928 2765 accepeth
964 2683 1226 2763 triginta
1260 2687 1628 2762 argenteos,
1658 2683 1938 2760 pretium
1969 2681 2315 2758 appretiati
2337 2725 2354 2751 ,
2387 2698 2583 2759 quem
2615 2683 3153 2763 appretiaverunt
3178 2702 3217 2745 a
3249 2684 3397 2751 [iliis
3428 2686 3657 2759 Israel,
3691 2687 3844 2767 rte.)

531 2785 616 2847 ad
643 2784 893 2849 uerbum
927 2785 1169 2864 scripta
1190 2784 1421 2864 reperi.
1453 2781 1579 2845 Sed
1609 2791 1812 2843 tanien
1840 2780 1995 2844 mihi
2028 2782 2282 2843 videtur
2320 2782 2520 2862 magis
2556 2783 2629 2844 de
2659 2784 2976 2848 Zacharia
3022 2796 3342 2867 sumptum
3374 2788 3803 2863 testimonium
3826 2808 3847 2848 :

530 2884 1094 2965 Evangelistarum
1123 2892 1187 2943 et
1219 2882 1667 2961 Apostolorum
1708 2898 1881 2945 more
1900 2880 2188 2959 uulgato,
2218 2882 2327 2962 qui
2360 2882 2696 2945 uerborum
2720 2885 2941 2947 ordine
2969 2889 3419 2966 pratemisso,
3445 2906 3658 2952 sensus
3684 2899 3848 2952 tan-

533 3000 667 3051 tum
693 2990 766 3050 de
804 2989 1009 3049 Veteri
1053 2989 1441 3048 Testamento
1486 2987 1823 3066 proferunt
1858 2988 1929 3048 in
1962 2986 2332 3065 exemplum.
2370 2985 2464 3047 lta
2499 2986 2689 3065 plane
2717 2996 2782 3051 et
2809 2990 3128 3070 Origenes
3174 2992 3379 3053 sensit
3412 3011 3429 3051 :
3480 3010 3597 3055 nec
3640 2993 3846 3057 l'erme
3928 2985 3929 3051 Ῠ

531 3095 793 3170 dubito,
825 3093 982 3172 quin
1010 3093 1092 3154 ab
1127 3092 1268 3168 illo,
1313 3095 1387 3152 ut
1420 3090 1733 3168 pleraque
1756 3091 1885 3151 alia
1916 3088 2109 3167 hujus
2140 3090 2607 3151 Commentarii
2628 3134 2646 3162 ,
2684 3091 2747 3155 S.
2791 3092 2978 3153 Pater
3005 3090 3326 3153 delibarit.
3350 3093 3659 3172 Equidem
3692 3113 3846 3155 cum
3928 3090 3929 3093 “

537 3198 726 3259 illum
762 3212 1413 3275 recognosceremus,
1464 3212 1599 3254 non
1653 3196 1868 3255 minus
1920 3195 2188 3254 multum
2219 3194 2285 3254 in
2317 3194 2721 3257 emendando
2748 3198 3175 3277 ornandoque
3200 3199 3583 3280 Hieronymi
3611 3206 3795 3262 textu
3825 3247 3846 3279 ,

530 3317 728 3379 quam
788 3299 851 3359 in
906 3297 1322 3377 Origenianis
1383 3296 1676 3373 laciniis,
1730 3311 1896 3375 quas
1922 3294 2035 3355 ille
2071 3295 2139 3354 in
2173 3310 2296 3357 sua
2334 3296 2702 3372 transtulit,
2752 3297 3270 3361 internoscendis
3323 3299 3847 3379 exhibendisque

530 3402 916 3466 industriam
954 3401 1318 3479 posuimus.

607 3504 1072 3584 Snbjungimus
1101 3503 1177 3562 ad
1210 3500 1695 3579 Scripturarum
1730 3498 1965 3559 seriem
1993 3498 2305 3561 Homilies
2334 3501 2600 3582 triginta
2631 3521 2859 3567 novem
2893 3506 2955 3567 in
2994 3507 3261 3585 Lucam,
3306 3525 3470 3587 quas
3497 3509 3575 3571 de
3607 3509 3847 3573 Graeco
3928 3488 3929 3565 Ῠ

523 3606 768 3666 dudum
794 3603 1039 3664 laudati
1062 3600 1366 3677 Origenis
1395 3600 1459 3657 in
1492 3599 1792 3658 Latinum
1829 3597 2271 3677 Hieronymus
2312 3602 2703 3681 cXplicavit,
2754 3622 3006 3684 nosque
3052 3606 3194 3687 ejus
3249 3627 3517 3687 operum
3563 3608 3851 3671 absolu-
3928 3628 3929 3677 ι

526 3709 793 3768 tissime:
830 3703 1211 3767 Coilectioni
1236 3718 1415 3762 nunc
1441 3700 1718 3781 primum
1744 3698 2105 3779 junximus.
2137 3718 2218 3760 cx
2246 3699 2649 3764 Genebrardi
2679 3705 2958 3769 editione
2990 3709 3113 3769 huc
3138 3708 3399 3784 ascitas,
3441 3716 3505 3770 et
3549 3709 3848 3788 plurium
3928 3718 3929 3771 Τ

524 3824 684 3870 sane
719 3809 1013 3868 locorum
1043 3802 1520 3863 instauratione
1552 3801 1965 3862 illustriores.
1998 3801 2087 3862 Ad
2113 3800 2409 3865 Gracum
2441 3821 2667 3868 earum
2706 3809 3047 3888 exemplar
3071 3808 3242 3889 quod
3275 3811 3506 3872 attinet
3527 3786 3847 3890 ,vjamdiu
3928 3786 3929 3869 Ῑ

522 3910 680 3973 olim
704 3907 944 3988 injuria
972 3913 1334 3985 temporum
1360 3901 1769 3964 intercidisse
1794 3950 1812 3979 ,
1841 3905 2155 3966 creditum
2177 3914 2275 3968 est
2298 3954 2315 3982 ,
2345 3926 2492 3969 cum
2525 3928 2751 3972 recens
2788 3912 2942 3973 illud
2972 3921 3301 3993 repertum
3335 3930 3569 3996 magna
3602 3916 3847 3979 saltem

525 4030 609 4073 ex
660 4016 841 4092 parte
892 4026 926 4070 a
975 4023 1229 4085 nupero
1278 4003 1828 4083 Origenianorum
1866 4005 2150 4082 Operum
2186 4009 2435 4071 editore
2469 4013 2862 4075 inaudimus.
2903 4014 3200 4079 Humilia:
3237 4020 3451 4079 autem
3487 4017 3645 4093 illze,
3685 4036 3847 4097 qum

521 4122 582 4176 et
630 4110 843 4173 diebus
888 4105 1230 4169 Dominicis
1274 4104 1458 4166 diem
1493 4109 1961 4185 prtenotantur,
1992 4112 2054 4168 et
2084 4107 2264 4168 lusus
2302 4108 2616 4187 juvenilis
2652 4114 2858 4173 astatis
2907 4128 2943 4174 a
2996 4122 3219 4175 nostro
3258 4114 3577 4176 habentur
3611 4116 3849 4177 Inter-
3928 4104 3929 4153 Ὗ

520 4216 726 4293 prete,
775 4207 1028 4271 tametsi
1077 4205 1269 4266 unius
1306 4203 1709 4275 Adamantii,
1764 4222 1892 4264 non
1949 4207 2142 4266 unius
2196 4213 2409 4269 tamen
2462 4216 2613 4270 sunt
2659 4210 3077 4299 ejusdemque
3132 4216 3378 4277 feturae.
3432 4216 3845 4282 Posteriores
3928 4203 3929 4271 Ῑ

524 4330 757 4389 nempe
794 4327 939 4381 sex,
966 4323 1112 4386 quin
1134 4310 1407 4383 emptam
1439 4304 1627 4365 Lucae
1659 4304 2134 4382 expositionem
2163 4322 2295 4366 non
2329 4309 2746 4382 continuant,
2788 4328 2905 4371 nec
2934 4311 3257 4389 prioribus
3293 4315 3554 4395 triginta
3590 4318 3839 4396 tribus,
3928 4310 3929 4395 Ῐ

528 4428 676 4490 quae
704 4416 950 4471 rectum
979 4406 1271 4467 ordinem
1302 4408 1557 4503 tenent,
1588 4410 1759 4503 recta
1793 4404 2184 4477 succedunt,
2222 4422 2304 4467 ex
2333 4407 2459 4469 alia
2483 4408 2916 4472 Homiliarum
2948 4418 3127 4474 strue
3154 4412 3452 4478 videntur
3480 4425 3839 4503 excerptas.

529 4511 625 4574 Cl.
664 4524 927 4587 quoque
956 4504 1235 4566 Boetius
1262 4501 1468 4563 multo
1498 4502 1877 4580 ampliorem
1914 4503 2146 4563 harum
2177 4506 2500 4567 exstitisse
2537 4512 2906 4590 congeriem
2937 4531 3018 4575 ex
3051 4532 3129 4575 eo
3159 4517 3420 4592 probat,
3447 4518 3619 4596 quod
3653 4501 3845 4586 tomo

523 4610 679 4675 Xlli
698 4658 713 4686 ,
737 4612 800 4670 in
827 4610 1142 4670 Joannem
1166 4607 1406 4667 Auctor
1439 4603 1761 4673 declarat,
1789 4608 1858 4661 τά
1885 4608 2007 4683 περὶ
2031 4614 2087 4661 τᾶ

2364 4611 2633 4685 προϐάτων
2656 4612 2801 4685 ἔχειν
2828 4617 2899 4678 εἰς
2927 4618 3023 4678 τὰς
3047 4618 3181 4673 κατὰ
3206 4626 3406 4675 Λονκᾶν
3432 4620 3627 4692 ὁμιλίας
3651 4639 3664 4677 ἶ
3688 4640 3843 4701 qua

521 4711 604 4771 ad
639 4720 882 4771 centum
914 4709 1129 4768 ovium
1171 4702 1540 4786 porabolam
1584 4715 1904 4785 spectant,
1961 4726 2021 4767 se
2064 4710 2133 4769 in
2167 4709 2469 4774 Homiliis
2498 4714 2566 4775 in
2602 4715 2834 4777 Lucam
2870 4718 3285 4783 edisseruisse.
3329 4723 3488 4785 Cum
3534 4724 3702 4785 enim
3756 4726 3837 4788 in

520 4813 784 4893 triginta
816 4827 1052 4871 novem
1084 4808 1183 4869 his
1204 4852 1219 4880 ,
1255 4822 1403 4884 que
1434 4816 1794 4884 supersunt
1820 4809 2050 4885 unice,
2082 4810 2243 4872 nihil
2282 4813 2408 4874 tale
2436 4815 2758 4893 invenias,
2779 4837 2901 4900 par
2928 4822 3192 4884 omnino
3220 4829 3315 4885 est
3344 4825 3606 4887 credere
3630 4827 3835 4904 alias,

524 4932 671 4993 qua:
708 4917 959 4976 aetatem
991 4927 1119 4972 non
1150 4909 1460 4984 tulerint,
1498 4914 1560 4970 et
1588 4910 1655 4969 in
1695 4910 1931 4988 quibus
1964 4911 2148 4974 locus
2195 4913 2306 4974 ille
2349 4914 2779 4995 Evangelicus
2820 4921 3283 5000 explicaretur,
3325 4923 3523 4989 fuisse
3551 4928 3701 4988 olim
3735 4932 3839 4999 ab

525 5019 808 5078 Auctore
840 5015 1263 5091 conscriptas.
1293 5012 1477 5088 Quod
1508 5030 1702 5094 porro
1733 5014 1812 5074 ad
1848 5030 2071 5075 earum
2109 5014 2522 5094 interpretem
2558 5019 2856 5081 Latinum
2886 5030 3161 5099 spectat,
3190 5024 3463 5105 ejusque
3492 5027 3840 5107 interpre-

518 5118 784 5180 tationis
815 5118 1154 5185 rationem,
1189 5115 1357 5176 haud
1415 5116 1548 5176 scio
1594 5134 1748 5176 num
1783 5115 2180 5180 calumniose
2210 5119 2478 5181 Ruﬁnus
2509 5139 2592 5182 an
2628 5141 2777 5184 vere
2806 5124 2869 5185 S.
2903 5126 3194 5190 Doctoris
3226 5128 3410 5191 ﬁdem
3448 5131 3508 5192 in
3547 5132 3620 5191 iis
3647 5148 3839 5195 con-

517 5216 847 5278 vertendis
878 5215 1192 5295 requirat,
1226 5213 1619 5293 objiciatque.
1650 5214 1849 5276 multa
1885 5217 1968 5276 ab
1999 5234 2075 5277 eo
2106 5218 2202 5281 vel
2237 5219 2447 5283 addita
2481 5221 2679 5285 fuisse
2709 5243 2824 5304 pro
2852 5225 3059 5287 lnhitu
3081 5274 3095 5295 ,
3140 5231 3236 5291 vel
3265 5233 3613 5295 subtracta.
3654 5229 3832 5312 Ejus

518 5319 656 5381 hare
679 5319 873 5380 verba
903 5319 1057 5378 sunt
1085 5314 1560 5376 lnvcctivarum
1596 5314 1762 5376 libro
1796 5317 2079 5377 secundo
2106 5335 2169 5378 n.
2206 5317 2286 5379 26
2315 5340 2329 5377 :
2369 5320 2639 5382 Secutus
2667 5342 2801 5383 sum
2829 5326 3000 5406 quod
3028 5335 3085 5387 te
3114 5329 3387 5391 videram
3414 5330 3483 5391 iu
3512 5330 3836 5396 ﬂomilit’s

517 5420 856 5481 secundum
891 5417 1079 5479 Luca:
1113 5415 1527 5493 Evangelium
1563 5416 1803 5494 fecisse,
1826 5426 1896 5475 ut
1924 5414 2036 5477 ubi
2063 5416 2135 5476 de
2164 5418 2330 5481 Filio
2357 5421 2470 5481 Dei
2492 5422 2560 5483 in
2590 5421 2802 5485 Greece
2833 5443 2962 5486 non
2989 5438 3151 5489 recte
3181 5428 3523 5497 inveneras.
3546 5438 3837 5509 praeter-

517 5517 689 5586 ieris,
725 5518 791 5579 in
818 5517 930 5577 illo
971 5514 1111 5576 loco
1156 5512 1264 5574 ubi
1295 5513 1447 5573 dicit
1474 5533 1493 5572 ς
1521 5512 1889 5591 Mzigniiicat
1925 5517 2144 5578 anima
2178 5536 2320 5580 mea
2350 5522 2692 5582 Dominum
2725 5546 2739 5585 :
2776 5528 2839 5585 ct
2867 5528 3217 5590 exsultavit
3252 5530 3514 5610 spiritus
3541 5549 3721 5595 meus
3744 5534 3832 5600 in

516 5616 652 5681 Deo
686 5617 960 5680 salutari
989 5633 1155 5677 meo.
1193 5614 1381 5677 Nosti
1399 5613 1545 5697 quia
1575 5613 1647 5675 de
1673 5613 1880 5674 animo
1904 5662 1921 5695 ,
1949 5613 2150 5677 sicubi
2176 5617 2291 5679 illa
2315 5663 2331 5696 ,
2372 5636 2507 5699 qme
2538 5619 2742 5685 solent
2786 5624 2948 5697 diei,
2982 5645 3109 5687 non
3130 5630 3516 5708 pt'trterieris
3543 5651 3563 5694 :
3596 5631 3703 5698 sed
3741 5651 3835 5705 ea
