3962 6312
162 145 214 204 i3
1601 148 1994 206 PRASFATIO.
3377 156 3399 212 1
3421 156 3444 210 ι

166 259 360 338 adhuc,
389 264 587 327 etiam
621 283 708 326 ex
740 273 801 326 le
826 263 1073 335 additis,
1110 262 1472 345 quibusdam
1505 264 1982 335 assertionibus,
2013 264 2290 327 lucidius
2318 265 2671 345 scripseris,
2702 276 2773 330 ut
2803 268 2874 330 in
2911 269 3024 333 illo
3071 270 3208 331 loco
3237 293 3256 332 :
3288 272 3448 331 Ecce

170 363 397 431 utiacta
420 372 523 426 est
553 384 691 426 vox
723 367 1124 437 salutationis
1160 372 1284 428 ture.
1316 366 1375 425 in
1413 367 1678 425 auribus
1713 367 1900 441 lueis,
1939 367 2288 427 exsultavit
2316 367 2526 428 infans
2558 368 2621 429 in
2656 376 2838 431 utero
2868 388 3012 433 meo
3043 392 3058 434 :
3095 369 3228 447 ubi,
3260 369 3448 446 dicis,

171 462 307 546 quod
335 483 470 525 non
499 475 640 529 erat
664 465 789 528 hoc
815 467 1201 547 principium
1227 465 1592 528 substantitc
1622 468 1776 547 ejus,
1809 466 1881 527 de
1909 475 2016 529 tuo
2050 468 2384 541 addidisti,
2414 478 2612 548 atque
2643 475 2911 537 naturae.
2936 472 3013 533 Et
3043 474 3238 550 paulo
3262 480 3450 552 post;

171 563 247 624 De
268 563 378 645 ﬁde
408 572 645 639 autem,
680 564 751 627 id
783 575 898 646 est,
928 566 999 628 de
1028 567 1341 629 Trinitate
1373 584 1507 627 cum
1532 567 1597 626 in
1621 565 1965 646 aliquantis
1997 566 2153 627 locis
2188 567 2374 630 aliter
2408 567 2770 640 invenisses.
2801 588 2937 649 qua:
2963 569 3078 632 tibi
3107 572 3243 633 visa
3270 580 3445 645 sunt.

166 668 628 749 pretermisisti.
666 666 984 755 Equidem
1024 670 1248 743 nobis,
1296 667 1466 746 quod
1516 667 1777 729 Griecus
1828 667 1992 729 desit
2041 667 2462 748 archetypas,
2516 669 2689 735 haud
2738 680 2832 741 est
2889 672 3256 750 expeditum
3310 690 3450 732 rem

171 769 427 851 penitius
458 787 823 850 agnoscere
856 780 1192 851 recteque,
1225 777 1289 833 et
1318 770 1542 833 ordine
1568 768 1902 848 judicare:
1944 768 2226 830 maxime
2262 788 2413 830 vero
2440 788 2587 831 cum
2627 771 2813 845 nihil,
2849 773 3023 851 quod
3055 772 3450 850 peculiarem

170 870 320 932 hanc
349 870 781 952 objectionem
814 881 1090 953 spectat,
1129 882 1394 939 sanctus
1434 875 1570 954 ipse
1612 876 1802 936 Pater
1838 874 2074 937 minuto
2106 874 2493 937 obtrectanti
2544 879 2929 954 reposuerit.
2978 876 3191 937 Nihilo
3241 875 3452 943 secius

172 971 323 1049 quod
348 971 475 1048 ait,
508 974 937 1055 supposuisse
964 973 1431 1055 Hieronymum
1463 975 1822 1045 nonnulla,
1866 973 1971 1034 ubi
2032 972 2109 1033 de
2161 973 2428 1034 Joannis
2476 975 2541 1034 in
2601 974 2825 1036 Matris
2873 981 3061 1037 utero
3091 974 3453 1041 exsilientis

172 1070 367 1131 anima
396 1088 616 1132 sermo
647 1073 803 1150 fuit,
837 1072 1010 1153 quod
1038 1090 1169 1134 non
1216 1081 1347 1132 erat
1398 1072 1513 1134 hoc
1560 1072 1956 1150 principium
1981 1070 2351 1133 substantiis
2381 1074 2512 1154 ejus
2534 1120 2552 1150 ,
2580 1076 2643 1134 et
2670 1072 2748 1135 de
2775 1092 2895 1136 suo
2921 1074 3238 1145 addidisse
3269 1083 3457 1154 atque

168 1176 430 1246 naturae,
482 1178 601 1232 aut
656 1171 793 1233 ilth
842 1171 1116 1232 hominis
1155 1171 1499 1251 plusquam
1532 1172 1884 1235 Vatiniana
1920 1173 2286 1233 exercentis
2331 1175 2511 1249 odia,
2564 1175 2888 1241 calumnia
2942 1183 3075 1248 est,
3126 1184 3239 1241 aut
3281 1176 3457 1256 quod

165 1272 469 1350 suspicari
494 1272 717 1334 malim
738 1318 754 1345 ,
781 1273 866 1335 ab
885 1273 1395 1352 Hieronymiann
1423 1274 1780 1354 exemplari
1811 1274 2064 1335 sublata
2091 1281 2243 1341 sunt
2274 1275 2679 1353 postmodum
2706 1281 2901 1345 verba
2924 1278 3032 1345 illa
3056 1324 3073 1355 ,
3102 1280 3456 1356 seupotius

168 1379 286 1436 tota
313 1376 619 1455 pericopa
651 1398 668 1439 :
706 1375 887 1439 nulla
916 1376 1084 1443 enim
1114 1379 1213 1436 est
1238 1376 1376 1455 ejus
1408 1376 1496 1438 rei
1531 1378 1673 1438 vola
1707 1384 1817 1438 aut
1849 1378 2187 1457 vestigium
2220 1379 2285 1445 in
2316 1379 2462 1441 totis
2489 1382 2778 1459 quinque
2808 1380 3085 1445 homiliis
3117 1396 3155 1445 ει
3181 1381 3457 1456 septima

166 1475 239 1543 ad
279 1477 758 1549 duodecimam,
799 1478 866 1538 in
902 1478 1139 1556 quibus
1173 1485 1287 1538 aut
1320 1496 1403 1541 ex
1437 1479 1770 1556 proposito
1808 1478 2139 1557 Evangelii
2174 1484 2351 1541 textu
2395 1486 2679 1559 poterat,
2706 1485 2819 1542 aut
2853 1497 2970 1557 pro
3001 1498 3071 1545 re
3102 1486 3254 1545 nata
3277 1478 3461 1559 ejus—

165 1579 319 1645 modi
350 1598 573 1649 sermo
602 1580 933 1643 incidisse.
964 1579 1043 1641 Et
1072 1584 1284 1640 tamen
1320 1581 1406 1641 ita
1437 1581 1554 1641 sibi
1587 1581 1889 1643 universa
1926 1581 2239 1649 orationis
2271 1583 2472 1649 series
2504 1582 2814 1654 coluerat,
2848 1589 2917 1643 ut
2948 1582 3084 1659 ipse
3116 1580 3458 1661 Origenes,

163 1682 385 1749 nedum
422 1682 564 1765 ejus
593 1685 915 1761 interpres
944 1682 1027 1743 ab
1058 1696 1137 1745 ea
1166 1698 1236 1743 se
1287 1681 1725 1760 disputatione
1763 1681 2131 1744 cnhibuisse
2165 1682 2477 1751 videatur,
2512 1682 2628 1743 Sed
2662 1700 2874 1759 neque
2915 1683 2978 1749 in
3024 1682 3273 1747 castoris
3297 1727 3315 1755 ,
3348 1682 3461 1749 ubi

163 1785 514 1870 peregrinis
545 1784 608 1845 in
641 1784 800 1851 locis
834 1784 1261 1849 Precursoris
1299 1784 1408 1849 ille
1436 1785 1641 1845 saltus
1671 1784 2001 1861 laudatur,
2034 1787 2328 1847 invenire
2356 1795 2449 1848 est
2476 1806 2618 1855 eam
2649 1789 3033 1851 sententiam
3060 1808 3075 1851 ε
3104 1793 3175 1850 ut
3206 1790 3462 1851 tandem

166 1887 600 1955 subdubitarit
630 1885 1111 1961 Tiilemontius,
1143 1902 1295 1949 num
1330 1884 1429 1946 hie
1466 1885 1618 1962 ipsa:
1656 1886 1817 1951 sint,
1859 1902 2026 1959 quas
2058 1886 2498 1965 Hieronymus
2530 1887 2758 1960 vertit,
2794 1887 3066 1949 Ruﬁnus
3116 1889 3417 1967 suggillet
3443 1936 3463 1964 ,

163 1988 451 2057 Humilia:
498 1986 801 2065 Origenis
855 1986 920 2046 in
969 1986 1237 2047 Lucam.
1272 1984 1512 2046 Verum
1553 1985 1733 2047 nulla
1767 1983 1908 2063 ejus
1959 1985 2381 2049 dubitationis
2417 1990 2514 2046 est
2559 1986 2754 2058 ratio,
2802 1988 3357 2052 consentientibus
3395 1990 3459 2050 in

166 2091 296 2172 ejus
339 2088 896 2170 interpretationis
942 2087 1435 2167 germanitatem
1483 2086 1752 2164 reliquis
1799 2086 2098 2155 omnibus
2148 2103 2294 2149 cum
2344 2086 2489 2146 facti
2550 2084 2870 2164 adjunctis
2900 2130 2917 2161 ,
2972 2094 3106 2151 tum
3154 2087 3463 2151 Veterum

152 2190 577 2260 monimentis
606 2205 683 2253 ac
715 2187 1121 2253 testimoniis.
1152 2186 1295 2246 Jam
1324 2203 1481 2249 vero
1514 2193 1791 2263 tempus,
1826 2204 1956 2263 quo
1987 2185 2347 2251 versionem
2377 2187 2545 2249 hanc
2574 2203 2759 2249 suam
2782 2187 3121 2264 adornavit
3150 2189 3211 2249 S.
3251 2191 3461 2259 Pater,

174 2293 235 2363 in
260 2309 497 2355 annum
536 2292 1007 2369 octogesimum
1056 2305 1299 2349 nonum
1349 2303 1551 2364 supra
1600 2286 2163 2362 trecentesimum,
2203 2287 2426 2353 Verius
2463 2303 2659 2363 quam
2709 2294 2780 2347 ut
2830 2287 3025 2365 vulgo
3065 2289 3347 2362 οωιηρι,
3395 2289 3462 2350 in

178 2395 593 2473 Superiorem,
619 2390 1028 2470 conjecerim.
1060 2390 1249 2450 Hunc
1281 2406 1510 2468 nempe
1540 2388 1793 2449 videtur
1823 2390 1959 2465 ipse
1988 2388 2273 2451 indicare
2302 2389 2365 2451 in
2389 2388 2722 2468 Calalngo,
2758 2390 2863 2451 ubi
2897 2390 3112 2457 statim
3139 2408 3178 2452 a
3211 2392 3459 2471 Didymi

183 2493 342 2566 libro
368 2493 443 2559 de
469 2493 710 2574 Spiritu
748 2498 1010 2568 sancto,
1045 2509 1237 2570 quem
1274 2490 1515 2567 pariter
1550 2488 1778 2555 Latine
1807 2487 2159 2551 reddidisse
2196 2488 2315 2548 hoc
2345 2505 2543 2563 anno,
2575 2489 3058 2564 constituimus,
3097 2491 3461 2553 versionem

182 2594 340 2665 hanc
367 2596 797 2665 Homiliarum
831 2598 1169 2661 memorat.
1202 2591 1271 2654 ld
1310 2593 1522 2672 ipsum
1567 2590 1779 2651 innuit
1806 2595 1867 2651 et
1901 2588 2397 2669 praecedentium
2452 2590 2749 2668 proxime
2795 2589 3082 2669 Operam
3132 2593 3363 2666 series,
3399 2598 3466 2655 et

186 2698 486 2780 φθείρου
518 2697 596 2765 de
625 2698 839 2770 Locis,
872 2701 937 2756 et
969 2694 1045 2763 de
1070 2693 1410 2759 Hebraicis
1438 2692 1819 2757 Nominibus
1850 2692 2028 2762 libri,
2066 2708 2229 2769 quos
2260 2692 2335 2752 ad
2374 2692 2772 2769 superiorem
2800 2692 2922 2755 388
2945 2692 3232 2757 diximus
3262 2698 3467 2773 pesti-

190 2815 349 2861 nere.
381 2801 645 2871 Demum
678 2798 851 2879 quod
879 2798 1144 2876 ipsemet
1174 2795 1238 2861 in
1265 2796 1536 2876 prologo
1566 2792 1836 2872 hujusce
1868 2793 2428 2870 interpretationis
2459 2799 2754 2865 testatur,
2786 2794 3268 2857 Pratermisisso
3294 2815 3468 2876 pauco

194 2898 372 2969 Iulum
395 2902 853 2971 Hebraicarum
883 2899 1311 2975 Quintianum
1338 2894 1557 2966 libros,
1586 2903 1655 2954 ut
1682 2893 1763 2957 ad
1792 2892 2131 2959 arbitrium
2160 2893 2376 2959 Paula:
2404 2901 2462 2955 et
2507 2893 2845 2959 Eustachii
2890 2895 3229 2959 lucrativis
3260 2897 3468 2978 operis

190 2998 326 3077 lucc,
354 3002 820 3083 qualiacumque
841 3006 1018 3074 sunt,
1054 3014 1185 3063 non
1212 3015 1351 3069 sua,
1403 2994 1510 3059 sed
1559 2993 1763 3055 aliena
1807 2992 2101 3055 dictaret.
2154 2992 2297 3067 Quo
2346 2994 2607 3070 quidem
2661 2994 2726 3057 in
2782 2996 2923 3058 loco
2970 2996 3216 3059 fallitur
3263 3000 3468 3060 Tille—

198 3102 457 3169 manlius
483 3101 840 3184 splendide.
873 3115 1020 3167 cum
1056 3097 1179 3163 hac
1206 3095 1347 3173 ipsa
1377 3093 1453 3155 de
1480 3108 1677 3155 causa
1712 3090 2125 3170 indiligentiae
2152 3091 2215 3151 in
2251 3092 2384 3151 suis
2420 3093 2831 3155 recensendis
2876 3093 2952 3153 ad
2980 3098 3186 3158 relatis
3217 3115 3471 3175 prmro—

194 3200 451 3283 saluam
472 3201 727 3282 scrip“.
748 3244 765 3275 ’
795 3198 1261 3276 Hieronymum
1286 3197 1587 3264 accusat,
1612 3191 1784 3270 quod
1817 3191 2112 3269 pluribus
2146 3190 2497 3268 interjectis
2528 3199 2667 3271 post
2694 3194 3093 3268 Quaestiones
3115 3198 3468 3263 Hebraicas

195 3301 261 3361 in
291 3301 547 3364 Genesin
580 3302 793 3375 libris,
826 3301 1019 3371 hasce
1047 3298 1299 3367 demum
1330 3295 1646 3361 Homilies
1681 3311 1809 3355 non
1846 3311 1969 3361 suo
1999 3294 2141 3353 loco
2174 3299 2501 3371 supputet.
2537 3296 2617 3354 At
2663 3313 2810 3356 cum
2858 3296 2948 3357 ait
2989 3297 3464 3380 Hieronymus,

194 3400 566 3474 Qnmstioues
621 3402 979 3462 Hebraicas
1035 3417 1103 3459 se
1157 3398 1495 3475 paululum
1554 3394 2009 3465 intermisisse,
2066 3398 2133 3452 ut
2193 3393 2367 3456 hisce
2405 3394 2901 3473 interpretandis
2957 3417 3037 3460 ex
3084 3401 3466 3471 Adamantio

193 3510 478 3565 vacaret:
513 3501 646 3582 jam
682 3518 837 3571 non,
877 3502 947 3560 ut
980 3498 1141 3560 falso
1192 3497 1642 3559 Tillemontius
1695 3501 1913 3573 putat,
1956 3493 2359 3569 Quasstiones
2410 3493 2766 3563 Hebraieas
2812 3501 2873 3561 in
2928 3497 3208 3565 Genesin
3263 3504 3468 3583 dixit,

194 3618 348 3677 quas
388 3602 623 3681 pridem
676 3600 1093 3677 vulgaverat,
1132 3595 1243 3658 sed
1293 3597 1500 3671 ἁπλῶς,
1545 3595 1977 3670 Quaestionum
2024 3591 2483 3655 chraicarum
2518 3594 2757 3669 libros,
2812 3605 2963 3685 puta
3026 3603 3091 3663 in
3148 3604 3467 3691 reliquam

196 3701 597 3784 Scripturam,
632 3702 805 3783 quod
834 3719 997 3779 opus
1027 3699 1132 3762 diu
1168 3717 1296 3777 pne
1326 3697 1624 3757 manibus
1664 3696 1925 3770 habuit,
1979 3700 2041 3754 et
2090 3695 2298 3774 longa:
2350 3715 2546 3759 morm
2578 3700 2761 3761 tredio
2810 3702 3085 3767 fortasse
3119 3708 3310 3770 etiam
3361 3730 3470 3773 re-

197 3808 374 3882 Spail.
403 3807 534 3869 Hoc
568 3824 723 3868 vero
749 3802 1283 3877 animadvertisse
1308 3797 1796 3865 Tillemontium
1829 3796 2281 3869 necesse'erat,
2318 3816 2397 3861 ne
2427 3799 2598 3876 quod
2635 3800 2845 3865 facere
2870 3811 3067 3879 amat,
3100 3806 3470 3890 diligentis-

195 3906 406 3971 simum
429 3912 807 3989 scriptorem
844 3906 1164 3967 immerito
1191 3901 1614 3980 redargueret
1648 3900 1938 3960 incurias.

276 4011 531 4075 Gradum
561 4012 712 4072 hinc
743 4010 1013 4071 facimus
1044 4004 1121 4067 ad
1152 4000 1658 4075 Commentarios
1696 4000 1758 4061 in
1789 4004 2071 4077 quatuor
2101 3998 2277 4067 Pauli
2307 3998 2625 4077 Epistolas
2649 4048 2665 4078 ,
2701 4001 2765 4062 in
2799 4021 2959 4080 quas
2991 4008 3249 4084 scripsit
3282 4012 3473 4075 unice

199 4109 259 4170 S.
292 4113 475 4191 Pater,
505 4109 1084 4191 recognoscendas.
1117 4105 1524 4167 Aherrabaut
1549 4102 1792 4163 scilicet
1819 4118 1856 4163 a
1892 4118 2042 4161 vero
2078 4101 2487 4179 longissime,
2519 4104 2628 4180 qui
2671 4111 2870 4165 totum
2916 4108 3113 4171 fuisse
3157 4113 3269 4172 abs
3300 4114 3471 4178 Hie...

199 4227 445 4291 ronymo
469 4212 845 4292 Apostolum
878 4203 1367 4279 Commentariis
1400 4203 1818 4267 illustratum,
1847 4198 1978 4277 jam
2032 4200 2174 4261 inde
2210 4216 2246 4261 a
2284 4200 2669 4264 Cassiodorii
2707 4209 2888 4265 relate
2936 4207 3229 4270 arbitrati
3267 4222 3417 4275 sunt
3451 4240 3467 4280 :

199 4314 357 4375 unde
386 4314 480 4375 hic
506 4314 611 4375 diu
648 4313 1055 4387 multumque
1084 4308 1145 4367 in
1173 4304 1442 4383 reliquis
1491 4301 1939 4380 perquirendis
1989 4299 2229 4362 frustra
2273 4301 2628 4361 desudavit.
2671 4303 3001 4379 Imposuit,
3036 4310 3292 4386 Opinor,
3327 4318 3469 4375 stu-

204 4412 377 4481 “esis
410 4416 553 4479 viris
584 4414 764 4481 locus
799 4411 907 4472 ille
945 4407 1193 4493 prologi
1225 4404 1490 4473 alterius
1524 4402 1667 4471 libri
1699 4401 1760 4461 in
1793 4400 1990 4479 Epist.
2032 4399 2108 4465 ad
2145 4399 2478 4477 Ephesios,
2521 4401 2626 4465 ubi
2666 4403 2961 4465 absolute
2996 4405 3083 4467 ait
3113 4407 3173 4468 S.
3209 4410 3468 4489 Doctor,

201 4514 377 4579 Padi
399 4514 723 4597 Epistolas
747 4527 1050 4575 conamur
1076 4522 1385 4586 exponere
1417 4524 1437 4563 :
1466 4520 1543 4564 ac
1570 4502 1645 4563 de
1667 4501 1986 4563 universis
2019 4501 2256 4561 dictum
2284 4508 2696 4578 acceperunt,
2726 4504 2893 4580 quod
2924 4505 3028 4565 ille
3054 4506 3130 4569 de
3156 4509 3254 4570 his
3282 4514 3469 4574 mm“,

203 4631 348 4693 quas
376 4620 637 4680 habebat
689 4631 825 4694 pNB
871 4610 1208 4678 manibus,
1233 4604 1415 4665 dixit.
1451 4603 1807 4663 Accesserit
1839 4600 1916 4660 ad
1950 4599 2239 4659 fraudem
2277 4599 2631 4661 faciendam
2680 4600 2838 4660 falso
2869 4602 2931 4661 in
2965 4608 3246 4684 antiquis
3289 4611 3467 4675 libris

200 4715 559 4801 Hieronymo
577 4717 900 4794 ascriptus
921 4705 1491 4775 Commentariusirt
1513 4721 1717 4763 omnes
1741 4700 1928 4763 Pauli
1948 4700 2301 4780 Epistolas,
2322 4702 2433 4763 illa
2452 4719 2595 4779 quae
2618 4704 2805 4763 estad
2831 4704 3133 4769 Hebrzeos
3150 4722 3415 4791 excepta
3444 4737 3459 4776 :

197 4825 352 4903 quod
376 4833 573 4887 tamen
606 4822 789 4900 Opus
821 4822 1066 4878 tantum
1097 4813 1279 4876 abest
1316 4817 1384 4870 ut
1418 4806 1820 4887 Hieronymi,
1849 4806 2006 4885 quin
2044 4805 2238 4869 immo
2266 4806 2351 4865 sit
2376 4805 2787 4867 infensissimi
2826 4809 2967 4886 ejus
2996 4811 3195 4873 hostis
3228 4816 3463 4894 Pelagii

192 4926 397 4990 nefarii
424 4911 900 4992 haeresiarchas,
924 4916 1107 4996 cujus
1135 4915 1211 4975 ad
1246 4911 1688 4974 declinandam
1722 4907 2026 4970 invidiam
2059 4908 2962 4987 nominis,Hieronymianum
2994 4914 3470 4981 substituerunt

190 5027 438 5106 librarii,
464 5044 749 5111 quorum
788 5029 851 5084 et
881 5016 1361 5082 vendibiliorem
1413 5028 1554 5073 esse
1590 5027 1863 5111 mercem
1918 5009 2244 5069 intererat.
2278 5008 2396 5067 Sed
2425 5008 2802 5087 jamdudum
2841 5010 3063 5073 fraude
3094 5015 3361 5089 detecta,
3403 5021 3468 5082 in

188 5140 548 5213 postremum
583 5137 837 5191 tomum
869 5124 1037 5182 inter
1065 5115 1476 5195 supposititia
1505 5110 1917 5185 amandatum
1956 5111 2075 5184 est,
2104 5127 2347 5213 nosque
2386 5110 2466 5169 ibi
2496 5128 2620 5213 suo
2649 5115 3127 5179 recensebimus
3164 5119 3331 5182 loco.
3355 5122 3468 5185 His

184 5210 365 5315 igitur
402 5241 683 5313 quatuor
715 5226 1039 5288 duntaxat
1086 5216 1484 5297 explicandis
1520 5213 1901 5315 industriam
1943 5210 2451 5315 suamprobavit
2495 5211 2951 5292 Hieronymus.
2988 5218 3084 5277 Ab
3129 5237 3199 5278 ea
3246 5229 3465 5286 autem

182 5311 313 5425 quae
340 5311 561 5401 ultimo
595 5334 749 5394 loco
778 5329 922 5387 erat
952 5323 1026 5383 ad
1065 5321 1529 5387 Philemonem,
1562 5313 1816 5375 initium
1854 5311 2169 5373 scribendi
2214 5311 2377 5377 fecit,
2408 5317 2479 5371 ut
2507 5331 2746 5372 morem
2781 5316 2991 5377 Paulle
3019 5325 3075 5378 et
3110 5320 3464 5387 Eustochio

180 5413 450 5523 gereret:
479 5456 656 5519 qum,
692 5441 765 5495 nt
797 5431 936 5511 ipse
962 5426 1151 5488 tradit
1185 5423 1402 5503 primis
1436 5417 1893 5481 Commentarii
1937 5413 2170 5489 verbis,
2206 5420 2607 5475 recusantem
2636 5434 2704 5477 se
2736 5417 2973 5477 obnixe
3001 5421 3061 5479 in
3098 5423 3274 5485 Pauli
3312 5428 3459 5506 Ερί‹

179 5517 359 5609 Em!“
381 5517 693 5612 scribere,
724 5533 946 5598 saltem
974 5547 1260 5612 parvam,
1284 5534 1339 5589 et
1368 5544 1501 5607 qua:
1525 5534 1595 5584 ut
1623 5538 1879 5584 numero
1910 5536 2217 5593 versimm,
2254 5517 2346 5577 ita
2366 5536 2549 5579 sensu
2574 5538 2816 5600 quoque
2852 5529 2911 5580 et
2937 5525 3157 5586 ordine
3200 5529 3453 5597 videbis.

176 5652 591 5723 “rectum,
617 5648 692 5704 ut
723 5636 1080 5715 dissereret,
1108 5635 1466 5715 coegerunt.
1494 5627 1762 5690 Brevem
1796 5622 2081 5686 libellum
2117 5637 2273 5703 una,
2306 5628 2374 5682 ut
2410 5638 2526 5704 par
2558 5628 2655 5687 est
2683 5624 2972 5709 credere,
3001 5625 3458 5715 lucubt‘atlun.

1703 5926 1711 5939 ι
1819 5905 1999 5939 “’“⁴’“.ν

1724 5941 1783 5957 ’να

737 5912 745 5921 ι
950 5918 953 5919 ,

708 5924 847 5959 ί
958 5936 979 5945 ρ’
1038 5938 1050 5953 α
1102 5930 1125 5945 ἰ
1318 5926 1322 5930 ’
1514 5940 1585 5952 ο,η

652 5986 658 5995 .
708 5958 751 6001 2,
782 5954 803 5985 '-
834 5958 1052 6008 fama.
1114 5954 1514 6006 »ῖοεκη-ρμι-πήτ
