3966 6300
468 265 535 320 to
1724 265 2034 322 S.kUSEh

2212 264 2435 317 tuo“
2450 264 2517 318 Ml
3700 258 3772 320 16

465 379 613 441 cula
644 379 923 443 absolvit
952 396 967 439 :
1004 379 1349 457 statimque
1381 380 1460 442 ad
1495 395 1637 441 eam
1670 380 1924 441 transiit
1952 380 2425 460 exponendam,
2460 395 2604 455 qum
2633 357 2879 441 Galatis
2911 379 3220 458 inscripta
3257 385 3352 441 est
3384 398 3398 439 :
3434 379 3635 440 Pauci
3665 375 3785 440 ad-

462 479 739 558 modum,
770 481 860 544 ait
888 480 1024 561 ipse
1060 480 1125 540 in
1159 481 1455 560 prologo,
1488 478 1619 541 dies
1653 487 1823 553 sunt,
1851 499 1931 541 ex
1960 497 2081 560 quo
2116 479 2479 558 Epistulam
2508 479 2698 541 Pauli
2728 479 2809 541 ad
2851 479 3263 541 Philemonem
3294 479 3781 559 interpretatus,

462 582 546 644 ad
577 581 836 646 Galatas
866 579 1392 643 transcenderam.
1423 581 1658 643 Tribus
1684 599 1847 660 Opus
1875 580 2042 643 istud
2082 581 2262 641 libris
2293 580 2798 659 comprehendit,
2832 581 2899 641 in
2932 580 3165 658 quibus
3197 587 3270 641 ut
3300 581 3427 641 sint
3455 596 3612 642 sane
3642 597 3785 639 om-

464 683 573 745 nia
604 700 749 760 quaa
775 686 1002 744 auctor
1025 679 1344 753 edisserit,
1376 681 1565 743 utilia
1591 700 1735 742 cum
1770 680 1993 759 primis
2029 685 2225 758 atque
2257 679 2560 750 illustria,
2595 679 2869 758 insignis
2907 680 3014 740 ille
3050 677 3647 759 praamonstrandus
3679 684 3785 741 est

462 785 672 862 locus,
701 782 810 845 ubi
853 781 931 843 ad
962 798 1103 859 cap.
1138 799 1193 854 ι,
1223 799 1393 843 vers.
1422 780 1494 855 ἂν,
1531 781 1608 844 de
1633 765 1749 845 ὢν
1782 781 1963 843 varia
1991 779 2463 859 significatione
2506 787 2566 843 et
2597 783 2921 862 scriptura
2968 781 3255 860 disputat
3286 802 3300 841 :
3350 799 3481 860 quo
3519 798 3650 841 uno
3695 781 3783 842 ab

462 885 710 949 enormi
746 884 1080 945 luxatione
1114 902 1289 945 nunc
1318 884 1594 963 primum
1629 899 1668 946 a
1701 882 1882 943 nobis
1915 882 2236 957 restituto,
2269 899 2463 943 verus
2496 881 2781 956 tandem,
2810 883 2995 961 isque
3023 883 3541 962 elegantissimus
3569 881 3784 942 elucet

461 989 526 1051 S.
562 986 855 1049 Doctoris
887 1003 1146 1059 sensus,
1176 985 1446 1064 ejusque
1477 1004 1729 1048 summa
1757 987 2176 1049 Heltrzearnm
2206 986 2565 1047 litterarum
2600 985 2827 1066 peritia
2860 991 3085 1048 contra
3115 987 3502 1048 aemulorum
3536 985 3786 1045 calum-

466 1089 635 1160 nias,
668 1104 813 1166 quat
843 1086 1111 1165 integris
1138 1094 1438 1147 constant
1466 1087 1669 1160 libris,
1701 1087 2037 1147 asseritur.
2078 1087 2326 1145 ltursus
2353 1094 2498 1164 post
2524 1103 2763 1162 paucos
2797 1085 2926 1147 dies
2962 1086 3044 1146 ab
3081 1103 3156 1145 eo
3185 1084 3665 1146 Commentario
3699 1082 3785 1145 ad

464 1187 849 1267 inscriptam
876 1185 1175 1265 Ephesiis
1213 1185 1567 1264 Epistulam
1602 1184 2063 1259 enarrandam,
2101 1185 2643 1261 quemadmodum
2675 1184 2736 1243 in
2771 1182 3143 1264 praefatione
3180 1189 3476 1258 testatur,
3507 1200 3575 1242 se
3610 1200 3786 1242 con—

461 1289 634 1352 tulit.
662 1288 803 1349 Hoc
836 1290 1054 1348 autem
1084 1286 1151 1346 in
1178 1303 1375 1364 opere
1405 1284 1494 1347 ita
1529 1285 1650 1346 sibi
1687 1283 1936 1345 videtur
1965 1284 2432 1361 perplacuisse,
2471 1289 2541 1340 ut
2574 1300 2652 1341 ex
2688 1299 2764 1342 eo
2796 1281 3074 1342 voluerit
3103 1280 3453 1358 aliquando
3484 1298 3666 1340 suam
3699 1278 3791 1339 ti-

462 1388 634 1460 dem,
671 1404 818 1465 qua:
849 1385 1087 1449 favoris
1123 1385 1187 1446 in
1223 1383 1570 1464 Origenem
1604 1384 1952 1445 notabatur
1979 1384 2061 1443 ab
2096 1382 2372 1451 famulis,
2406 1381 2733 1443 mstimari.
2775 1381 3068 1459 Denique
3103 1381 3181 1444 ad
3217 1381 3431 1440 Titum
3469 1397 3614 1456 quae
3667 1379 3785 1441 in-

461 1487 797 1564 scribitur,
829 1486 1024 1566 paulo
1066 1488 1209 1563 post
1246 1482 1422 1546 brevi
1453 1482 1933 1546 Commentario
1966 1481 2292 1559 estposuit.
2331 1480 2609 1558 Tempus
2665 1479 2799 1559 ipse
2835 1479 3132 1558 designat
3179 1476 3261 1540 ad
3309 1479 3536 1556 capitis
3583 1476 3777 1555 primi

462 1603 722 1650 versum
753 1584 1188 1657 undecimum,
1227 1582 1338 1644 ubi
1376 1600 1447 1645 se
1477 1582 1615 1645 ait:
1647 1582 1811 1643 Ante
1832 1598 2074 1661 paucos
2109 1597 2339 1640 menses
2383 1577 2511 1639 tria
2554 1577 2882 1640 volumina
2928 1578 2999 1639 in
3045 1577 3360 1657 Epistolas
3387 1576 3470 1638 ad
3515 1576 3789 1639 Galatas

459 1684 906 1765 explanatione
939 1682 1228 1747 dictasse.
1250 1681 1393 1743 Jam
1427 1698 1580 1743 vero
1611 1698 1693 1742 ex
1727 1686 1859 1743 tota
1890 1679 2390 1757 Expositiunum
2428 1678 2699 1740 istarum
2728 1678 2893 1739 serie
2923 1677 3284 1757 colligimus
3314 1726 3330 1755 ,
3367 1676 3447 1738 ad
3478 1677 3785 1740 eumdem

470 1801 697 1846 omnes
728 1800 974 1846 annum
1002 1782 1355 1862 pertinere,
1395 1781 1582 1860 cujus
1617 1784 1679 1843 et
1715 1798 1958 1859 paucos
1997 1797 2250 1841 menses
2286 1780 2657 1858 explevisse
2683 1824 2699 1853 ,
2733 1780 3052 1842 subducta
3101 1779 3618 1859 uniuscujusque
3667 1796 3793 1844 ra-

464 1886 674 1957 tione,
704 1888 1103 1963 compertum
1135 1887 1255 1944 est.
1285 1882 1410 1957 Qui
1442 1887 1661 1944 autem
1712 1881 1810 1941 bis
1845 1880 2106 1960 proprie
2144 1878 2364 1952 fuerit,
2396 1896 2477 1941 ex
2517 1897 2594 1940 eo
2623 1897 2815 1956 quem
2844 1880 2910 1940 in
2947 1880 3258 1958 Catalogo
3290 1879 3582 1940 obtinent
3613 1879 3789 1952 loco,

469 1986 578 2048 ubi
606 1984 1084 2061 Quaastiuuibus
1118 1983 1182 2045 in
1216 1985 1519 2047 chesim
1554 1983 1851 2062 proxime
1897 1988 2389 2061 praeponuntur,
2435 1980 2619 2043 facile
2652 1982 2992 2061 intelligas.
3027 1982 3250 2060 quue
3299 1982 3503 2061 magis
3537 1981 3794 2043 contir-

467 2105 605 2150 mes
641 2086 1012 2150 testimonio
1047 2085 1221 2165 quod
1267 2085 1465 2145 habes
1498 2084 1567 2144 in
1597 2099 1742 2160 cap.
1777 2100 1811 2141 v
1839 2080 2043 2161 Epist.
2075 2080 2152 2142 ad
2199 2080 2541 2159 Ephesios,
2575 2080 2682 2141 ubi
2716 2098 2794 2141 eo
2825 2082 2964 2159 ipso
2999 2090 3287 2161 tempore
3332 2080 3787 2154 Quaestionum

460 2185 934 2248 Hebraiearum
971 2200 1133 2262 opus
1166 2182 1376 2243 moliri
1406 2199 1477 2243 se
1504 2182 1721 2244 animo
1752 2179 2113 2259 proﬁtetur.
2146 2179 2208 2240 Si
2248 2186 2425 2242 recte
2451 2180 2649 2260 igitur
2683 2180 3133 2242 constituimus
3179 2199 3297 2243 suo
3331 2182 3498 2257 loco,
3530 2181 3606 2243 ad
3654 2202 3794 2244 an-

467 2286 775 2366 num_388
805 2286 1208 2361 Quaestiunes
1246 2284 1598 2346 Hebraicas
1646 2283 1712 2344 in
1752 2282 2055 2344 Genesim
2092 2281 2415 2360 pertinere
2465 2282 2620 2344 istas
2665 2282 2988 2360 superiori
3043 2282 3338 2361 proxime
3382 2285 3791 2365 octogesimo

468 2389 742 2469 septimo
770 2404 970 2467 supra
1006 2385 1531 2448 trecentesimum
1560 2384 1962 2459 tribuendas,
1990 2383 2154 2445 nihil
2189 2385 2310 2445 erit
2338 2384 2631 2445 dubium.

543 2491 816 2552 Tomum
850 2487 1071 2566 explet
1101 2485 1462 2565 Appendix,
1491 2502 1639 2565 qua)
1662 2485 2068 2548 Breviarium
2103 2487 2168 2546 in
2200 2486 2582 2548 Psalterium
2617 2485 2731 2565 (a),
2765 2486 3059 2564 aliosque
3083 2486 3147 2547 in
3176 2487 3461 2548 Psalmos
3498 2488 3787 2551 Tracta-

461 2598 572 2654 tus
597 2590 763 2654 falso
794 2589 1112 2667 ascriptus
1143 2587 1543 2666 Hieronymo
1571 2587 1885 2661 continet,
1914 2576 1992 2647 de
2024 2586 2262 2664 quibus
2293 2585 2359 2645 in
2392 2586 2704 2663 peculiari
2736 2586 2812 2646 iis
2846 2585 3108 2663 praeﬁxa
3139 2585 3586 2650 Admonitione
3615 2587 3779 2650 satis

461 2693 852 2771 abundeque
875 2691 1182 2753 diximus.
1222 2689 1570 2767 Reliquum
1609 2688 1797 2751 modo
1828 2696 1925 2751 est
1955 2708 2179 2761 unum,
2216 2695 2286 2750 ut
2315 2688 2578 2768 quando
2608 2706 2735 2749 non
2766 2688 2993 2749 ultima
3027 2689 3516 2770 Hieronymiani
3549 2691 3784 2752 nomi—

461 2795 563 2857 nis
591 2794 733 2855 laus
765 2798 904 2855 est:
941 2791 1350 2871 Principibus
1371 2791 1684 2869 placuisse
1720 2792 1921 2861 viris;
1953 2792 2122 2854 hanc
2157 2792 2322 2854 scias
2356 2792 2701 2854 editionem
2732 2798 3019 2852 nostram
3048 2793 3282 2854 debere
3314 2793 3663 2871 plurimum
3700 2795 3785 2856 il-

458 2891 852 2955 lustrissimo
879 2897 1116 2953 nostra:
1152 2890 1346 2969 hujus
1381 2889 1690 2952 Ecclesia:
1721 2890 2008 2968 pontiﬁci
2042 2891 2142 2953 Jo.
2175 2892 2596 2964 anesnsno,
2629 2891 2741 2970 qui
2768 2908 2910 2951 eam
2943 2894 3005 2951 et
3039 2909 3289 2955 summa
3336 2893 3579 2971 pridem
3625 2912 3782 2958 cum

459 2990 856 3070 benignitate
886 2988 1163 3067 excepit,
1194 2996 1257 3050 et
1292 2989 1592 3069 praesidio
1641 2989 2066 3051 humanitatis
2114 3008 2250 3052 sua:
2293 2991 2448 3051 iuvit
2495 2989 2825 3069 :denique
2870 2997 2933 3052 et
2985 2991 3047 3051 in
3100 2992 3347 3069 praemii
3398 2993 3544 3056 fecit
3590 3012 3778 3072 spem

461 3093 650 3174 erigi.
679 3090 862 3166 Quod
896 3108 1019 3171 ego
1051 3108 1177 3152 non
1213 3097 1338 3151 tam
1373 3106 1449 3149 eo
1487 3088 1629 3150 dico
1664 3090 1912 3163 animo,
1941 3096 2014 3151 ut
2039 3089 2367 3168 publicum
2416 3089 2652 3152 favoris
2700 3088 2838 3167 ejus
2875 3089 3342 3151 monimentum
3371 3109 3499 3154 aere
3526 3112 3781 3172 percu-

460 3192 609 3253 nius
637 3194 894 3252 exstare
928 3188 1140 3262 velim,
1174 3205 1372 3266 quam
1412 3194 1481 3247 ut
1520 3187 1836 3249 litteratus
1882 3188 2057 3249 orbis
2103 3186 2244 3265 ejus
2290 3187 2744 3266 prolixissimaa
2790 3186 2857 3246 in
2907 3186 3155 3250 litteras
3188 3189 3511 3252 voluntati
3566 3192 3783 3261 fausta

457 3291 679 3353 omnia
701 3292 1023 3368 precetur,
1051 3291 1114 3350 et
1143 3284 1393 3366 majora
1427 3287 1494 3346 in
1524 3285 1658 3350 dies
1688 3293 1902 3365 speret
1927 3287 2214 3349 scientias
2240 3304 2316 3348 ac
2345 3286 2599 3367 pietatis
2628 3287 3049 3349 incrementa.

524 3437 603 3510 (α)
645 3436 937 3516 ln__nostr.fe
965 3434 1222 3491 editionis
1250 3434 1553 3516 appendice
1583 3434 1788 3516 primas
1815 3432 2031 3516 obtinet
2052 3433 2489 3516 Commentarius
2513 3437 2565 3492 in
2593 3435 2814 3504 Jobum,
2841 3450 3001 3507 quem
3033 3450 3100 3493 eo
3127 3436 3253 3507 loci,
3286 3446 3512 3510 propter
3538 3441 3784 3501 rationes

459 3511 520 3569 in
536 3506 774 3566 exordio
805 3509 976 3577 ipsius
1003 3506 1389 3562 commentarii
1418 3506 1714 3575 expositas,
1751 3506 2153 3560 transtulimus.
2187 3508 2341 3561 Ευιτ.

1065 3808 1213 3922 S.
1290 3805 2016 3921 EUSEBII
2090 3808 3181 3925 HIERONYMI

1563 4002 2135 4067 STRIDONENSIS
2179 4004 2677 4069 PRESBYTER!

1195 4142 1234 4189 “
1270 4135 3022 4276 COMMENTARIORUM

469 4384 718 4543 ΙΝ
824 4364 2424 4541 EVANGELIUM
2557 4382 3779 4545 ΜΑΤΤΗᾸΕΙ

1625 4636 1802 4723 AD
1877 4640 2624 4730 EUSEBIUM

1755 4876 1761 4883 ε
1788 4801 2007 4864 LIBRI
2048 4801 2450 4876 QUATUOR.
2482 4836 2491 4884 έ

1946 4954 2298 4971 ἡ

1794 5038 2440 5214 protegas.

548 5373 1191 5459 1-2Pluresluisse,qui
1208 5371 1503 5446 Evangelia
1518 5371 2067 5444 scripserunt,etLo-
2179 5374 2351 5428 conati
2382 5381 2504 5428 sunt
2532 5374 2778 5430 ordinare
2798 5377 3154 5433 narrationem
3181 5393 3375 5445 rerum,
3408 5393 3522 5448 qua:
3551 5378 3602 5431 in
3627 5374 3784 5435 nobis

461 5494 559 5537 cas
572 5477 901 5548 evangelista
919 5470 1398 5539 testatur,dicens:
1424 5467 1905 5539 Qttoniamquidem
1924 5466 2079 5521 mulli
2186 5467 2455 5537 complelw
2483 5478 2635 5540 sunt,
2666 5469 2798 5524 sicut
2826 5470 3154 5526 tradiderunt
3183 5472 3330 5526 nobis
3354 5513 3370 5540 ,
3408 5472 3496 5542 qui
3526 5472 3588 5525 ab
3618 5471 3778 5527 initio

545 5622 573 5649 ι
604 5612 713 5667 Sex
762 5623 895 5664 mss.
936 5604 1155 5661 codices
1185 5602 1315 5658 huic
1360 5602 1804 5673 recognoscendo
1852 5600 1904 5655 in
1942 5599 2079 5655 Mat-
2187 5600 2450 5657 Crueisin
2480 5602 2780 5658 Jerusalem
2809 5602 2878 5658 de
2901 5603 3068 5659 Urbe.
3094 5602 3227 5659 Tres
3252 5603 3780 5673 Vaticano-Palatini

476 5681 678 5737 tbzeum
705 5677 1086 5735 Commentario
1127 5672 1407 5744 suppetias
1440 5670 1715 5745 tulerunt.
1742 5670 1906 5745 _Un_tts
1933 5685 2042 5745 pr;

2210 5674 2420 5729 .nmeris
2446 5674 2568 5739 176,
2593 5675 2695 5729 177
2723 5684 2778 5728 et
2810 5674 2907 5729 181
2942 5676 3248 5743 ρι’ωιιοιειιί,
3278 5692 3308 5729 e
3338 5676 3535 5745 quibus
3561 5670 3776 5743 priores

465 5752 659 5830 grandi
691 5750 895 5818 forma,
920 5748 1104 5820 probat
1132 5740 1314 5804 autem
1344 5754 1513 5817 noue,
1541 5758 1612 5804 ex
1634 5740 1975 5806 Bibliotheca
2001 5741 2062 5822 δέ
2175 5743 2283 5804 duo
2308 5755 2578 5804 vetustate
2601 5754 2766 5817 atque
2786 5740 3167 5805 emendatione
3193 5740 3447 5820 insignes.
3475 5740 3606 5806 ltcnt
3629 5740 3776 5820 alius'
