3966 6332
332 318 341 323 1
388 359 454 422 i9
1634 356 1694 415 S.
1740 357 2011 416 EUSEBII
2053 358 2435 416 lilEliONYMl
3404 386 3415 394 -
3613 354 3688 413 20

388 474 769 531 ltmreticorum
798 472 1004 530 semina
1039 472 1391 543 pullularent,
1422 470 1692 538 Cerinthi,
1726 471 1972 535 Ebionis,
2005 473 2057 532 Λ
2082 472 2313 527 vitreum
2355 478 2410 525 et
2440 478 2677 540 quatuor
2707 464 2961 523 animalia
2989 468 3153 540 plena
3183 467 3361 524 oculis
3388 467 3408 540 (
3436 462 3601 539 Apoc.
3633 484 3688 524 iv

389 574 444 627 et
471 577 796 624 cieterorum
826 568 913 636 qui
948 574 1147 635 negant
1176 564 1453 619 Christum
1486 564 1738 619 inorarne
1764 565 1979 619 venisse

393 662 570 731 (quos
614 668 670 712 et
720 659 831 727 ipse
876 656 930 710 in
980 655 1209 726 epistula
1268 670 1365 709 sua
1421 654 1770 708 antichristus
1823 664 1982 710 vocat

394 748 664 825 ||Joauu.
700 746 927 819 11.18],
982 758 1037 800 et
1088 747 1365 817 apostolus
1420 745 1621 800 Paulus
1670 747 1983 814 frequenter

390 841 623 910 percutit
654 839 832 912 [Rom
870 855 951 903 lli;
988 838 1033 893 il
1064 838 1182 894 Cor.
1217 837 1317 911 v]),
1349 848 1569 893 coactus
1597 846 1680 892 est
1704 836 1772 891 ab
1808 836 1983 891 omni-

391 935 491 989 bus
512 948 648 1003 pene
679 942 814 987 tunc
855 933 1004 987 Asiae
1044 933 1338 1002 episconis,
1375 937 1432 985 et
1466 929 1761 986 multarum
1793 930 1980 985 Eccle-

388 1025 590 1079 siaruni
636 1024 1019 1094 legationibus,
1058 1022 1127 1079 de
1163 1023 1447 1079 divinitate
1485 1022 1783 1077 Salvatoris
1824 1022 1985 1076 altius

390 1117 652 1185 scribere,
679 1127 734 1173 et
754 1118 820 1171 ad
848 1118 1021 1186 ipsum
1047 1118 1128 1187 (ut
1151 1117 1219 1171 ita
1245 1115 1452 1183 dicam)
1476 1115 1569 1170 Dei
1595 1114 1849 1181 Verbum,
1879 1130 1985 1169 non

390 1222 500 1267 tam
529 1206 745 1281 audaci,
774 1227 935 1281 quain
971 1210 1113 1265 felici
1139 1211 1447 1265 temeritate
1477 1224 1849 1279 prorumpere.
1875 1216 1901 1244 ἰ
1922 1208 1987 1262 Et

392 1305 776 1361 Ecclesiastica
829 1312 1011 1359 narrat
1043 1300 1301 1375 historia,
1323 1318 1444 1357 cum
1476 1318 1506 1358 a
1538 1301 1796 1357 fratribus
1827 1317 1988 1373 coge-

394 1407 547 1453 retur
575 1408 637 1453 ut
677 1396 939 1452 scriberet
960 1439 973 1461 ,
1021 1396 1095 1450 ita
1127 1396 1391 1451 facturum
1425 1410 1484 1450 se
1514 1395 1866 1463 respondisse
1888 1436 1901 1457 ,
1941 1394 1984 1448 si

394 1491 599 1545 indicto
626 1491 834 1558 jejunio
875 1488 926 1544 in
957 1504 1243 1544 commune
1272 1502 1461 1543 omnes
1494 1486 1660 1541 Deum
1695 1501 1987 1557 precaren-

395 1593 486 1639 tur
519 1578 636 1656 [Αι.
669 1574 1125 1653 deprecarentur]
1159 1599 1171 1634 :
1205 1590 1311 1652 qou
1358 1579 1576 1648 expleto
1605 1620 1622 1647 ,
1654 1577 1990 1633 revelatione

394 1685 697 1739 satoratus,
725 1675 776 1729 in
792 1673 925 1729 illud
945 1675 1265 1742 precantium
1286 1673 1427 1728 caelo
1445 1673 1668 1728 veniens
1683 1673 1987 1726 cruciavit:

394 1769 465 1824 In
497 1768 750 1838 principio
775 1772 884 1822 erat
912 1765 1153 1829 Verbum,
1181 1775 1229 1821 et
1262 1764 1482 1820 Verbum
1503 1774 1610 1819 erat
1635 1760 1777 1835 apud
1800 1763 1987 1826 Deum,

2086 572 2133 617 et
2160 581 2185 615 v
2209 562 2250 633 ),
2286 562 2473 616 dicens
2499 580 2514 617 :
2549 560 2761 615 Animal
2783 562 3006 634 primum
3034 560 3204 615 simile
3231 559 3390 628 leoni,
3417 572 3466 615 et
3494 578 3691 617 secun-

2088 656 2210 707 dum
2233 654 2400 707 simile
2432 653 2609 718 ritulo,
2639 662 2685 705 et
2708 656 2917 707 tertium
2943 653 3113 707 simile
3133 654 3351 720 homini,
3367 662 3413 708 et
3445 665 3692 722 quartum

2088 747 2251 799 simile
2274 744 2464 817 aquila:
2490 745 2708 799 volanti.
2745 744 2809 799 Et
2833 753 2956 815 post
2978 745 3250 814 paululum
3277 760 3298 800 :
3327 744 3496 800 Plena
3519 724 3690 814 erant,

2090 835 2293 905 inquit,
2330 835 2525 901 oculis,
2559 845 2605 889 et
2634 836 2863 906 requiem
2893 850 2995 889 non
3020 835 3275 890 habebant
3302 835 3385 891 die
3414 854 3474 891 ac
3501 845 3651 893 nocte
3673 878 3690 906 ,

2091 930 2316 983 dicentia
2346 945 2363 981 :
2406 929 2632 985 Sanctus
2656 973 2671 997 ,
2704 929 2930 985 Sanctus
2950 971 2966 994 ,
3012 929 3235 984 Sanctus
3269 927 3524 986 Dominus
3552 930 3694 987 Deus

2093 1022 2441 1090 omnipotens,
2482 1023 2571 1092 qui
2596 1030 2740 1087 erat,
2785 1030 2832 1076 et
2858 1021 2947 1086 qui
2979 1031 3051 1077 est
3075 1063 3089 1088 ,
3140 1032 3187 1076 et
3217 1022 3304 1092 qui
3332 1030 3577 1077 venturus
3619 1031 3696 1078 est

2093 1119 2289 1191 (Apoc.
2323 1136 2401 1187 iv,
2434 1123 2484 1187 7,
2513 1119 2604 1190 8).
2659 1118 2869 1188 Quibus
2896 1122 3106 1175 cunctis
3133 1122 3422 1191 perSpicue
3451 1121 3698 1177 ostendi-

2094 1226 2204 1279 tur.
2250 1227 2479 1286 quatuor
2511 1225 2718 1272 tantum
2756 1216 3048 1285 Evangelia
3091 1216 3294 1272 debere
3344 1216 3580 1287 suscipi,
3641 1227 3699 1275 et

2094 1308 2122 1347 δ
2141 1325 2331 1365 omnes
2350 1308 2782 1380 apocryphorum
2807 1311 3008 1365 nmnias
3032 1311 3261 1365 mortuis
3291 1310 3462 1382 magis
3480 1309 3701 1367 inureti-

2098 1404 2177 1458 cis
2205 1445 2220 1470 ,
2262 1414 2424 1474 quam
2459 1402 2856 1457 Ecclesiasticis
2896 1403 3039 1457 vivis
3087 1403 3382 1457 canendus.
3440 1403 3700 1475 Satisque

2096 1498 2264 1551 miror
2282 1537 2297 1561 ,
2331 1508 2353 1535 ο
2374 1487 2584 1552 Eusebi
2614 1495 2989 1565 dilectissime,
3016 1511 3112 1551 cur
3140 1495 3367 1550 Romam
3396 1496 3575 1552 subito
3602 1512 3704 1553 ua-

2097 1589 2375 1659 vigatnrus
2395 1631 2408 1653 ,
2449 1589 2585 1644 hanc
2623 1588 2719 1643 tibi
2751 1605 2778 1642 a
2812 1605 2897 1643 me
2924 1589 3076 1660 quasi
3101 1585 3129 1626 ά
3157 1587 3435 1644 sitarciam
3457 1588 3575 1645 dari
3600 1604 3704 1646 vo-

2096 1681 2288 1749 lueris,
2317 1692 2372 1735 ut
2396 1681 2702 1736 liiattiiccum
2733 1681 2975 1736 breviter
2996 1696 3298 1752 exponens,
3328 1683 3513 1738 verbis
3533 1682 3705 1740 strin.

2098 1788 2308 1842 gerem,
2335 1773 2589 1827 sensibus
2610 1771 2917 1827 diiatarcm.
2945 1772 3000 1826 Si
3024 1772 3365 1827 meminisses
3386 1773 3705 1843 responsio-

398 1870 447 1918 el
474 1862 612 1918 Deus
638 1870 748 1917 erat
768 1860 1035 1915 Verbum:
1066 1862 1160 1914 hoc
1184 1871 1289 1913 erat
1312 1864 1363 1913 in
1386 1861 1639 1932 principio
1662 1858 1806 1930 apud
1827 1857 1993 1912 Deum
2027 1864 2070 1922 Β
2102 1864 2183 1921 "is
2215 1882 2347 1921 mea;
2374 1910 2388 1933 ,
2422 1882 2717 1937 numquam
2753 1868 2802 1920 in
2836 1865 3020 1934 paucis
3060 1865 3253 1922 diebus
3283 1881 3399 1923 rem
3430 1882 3704 1925 annorum

401 1955 583 2031 (Joau.
610 1959 685 2026 ι).
723 1956 851 2011 ΗΠΞο
876 1946 1040 2025 igitur
1068 1966 1301 2024 quatuor
1342 1953 1631 2024 Evangelia
1665 1952 1836 2007 multo
1868 1960 1992 2005 ante

397 2051 677 2122 praedicta,
719 2044 1017 2103 Ezechielis
1045 2062 1260 2118 quoque
1286 2040 1534 2100 volumen
1564 2046 1774 2113 probat,
1803 2042 1856 2097 ia
1886 2059 1992 2115 quo

398 2144 572 2213 prima
603 2142 738 2196 visio
780 2143 850 2194 ita
883 2141 1193 2196 contexitur
1219 2156 1231 2191 :
1270 2138 1334 2191 Et
1365 2139 1418 2190 in
1448 2137 1619 2190 medio
1646 2138 1777 2189 sicut
1805 2135 1995 2189 simili--

398 2235 524 2289 tudo
540 2244 759 2305 quatuor
774 2233 1078 2287 animalium
1098 2247 1116 2286 :
1135 2242 1179 2285 et
1193 2230 1363 2285 vultus
1383 2246 1558 2283 eorum
1572 2230 1728 2299 [acies
1746 2224 1992 2293 hominis,

399 2338 449 2385 et
476 2328 632 2403 facies
655 2330 837 2394 leonis,
863 2336 911 2383 et
935 2329 1091 2399 facies
1118 2328 1286 2394 vituli,
1318 2338 1364 2381 et
1387 2328 1544 2397 [acies
1566 2327 1757 2398 aquila:
1778 2323 1993 2395 (Ezeclt.

400 2422 495 2491 1,5
517 2430 564 2477 et
593 2423 658 2478 li)
676 2426 712 2491 ).
737 2422 916 2478 Prima
940 2420 1176 2475 hominis
1198 2419 1364 2475 facies
1378 2418 1690 2474 lilatthzeum
1709 2418 1994 2489 signiﬁcat,

400 2517 490 2584 qui
514 2515 667 2585 quasi
688 2514 756 2568 de
783 2512 1004 2568 homine
1049 2528 1276 2570 exorsus
1304 2522 1387 2567 cst
1413 2512 1654 2566 scribere
1687 2530 1701 2566 :
1734 2511 1887 2565 Liber
1907 2528 1997 2581 ge-

405 2608 685 2662 nerationis
724 2600 853 2659 Jesu
897 2602 1129 2669 Christi,
1184 2604 1283 2674 ﬁlii
1330 2604 1536 2671 David,
1598 2604 1696 2675 ﬁlii
1736 2603 1998 2658 Abraham

407 2700 633 2772 (Matth.
660 2699 736 2771 ι).
770 2699 1020 2755 Secunda
1052 2699 1287 2753 Marcum
1315 2744 1329 2768 ,
1363 2700 1416 2754 in
1448 2713 1555 2767 quo
1585 2697 1692 2771 [Αι.
1723 2697 1864 2771 qua]
1893 2712 1998 2753 vox

403 2794 581 2848 leonis
610 2793 660 2846 in
692 2806 877 2847 eremo
910 2791 1173 2862 rugientis
1200 2790 1417 2845 auditur
1449 2807 1460 2844 :
1505 2788 1617 2845 νοω
1645 2789 1917 2844 clamantis
1945 2790 1999 2844 in

404 2882 607 2941 deserto
627 2882 735 2957 [AL
766 2884 981 2958 eremo],
1015 2895 1195 2956 parate
1222 2889 1357 2939 viam
1391 2883 1624 2950 Domini,
1655 2893 1821 2940 rectas
1847 2884 2002 2954 facile

402 2978 610 3034 semitas
638 2982 748 3047 eius
771 2976 970 3043 (Marc.
998 2992 1046 3045 I,
1079 2977 1159 3046 5).
1196 2974 1378 3032 Tertia
1406 2978 1585 3041 vituli,
1616 2988 1738 3048 qua:
1768 2990 2000 3048 evange-

403 3068 583 3125 listam
608 3067 807 3124 Lucam
831 3085 859 3123 a
881 3069 1141 3124 Zarharia
1166 3067 1451 3123 sacerdote
1468 3068 1768 3137 sumpsisse
1789 3068 1998 3124 initium

403 3162 734 3235 praeﬁgurat.
779 3163 980 3230 Quarta
1005 3161 1271 3218 Joannem
1303 3163 1692 3233 evangelistam
1723 3203 1738 3229 ,
1786 3163 1879 3232 qui
1909 3177 1997 3217 as-

404 3257 634 3327 sumptis
678 3258 868 3327 pennis
912 3256 1110 3326 aquila:
1133 3294 1149 3322 ,
1192 3265 1247 3310 et
1273 3255 1341 3310 ad
1372 3255 1562 3310 altiora
1593 3255 1857 3311 festinans
1882 3298 1896 3322 ,
1930 3255 1998 3310 de
2027 3241 2072 3303 C

404 3346 586 3404 Verbo
617 3348 709 3404 Dei
740 3346 1002 3419 disputat.
1041 3346 1251 3403 Ctetera
1283 3358 1403 3413 qua:
1434 3356 1738 3419 sequuntur
1764 3340 1816 3404 in
1848 3363 2001 3404 eum-

403 3436 527 3495 dem
558 3448 779 3496 senSum
807 3440 1118 3512 proﬁciunt.
1157 3436 1329 3496 Crura
1367 3456 1554 3495 eorum
1585 3451 1755 3507 recta,
1788 3450 1844 3495 et
1871 3456 2004 3510 pen-

403 3535 517 3589 nati
547 3534 716 3603 pedes
739 3574 754 3600 ,
793 3544 852 3590 et
877 3549 1223 3605 quocumque
1268 3534 1386 3587 ibat
1414 3534 1668 3603 spiritus,
1716 3535 1895 3599 ibant,
1949 3544 2004 3590 et

402 3640 510 3678 non
560 3625 1013 3679 revertebantur:
1062 3632 1118 3679 et
1158 3622 1321 3678 dorsa
1373 3636 1561 3678 eorum
1593 3624 1752 3697 plena
1793 3622 1998 3690 oculis,

404 3725 460 3771 et
490 3712 742 3770 scintilla:
782 3730 845 3770 ac
881 3710 1159 3786 lampades
1189 3716 1240 3769 in
1289 3714 1466 3769 medio
1498 3716 1906 3787 discurrentes,
1949 3728 2004 3773 ct

407 3818 524 3865 rota
576 3808 632 3864 in
662 3816 799 3876 rota,
833 3818 890 3862 et
932 3809 983 3861 in
1028 3808 1257 3878 singulis
1284 3817 1517 3877 quatuor
1543 3809 1731 3865 iacies.
1765 3810 1917 3865 Unde
1947 3820 2004 3866 et

408 3900 767 3972 Apocalypsis
797 3900 1045 3966 Joannis,
1084 3910 1206 3970 post
1234 3902 1626 3970 expositionem
1653 3903 1841 3973 viginti
1869 3917 2001 3975 qua-

411 4004 536 4050 tuor
564 3997 839 4050 seniorum
862 3996 951 4066 qui
983 4002 1236 4050 tenentes
1262 3992 1501 4050 citharas
1529 4006 1579 4049 et
1615 3990 1844 4065 phialas,
1870 3998 2003 4053 ado-

407 4087 602 4155 rabant
634 4086 752 4159 iAl.
772 4085 1035 4158 adorant]
1059 4088 1269 4157 Agntun
1292 4085 1411 4149 Dei,
1441 4087 1739 4142 introducit
1763 4088 1999 4161 fulgura,

407 4192 465 4238 et
490 4182 749 4248 tonitru,
783 4189 841 4236 et
863 4189 1072 4250 septem
1095 4181 1319 4251 spiritus
1339 4181 1734 4251 discurrentes,
1766 4190 1823 4240 et
1851 4200 2000 4242 mare

442 4434 447 4441 ί
479 4381 505 4411 ⁸
536 4369 682 4427 Editi
706 4369 924 4441 legunt:
946 4364 1105 4441 [inde
1120 4375 1166 4420 et
1195 4360 1559 4420 Ecclesiastica
1577 4376 1902 4430 narrat,etc.
1929 4366 1986 4423 In

403 4436 611 4512 aliquot
631 4436 1065 4512 mss—codicibus
1090 4445 1213 4500 post
1227 4451 1416 4491 vocem
1439 4453 1793 4512 prorumpere,
1815 4442 1989 4512 sequi;

404 4507 535 4583 tur';
570 4522 625 4567 ut
656 4509 1029 4583 Ecclesiastica
1058 4515 1237 4583 narrat
1261 4518 1413 4583 ,_etc.
1435 4507 1548 4583 _Aiii
1581 4508 1815 4583 retinent
1843 4507 1988 4583 quod

401 4577 691 4642 edidimus.
721 4578 1306 4637 iisan—Continenti
1337 4577 1485 4633 serie
1512 4579 1618 4634 duo
1647 4580 1869 4634 Palatini
1892 4596 1987 4636 ve-

404 4650 663 4712 tustiores
692 4668 823 4707 mss.
857 4653 1042 4720 legunt
1068 4693 1083 4714 ,
1114 4664 1485 4721 proruittpere,
1533 4656 1587 4721 ut
1624 4646 1990 4721 Ecclesiastica‘

403 4725 846 4795 narratliistoria.
871 4718 974 4779 Alii
996 4718 1123 4777 cum
1142 4720 1350 4791 pridem
1379 4719 1613 4791 vulgatis
1633 4718 1809 4790 libris,
1841 4721 1992 4777 Unde

401 4807 449 4852 et
471 4786 865 4863 Ecclesiasticu,
893 4806 1001 4853 etc.

471 4856 500 4908 ι’
534 4858 683 4926 Unus
707 4866 767 4923 S.
797 4856 983 4922 crucis
1012 4878 1166 4929 mss.,
1195 4872 1240 4917 et
1272 4856 1445 4917 omnia
1466 4861 1887 4933 apocrypltorum
1914 4879 1993 4917 ve-

401 4957 535 4996 nena
562 4940 803 5005 mortuis,
850 4948 956 4994 etc.
989 4934 1257 4990 Eusebius
1288 4949 1451 5003 porro
1476 4931 1677 5003 ,rquein
1702 4936 1760 4988 ὃ.
1792 4931 1995 4988 Ductor

402 5008 714 5079 compellat,
743 5008 1137 5065 celeberrimus
1166 5007 1257 5079 ille
1287 5006 1671 5079 Cremonensis
1693 5013 1797 5069 est,
1829 5006 1996 5079 cuiet

402 5084 457 5137 in
471 5075 760 5151 Je’reniia'ni
776 5078 1217 5135 Conm‘ientirios
1233 5075 1534 5144 inscripsit,
1548 5084 1605 5131 ct
1619 5091 1777 5146 quem
1792 5077 1995 5144 passim

405 5154 532 5209 alibi
556 5152 759 5206 laudat.

482 5236 502 5260 ε
536 5221 806 5279 Eusebius
836 5222 937 5276 iste
964 5219 1349 5275 Cremonensis
1380 5225 1483 5280 est,
1511 5216 1596 5270 cui
1629 5216 1793 5270 etiam
1824 5213 1879 5269 in
1906 5216 1998 5271 Je-

405 5297 629 5349 remiam
659 5291 1096 5348 Commentarios
1119 5287 1388 5343 dedicavit
1412 5288 1791 5357 Hieronymus.
1827 5287 1996 5342 Porro

401 5381 511 5420 non
534 5363 634 5418 fuit
657 5365 986 5435 Hieronymo
1009 5361 1338 5435 longiorvita
1362 5359 1429 5435 ad
1446 5358 1814 5427 periiciendos
1836 5357 1998 5412 Com-

402 5436 703 5491 mentarios
724 5437 779 5489 in
808 5429 1141 5495 Matthazum,
1173 5429 1250 5485 uti
1274 5440 1335 5484 se
1357 5432 1623 5484 iacturum
1645 5438 1992 5495 speraverat,

403 5521 578 5576 neque
607 5506 826 5572 scripsit
855 5505 908 5559 in
934 5504 1213 5576 Canticum
1242 5498 1581 5576 canticorum
1603 5543 1617 5565 ,
1661 5500 1785 5568 quia
1816 5498 1886 5576 ab
1911 5497 1996 5554 bis

400 5571 656 5644 operibus
683 5571 1036 5645 ingruiationc
1058 5574 1318 5629 diuturna
1336 5586 1400 5626 ac
1427 5572 1643 5627 tandem
1671 5578 1848 5625 morte
1875 5571 1995 5638 ipsa

400 5648 654 5702 exclusus
682 5660 761 5701 est
775 5688 787 5699 .
826 5647 1008 5701 illam.

471 5714 496 5753 α
523 5717 699 5770 Nostri
734 5734 864 5770 mss.
900 5716 1075 5769 minus
1101 5726 1246 5769 recta
1262 5713 1554 5777 scriptura,
1580 5728 1699 5779 quae
1733 5722 1910 5765 tamen
1940 5708 1993 5764 in

400 5787 840 5842 veteriiiuslihris
872 5787 1029 5839 obvia
1058 5795 1161 5853 est,
1186 5786 1533 5845 sistarcliiam,
1563 5790 1657 5837 aut
1684 5784 1993 5837 sistarciam.

391 5860 582 5914 Greece
608 5862 850 5932 σιταρκία
865 5857 1084 5924 dicitur,
1104 5866 1368 5925 sonatque
1380 5865 1718 5910 commeatum
1743 5870 1761 5907 :
1780 5855 1834 5910 in
1852 5853 1998 5911 Lati-

2100 1971 2332 2030 petercs.
2365 1960 2607 2014 Primum
2638 1961 2785 2017 enim
2819 1952 3043 2017 difﬁcile
3068 1972 3154 2017 est
3181 1976 3371 2017 omnes
3396 1961 3581 2033 legere
3604 1962 3704 2033 qui

2098 2052 2151 2107 in
2187 2050 2475 2122 Evangelia
2498 2053 2636 2124 7-8
2659 2052 3018 2122 scripserunt.
3069 2052 3277 2108 Deinde
3303 2055 3476 2109 multo
3494 2053 3701 2112 difﬁci-

2098 2143 2234 2209 lius,
2298 2142 2543 2197 adhibito
2570 2143 2815 2215 judicio,
2857 2161 2978 2215 quae
3008 2145 3218 2213 optima
3253 2154 3380 2201 sunt
3433 2146 3704 2216 recipere.

2102 2245 2124 2273 ε
2142 2226 2363 2303 Legisse
2390 2250 2474 2288 me
2499 2234 2670 2291 fateor
2691 2244 2816 2291 ante
2847 2250 3016 2291 annos
3039 2237 3302 2307 plurimus
3324 2235 3376 2292 in
3392 2237 3704 2297 Matthmum

2099 2330 2347 2400 Origeuis
2373 2328 2562 2401 viginti
2591 2329 2832 2400 quinque
2865 2328 3135 2386 volumina
3159 2372 3173 2395 ,
3211 2337 3269 2387 et
3312 2329 3538 2387 totidem
3584 2331 3709 2403 ejus

2100 2418 2383 2483 liumllias,
2414 2424 2909 2494 commaticuinque
2933 2424 3401 2493 interpretationis
3422 2439 3621 2494 genus:
3649 2433 3711 2483 et

2099 2512 2385 2586 Theophili
2403 2514 2763 2571 Antiocheam
2783 2512 2931 2570 urbis
2955 2514 3195 2589 episcopi
3217 2510 3656 2573 Commentarios
3690 2535 3705 2577 :

2102 2609 2380 2679 liipputyti
2408 2624 2623 2679 quoque
2652 2604 2931 2679 martyris,
2961 2618 3016 2663 et
3041 2608 3314 2664 Theodori
3342 2604 3708 2680 Heracleotes,

2101 2700 2541 2772 Apollinarisqnc
2568 2696 2884 2767 Laudiceni,
2910 2716 2972 2755 ttc
2992 2698 3207 2773 Didymi
3228 2698 3583 2758 Alexandrini
3607 2717 3622 2769 ;
3649 2710 3713 2759 et

2100 2795 2438 2858 Latinorum,
2478 2791 2692 2860 Ililarii,
2732 2788 3017 2859 Victorini,
3045 2789 3065 2832 τ
3096 2786 3473 2850 Fortunatiaui
3526 2792 3713 2866 Opus-

2102 2888 2245 2948 cula,
2278 2902 2309 2941 e
2339 2880 2535 2956 quibus
2573 2886 2787 2942 etiamsi
2818 2902 2982 2954 parva
3014 2901 3325 2954 carperem,
3349 2886 3574 2957 dignum
3604 2885 3717 2942 ali-

2102 2979 2231 3049 quid
2261 2978 2521 3033 memoria
2549 2977 2900 3032 scriberetur.
2930 2976 3136 3031 Attuiu
3163 2975 3372 3031 duabus
3400 2972 3709 3034 hebdoma-

2109 3072 2292 3137 dibus,
2324 3072 2644 3128 imminente
2665 3066 2776 3142 jam
2806 3069 3032 3133 Pascha,
3064 3079 3123 3126 et
3145 3062 3479 3139 Spirantibus
3502 3070 3711 3138 ventis,

2106 3166 2311 3223 dictare
2331 3183 2414 3219 nte
2431 3166 2580 3234 cogis
2602 3185 2617 3221 :
2641 3162 2929 3233 utquando
2950 3162 3147 3217 notarii
3165 3162 3461 3232 excipiant,
3484 3161 3715 3233 quando

2104 3261 2415 3317 scribantur
2431 3259 2732 3325 schedulm,
2759 3250 2975 3328 quando
2994 3255 3379 3317 emendentur,
3403 3268 3512 3325 quo
3532 3254 3716 3326 Spatia

2106 3346 2422 3423 digerantur
2448 3352 2512 3405 ad
2539 3360 2753 3420 purum,
2780 3358 2804 3396 ε
2825 3348 3056 3403 maxime
3085 3363 3207 3402 cum
3242 3350 3384 3402 scias
3407 3361 3494 3402 me
3512 3345 3583 3402 ita
3612 3347 3718 3404 tri-

2110 3448 2209 3501 bus
2233 3443 2510 3499 mensibus
2533 3442 2824 3512 languisse,
2850 3440 3005 3495 utvix
3032 3453 3173 3496 nunc
3193 3438 3402 3510 ingredi
3424 3440 3711 3512 incipiam;

2110 3556 2213 3597 nec
2236 3540 2435 3607 possim
2466 3537 2666 3594 laboris
2695 3535 3121 3606 magnitudinem
3148 3533 3417 3588 brevitate
3441 3534 3714 3604 temporis

2109 3645 2484 3703 compensare.
2533 3630 2738 3700 igitur,
2790 3627 2991 3681 omissa
3044 3624 3367 3681 anetoritate
3402 3624 3658 3686 Veterum
3690 3667 3712 3696 ,

2112 3739 2247 3795 quos
2296 3740 2396 3781 nec
2427 3723 2642 3794 legendi
2668 3758 2683 3787 ,
2733 3737 2835 3776 nec
2865 3720 3128 3789 sequendi
3162 3718 3295 3774 mihi
3322 3714 3555 3775 facultas
3580 3720 3714 3776 data

2109 3826 2213 3879 est,
2247 3814 2556 3870 historicum
2588 3813 3113 3882 interpretationem,
3138 3825 3297 3880 quam
3317 3810 3588 3881 prmcipue
3606 3824 3716 3882 po-

2108 3908 2345 3973 stulasti,
2370 3905 2569 3976 digessi
2595 3904 2837 3960 breviter
2865 3921 2879 3959 :
2907 3912 2963 3959 et
2993 3902 3265 3958 interdum
3291 3899 3588 3975 spiritualis
3616 3902 3673 3959 in
3693 3933 3714 3948 ο

2108 3997 2424 4068 telligentite
2453 3994 2615 4051 liores
2645 3994 2835 4051 miscui
2864 4038 2879 4063 ,
2909 3993 3212 4066 perlectum
3254 4010 3389 4065 opus
3421 4009 3715 4053 reservans

2106 4094 2160 4150 in
2188 4103 2488 4164 posterum.
2511 4093 2567 4148 Si
2588 4100 2771 4148 autem
2801 4091 2931 4145 mihi
2952 4088 2981 4128 ιι
3008 4091 3115 4144 vita
3145 4090 3361 4162 longior
3382 4089 3544 4146 fuerit
3562 4132 3577 4159 ,
3611 4098 3716 4146 aut

2105 4196 2165 4242 tu
2192 4187 2245 4243 iu
2276 4184 2557 4243 redeundo
2580 4194 2670 4240 tua
2697 4184 2966 4256 promissa
2988 4181 3374 4254 compleveris,
3403 4188 3532 4239 tunc
3560 4178 3714 4239 nitar

2096 4382 2168 4423 no
2181 4368 2378 4435 saepius
2391 4381 2489 4436 pro
2501 4366 2740 4422 canistro
2753 4366 3000 4431 sumitur,
3016 4379 3126 4433 quo
3138 4362 3313 4436 edulia
3330 4363 3704 4436 continentur.

2173 4449 2197 4478 θ
2226 4434 2341 4493 Duo
2368 4434 2529 4504 mss.,
2551 4436 2698 4509 Legi.
2723 4438 2909 4506 fateor;
2927 4445 2983 4490 et
3008 4452 3152 4509 mox.
3185 4434 3485 4489 Adamantii
3502 4448 3709 4491 nomen

2097 4525 2198 4579 pro
2228 4510 2503 4582 Origenis;
2527 4507 2770 4582 demum,
2801 4507 3166 4562 comututicum
3193 4521 3397 4578 quoque
3427 4520 3527 4575 pro
3558 4521 3711 4560 com-

2099 4579 2445 4650 malicunique
2473 4579 2790 4650 prmiegunt.

2176 4651 2194 4690 τ
2233 4652 2286 4705 in
2317 4642 2437 4706 aliis
2464 4642 2590 4705 mss.
2634 4647 2957 4704 Fortunatus
2984 4642 3313 4718 appellatur,
3344 4647 3415 4702 de
3441 4661 3549 4716 quo
3572 4645 3706 4705 Lib.

2098 4722 2167 4778 de
2197 4722 2342 4776 Viris
2364 4722 2668 4777 lllustribus
2688 4735 2811 4787 cap.
2845 4721 2935 4774 97.
2966 4719 3086 4773 Mox
3116 4736 3215 4785 pro
3240 4734 3526 4786 carperent,
3556 4720 3710 4790 quod

2024 4785 2071 4843 ἶ)
2100 4796 2269 4849 nostri
2301 4809 2432 4849 mss.
2461 4785 2818 4852 subsutuutit.
2854 4791 3050 4845 lectum
3079 4801 3239 4843 antea
3262 4785 3520 4858 raperem.

2174 4875 2199 4913 ε
2229 4864 2372 4918 Satis
2394 4863 2679 4919 commoda
2701 4862 2808 4917 duo
2832 4861 3056 4915 Palatini
3082 4873 3211 4913 mss.
3238 4859 3466 4924 addunt,
3493 4859 3710 4915 minime

2098 4936 2352 4989 attendas.
2409 4937 2676 4989 Cmterum
2716 4933 2820 4987 huc
2851 4939 2981 4985 sunt
3001 4932 3226 4985 munitio
3249 4930 3553 5000 referenda,
3575 4945 3709 5000 qum

2099 5009 2168 5061 de
2207 5022 2350 5075 a‘gra
2376 5005 2706 5067 valetudine,
2738 5004 2917 5069 deque
2938 5003 3063 5075 ipso
3090 5001 3326 5075 Matthmi
3344 4998 3708 5075 commenta-

2098 5082 2179 5130 riu
2211 5072 2354 5141 paria
2381 5077 2462 5130 his
2486 5078 2601 5143 ipse
2631 5084 2894 5129 memorat
2932 5073 3290 5144 llierouymus
3314 5074 3367 5127 in
3391 5072 3501 5128 line
3524 5074 3702 5140 Epist.

2100 5148 2169 5203 73
2196 5149 2261 5201 ad
2295 5147 2620 5216 Evangelum
2650 5162 2663 5198 z
2724 5144 2856 5216 Ego,
2884 5146 2992 5207 ait,
3031 5145 3381 5216 postrlongam
3405 5144 3708 5216 wgrctatio-

2101 5236 2217 5272 nem
2246 5220 2330 5272 vix
2365 5219 2419 5271 in
2449 5214 2866 5286 Duadragetima
2910 5216 3093 5270 diebus
3138 5214 3275 5283 febri
3305 5214 3481 5270 carere
3506 5215 3653 5285 potui
3680 5230 3708 5270 .'

2101 5298 2288 5343 etcum
2318 5289 2466 5342 alteri
2491 5304 2569 5341 me
2592 5285 2737 5354 operi
2764 5302 3137 5354 praestarem,
3164 5302 3356 5354 paucos
3377 5285 3485 5340 dies
3498 5286 3587 5355 qui
3609 5299 3709 5339 su-

2103 5369 2362 5428 pererant.
2396 5362 2450 5411 in
2482 5357 2717 5412 Mrittlitei
2742 5360 3061 5426 expositione
3082 5357 3377 5427 consumpsi
3403 5372 3421 5410 :
3449 5365 3706 5428 tantaque

2100 5424 2350 5483 auiditate
2370 5430 2547 5483 studia
2574 5430 2766 5483 omissa
2795 5424 3037 5494 repetiti,
3087 5436 3143 5483 ut
3177 5424 3316 5498 quod
3342 5424 3707 5483 ewcituioni

2101 5502 2294 5567 lingua:
2318 5503 2533 5570 profuit,
2562 5502 2793 5554 nocuerit
2818 5501 3050 5566 corporis
3070 5498 3370 5570 ualetudini.

2173 5572 2200 5610 h
2232 5568 2421 5626 Penes
2442 5571 2735 5626 Vit-torium
2763 5614 2778 5637 ,
2818 5571 2939 5625 Vita
2975 5570 3188 5639 largior.
3218 5568 3271 5622 id
3297 5577 3403 5629 est,
3430 5582 3552 5636 qua:
3587 5582 3705 5625 non

2103 5658 2244 5713 aegra
2269 5643 2497 5697 subinde
2516 5645 2729 5698 laboret
2748 5638 3089 5698 valetudine:
3112 5640 3397 5713 placetque
3423 5638 3561 5713 adeo
3584 5652 3708 5713 ma-

2102 5709 2184 5792 gis
2235 5715 2351 5768 haec
2406 5716 2608 5792 lectio.‘
2637 5714 2899 5792 Nimirum
2950 5710 3523 5792 liiﬁt‘tiltyilitts.\'lglnu
3561 5709 3706 5792 “plus

2105 5780 2281 5839 minus
2303 5801 2475 5839 annos
2499 5787 2566 5839 ab
2599 5784 2696 5837 hac
2716 5785 3124 5837 clucuhratiom:
3149 5780 3203 5834 in
3227 5781 3363 5835 vivis
3391 5780 3699 5849 superfuit:

2103 5857 2346 5926 satisque
2369 5857 2617 5925 imperite
2649 5864 2891 5910 notatum
2921 5866 3005 5909 est
3033 5852 3369 5922 Martiniano,
3395 5865 3503 5908 non
3523 5849 3702 5910 fuisse
