3962 6354
495 246 569 301 2'5
1746 237 1806 296 S.
1848 233 2122 297 EUSEBII
2161 236 2545 298 HIERONYMI
3722 240 3800 299 24

495 338 653 416 sima:
674 359 912 427 Iezabel,
934 359 1139 416 ideirco
1165 371 1336 428 usque
1354 355 1421 410 ad
1445 354 1658 411 tertiam
1680 355 2089 425 generationem
2120 359 2173 417 Α
2268 355 2463 412 Christi
2499 366 2670 412 autem
2711 358 2977 431 generatio
3018 358 3095 415 sic
3134 366 3266 416 erat.
3314 358 3534 429 Quaerat
3562 358 3803 429 diligens

498 455 618 522 ejus
646 454 907 509 memoria
939 451 1165 517 tollitur,
1197 465 1267 504 ne
1298 450 1352 502 in
1387 454 1591 502 sanctae
1615 446 1914 501 nativitatis
1945 445 2094 502 ordi-

500 563 573 604 ne
602 557 918 619 poneretur.

578 639 757 710 (Vers.
786 638 853 693 12
874 633 1054 707 seqq.)
1087 634 1153 689 Et
1181 642 1298 705 post
1322 633 1834 703 transmigrationem
1862 629 2098 702 Babylo-

500 733 603 801 nis,
626 730 908 785 Iechonias
931 729 1107 802 genuit
1137 726 1417 784 Salathiel.
1445 726 1704 781 Salathiel
1723 734 1894 779 autem
1916 725 2096 796 genuit

501 821 804 881 Zorobabel.
825 820 869 875 Ζ
875 820 1112 875 orobabel
1132 830 1302 873 autem
1323 817 1499 889 genuit
1519 816 1710 872 Abiud.
1737 818 1906 871 Abiud
1927 825 2099 871 autem

500 917 680 989 genuit
701 914 954 968 Eliacint.
972 913 1199 968 Eliacim
1213 918 1386 965 autem
1405 910 1582 981 genuit
1601 910 1756 963 Azor.
1770 908 1906 964 Aser
1923 917 2098 962 autent

507 1007 607 1078 ιι
636 1004 813 1076 genuit
844 1002 1039 1059 Sadoc.
1073 1001 1248 1057 Sadoc
1277 1010 1451 1055 autent
1476 1000 1653 1072 genuit
1680 999 1886 1054 Achim.
1915 997 2100 1053 Acltim

499 1108 673 1152 autent
723 1095 900 1169 genuit
928 1092 1114 1148 Eliud.
1166 1092 1328 1148 Eliud
1384 1102 1557 1147 autem
1622 1092 1795 1164 genuit
1854 1089 2098 1146 Eleazar.

499 1185 728 1244 Eleazar
748 1196 923 1241 autent
949 1185 1125 1258 genuit
1152 1183 1415 1238 Manlian.
1450 1181 1694 1237 Matthan
1725 1191 1897 1236 autem
1925 1181 2102 1253 genuit

501 1277 691 1335 Iacob.
708 1277 766 1334 Si
786 1275 1130 1332 voluerimus
1155 1274 1473 1331 Iechoniam
1502 1272 1559 1329 in
1581 1272 1691 1329 line
1709 1273 1900 1344 prima:
1929 1280 2102 1328 tessa-

501 1368 882 1427 rescedecadis
904 1365 1011 1441 [Αι.
1039 1365 1492 1439 tesseradecadis]
1523 1379 1750 1436 ponere,
1769 1365 1823 1419 in
1852 1364 2102 1434 sequenti

500 1478 614 1520 non
660 1469 824 1518 erunt
874 1459 1319 1531 quatuordecim,
1359 1457 1456 1515 sed
1506 1456 1800 1515 tredecim.
1851 1456 2103 1515 Sciamus

502 1555 689 1628 igitur,
712 1554 1030 1611 Iechoniam
1054 1553 1290 1624 priorem
1315 1553 1490 1621 ipsum
1512 1565 1637 1607 esse
1663 1564 1824 1620 quem
1852 1561 1907 1605 et
1929 1558 1957 1588 ι
1977 1548 2107 1606 Ioa-

504 1652 614 1708 cim
638 1668 652 1704 :
680 1649 981 1707 secundum
1013 1655 1218 1711 autem,
1243 1645 1437 1713 lilium,
1461 1661 1571 1701 non
1601 1652 1846 1716 patrem:
1870 1658 2102 1715 quorum

2200 448 2370 504 lector
2409 459 2465 506 et
2514 451 2693 507 dicat:
2726 452 2861 508 Cum
2904 452 3106 523 Ioseph
3147 468 3255 508 non
3293 452 3366 507 sit
3395 460 3550 522 pater
3577 451 3802 509 Domini

2200 542 2495 598 SaIVutoris
2517 585 2532 610 ,
2564 548 2665 617 12
2700 546 2830 615 quid
2863 547 3100 614 pertinet
3139 546 3209 601 ad
3248 546 3540 603 Dominum
3570 562 3805 620 genera-

2203 637 2367 690 tionis
2403 637 2538 692 ordo
2566 639 2829 695 deductus
2858 655 3027 710 usque
3056 639 3126 695 ad
3153 638 3405 707 Ioseph?
3435 638 3534 694 Cui
3566 656 3801 711 respou-

2202 728 2450 784 debimus
2498 730 2766 798 primum,
2802 748 2907 787 non
2941 746 3068 788 esse
3096 729 3506 788 consuetudinis
3550 732 3803 803 Scriptu-

2203 834 2405 885 rarum,
2438 829 2497 874 ut
2523 821 2812 878 mulierum
2844 823 2897 878 in
2928 826 3373 895 generationibus
3398 828 3535 884 ordo
3558 836 3798 885 texatur.

2206 913 2411 970 Deinde
2435 929 2502 970 ex
2534 930 2642 970 una
2683 916 2826 972 tribu
2854 916 3022 975 fuisse
3044 919 3247 992 Ioseph
3285 931 3340 979 et
3364 922 3624 979 Mariam:
3655 923 3803 980 unde

2203 1020 2272 1063 ex
2301 1006 2446 1076 Lege
2473 1022 2594 1064 eam
2622 1010 2872 1079 accipere
2900 1013 3199 1083 cogebatur
3227 1024 3283 1070 ut
3312 1017 3673 1087 propinquam
3696 1056 3715 1085 ,
3747 1025 3804 1073 et

2204 1097 2348 1166 quod
2370 1098 2533 1155 simul
2554 1113 2814 1158 censetur
2833 1102 2887 1157 in
2910 1103 3215 1174 Bethleem,
3244 1118 3302 1164 ut
3329 1107 3399 1165 de
3424 1123 3528 1164 una
3546 1107 3806 1166 videlicet

2204 1192 2378 1263 stirpe
2400 1195 2671 1265 generati.

2277 1281 2410 1339 Cum
2454 1295 2584 1340 esset
2623 1287 2938 1358 desponsata
2978 1298 3143 1346 mater
3174 1295 3287 1365 ejus
3316 1291 3493 1349 Maria
3524 1303 3547 1332 ο
3577 1292 3805 1365 Ioseph.

2206 1375 2386 1443 Quare
2423 1392 2531 1433 non
2569 1378 2639 1434 de
2677 1380 2910 1451 simplici
2945 1382 3164 1452 Virgine
3189 1426 3204 1452 ,
3238 1384 3335 1440 sed
3374 1384 3442 1442 de
3468 1384 3803 1456 desponsata

2208 1469 2551 1539 concipitur?
2580 1470 2842 1539 Primum,
2871 1483 2931 1528 ut
2960 1489 3057 1543 per
3085 1478 3499 1547 generationem
3522 1519 3539 1544 ,
3570 1478 3805 1549 Ioseph,

2209 1560 2361 1630 origo
2387 1559 2571 1616 Maria:
2596 1572 3017 1621 monstraretur.
3046 1567 3334 1632 Secundo,
3376 1584 3444 1625 ne
3470 1569 3812 1641 lapidaretur

2209 1665 2236 1703 a
2264 1649 2466 1706 Iudaeis
2491 1662 2549 1707 ut
2573 1652 2844 1711 adultera.
2862 1655 3066 1725 Tertio,
3094 1668 3153 1713 ut
3182 1658 3236 1714 in
3262 1658 3557 1732 IEgyptum
3593 1659 3811 1733 fugiens

505 1743 658 1817 prior
687 1757 786 1815 per
824 1759 854 1796 c
893 1750 946 1798 et
1001 1757 1088 1808 m,
1122 1752 1357 1810 sequens
1401 1753 1499 1809 per
1538 1737 1602 1792 cIt
1640 1745 1696 1793 et
1739 1753 1773 1790 η
1806 1735 2101 1791 scribitur:
2134 1750 2182 1810 Β
2213 1743 2441 1800 haberet
2489 1746 2743 1801 solatium
2786 1743 2814 1783 ἀ
2861 1749 3063 1805 mariti.
3110 1749 3314 1822 Martyr
3354 1750 3595 1823 lgnatius
3640 1755 3809 1808 etiam

505 1839 653 1911 quod
681 1838 1021 1908 fscriptorum
1064 1835 1231 1902 vitio,
1273 1842 1331 1889 et
1368 1832 1710 1903 longitudine
1750 1838 2060 1901 temporum
2084 1870 2103 1896 ,

506 1933 652 2006 apud
677 1931 901 1989 Gnaeos
928 1929 1263 1997 Latinosque
1289 1925 1580 1983 confusum
1610 1933 1717 1982 est.

580 2023 766 2097 (Vers.
803 2020 920 2093 16.)
942 2018 1109 2074 Iacob
1138 2026 1312 2074 autem
1344 2017 1520 2090 genuit
1544 2015 1762 2088 Ioseph.
1790 2015 1907 2071 Hoc
1925 2014 1954 2054 ι’
1982 2014 2106 2071 loco

509 2116 714 2187 objecit
739 2114 895 2171 nobis
921 2113 1175 2169 Julianus
1195 2112 1474 2182 Augustus
1501 2109 1896 2165 dissonantiam
1930 2107 2108 2163 Evan-

509 2209 850 2282 gelistarum,
873 2221 973 2262 cur
993 2205 1323 2275 evangelista
1347 2202 1634 2259 Matthzeus
1645 2200 1849 2271 Ioseph
1868 2200 2108 2256 dixerint

509 2303 680 2359 tilium
710 2300 881 2359 Iacob
906 2317 920 2355 :
963 2308 1018 2357 et
1044 2299 1220 2355 Lucas
1246 2314 1372 2355 eum
1403 2297 1575 2352 tilium
1604 2296 1897 2367 appellarit
1945 2294 2063 2351 Heli
2088 2311 2105 2361 ;

513 2411 621 2451 non
653 2394 960 2464 intelligens
1005 2391 1460 2447 consuetudinem
1488 2388 1927 2459 Scripturarum,
1960 2387 2107 2458 quod

512 2490 653 2547 alter
677 2485 981 2546 secundum
1021 2493 1293 2552 naturam,
1320 2484 1460 2540 alter
1498 2482 1800 2539 secundum
1831 2482 2029 2552 Legem
2058 2483 2110 2538 ei

513 2594 672 2658 pater
696 2584 787 2639 sit.
813 2581 1031 2639 Scimus
1057 2580 1205 2637 enim
1233 2579 1340 2635 hoc
1375 2593 1472 2649 per
1499 2577 1721 2650 Moysen
1755 2576 1865 2632 Deo
1887 2575 2112 2647 jubente

515 2684 874 2751 pratceptum,
900 2684 959 2731 ut
985 2676 1031 2730 si
1063 2676 1231 2731 frater
1259 2682 1353 2730 aut
1381 2673 1714 2744 propinquus
1743 2672 1949 2743 absque
1977 2671 2113 2727 Iibe-

517 2773 597 2829 ris
644 2779 895 2827 mortuus
937 2768 1126 2836 fuerit,
1174 2768 1313 2823 alius
1338 2768 1459 2837 ejus
1502 2766 1738 2836 accipiat
1768 2780 2002 2822 uxorem
2040 2765 2111 2821 ad

515 2863 890 2923 suscitandum
933 2877 1119 2920 semen
1158 2860 1344 2917 fratris
1368 2860 1457 2916 vel
1487 2861 1775 2931 propinqui
1808 2861 1891 2915 sui
1926 2857 2108 2931 (Deut.

514 2960 598 3030 ιι).
644 2958 821 3029 Super
861 2956 966 3015 hoc
1004 2964 1063 3012 et
1111 2954 1398 3011 Africanus
1441 2962 1746 3021 temporum
1790 2953 2027 3023 scriptor
2058 2961 2116 3009 et

520 3053 793 3111 Eusebius
835 3050 1186 3108 Caesariensis
1212 3048 1267 3104 in
1297 3047 1452 3104 libris
1491 3046 1767 3121 διαφωνίας
1806 3047 2111 3120 εὐαγγελίων

522 3147 738 3218 plenius
760 3144 1127 3215 disputarunt.

593 3235 756 3308 (Vers
790 3234 902 3305 l7.)
940 3234 1127 3289 Virum
1156 3231 1376 3299 Mariae,
1412 3233 1476 3286 de
1508 3248 1610 3302 qua
1649 3240 1804 3287 natus
1831 3238 1908 3286 est
1933 3230 2110 3301 Iesus,

518 3329 610 3400 qui
637 3337 852 3383 vocatur
880 3327 1142 3382 Christus.
1185 3324 1321 3381 Cum
1348 3324 1524 3381 virum
1563 3323 1833 3390 audieris,
1873 3322 2116 3392 suspicio

476 3458 501 3479 .
518 3420 617 3474 tibi
648 3434 759 3474 non
787 3418 980 3475 subeat
1006 3417 1352 3485 nuptiarum;
1380 3416 1479 3473 sed
1517 3416 1807 3471 recordare
1824 3423 2117 3471 consuetu-

518 3512 662 3567 dinis
690 3510 1117 3582 Scripturarum,
1142 3509 1286 3581 quod
1308 3510 1496 3579 sponsi
1528 3509 1653 3576 viri,
1687 3518 1743 3564 et
1769 3523 1985 3580 sponsae
2014 3524 2113 3565 vo-

518 3615 714 3661 cantur
744 3618 964 3659 uxores.

514 3714 562 3768 ι’,
590 3697 774 3769 (Vers.
804 3694 920 3767 18.)
967 3695 1034 3751 Et
1076 3712 1110 3749 a
1147 3694 1605 3765 transmigratione
1638 3695 1920 3768 Babylonis
1958 3714 2118 3767 usque

523 3792 595 3848 ad
636 3790 931 3858 Christum,
979 3790 1332 3860 generationes
1370 3789 1776 3860 quatuordecim.
1813 3789 2049 3847 Numera
2084 3806 2114 3846 a

522 3883 786 3940 Iechonia
818 3896 993 3951 usque
1028 3880 1094 3936 ad
1121 3879 1325 3950 Ioseph
1347 3921 1362 3946 ,
1387 3888 1443 3936 et
1471 3881 1714 3937 invenies
1736 3882 2117 3952 generationes

526 3974 811 4031 tredecim.
849 3973 1051 4040 Quarta
1097 3972 1309 4029 decima
1355 3987 1487 4043 ergo
1530 3975 1810 4046 generatio
1844 3975 1898 4031 in
1937 3975 2115 4047 ipsum

521 4066 799 4122 Christum
827 4064 1189 4134 reputabitur.

596 4263 623 4292 ιι
644 4253 761 4308 Duo
791 4251 1019 4307 Palatin.
1053 4264 1211 4316 mss.,
1244 4248 1544 4307 Secundum
1585 4258 1759 4306 autem
1785 4250 2013 4306 Ioachin
2044 4252 2111 4321 ﬁ-

520 4330 654 4385 lium
679 4341 783 4379 non
805 4334 1023 4393 patrem,
1057 4330 1163 4377 etc.
1191 4322 1412 4389 Recole,
1442 4321 1585 4393 quod
1616 4333 1669 4377 et
1696 4331 1940 4377 notatum
1970 4321 2109 4376 Mar-

526 4402 723 4455 tianreo
753 4404 858 4456 est,
891 4397 1067 4464 ipsum
1103 4393 1491 4463 Hieronymum
1523 4393 1682 4448 latius
1713 4393 1814 4449 hac
1845 4393 1911 4448 de
1939 4407 1999 4464 re
2029 4393 2111 4448 di-

523 4475 833 4538 sputantem
862 4462 923 4520 in
941 4462 1355 4538 Commentario
1377 4464 1428 4538 in
1462 4464 1669 4538 Daniel.
1690 4478 1823 4538 cap.
1856 4479 1873 4517 ι
1887 4481 1907 4538 _:
1942 4462 2112 4538 Nemo

521 4534 880 4661 inquiegutet
902 4538 1135 4590 eumdem
1152 4536 1206 4589 in
1224 4536 1456 4590 Danielis
1477 4535 1733 4605 principio
1753 4551 1862 4590 esse
1880 4534 2109 4602 Ioacim,

525 4612 617 4661 aui
644 4611 697 4661 in
775 4607 1014 4661 sechielis
1052 4605 1267 4661 exordio
1292 4607 1519 4661 Ioachin
1548 4605 1789 4660 scribitur
1813 4627 1825 4661 :
1854 4607 1951 4660 iste
1979 4607 2109 4661 enim

525 4605 617 4684 qui
644 4611 697 4664 in
724 4605 1014 4684 Ezechielis
1052 4605 1267 4684 exordio
1292 4605 1839 4684 I‘oachinscrtbituri
1854 4607 1951 4684 iste
1979 4607 2115 4684 enim

527 4674 803 4736 extremam
836 4678 1095 4745 syllabam
1134 4677 1259 4733 chin
1306 4677 1485 4740 habet,
1521 4677 1608 4730 ille
1633 4678 1761 4731 cim.
1790 4674 1859 4730 Et
1886 4677 1950 4731 ob
1980 4678 2112 4731 hanc

527 4768 737 4808 causam
766 4752 819 4803 in
842 4737 1129 4821 Evangelia
1151 4753 1430 4821 secundum
1455 4737 1761 4821 atthceum
1787 4764 1892 4821 una
1910 4747 2116 4821 uidetur

528 4825 703 4903 deesse
746 4818 1068 4903 genfratid,’
1097 4819 1497 4903 quiamecunda
1541 4818 2035 4903 ςτιςσαρᾳκαιδέκας.

528 4888 950 4962 ΙοθθὶιηἨεβηίι
989 4888 1329 4957 ﬁlio‘Iosite,
1362 4902 1407 4947 et
1437 4888 1794 4962 t_ertia_incipit
1825 4907 1855 4942 a
1875 4890 2113 4962 Ioachin

527 4968 638 5037 filio
675 4959 902 5037 Igaciin.
947 4962 1096 5029 Quod
1139 4963 1385 5037 ignorans
1435 4959 1760 5037 Porphyrius
1802 4959 2115 5037 calumniam

525 5031 680 5091 struit
704 5033 969 5095 Ecclesia.
994 5048 1139 5088 suam
1161 5031 1433 5087 Ostendens
1461 5031 1795 5103 imperitiam,
1819 5031 1943 5103 dum
1962 5047 2118 5103 evan-

525 5108 723 5178 gelista:
760 5103 1009 5178 ΔΜαιώτιῖὶ
1050 5119 1269 5178 arguere
1316 5105 1497 5157 nititur
1538 5101 1849 5178 falsitatem.
1885 5101 2020 5178 Vide
2044 5112 2118 5178 et

512 5172 650 5249 qua:
678 5178 731 5231 in
760 5173 901 5228 hunc
929 5172 1510 5249 locum'ubsgrvamus.
1540 5172 1660 5228 Mox
1690 5174 1856 5229 iidem
1884 5172 2118 5249 galatini

531 5241 663 5303 mss.
694 5250 897 5318 legunt,
927 5247 1070 5318 prior
1106 5261 1197 5317 per
1229 5243 1277 5299 K
1308 5254 1356 5299 et
1385 5244 1437 5298 Μ
1470 5289 1482 5313 ,
1516 5260 1733 5316 sequens
1759 5258 1849 5316 per
1875 5241 1928 5297 Χ
1959 5252 2005 5298 et
2038 5243 2115 5310 N,

530 5318 733 5374 Graecis
758 5316 982 5372 litteris.

602 5388 630 5427 δ
660 5388 880 5443 Rectius
929 5402 1094 5458 penes
1129 5386 1470 5441 Rabbanum.
1518 5386 1672 5442 Hunc
1708 5387 1887 5458 locum
1916 5382 2119 5458 obiecit

529 5459 687 5515 nobis
707 5456 951 5514 Iulianus
985 5461 1255 5527 Augustus
1279 5458 1347 5511 de
1379 5458 1721 5512 Dis-sonantia
1750 5456 2122 5526 Evangelista-

530 5546 672 5585 rum.
708 5530 943 5585 Africani
980 5531 1143 5583 verba
1169 5530 1443 5583 subnectit
1464 5528 1760 5583 Rabbanus
1783 5542 1850 5581 ex
1879 5526 2121 5597 Epistula

529 5602 596 5655 ad
637 5600 926 5655 Aristidem
964 5600 1032 5654 de
1066 5599 1488 5669 Evangeliorum
1522 5600 1857 5653 dissonantia
1890 5595 2117 5652 (Nobis

530 5687 650 5742 ergo
703 5674 955 5725 imminet.
986 5711 999 5723 .
1032 5712 1045 5724 .
1081 5712 1097 5733 ,
1162 5671 1445 5742 secundum
1494 5672 1767 5742 ueritatem
1812 5676 1958 5742 gesta
1982 5738 1994 5742 _
2019 5686 2115 5742 tua

529 5737 851 5795 tradiderunt
892 5758 909 5795 :
961 5756 1081 5811 qua:
1127 5741 1420 5813 plut-imum
1465 5743 1676 5795 variant
1722 5740 1790 5794 ab
1818 5737 2111 5808 Eusebio,

2209 1848 2459 1907 quartam
2482 1839 2691 1896 addidit
2711 1856 2957 1908 causam,
2979 1857 3078 1898 cur
3100 1858 3132 1899 a
3155 1844 3488 1915 desponsata
3508 1853 3812 1915 conceptus

2208 1930 2317 1984 sit:
2364 1940 2425 1984 ut
2470 1941 2695 2001 partus,
2746 1933 3037 2003 inquiens,
3082 1935 3201 2004 ejus
3248 1936 3526 1992 celaretur
3552 1936 3810 2008 diabolo,

2208 2019 2336 2075 dum
2364 2036 2488 2077 eum
2520 2031 2674 2093 putat
2700 2040 2809 2081 non
2841 2025 2909 2083 de
2931 2026 3187 2099 Virgine,
3219 2028 3316 2085 sed
3346 2028 3414 2086 de
3439 2044 3611 2086 uxore
3635 2044 3812 2102 gene-

2208 2122 2414 2168 ratum.

2281 2204 2569 2279 Antequam
2596 2211 2959 2279 convenirent,
2984 2212 3191 2268 inventa
3220 2223 3297 2269 est
3334 2215 3390 2269 in
3420 2223 3566 2271 utero
3611 2214 3813 2272 habens

2212 2300 2275 2353 de
2290 2299 2493 2373 Spiritu
2509 2312 2709 2358 sancto.
2728 2303 2842 2359 Non
2862 2305 2933 2360 ab
2945 2305 3053 2362 alio
3071 2306 3290 2363 iuventa
3306 2316 3390 2365 est
3410 2309 3513 2364 nisi
3533 2323 3565 2364 a
3580 2309 3811 2380 Ioseph,

2210 2393 2304 2462 qui
2333 2409 2471 2465 pene
2512 2396 2733 2453 licentia
2765 2399 3001 2455 maritali
3040 2398 3234 2457 futurae
3278 2401 3471 2458 uxoris
3497 2402 3685 2458 omnia
3714 2417 3815 2458 no-

2212 2494 2386 2540 verat.
2416 2486 2573 2554 Quod
2615 2500 2796 2544 autem
2846 2490 3074 2559 dicitur,
3120 2493 3407 2565 Antequam
3437 2496 3816 2552 convenirent:

2214 2590 2321 2633 non
2353 2580 2624 2649 sequitur,
2656 2593 2718 2637 ut
2748 2592 2940 2654 postea
2966 2586 3362 2654 convenerint;
3405 2588 3503 2646 sed
3531 2588 3814 2660 Scriptura

2213 2674 2357 2747 quod
2385 2674 2586 2731 factum
2618 2691 2726 2733 non
2756 2678 2847 2746 sit,
2876 2679 3142 2737 ostendit.

2287 2769 2470 2842 (Vers.
2496 2768 2613 2841 i9.)
2642 2770 2841 2841 Ioseph
2868 2782 3040 2829 autem
3070 2775 3148 2829 uir
3176 2778 3289 2849 ejus
3317 2790 3435 2829 cum
3459 2785 3588 2831 esset
3609 2779 3811 2850 justus,

2215 2872 2263 2919 et
2292 2865 2452 2918 nollet
2493 2881 2605 2920 eam
2632 2867 2903 2921 traducere
2925 2907 2941 2933 ,
2975 2867 3138 2922 uoluit
3164 2868 3363 2924 occulte
3392 2869 3653 2925 dimittere
3680 2887 3815 2925 eant.

2216 2955 2347 3011 Hcce
2375 2967 2548 3012 autem
2574 2973 2635 3012 eo
2662 2959 2943 3030 cogitante,
2961 2976 3077 3016 ecce
3090 2961 3308 3032 angelus
3330 2957 3543 3016 Domini
3569 2962 3816 3032 apparuit

2215 3047 2269 3100 in
2296 3049 2490 3102 somnis
2516 3048 2748 3118 Ioseph,
2782 3050 2977 3106 dicens.
3009 3050 3067 3107 Si
3098 3054 3221 3122 quis
3246 3051 3553 3109 loruicariae
3581 3053 3819 3123 eonjun-

2135 3133 2180 3196 C
2215 3137 2379 3208 gitur,
2402 3154 2566 3194 unum
2592 3155 2790 3213 corpus
2811 3141 3045 3199 et‘ticitur
3069 3142 3115 3216 (ι
3135 3142 3254 3199 Cor.
3274 3144 3484 3214 v1.16).
3509 3144 3572 3200 Et
3592 3145 3650 3201 in
3676 3128 3819 3215 Lege

2217 3243 2551 3302 prmceptum
2576 3245 2682 3303 est,
2710 3251 2817 3291 non
2843 3236 3018 3292 solum
3050 3251 3196 3303 reos,
3226 3237 3325 3293 sed
3354 3247 3409 3293 et
3434 3240 3694 3296 conscios
3712 3238 3820 3295 cri-

2215 3323 2421 3378 minum
2451 3324 2718 3381 obnoxios
2757 3341 2883 3382 esse
2912 3329 3117 3396 peccati
3148 3327 3169 3401 (
3196 3327 3360 3383 Leuit.
3390 3330 3495 3400 v):
3539 3329 3819 3399 quomodo

2216 3414 2420 3486 Ioseph
2447 3430 2570 3472 cum
2599 3416 2808 3472 crimen
2834 3419 2981 3474 celet
3010 3416 3117 3491 [AL
3141 3418 3366 3493 celaret]
3393 3418 3607 3488 uxoris,
3636 3420 3818 3493 justus

2216 3506 2513 3563 scribitur:
2558 3507 2667 3564 Sed
2708 3508 2812 3565 hoc
2859 3511 3235 3567 teStimonium
3280 3512 3465 3568 Mariae
3504 3523 3626 3583 est,
3671 3513 3816 3585 quod

2217 3597 2419 3670 Ioseph
2460 3601 2637 3657 sciens
2683 3602 2833 3658 illius
2874 3607 3218 3672 castitatem,
3267 3617 3321 3660 et
3352 3604 3635 3661 admirans
3672 3605 3815 3677 quod

2226 3702 2505 3759 evenerat,
2529 3693 2676 3749 celat
2704 3694 2945 3765 silentio,
2972 3695 3129 3766 cujus
3158 3698 3479 3768 mysterium
3508 3700 3816 3755 nesciebat.

2296 3785 2478 3852 (Vers.
2506 3786 2623 3859 ‘20.)
2649 3786 2845 3858 Ioseph
2874 3788 2954 3859 ﬁli
2980 3788 3151 3843 Dauid
3171 3833 3186 3858 ,
3221 3790 3333 3844 noli
3377 3790 3555 3846 timere
3584 3791 3817 3859 accipere

2225 3875 2452 3930 Mariam
2475 3887 2499 3916 θ
2522 3882 2794 3950 conjugem
2815 3886 2981 3934 tuam.
3001 3878 3155 3947 Quod
3174 3881 3312 3936 enim
3339 3882 3395 3936 in
3422 3882 3522 3954 13
3546 3899 3611 3937 ea
3637 3892 3817 3938 natum

2220 3983 2317 4039 est,
2339 3972 2404 4027 de
2430 3971 2634 4044 Spiritu
2662 3982 2845 4028 sancto
2870 3981 2966 4029 est.
2996 3972 3175 4029 Pariet
3203 3984 3376 4029 autem
3402 3975 3598 4045 ﬁlium.
3621 3976 3738 4032 Iam
3763 3983 3819 4029 et

2222 4080 2389 4136 supra
2407 4066 2645 4122 diximus
2664 4080 2894 4138 sponsas
2915 4081 3125 4123 uxores
3142 4067 3425 4138 appellari,
3439 4067 3580 4138 quod
3598 4066 3813 4140 plenius

2216 4252 2308 4323 qui
2354 4251 2459 4308 hoc
2502 4252 2677 4320 ipsum
2729 4251 3098 4323 testimonium
3142 4250 3381 4308 Africani
3415 4251 3509 4307 lib.
3551 4267 3569 4307 ι
3603 4251 3809 4323 Histor.

2216 4338 2335 4450 (ἕρ.
2378 4326 2432 4388 7,
2473 4325 2687 4379 recitat.
2714 4322 2912 4380 Confer
2950 4323 3313 4394 Nicephorum
3351 4323 3448 4378 lib.
3482 4338 3529 4390 ι,
3566 4338 3687 4395 cap.
3722 4322 3808 4377 Η.

2270 4411 2397 4450 aur.

2270 4411 2397 4450 ΛΒΤ.

2297 4478 2316 4503 ο
2339 4467 2442 4520 l’ro
2456 4463 2653 4535 Ioseph
2677 4467 2896 4521 nomine
2920 4464 3061 4537 quod
3088 4479 3215 4520 mss.
3239 4478 3430 4519 omnes
3453 4474 3653 4531 tacent,
3674 4476 3813 4520 unus

2217 4537 2571 4607 Cisterciens.
2606 4539 2918 4599 substituit,
2956 4537 3220 4604 Quaeritur
3247 4551 3429 4607 quare,
3460 4545 3567 4591 etc.

2294 4605 2320 4645 ἀ
2355 4609 2549 4663 Vocem
2573 4608 2746 4662 mariti
2778 4608 3024 4677 plerique
3053 4605 3406 4676 vulgatilibri
3433 4617 3633 4664 tacent.
3665 4605 3812 4663 Unus

2225 4695 2328 4737 ms.
2360 4678 2644 4734 Sorbunic.
2672 4679 2987 4735 Martianteo
3018 4686 3181 4742 teste,
3213 4677 3375 4732 habet
3403 4678 3668 4745 maritale,
3695 4692 3813 4748 qua:

2222 4760 2278 4805 et
2332 4751 2444 4819 ipsa
2485 4749 2699 4804 videtur
2746 4749 3049 4805 abundare.
3089 4748 3663 4818 Psettdo-TheOpltilus
3706 4750 3817 4802 An-

2223 4821 2551 4876 thiocuenus
2590 4822 2685 4875 lib.
2735 4835 2752 4875 ι
2797 4819 3328 4875 Commentariorum
3392 4822 3443 4873 in
3496 4819 3811 4889 Evangelia,

2224 4906 2344 4946 cum
2378 4892 2521 4947 hunc
2548 4908 2615 4948 ex
2648 4892 2977 4963 Hieronymo
3010 4892 3188 4945 locum
3236 4890 3465 4963 totidem
3493 4889 3815 4959 exscripsis—

2225 4972 2310 5017 set
2336 4966 2515 5017 verius
2540 5004 2553 5023 ,
2584 4964 2680 5016 uiri
2708 4961 2890 5017 tamen
2922 4978 3022 5031 pro
3051 4962 3224 5015 mariti
3258 4961 3408 5029 legit.
3444 4961 3666 5018 Demum
3698 4974 3816 5029 quae

2226 5048 2291 5088 ex
2309 5033 2369 5089 S.
2394 5033 2597 5100 lgnatio
2623 5042 3075 5104 martyrequarta
3101 5031 3313 5086 additur
3326 5048 3514 5097 causa,
3534 5035 3633 5088 sub
3655 5031 3813 5104 linem

2225 5105 2343 5170 ejus
2396 5104 2660 5174 Epistulae
2714 5102 2781 5158 ad
2831 5102 3098 5174 Ephesios
3155 5113 3447 5174 utcumque
3502 5102 3811 5158 iuuotescit.

2228 5175 2375 5231 Hanc
2415 5192 2482 5231 ex
2513 5175 2845 5246 Hieronymo
2879 5173 3186 5246 pericopem
3218 5173 3374 5228 atl‘ert
3397 5183 3557 5246 vetus
3590 5188 3703 5246 ms.
3723 5188 3817 5228 co-

2226 5246 2330 5300 dex
2369 5245 2591 5315 capituli
2633 5243 3338 5315 VeronensisLCOutinens
3378 5245 3630 5301 Alchuini
3672 5243 3814 5314 Opu-

2226 5316 2377 5371 scula
2409 5314 2508 5370 :iu
2537 5331 2646 5385 quo
2686 5329 2884 5370 nomen
2927 5316 2984 5369 S.
3020 5314 3206 5384 lgnatii
3239 5316 3492 5381 Martyris
3533 5317 3810 5380 reticetur,

2228 5387 2533 5457 legiturque
2556 5386 2931 5441 tantummodo
2961 5385 3157 5452 Quarto
3179 5396 3234 5440 ut
3255 5395 3455 5457 partus,
3487 5396 3594 5442 etc.
3614 5385 3813 5440 Verum

2229 5459 2289 5513 S.
2313 5458 2670 5528 Hieronymus
2693 5458 2870 5526 potius
2890 5460 3203 5528 eerigeue
3226 5458 3424 5512 Hotnil.
3445 5473 3493 5511 vr
3516 5460 3571 5512 in
3592 5458 3809 5518 Lucam,

2226 5544 2387 5600 quam
2419 5544 2482 5583 ex
2514 5529 2718 5589 lunatiu
2753 5533 2869 5598 ipso
2896 5529 3161 5584 recitarit.

2300 5611 2323 5637 ε
2352 5600 2484 5653 Tres
2516 5601 2742 5654 Palatin.
2771 5596 2927 5663 iuss.,
2952 5614 3184 5659 uxorem.
3213 5613 3374 5667 quam
3403 5610 3456 5655 et
3486 5599 3540 5653 in
3569 5596 3813 5653 subnexa

2224 5672 2560 5741 espositione
2593 5686 2781 5727 vocem
2813 5670 3036 5726 llicron.
3072 5671 3293 5741 probat.
