3962 6310
192 288 255 347 ss
786 291 1431 353 COMMENTARIORUM
1470 291 1539 350 IN
1579 291 2034 352 svmcemuu
2074 292 2412 352 ιιιιττιιιεει
2450 292 2581 351 LIB.
2620 293 2665 353 ι.
2710 266 2864 353 cui.
2906 293 2976 353 ιι.
3457 293 3536 358 es

202 405 329 464 liber
377 408 681 466 adversus
729 409 1040 466 Helvidium
1075 408 1268 465 docet:
1308 419 1360 464 et
1390 410 1717 467 blandientis
1747 409 1827 465 ai-
1855 413 1906 473 Α
1934 409 2075 479 Lege
2139 408 2510 478 supradictum
2573 407 2822 464 libellum
2876 409 3145 467 adversus
3194 408 3532 470 Helvidium.

219 499 346 557 iectu
376 503 431 557 ei
465 516 570 572 per
608 504 899 558 somnium
928 490 1163 573 Angelus
1192 502 1454 571 loquitur,
1478 512 1537 558 ut
1560 503 1828 574 justitiam

226 595 418 650 silentii
468 596 900 667 comprobaret.
955 595 1236 665 Simulque
1287 596 1580 650 notandum
1613 639 1628 664 ,
1683 596 1828 667 qttod

231 687 417 757 Joseplt
443 686 591 743 ﬁlius
621 702 755 743 esse
783 688 996 743 dicatur
1014 686 1123 760 [ΑΙ.
1151 687 1372 760 dicitur]
1400 688 1593 753 David.
1625 697 1685 744 ut
1711 689 1827 744 Ma-

237 785 306 842 ria
327 798 539 855 quoque
570 783 641 838 de
668 783 850 854 stirpe
884 781 1050 837 David
1076 791 1498 838 monstraretur.

306 877 476 949 (νει-ε.
497 876 620 947 21.)
646 876 719 932 Et
744 877 951 933 vocabis
971 894 1155 932 nomen
1176 880 1291 953 ejus
1319 876 1519 933 Iesum.
1548 877 1575 932 1
1581 895 1671 950 pse
1690 880 1827 934 enim

242 969 429 1025 salttum
457 970 616 1040 faciet
648 971 915 1040 papulum
939 987 1091 1024 suum
1129 988 1163 1024 a
1191 971 1415 1041 peccatis
1442 988 1640 1026 eorum.
1666 972 1829 1028 .lssns

240 1062 492 1119 Hebraico
512 1077 779 1118 sermone
800 1063 1048 1119 Salvator
1064 1062 1287 1119 dicitur.
1314 1063 1703 1136 Etymologiam
1736 1080 1826 1120 cr-

234 1169 299 1225 go
324 1154 564 1210 nominis
594 1155 720 1225 ejus
748 1154 1087 1225 evangelista
1114 1156 1369 1226 signavit,
1393 1157 1583 1213 dicens
1616 1175 1630 1211 :
1665 1157 1828 1213 Voca-

230 1245 303 1301 bis
323 1262 509 1302 nomen
546 1250 663 1321 ejus
692 1246 722 1278 ⁸
749 1246 1116 1319 Jesum;quia
1143 1250 1263 1320 ipse
1290 1251 1500 1305 salvum
1541 1252 1701 1307 faciet
1732 1266 1829 1321 po-

226 1340 407 1410 pulum
428 1355 616 1395 suum.

288 1429 475 1501 (Vers.
498 1429 575 1486 22
603 1430 793 1506 seqq.)
824 1432 944 1487 Hoc
970 1442 1146 1488 autem
1187 1442 1352 1489 totum
1396 1437 1596 1506 factum
1645 1444 1743 1501 est,
1768 1444 1825 1489 ut

221 1524 594 1596 adimpleretur
618 1524 760 1594 quod
806 1525 1006 1580 dictum
1051 1535 1125 1581 est
1154 1543 1187 1581 a
1220 1526 1445 1582 Domino
1474 1545 1566 1598 per
1594 1526 1825 1599 prophe-

220 1624 321 1673 tam
345 1618 606 1673 dicentem
635 1633 657 1672 :
676 1615 821 1672 Ecce
866 1617 1026 1690 Virgo
1050 1619 1103 1672 in
1132 1630 1280 1675 utero
1319 1620 1544 1686 habebit,
1568 1631 1615 1676 et
1655 1622 1823 1691 pariet

218 1710 407 1780 ﬁlium,
434 1719 487 1765 et
530 1709 808 1765 vocabitur
846 1726 1029 1766 nomen
1073 1714 1187 1782 ejus
1219 1711 1551 1779 Emmanuel,
1582 1715 1720 1781 quod
1749 1722 1822 1768 est

2009 501 2163 571 (Cap.
2189 500 2231 555 ll
2280 531 2352 543 ο-
2375 499 2588 556 Vers.2
2627 505 2811 572 seqq.)
2846 500 3093 557 Vidimus
3134 503 3275 558 enim
3325 504 3533 560 stellam

1934 597 2045 665 ejus
2072 596 2126 649 in
2156 595 2388 657 Oriente,
2419 604 2469 649 et
2496 596 2724 650 venimus
2751 596 2976 651 adorare
3018 613 3155 653 eum.
3179 597 3409 653 Audiens
3439 616 3539 652 au-

1934 698 2033 741 tem
2066 687 2297 743 Herodes
2323 704 2435 757 rex,
2461 690 2697 744 turbatus
2744 698 2840 758 est,
2874 698 2923 747 et
2956 692 3123 747 omnis
3168 691 3537 766 Hierosolyma

1932 794 2050 832 cum
2079 779 2191 834 illo.
2217 779 2284 833 Et
2301 795 2622 851 congregans
2649 797 2824 835 omnes
2840 782 3101 854 principes
3130 785 3462 840 sacerdotum
3483 795 3533 841 et

1930 872 2125 927 scribas
2152 872 2356 943 populi,
2384 872 2747 927 sciscitabatur
2774 873 2839 928 ab
2866 875 2940 928 eis
2981 874 3068 929 ubi
3090 873 3330 930 Christus
3354 894 3539 933 nasce-

1931 972 2094 1018 retur.
2143 962 2227 1018 Ad
2268 961 2643 1019 confusionem
2694 963 3032 1034 Judaeorum,
3076 975 3135 1021 ut
3192 966 3539 1025 nativitatem

1927 1055 2133 1112 Christi
2155 1072 2185 1112 a
2213 1057 2477 1128 gentibus
2495 1057 2796 1123 discerent.
2827 1058 3007 1113 oritur
3032 1057 3089 1114 in
3110 1059 3332 1116 Oriente
3354 1061 3536 1131 stella,

1928 1164 2090 1219 quam
2123 1152 2365 1205 l‘uturam
2411 1150 2632 1205 Balaam
2665 1161 2712 1216 ο,
2744 1149 2900 1220 cujus
2940 1165 3286 1208 successores
3335 1162 3517 1221 erant,

1928 1243 2188 1298 vaticinia
2233 1252 2521 1299 noverant.
2545 1244 2692 1314 Lege
2737 1242 3101 1299 Numerorum
3150 1243 3347 1299 librum
3369 1245 3532 1319 (Cap.

1927 1336 2101 1407 utr).
2127 1336 2457 1393 Deferuntur
2480 1345 2666 1393 autem
2712 1336 2853 1408 magi
2887 1336 3062 1393 stellae
3104 1338 3309 1393 indicio
3341 1338 3394 1393 in
3425 1337 3529 1394 Ju-

1926 1430 2123 1495 daram,
2162 1432 2554 1488 utsacertlotes
2583 1447 2613 1484 a
2645 1432 2818 1501 magis
2848 1430 3197 1503 interrogati,
3227 1430 3325 1487 ubi
3343 1432 3534 1490 Chris-

1928 1533 2015 1580 tus
2038 1535 2378 1591 nasceretur,
2395 1523 2799 1580 inexcusabiles
2822 1522 3019 1579 ﬁerent
3043 1522 3111 1578 de
3131 1523 3368 1578 adventu
3386 1524 3528 1593 ejus.

1996 1617 2179 1689 (Vers.
2213 1617 2294 1687 5.)
2322 1618 2389 1671 At
2418 1618 2499 1672 illi
2519 1617 2765 1672 dixerunt
2792 1618 2840 1671 ei
2874 1632 2893 1671 :
2920 1617 2974 1672 in
3001 1614 3270 1671 Bethleem
3293 1614 3523 1672 ludicre.

1926 1706 2018 1763 Sic
2039 1709 2176 1762 enim
2196 1710 2449 1776 scriptum
2474 1717 2550 1762 est
2572 1724 2662 1776 per
2685 1706 2988 1780 prophetam
3015 1722 3035 1761 :
3060 1704 3132 1760 Et
3153 1714 3232 1773 tu,
3266 1706 3530 1762 Bethleem

216 1804 642 1873 interpretatum,
679 1802 967 1859 Nobiscum
989 1803 1154 1860 Deus.
1200 1804 1499 1880 Exsurgens
1522 1817 1693 1860 autent
1718 1806 1817 1860 Ιοο
1850 1798 1898 1858 Β
1927 1808 2063 1855 terra
2082 1798 2249 1867 Iuda,
2275 1816 2599 1869 nequaquam
2620 1799 2835 1853 minima
2863 1815 2915 1854 es
2936 1800 2988 1853 in
3011 1797 3334 1872 principibus
3357 1796 3528 1853 Iuda.

212 1897 339 1967 διρή
378 1914 411 1950 a
438 1913 644 1964 somno,
673 1897 795 1968 fecit
822 1899 954 1952 sicut
983 1899 1227 1969 pracepit
1266 1899 1312 1953 ei
1337 1897 1552 1972 angelus
1586 1897 1817 1953 Domini.

217 1989 321 2046 Pro
351 2005 417 2047 eo
437 1990 585 2062 quod
612 1990 956 2061 evangelista
984 1990 1266 2046 Mattbaaus
1296 1991 1453 2056 dicit,
1475 1993 1531 2047 in
1558 2001 1702 2047 utero
1725 1991 1819 2046 ha-

214 2082 366 2149 bebit,
398 2084 452 2138 in
505 2082 776 2154 propheta
818 2085 1086 2155 scriptum
1141 2095 1248 2152 est,
1282 2087 1336 2139 in
1382 2094 1533 2140 utero
1576 2086 1815 2155 accipiet.

213 2174 322 2231 Sed
372 2175 667 2246 propheta,
697 2177 824 2247 quia
874 2176 1061 2233 futura
1096 2180 1363 2247 prmdicit,
1394 2176 1662 2251 signiﬁcat
1688 2178 1818 2250 quid

216 2269 454 2324 futurum
476 2270 572 2334 sit,
604 2279 659 2324 et
698 2270 916 2335 scribit,
947 2272 1210 2340 accipiet:
1236 2272 1578 2341 evangelista
1609 2283 1815 2339 autem,

218 2364 338 2434 quia
383 2379 488 2418 non
524 2363 595 2419 de
642 2362 849 2429 futuro,
882 2363 983 2420 sed
1008 2364 1077 2420 de
1108 2366 1394 2435 praeterito
1424 2373 1613 2421 narrat
1641 2365 1813 2420 histo-

218 2455 381 2521 riam,
415 2454 642 2510 mutavit
690 2457 931 2524 accipiet,
959 2467 1015 2513 et
1057 2460 1235 2529 posuit
1280 2458 1502 2515 habebit.
1534 2461 1635 2525 Qui
1668 2459 1815 2514 enim

223 2545 407 2611 habet,
444 2563 787 2620 nequaquam
817 2558 1150 2620 accepturus
1181 2561 1287 2607 est.
1317 2552 1450 2607 Tale
1486 2552 1618 2622 quid
1664 2561 1720 2608 et
1760 2555 1815 2608 in

225 2637 453 2695 Psalmis
496 2640 728 2711 legimus
756 2658 774 2702 :
799 2642 1093 2698 Ascendens
1128 2644 1182 2698 in
1227 2646 1508 2711 excelsum,
1557 2648 1814 2715 captivam

231 2727 374 2783 duxit
418 2731 760 2800 captivitatem
792 2734 1035 2803 :accepit
1074 2734 1211 2789 dona
1260 2736 1316 2788 in
1362 2736 1652 2791 hominibus
1695 2735 1813 2809 (Ps.

237 2836 397 2891 urit,
425 2823 530 2895 l9).
560 2822 674 2879 [loc
702 2824 1072 2880 testimonium
1103 2828 1389 2897 apostolus
1435 2843 1669 2897 ponens,
1704 2844 1813 2885 non

139 2914 149 2923 ⁸
241 2913 390 2981 dixit,
418 2918 629 2985 accepit,
671 2917 769 2973 sed
794 2917 936 2972 dedit
964 2934 984 2973 :
1008 2920 1134 2990 quia
1180 2921 1254 2975 ibi
1296 2922 1365 2976 de
1397 2921 1580 2977 futuro
1608 2924 1816 2995 signiti-

246 3018 414 3065 catum
440 3019 540 3080 est,
562 3011 707 3082 quod
745 3022 1071 3084 accepturus
1093 3025 1240 3071 esset
1271 3033 1286 3070 :
1317 3015 1405 3072 hic
1434 3015 1503 3072 de
1533 3032 1602 3073 eo
1628 3028 1817 3076 narrat

249 3098 281 3142 δ
306 3101 529 3168 historia,
560 3107 652 3175 qui
676 3106 795 3176 jam
820 3106 1046 3163 dederat
1068 3108 1213 3180 quod
1242 3121 1552 3179 acceperat.

1927 1890 2010 1945 Ea:
2031 1900 2079 1945 te
2095 1892 2232 1945 enim
2258 1892 2392 1945 exiet
2418 1891 2548 1956 dux,
2580 1892 2667 1962 qui
2698 1899 2842 1963 regat
2864 1892 3119 1963 populum
3141 1907 3312 1946 meum
3332 1889 3526 1946 Israel.

1924 1982 2297 2039 Lilirariorum
2328 1983 2415 2039 hic
2444 1998 2603 2038 error
2630 1992 2740 2039 est.
2774 1982 3039 2039 Putamus
3064 1982 3212 2039 enim
3252 1983 3323 2038 ab
3352 1997 3528 2039 evan-

1922 2076 2117 2146 gelista
2148 2077 2382 2146 primum
2413 2076 2647 2142 editum,
2680 2076 2825 2130 sicut
2854 2074 2909 2130 in
2950 2075 3072 2145 ipso
3099 2072 3127 2112 ἀ
3159 2074 3428 2131 Hebraico
3450 2074 3534 2130 le-

1920 2170 2121 2241 gimus,
2149 2168 2342 2240 Judte,
2376 2185 2483 2223 non
2527 2166 2755 2224 Iudicia.
2794 2167 2930 2237 Quae
2969 2174 3055 2222 est
3097 2168 3241 2223 enim
3297 2167 3527 2223 aliarum

1919 2263 2166 2333 gentium
2198 2261 2503 2327 Bethleem,
2537 2269 2594 2315 ut
2622 2260 2692 2315 ad
2719 2257 3130 2315 distinctionem
3162 2258 3284 2329 ejus
3314 2257 3407 2316 hic
3431 2257 3530 2313 Ju-

1921 2356 2050 2411 dtrw
2090 2356 2424 2426 poneretur?
2453 2354 2609 2411 Juda:
2638 2366 2822 2410 autem
2855 2353 3061 2409 idcirco
3091 2352 3375 2420 scribitur,
3399 2355 3529 2424 quia

1920 2462 2003 2507 est
2042 2460 2100 2506 et
2143 2451 2245 2505 alia
2276 2449 2560 2504 Bethleem
2590 2448 2645 2502 in
2692 2445 2939 2502 Galiltca.
2972 2446 3116 2517 Lege
3159 2445 3365 2501 librum
3397 2445 3528 2503 Jesu

1921 2544 2020 2599 lilii
2047 2542 2199 2599 Nave
2230 2540 2369 2615 (Jos.
2406 2540 2518 2608 l9).
2558 2540 2797 2611 Denique
2826 2549 2882 2594 et
2914 2538 2967 2594 in
3012 2541 3131 2609 ipso
3164 2539 3519 2607 testimonio,

1920 2636 2063 2706 quod
2093 2635 2161 2691 de
2190 2636 2432 2691 Micbzea:
2466 2633 2755 2705 prophetia
2798 2642 3076 2704 sumptum
3104 2643 3212 2701 est,
3242 2634 3314 2689 ita
3347 2633 3522 2691 habe-

1920 2736 2010 2784 tur
2037 2745 2053 2786 :
2078 2727 2144 2781 Et
2172 2737 2249 2794 tu,
2278 2724 2545 2781 Bethleem
2567 2736 2705 2781 terra
2731 2722 2875 2781 Iuda
2907 2723 3099 2798 (Mich.
3132 2741 3188 2793 ν,
3216 2724 3299 2797 2).

1991 2820 2179 2893 (Vers.
2214 2819 2329 2892 Η.)
2354 2818 2419 2873 Ει
2452 2819 2646 2889 apertis
2676 2817 2932 2872 thesauris
2978 2818 3107 2886 suis,
3136 2818 3433 2875 obtulerunt
3477 2820 3527 2876 ei

1918 2931 2157 2980 munera,
2186 2930 2395 2977 aurum,
2426 2913 2564 2977 thus,
2588 2920 2638 2966 et
2665 2911 2955 2982 myrrham.
2985 2910 3365 2969 Pulcherrime
3399 2927 3525 2969 mu-

1918 3022 2109 3063 nerum
2131 3012 2472 3061 sacramenta
2496 3002 2771 3059 iuvencus
2796 3004 3086 3075 presbyter
3102 3018 3211 3060 uno
3236 3005 3515 3063 versiculo

1916 3094 2333 3167 comprehendit
2365 3112 2379 3150 :

324 3194 486 3265 (Vera.
514 3198 633 3268 25.)
659 3197 731 3253 Et
769 3201 967 3269 accepit
1012 3205 1284 3273 eonjugem
1314 3219 1485 3270 suam,
1514 3212 1563 3256 et
1591 3220 1693 3258 non
1728 3220 1818 3259 co-
1842 3180 1888 3243 Ο
1980 3218 2133 3276 Thus,
2148 3230 2341 3281 aurum,
2363 3216 2624 3279 myrrham,
2646 3216 2880 3279 regique,
2905 3216 3439 3281 bomiuique,Deoque

255 3288 406 3357 gnosit
426 3306 552 3360 eain,
579 3290 741 3346 donec
770 3294 969 3362 peperit
994 3294 1164 3363 [ilium
1185 3311 1337 3349 suum
1367 3298 1775 3370 primogenitum
1798 3316 1818 3367 ;

254 3389 302 3435 et
326 3385 495 3438 vocavit
522 3401 704 3439 nomen
723 3390 837 3459 ejus
851 3384 1056 3442 Iesum.
1082 3388 1158 3443 Ex
1183 3389 1285 3445 hoc
1311 3390 1434 3446 loco
1454 3371 1672 3461 quidam
1696 3408 1819 3462 per-

258 3474 535 3532 versissime
561 3479 941 3549 suspicantur,
974 3489 1031 3536 et
1058 3480 1197 3535 alios
1229 3480 1369 3539 ﬁlios
1414 3484 1671 3540 habuisse
1698 3485 1814 3541 hia-

250 3566 398 3638 riatu,
424 3569 655 3628 dicentes
680 3573 1110 3643 primogenitum
1136 3590 1246 3631 non
1277 3576 1408 3643 dici,
1438 3579 1545 3632 nisi
1590 3578 1680 3648 qui
1713 3579 1813 3633 Ita-

257 3656 368 3715 beat
393 3672 441 3717 et
456 3665 643 3720 fratres
671 3682 686 3719 :
719 3680 844 3721 cum
876 3666 966 3722 hic
989 3684 1105 3723 mos
1126 3668 1199 3724 sit
1226 3670 1533 3726 divinarum
1560 3670 1809 3742 Scriptu-

258 3763 450 3821 rarum,
496 3766 552 3812 ut
588 3759 1016 3830 primogenitum
1048 3777 1157 3817 non
1202 3779 1328 3819 eum
1378 3776 1598 3828 vocent,
1648 3783 1808 3837 quem

264 3840 355 3915 14
369 3844 542 3904 fratres
560 3861 889 3922 sequuntur,
917 3853 1012 3909 sed
1035 3870 1157 3910 eum
1184 3857 1275 3927 qui
1302 3857 1510 3928 primus
1539 3866 1696 3914 natus
1716 3862 1809 3916 sit.

289 4078 301 4090 ,
322 4017 343 4044 ⁸
364 4009 411 4090 In
454 4012 656 4090 aliquot
680 4029 818 4090 mss.
846 4017 1276 4090 exemplaribus,
1304 4019 1568 4073 vocabitur
1622 4038 1808 4076 nomen

258 4080 357 4163 ejus
378 4080 639 4163 Salvator;
672 4086 780 4155 vel,
813 4080 1027 4163 vocabis
1072 4080 1272 4163 nAonten—
1302 4094 1429 4163 ejus
1464 4090 1808 4146 Salvatorem.

258 4148 478 4236 gilan—
505 4148 832 4236 Iidemmss.
866 4159 1055 4236 addito
1082 4148 1458 4236 Cistercie'nsi,
1483 4179 1665 4236 nomen
1696 4167 1812 4236 ejus

260 4217 566 4303 .Sal‘tfatorem‘,
596 4228 721 4303 quia
759 4229 871 4299 ipse
923 4233 1125 4303 salvum
1174 4231 1350 4303 faciet,
1382 4217 1487 4287 etc.
1550 4217 1809 4289 Eamdlent

263 4287 514 4370 iectionetn
543 4287 745 4353 i'n'aliis
766 4287 1185 4370 exemplaribus.
1206 4287 1455 4357 Mat-(ian.
1490 4287 1717 4369 reperit:

323 4361 345 4445 ll
371 4363 420 4445 in
438 4369 551 4423 aliis
579 4384 709 4425 mss.
740 4371 806 4445 de
831 4361 1185 4445 eojarratur,
1217 4374 1307 4442 qui
1327 4377 1463 4445 jam,
1497 4361 1603 4429 etc.

262 4444 345 4553 lc
370 4435 691 4495 lnterseruut
742 4442 852 4495 duo
895 4442 1130 4498 Palatio.
1170 4435 1348 4497 mss.’
1386 4435 1612 4501 vei-bum

291 4520 447 4553 uerat-

291 4520 448 4561 W01.

325 4572 532 4655 d[facile
558 4581 978 4655 Nazarmnorum
1010 4585 1284 4650 codicem,
1315 4603 1475 4655 quem
1522 4604 1667 4655 saepe
1699 4590 1813 4643 qu-

258 4642 359 4725 glat,
382 4650 585 4725 ipseque
614 4672 678 4709 ex
703 4653 894 4710 Gnaeo
918 4642 1315 4725 interpretatus
1336 4642 1441 4725 est,
1473 4659 1560 4714 hic
1582 4642 1682 4713 s'ub
1709 4662 1814 4715 lle-

260 4713 780 4799 ‘braiei'appellatione
816 4737 987 4781 nouit.
1015 4713 1126 4782 Nec
1154 4729 1285 4782 illud
1326 4713 1496 4799 usque
1522 4713 1658 4786 adeo
1691 4713 1815 4797 pro-

261 4782 413 4865 batur,
446 4782 578 4860 quod
625 4796 999 4852 Librariorttm
1054 4802 1227 4852 errori
1270 4782 1815 4865 tribttjit,‘ntm.lvurrilete

258 4870 357 4937 pro
385 4860 523 4917 Iudae
563 4870 823 4935 scriptum
857 4871 966 4921 sit:
1002 4869 1271 4936 siquidem
1321 4881 1375 4925 ct
1424 4860 1516 4932 ri)»
1539 4872 1809 4937 Ἰουδαίαν,

256 4922 485 4999 Judaeum,
509 4922 707 4993 vocau't
730 4938 870 4994 LXX
890 4922 1090 4994 ιρι-ιπηιιῖ
1119 4922 1290 4995 tribus
1316 4922 1534 5007 illiilli,
1560 4922 1812 4997 ὶζεξέῖίὶίιί

250 5008 443 5056 versam
483 5006 834 5063 Hebraeorum
882 5011 1108 5066 ditionis
1163 5023 1389 5073 terram,
1423 5006 1540 5068 sive
1577 5015 1816 5069 Palaesti-

244 5076 503 5154 ,ειόωιεφ
532 5080 862 5154 peculiarem
905 5083 1196 5153 designant
1217 5086 1496 5152 regionem
1526 5101 1647 5151 qua:
1676 5086 1816 5154 regi-

376 5143 499 5224 Jnda
529 5143 603 5224 ex,
645 5152 812 5206 David
834 5223 837 5224 ν
861 5143 1056 5222 εῑίιρεν
1085 5143 1314 5224 parebth
1346 5174 1359 5208 :
1388 5168 1436 5210 et
1491 5143 1658 5224 probe
1704 5143 1812 5209 ιιῖιιι

433 5219 645 5295 ab_aliis_
668 5213 1153 5290 gentibusfsedbt
1177 5243 1204 5276 ιι
1237 5213 1560 5295 regionibus
1582 5227 1808 5282 aliarum

259 5280 462 5365 ξείικιιιιιι
489 5280 700 5365 Ιειντιιειίξ
727 5309 795 5347 eo
824 5280 1045 5349 nomine
1075 5280 1525 5365 distingticretur.
1557 5297 1646 5352 Sic
1668 5280 1812 5364 quod

253 5349 563 5433 locum,
592 5363 650 5427 Ξ,
678 5373 734 5418 et
780 5365 922 5421 Joel.
946 5380 1027 5433 ιιι,
1056 5349 1153 5430 ιιοζ
1178 5349 1457 5423 tte‘itrs'ic'é
1487 5349 1584 5423 esti
1602 5349 1811 5432 suae:

240 5430 1101 5510 'ficheﬁoudaiajlicitug:_et'ali
1132 5438 1251 5506 ipso
1280 5438 1512 5510 Vulgato
1547 5430 1818 5509 Interpre-

497 5505 831 5581 _transl‘ertur
874 5505 896 5561 l
931 5506 1064 5579 Reg.
1095 5494 1225 5579 xvit,
1260 5512 1312 5581 l,
1340 5494 1484 5581 qtiod
1531 5511 1586 5565 iu
1620 5494 1816 5566 Grinco

254 5574 330 5621 ui
342 5568 594 5636 Ἰουδαίας.

232 5645 343 5725 ,μς
358 5640 538 5725 Fertne
565 5661 887 5725 persuasum
918 5648 1019 5725 fuit
1044 5652 1193 5725 olim__
1215 5652 1368 5718 mihi,
1403 5652 1605 5708 cubare
1633 5653 1814 5707 locum

414 5716 465 5771 in
492 5716 718 5786 mendo,
746 5729 802 5774 et
823 5735 920 5788 pro
948 5721 1123 5789 ipsum
1150 5716 1435 5779 Dominum
1465 5726 1693 5780 rescribi
1718 5724 1816 5779 de-

249 5776 367 5840 bere
396 5798 499 5847 uno
544 5776 718 5847 verbo
761 5776 1100 5863 iniamni‘um,
1133 5776 1427 5853 assensus
1467 5776 1818 5871 infusius

1672 4464 1810 4520 praz-
1838 4470 1892 4531 D

1982 3282 2120 3331 Dona
2142 3278 2321 3328 ferunt.

1991 3399 2061 3454 Et
2087 3414 2336 3469 responso
2355 3407 2565 3467 accepto
2610 3398 2665 3449 in
2705 3397 3009 3466 somnis,ue
3056 3398 3287 3451 redirent
3311 3398 3380 3451 ad
3408 3396 3522 3453 He-

1913 3495 2114 3559 rodem,
2145 3510 2238 3567 per
2267 3492 2430 3547 aliam
2451 3491 2585 3546 viam
2613 3493 2810 3545 ret'ersi
2831 3501 2951 3545 sunt
2972 3492 3025 3545 in
3052 3492 3315 3563 regionem
3343 3508 3517 3563 suam,

1917 3598 2023 3645 etc.
2050 3587 2154 3656 Qui
2197 3598 2426 3641 munera
2473 3583 2787 3639 obtulerant
2834 3583 3090 3650 Domino,
3120 3594 3522 3655 consequenter

1918 3696 2238 3752 responsum
2269 3682 2928 3754 accipiunt.Besponsum
2960 3691 3143 3739 autem
3170 3682 3338 3756 (quod
3366 3681 3523 3738 Grai-

1917 3789 1981 3830 ee
2032 3774 2235 3833 dicitur
2289 3775 2759 3852 χρηματισθέντες)
2812 3790 2922 3829 ιιοιι
2973 3789 3070 3843 per
3109 3772 3363 3845 angelum
3414 3772 3516 3841 lit,

1917 3865 2013 3921 sed
2044 3882 2142 3938 per
2177 3867 2353 3939 ipsum
2401 3878 2424 3905 θ
2472 3867 2786 3934 Dominum,
2832 3875 2894 3920 ut
2941 3863 3266 3921 meritorum
3315 3864 3521 3935 Joseplt

1914 4026 2137 4097 quidem
2185 4042 2282 4097 per
2310 4026 2665 4093 insomnium,
2692 4026 2753 4083 S.
2785 4038 2919 4097 vero
2958 4024 3259 4094 Josephum
3294 4039 3524 4097 respon-

1914 4096 2359 4180 sumuaccepisse
2388 4114 2487 4170 per
2525 4098 2805 4180 angelum.
2834 4096 3041 4180 Nempe
3072 4107 3136 4179 ut.
3172 4112 3356 4150 secum
3402 4096 3523 4179 ipse

1919 4166 1977 4223 S.
2008 4166 2369 4240 Hieronymus
2388 4166 2628 4233 constet,
2656 4170 2752 4240 qui
2777 4171 2917 4223 hanc
2943 4166 3177 4240 visionis
3202 4169 3523 4240 prmi-agati-

1914 4254 2035 4311 vatn
2079 4256 2188 4310 prae
2212 4236 2336 4306 illa,
2360 4255 2481 4311 qua:
2528 4236 2699 4310 magis
2738 4241 2878 4294 facta
2920 4247 3032 4311 est,
3066 4238 3125 4292 S.
3149 4236 3525 4311 Josephotri-

1918 4309 2052 4376 buit,
2082 4309 2142 4381 et
2170 4309 2449 4381 przedicat,
2485 4312 2585 4365 hac
2616 4309 2869 4365 nimirum
2901 4309 2970 4365 de
3000 4323 3161 4364 causa
3176 4317 3267 4381 ._ut
3290 4310 3506 4363 merito-

1916 4398 2033 4456 rum
2066 4379 2261 4456 Ioseph
2309 4383 2638 4456 privilegium
2683 4385 3149 4456 demonstraretur.
3182 4379 3316 4456 N_:mt
3350 4394 3517 4456 secus

1917 4450 2075 4524 longe
2106 4449 2355 4520 haberet,
2386 4454 2433 4508 si
2466 4449 2653 4524 niagos
2684 4453 2827 4508 dixit
2855 4469 2950 4520 per
2979 4452 3152 4524 ipsum
3191 4449 3509 4524 Dominum,

1914 4521 2210 4594 losephntn
2238 4540 2372 4579 vero
2402 4542 2496 4593 per
2527 4521 2780 4593 angelum
2808 4521 3149 4579 admonitum
3180 4522 3368 4587 fuisse,
3393 4537 3515 4577 cum

1916 4592 2011 4648 Dei
2043 4592 2385 4650 admonentis
2408 4592 2634 4665 iseqnior
2666 4606 2808 4651 esset
2842 4596 3106 4659 conditio,
3140 4602 3327 4650 centra
3353 4608 3514 4665 quam

1915 4667 2123 4719 veritas
2170 4668 2391 4731 clamat,
2422 4664 2586 4723 et'S.
2629 4668 2744 4738 ipse
2802 4667 2963 4722 Pater
3010 4665 3292 4738 conceptis
3335 4664 3517 4738 verbis

1916 4738 2216 4791 contendit.
2266 4736 2874 4802 Quamobrem‘crrore
2926 4738 3129 4791 factum
3181 4736 3519 4804 antiquario-

1916 4822 2034 4877 rum
2066 4808 2311 4862 videatur
2342 4808 2412 4861 ob
2452 4808 2689 4875 aliquam
2743 4810 2886 4862 inter
2916 4824 2979 4861 se
3004 4809 3297 4861 verborum
3340 4807 3514 4877 ipsum

1916 4875 2203 4931 Dominum
2245 4888 2295 4931 et
2329 4878 2645 4932 insomnium
2690 4878 3131 4943 similitudinem,
3184 4892 3303 4941 qum
3357 4875 3517 4931 facile

1916 4950 2153 5013 potuerit
2181 4950 2402 5002 criticus
2434 4964 2541 5002 non
2586 4963 2747 5003 nemo
2792 4948 3009 5000 divisitn
3059 4947 3214 5016 quasi
3253 4946 3362 5000 duo
3390 4960 3516 5000 ver-

1916 5018 1983 5072 ba
2023 5020 2295 5088 accipere,
2321 5028 2452 5086 puta
2479 5020 2533 5073 in
2562 5036 2693 5083 sont,
2727 5026 2772 5071 et
2804 5018 2965 5083 nium,
2992 5035 3111 5085 qum
3141 5033 3266 5072 cum
3319 5030 3513 5088 perrse

1918 5090 2052 5143 nihil
2079 5087 2411 5161 significent,
2444 5090 2784 5161 emendanda
2808 5089 3106 5161 crediderit
3131 5088 3301 5142 insom
3348 5088 3399 5140 in
3426 5087 3511 5157 ip-

1914 5177 2049 5221 sum,
2079 5159 2147 5213 eti
2179 5163 2325 5215 nium
2356 5160 2413 5215 itt
2465 5160 2769 5215 Dominum.
2810 5159 3021 5216 Caetera
3071 5162 3216 5215 enim
3261 5166 3317 5213 et
3362 5171 3521 5213 sacer

1918 5242 2098 5286 textus
2129 5232 2352 5287 lcetioni
2388 5233 2704 5287 insomnium
2734 5231 2889 5286 [idem
2919 5231 3071 5297 facit,
3102 5239 3157 5284 et
3190 5228 3514 5299 suffragatur

1916 5303 1997 5356 rei
2030 5307 2257 5370 veritas,
2292 5304 2527 5371 denique
2554 5306 2671 5371 ipsa
2703 5303 2912 5357 Latime
2941 5302 3091 5356 vocis
3115 5302 3423 5371 praprietas
3451 5314 3517 5355 ac

1917 5374 2027 5443 vis,
2054 5389 2160 5443 qua
2208 5370 2523 5429 insomnium
2549 5370 2747 5429 dicitur
2776 5374 2916 5428 visio
2947 5372 3000 5427 id
3027 5370 3174 5443 quod
3207 5379 3394 5441 postea
3427 5386 3521 5427 ac-

1916 5442 2050 5500 cidit
2076 5442 2433 5513 portendens.

1990 5510 2099 5571 Sed
2129 5517 2175 5570 si
2199 5528 2434 5571 meutem
2459 5516 2518 5572 S.
2547 5515 2802 5570 Doctoris
2829 5512 2999 5581 probe
3032 5511 3396 5581 assequimur,
3428 5510 3513 5567 ni-

1921 5586 1996 5639 hil
2029 5603 2150 5643 csse
2195 5587 2339 5656 quod
2383 5587 2470 5642 ltic
2521 5588 2625 5640 loci
2652 5585 3036 5651 emendemus,
3063 5599 3121 5656 re
3152 5582 3315 5652 paulo
3345 5582 3528 5645 altius,

1918 5672 2155 5726 expensa
2198 5655 2487 5712 constabit.
2522 5658 2806 5726 Sentiebat
2852 5656 3057 5724 quippe
3104 5655 3215 5717 ille,
3251 5668 3515 5722 responsa

1918 5724 2043 5803 quin
2064 5730 2115 5803 in
2137 5729 2355 5797 somnis,
2383 5729 2498 5785 κατ’
2512 5724 2664 5803 ὄναρ,
2698 5728 3061 5803 lniberentur,
3086 5741 3208 5796 qua:
3236 5728 3515 5803 χρηᾳμοςξς

1919 5797 2097 5856 (ἔιωοί
2124 5794 2351 5870 vocant,
2379 5815 2478 5873 per
2505 5794 2675 5870 ipsum
2707 5797 2879 5854 Deum
2910 5797 3053 5866 ﬁeri,
3076 5794 3133 5854 et
3163 5794 3409 5877 milia.
3428 5794 3516 5849 di-
