3962 6300
440 340 513 403 97
1280 344 1285 349 ’
1690 348 1750 405 S.
1793 350 2051 407 EUSEBII

2174 353 2352 410 ΕΒοΝ
2365 354 2483 413 ΥΜΙ
3675 362 3755 425 Ωό

453 465 558 537 ιδ
588 466 924 534 privilegium
954 464 1440 522 demonstraretur.
1465 465 1833 522 Revertantur
1863 478 2043 523 autem
2075 470 2122 529 A
2153 486 2284 541 ergo
2314 475 2589 542 quomodo
2616 454 2989 535 Rachel'nlios
3013 478 3191 548 Juda',
3222 480 3278 537 id
3302 491 3407 547 est,
3438 483 3757 558 Bethleem,

448 573 545 627 per
572 557 730 613 aliam
763 562 897 614 viam
918 600 931 624 ,
954 560 1081 633 quia
1114 559 1414 616 lntldelituti
1446 558 1709 615 miscendi
1736 574 1846 616 non
1881 570 2041 616 erant

448 661 503 704 et
533 649 871 707 Jttdmututn.

522 743 700 814 (Vera.
736 745 821 810 15,
858 744 971 815 14.)
1002 744 1138 801 Ecce
1186 746 1416 820 Angelus
1465 748 1676 804 Domini
1720 751 1963 822 apparuit
1993 751 2046 803 in

444 836 637 889 somnis
686 833 907 907 Ioseph,
942 837 1116 892 dicens
1148 852 1168 893 :
1198 839 1369 910 Surge
1422 849 1470 894 et
1509 842 1689 911 accipe
1737 858 1953 913 puerum
1999 854 2046 898 et

450 940 663 979 ntatrem
688 929 825 996 ejus,
852 936 902 983 et
935 932 1057 1000 fuge
1086 931 1140 983 in
1192 929 1482 1004 As'gyptum
1515 942 1604 988 :et
1634 944 1741 987 esto
1773 935 1844 989 ibi
1887 952 2048 1006 usque

448 1020 571 1073 dum
602 1019 771 1073 dicam
794 1018 905 1073 tibi.
943 1019 1208 1075 Futurum
1234 1033 1309 1077 est
1341 1025 1477 1077 enim
1502 1035 1555 1078 ut
1586 1022 1824 1079 Herodes
1853 1036 2047 1096 quaerat

445 1128 659 1185 puerum
709 1112 781 1165 ad
822 1114 1143 1182 perdendum
1180 1132 1317 1170 eum.
1359 1117 1461 1184 Qui
1491 1133 1827 1193 consurgens,
1852 1122 2048 1192 accepit

443 1220 660 1275 puerum
692 1219 741 1259 et
763 1216 980 1260 matrem
1010 1209 1127 1280 ejus
1157 1219 1340 1263 nocte:
1365 1221 1410 1263 et
1439 1213 1642 1265 secessit
1666 1213 2046 1286 iit/Egyplum,‘

442 1308 493 1353 et
522 1312 630 1355 erat
679 1301 754 1356 ibi
801 1318 963 1372 usque
1004 1303 1077 1355 ad
1117 1302 1313 1358 obitum
1355 1303 1602 1362 Herodis.
1627 1308 1859 1374 Quando
1908 1308 2048 1362 tollit

450 1392 564 1467 [ΑΙ.
598 1392 741 1467 tulit]
768 1410 996 1465 puerun.
1038 1405 1094 1452 et
1143 1406 1370 1453 matrem
1401 1398 1543 1468 ejus,
1569 1410 1626 1453 ut
1670 1399 1723 1453 in
1751 1398 2045 1470 [Egyplum

454 1494 720 1557 transeat,
755 1499 915 1544 nocte
946 1488 1085 1543 tollit
1133 1498 1190 1544 et
1220 1490 1461 1546 tenebris
1493 1507 1508 1548 :
1535 1492 1755 1561 quando
1788 1509 1919 1547 vero
1961 1508 2049 1547 re-

447 1577 680 1633 vertitur
706 1578 759 1633 itt
783 1577 1053 1650 Judaeum,
1080 1593 1182 1637 nec
1212 1596 1349 1650 nox,
1376 1597 1477 1641 nec
1501 1584 1740 1641 tenebras
1771 1596 2047 1656 ponuntur

449 1673 504 1726 In
541 1670 859 1742 EVangello.

526 1763 708 1837 (Vers.
746 1765 835 1832 ili,
869 1764 983 1835 16.)
1018 1764 1085 1820 Ut
1115 1767 1493 1837 adimpleretur
1520 1769 1662 1839 quod
1684 1769 1883 1823 dictum
1913 1780 1986 1824 est
2014 1788 2047 1825 a

2149 566 2302 632 quasi
2326 580 2453 620 suos
2486 570 2696 637 ploret?
2716 570 3195 642 Respondebimus
3222 574 3489 643 breviter,
3518 577 3647 649 quia
3668 594 3765 636 se-

2152 658 2296 725 pulta
2327 659 2569 730 sitjuxta
2603 662 2887 719 Bethleem
2917 662 2971 721 in
3002 666 3261 736 Ephruta,
3295 677 3351 724 et
3381 682 3453 724 ex
3483 668 3512 709 ι’
3546 684 3766 728 mater-

2150 768 2221 806 no
2250 757 2559 823 corpusculi
2593 756 2832 826 hospitio
2862 760 3056 815 matris
3083 774 3282 816 nomen
3306 765 3609 833 acceperit.
3625 764 3763 822 Sive

2147 846 2405 913 quoniam
2438 848 2598 912 .lntln,
2625 859 2679 904 et
2704 850 2987 919 Benjamin
3007 852 3127 907 dua:
3151 854 3327 911 tribus
3341 854 3548 924 junctae
3567 868 3758 924 erant,

2149 947 2204 991 et
2242 937 2484 994 Herodes
2517 954 2859 1012 praeceperat
2894 959 3001 1000 non
3050 945 3226 1000 solum
3260 946 3313 1001 in
3349 946 3630 1004 Bethleem
3668 950 3762 1005 in-

2151 1030 2318 1084 tcrlici
2350 1048 2568 1101 pueros,
2611 1035 2711 1089 sed
2740 1046 2796 1090 et
2828 1038 2879 1090 in
2930 1038 3183 1092 omnibus
3225 1040 3423 1095 llnihus
3475 1042 3617 1112 ejus.
3649 1042 3765 1100 Per

2149 1123 2479 1180 occisionem
2507 1126 2619 1199 [ΑΙ.
2652 1127 3025 1204 occasionem]
3058 1131 3341 1187 Bethleem
3393 1132 3766 1206 intelligimus

2149 1216 2349 1270 multus
2376 1216 2538 1271 etiam
2567 1218 2636 1273 de
2680 1220 2964 1291 Benjamin
2995 1221 3166 1278 fuisse
3204 1234 3399 1279 exesos.
3428 1224 3619 1282 Plorat
3659 1240 3767 1283 att-

2151 1318 2258 1362 tem
2314 1309 2453 1365 filios
2491 1326 2643 1378 suos,
2669 1323 2724 1368 et
2771 1329 2877 1369 non
2929 1314 3123 1385 recipit
3172 1317 3634 1388 consolationem,
3669 1331 3769 1377 se-

2148 1400 2386 1455 cundum
2430 1401 2705 1474 duplicem
2752 1404 3193 1475 intelligentiam.
3222 1406 3352 1463 Sive
3392 1409 3541 1478 quod
3570 1422 3672 1466 eos
3704 1413 3765 1467 in

2148 1502 2411 1547 internum
2443 1506 2691 1550 mortuos
2719 1496 3043 1563 aestimaret,
3067 1498 3186 1553 sive
3215 1500 3361 1569 quod
3382 1499 3672 1558 consolari
3702 1516 3770 1561 se

2150 1587 2319 1641 nollet
2347 1587 2415 1642 de
2448 1587 2532 1643 his
2560 1602 2699 1655 quos
2730 1590 2903 1645 sciret
2928 1604 3053 1647 esse
3085 1592 3355 1649 victuros.
3386 1593 3544 1662 Quod
3568 1605 3765 1652 autem

2148 1676 2349 1732 dicitur
2392 1678 2447 1732 in
2503 1678 2691 1742 Roma,
2722 1694 2830 1733 non
2878 1690 3135 1750 putemus
3190 1681 3294 1736 loci
3351 1698 3549 1739 nomen
3605 1699 3764 1755 esse,

2153 1780 2175 1810 ο
2200 1771 2353 1840 juxta
2383 1771 2587 1836 Gahna,
2618 1772 2714 1827 sed
2743 1786 2892 1826 ramo
2922 1772 3182 1827 excelsum
3206 1773 3387 1845 (om)
3425 1777 3771 1846 interpreta-

453 1854 679 1913 Domino
706 1876 796 1930 per
815 1859 1142 1934 prophetam,
1168 1862 1421 1918 dicentem
1455 1879 1473 1919 :
1498 1863 1584 1919 Ea:
1616 1865 1851 1938 Afgypto
1874 1867 2047 1921 vocavi
2080 1858 2127 1918 B
2156 1876 2262 1931 tur,
2291 1875 2348 1921 ut
2378 1867 2448 1921 sit
2474 1880 2673 1921 sensus
2703 1883 2717 1920 :
2756 1865 2868 1921 Vox
2892 1867 2947 1922 in
2972 1865 3171 1923 excelso
3199 1868 3383 1925 audita
3412 1877 3511 1940 est,
3539 1869 3595 1926 id
3647 1880 3767 1943 est,

452 1957 620 2026 [ilium
649 1970 837 2011 meum.
868 1956 1017 2012 Tunc
1067 1955 1306 2012 Herodes
1352 1959 1528 2015 videns
1566 1961 1812 2031 quoniam
1858 1960 2049 2015 illusus

452 2057 582 2104 esset
614 2065 646 2103 a
676 2048 863 2121 magis,
893 2050 1059 2106 iratus
1085 2061 1160 2105 est
1186 2050 1439 2118 valde;et
1462 2053 1693 2119 mittens,
1723 2055 1913 2109 occidit
1937 2071 2049 2109 ont-

453 2153 543 2195 nes
574 2155 756 2209 pueros
784 2142 875 2213 qui
924 2151 1068 2197 erant
1105 2143 1163 2197 in
1191 2142 1472 2208 Bethleem.
1503 2159 1551 2199 et
1578 2146 1633 2199 in
1665 2145 1901 2201 omnibus
1930 2147 2052 2218 fini-

452 2235 543 2287 bus
567 2232 702 2305 ejus,
725 2248 756 2288 a
780 2232 974 2290 bimatu
1001 2243 1051 2290 et
1071 2236 1234 2307 infra,
1264 2238 1551 2291 secundum
1580 2246 1776 2311 tempus
1803 2241 1940 2312 quod
1959 2257 2053 2294 ex-

455 2326 705 2399 quisierat
733 2342 766 2381 a
795 2330 979 2401 magis.
1013 2327 1404 2399 ReSpondeant
1445 2332 1537 2401 qui
1569 2331 1923 2388 Hebraeorum
1958 2348 2052 2390 vo-

456 2418 724 2475 luminum
754 2421 1029 2492 denegant
1059 2422 1369 2491 veritatem,
1395 2424 1484 2479 ubi
1516 2423 1622 2480 hoc
1653 2422 1707 2480 in
1731 2424 1875 2481 LXX
1909 2427 2053 2498 lcga-

459 2523 548 2569 tnr
578 2514 990 2583 interpretibus.
1015 2514 1170 2584 Quod
1192 2530 1316 2570 cum
1350 2532 1456 2573 non
1487 2517 1817 2587 invenerint,
1847 2534 1947 2574 nos
1972 2522 2052 2575 eis

452 2605 697 2661 dicemus
729 2606 783 2661 in
815 2606 956 2662 Osee
987 2607 1247 2677 prephetzt
1295 2609 1556 2679 scriptum
1588 2608 1744 2682 (Cap.
1773 2610 1887 2682 ll),
1914 2612 2055 2668 sicut

456 2709 510 2754 et
539 2699 871 2768 exemplaria
906 2700 1139 2768 probare
1165 2708 1397 2771 possunt
1418 2716 1539 2771 quae
1563 2714 1737 2772 nuper
1758 2701 2049 2759 edidimus.

456 2790 756 2847 Possumus
795 2800 976 2847 autem
1006 2794 1183 2848 locum
1236 2792 1405 2848 istum
1433 2803 1490 2850 et
1511 2794 1674 2851 aliter
1701 2804 1727 2833 ἰ
1758 2798 2053 2853 conciliare

457 2884 568 2958 [AL
613 2882 911 2959 consolari]
944 2896 1168 2956 propter
1207 2888 1608 2956 contentiosos,
1657 2906 1887 2960 quorum
1919 2906 2053 2947 con-

458 2978 808 3034 suetudinem
840 2976 1042 3033 Paulus
1071 2981 1354 3049 apostolus
1381 2979 1586 3039 habere
1615 2996 1676 3038 se
1705 2982 1964 3055 denegat,
1998 2994 2054 3041 et

465 3069 765 3126 Ecclesium
794 3069 997 3127 Christi
1021 3071 1063 3145 (I
1097 3070 1217 3127 Cor.
1258 3074 1444 3145 ll):et
1464 3076 1833 3132 testimonium
1870 3077 2054 3146 prole-

461 3163 636 3218 rimus
661 3180 731 3219 ex
757 3164 1029 3229 Numeris,
1065 3167 1286 3223 dicente
1316 3166 1535 3224 Balaam
1565 3186 1580 3222 :
1616 3168 1757 3224 Deus
1785 3187 1848 3225 ea:
1882 3170 2056 3242 Αἰσυ-

2152 1959 2313 2026 longe
2346 1958 2561 2029 lateque
2591 1958 2858 2028 dispersa.

2226 2049 2409 2121 (Vere.
2437 2050 2556 2121 20.)
2581 2048 2829 2122 Defuncti
2862 2056 2983 2106 sunt
3020 2053 3157 2108 enitn
3182 2053 3272 2123 qui
3296 2053 3595 2126 quaebant
3636 2058 3770 2112 arsi-

2151 2157 2288 2195 mam
2314 2141 2483 2212 pueri.
2510 2141 2590 2196 Ex
2621 2142 2727 2197 hoe
2768 2141 2891 2197 loco
2918 2142 3273 2213 intelligimus
3302 2159 3410 2200 non
3441 2146 3624 2202 solum
3655 2146 3773 2205 lle-

2150 2234 2367 2301 rodem,
2392 2233 2490 2289 scd
2520 2243 2578 2290 et
2600 2233 2915 2291 sacerdotes
2942 2244 2999 2291 et
3035 2235 3247 2294 scribas
3278 2237 3475 2294 eodem
3507 2247 3772 2311 tempore

2150 2342 2339 2384 necem
2373 2327 2590 2383 Domini
2617 2327 2788 2384 fuisse
2812 2326 3125 2384 meditatos.

2225 2423 2410 2496 (Vcrs.
2441 2420 2562 2495 21.)
2593 2422 2696 2487 Qui
2723 2438 2941 2494 surgens
2982 2423 3180 2496 accepit
3214 2438 3433 2496 puerum
3457 2433 3510 2480 et
3542 2434 3772 2483 matrem

2152 2518 2289 2588 ejus,
2320 2513 2347 2553 ἀ
2376 2526 2426 2571 et
2452 2516 2588 2571 venit
2616 2517 2669 2570 in
2712 2523 2905 2570 terram
2952 2515 3146 2571 Israel.
3191 2515 3309 2572 Non
3354 2516 3517 2587 dixit,
3549 2520 3773 2589 accepit

2156 2608 2324 2662 lilium
2372 2623 2555 2674 suum,
2581 2617 2637 2662 et
2666 2622 2893 2663 uxorem
2922 2623 3101 2672 etiam.
3130 2607 3225 2665 sed
3254 2622 3508 2678 puerum,
3542 2618 3603 2668 et
3638 2626 3773 2669 ma-

2155 2710 2293 2757 trem
2324 2702 2462 2770 ejus,
2487 2702 2639 2773 quasi
2666 2704 2949 2770 nutritius,
2979 2718 3088 2760 non
3115 2705 3370 2761 maritus.

2229 2798 2413 2868 (Vers.
2441 2798 2564 2867 2‘2.)
2591 2799 2820 2853 Audiens
2863 2808 3041 2852 autem
3069 2800 3211 2869 quod
3249 2798 3539 2855 Archelaus
3566 2817 3774 2875 regnao

2154 2901 2230 2947 ret
2256 2893 2308 2944 in
2335 2889 2549 2958 ludam,
2582 2907 2674 2961 pro
2696 2890 2909 2945 Herode
2932 2900 3079 2960 patre
3101 2907 3196 2945 suo
3213 2932 3229 2957 ,
3256 2893 3429 2946 timuit
3452 2893 3547 2948 illo
3572 2894 3650 2948 ire
3675 2907 3698 2950 :
3722 2903 3774 2949 et

2155 2985 2449 3039 admonitus
2471 2984 2527 3037 in
2553 2986 2770 3050 somnis,
2804 2984 3011 3040 secessit
3032 2985 3085 3038 in
3110 2995 3284 3055 partes
3313 2983 3576 3042 Galiltear.
3604 2986 3773 3046 Multi

2158 3076 2419 3131 labuntur
2455 3089 2646 3130 errore
2694 3086 2917 3145 propter
2964 3075 3332 3145 ignorantiam
3369 3076 3639 3145 ltistorim,
3667 3094 3777 3150 pu-

2161 3177 2337 3223 tantes
2385 3167 2637 3223 enmdem
2684 3183 2808 3224 esse
2854 3168 3150 3235 Herodem,
3180 3183 3211 3223 s
3243 3184 3352 3239 quo
3399 3170 3454 3224 in
3505 3172 3774 3241 passione

460 3266 547 3326 pta
602 3258 798 3312 rocavit
846 3275 960 3312 eum
991 3275 1011 3314 :
1041 3257 1211 3332 gloria
1260 3261 1373 3332 ejus
1416 3260 1548 3316 sicut
1579 3263 1838 3318 unicornis
1866 3262 2055 3337 (Num.
2087 3237 2133 3301 Ο
2165 3275 2261 3315 suo
2295 3259 2555 3315 Dominus
2583 3260 2867 3326 irridetur,
2886 3270 2944 3315 et
2972 3261 3064 3332 qui
3088 3277 3232 3316 nunc
3260 3274 3510 3318 mortuus
3532 3278 3657 3321 esse
3680 3282 3748 3324 re

458 3364 608 3413 sunt,
638 3348 759 3421 εἰ).

530 3443 710 3513 (Vers.
748 3445 814 3499 l7
841 3445 1029 3517 seqq.)
1056 3444 1205 3501 Tunc
1234 3448 1577 3517 adimpletum
1604 3451 1840 3518 estquod
1864 3450 2058 3505 dictum

451 3546 526 3591 est
548 3554 638 3609 per
664 3535 946 3593 leremiam
966 3536 1297 3610 prophetam.
1322 3539 1577 3594 dicentem
1615 3556 1634 3595 :
1668 3540 1780 3596 Vox
1803 3543 1857 3596 in
1888 3543 2057 3597 liama

451 3631 638 3686 audita
660 3641 758 3700 est,
786 3632 1025 3702 ploratus
1047 3638 1094 3685 et
1110 3630 1343 3687 ululatus
1367 3633 1585 3701 multus,
1614 3632 1817 3688 Rachel
1841 3635 2057 3703 plorans

454 3723 595 3791 [ilics
624 3738 770 3788 suos,
793 3732 841 3777 et
892 3722 1061 3776 noluit
1086 3722 1369 3789 consolari,
1392 3724 1516 3794 quia
1545 3741 1649 3779 non
1677 3735 1799 3779 sunt
1836 3724 2051 3795 (lerunt.

458 3831 610 3879 aut,
640 3815 756 3881 15).
790 3813 1053 3885 Defuncto
1078 3827 1254 3872 autem
1286 3814 1515 3882 Herode,
1547 3833 1663 3872 ecce
1687 3818 1903 3888 angelui
1948 3816 2055 3873 Do-

458 3908 589 3961 mini
626 3909 873 3979 apparuit
904 3909 957 3961 in
1002 3909 1202 3962 somnis
1228 3907 1423 3981 Ioseph
1450 3909 1506 3963 in
1536 3909 1794 3983 Afgypto,
1828 3913 2005 3967 dicens
2038 3932 2055 3967 :

453 4001 646 4075 Surge,
672 4010 718 4057 et
737 4004 909 4079 accipe
923 4019 1143 4072 puerum
1172 4013 1222 4058 et
1244 4012 1459 4058 matrem
1482 4006 1617 4074 ejus,
1654 4007 1815 4081 16a
1841 4008 1970 4062 vade
1999 4009 2052 4063 in

458 4105 657 4153 terram
684 4094 873 4156 Israel.
911 4097 986 4154 De
1014 4094 1216 4153 Rachel
1249 4104 1413 4153 natus
1440 4108 1524 4154 est
1553 4096 1859 4169 Betijumin,
1881 4100 1933 4156 in
1960 4118 2055 4159 cu.

454 4187 544 4259 jus
573 4186 715 4243 tribu
746 4201 853 4244 non
890 4196 976 4244 est
1006 4187 1283 4245 Bethleem
1317 4186 1527 4262 (Cenes.
1559 4188 1754 4262 xxxv).
1782 4193 2055 4259 Quaeritur

463 4363 534 4443 ei,
584 4365 800 4443 quoties
850 4364 1423 4443 Deus_pcr__seipsnm
1474 4371 1785 4443 respondet.
1843 4370 2048 4427 Pa~sim

463 4438 606 4508 hanc
634 4436 753 4508 ejus
790 4436 1115 4492 sententiam
1142 4436 1464 4508 dignoscere
1495 4436 1583 4495 ομῐ
1611 4443 1662 4494 in
1710 4441 1913 4498 Comm-
1934 4456 2055 4498 nta-

2164 3356 2353 3410 lertur.
2386 3355 2530 3425 Ergo
2581 3355 2829 3411 llorodes
2875 3356 2968 3410 ille
3015 3354 3109 3425 qui
3157 3370 3282 3411 cum
3338 3355 3516 3411 Pilato
3566 3364 3774 3427 postea

2163 3450 2433 3504 amicitias
2465 3448 2611 3517 fecit,
2647 3448 2808 3517 hujus
2857 3448 3092 3504 llcrotlis
3133 3449 3275 3503 illius
3314 3458 3420 3515 est,
3453 3448 3624 3504 frater
3654 3450 3772 3506 Ar-

2163 3542 2376 3609 chelai;
2406 3558 2566 3613 quem
2607 3550 2662 3598 et
2698 3543 2798 3615 17
2830 3543 3008 3612 ipsum
3055 3540 3305 3598 Tiberius
3346 3541 3537 3597 Cesar
3567 3553 3593 3581 ο
3624 3542 3776 3614 Lug-

2162 3634 2391 3701 dunum,
2415 3650 2535 3705 qua:
2556 3635 2852 3691 Galliarum
2874 3644 2960 3689 est
2978 3633 3488 3705 civitas,relegavit,
3508 3633 3775 3692 fratrem-

2161 3743 2269 3796 que
2291 3727 2408 3797 t-jns
2431 3727 2703 3783 Herodem
2735 3740 3110 3783 successorem
3139 3726 3295 3797 regni
3327 3724 3479 3783 iecit.
3504 3725 3651 3799 Lege
3673 3726 3779 3784 Jo-

2160 3820 2313 3890 seplti
2341 3819 2649 3875 historiam.

2235 3914 2415 3983 (Vcrs.
2437 3913 2558 3980 ‘25.)
2596 3910 2659 3965 Et
2694 3911 2900 3965 veniens
2926 3909 3174 3964 habitavit
3204 3911 3257 3963 in
3284 3910 3506 3975 civitate,
3536 3926 3654 3981 aute
3680 3929 3777 3966 vo-

2160 4014 2308 4059 catur
2337 4003 2623 4070 Nazaretlt,
2656 4012 2712 4057 ut
2740 4002 3117 4074 adimpleretur
3146 4002 3286 4072 quod
3322 4002 3517 4056 dictum
3562 4010 3637 4057 est
3675 4021 3777 4073 per

2162 4097 2459 4173 praphetas,
2489 4098 2733 4166 quoniam
2761 4092 3051 4153 Nasarteus
3079 4092 3365 4150 vocabitur.
3394 4092 3453 4150 Si
3480 4098 3651 4153 lixum
3700 4096 3776 4156 de

2159 4192 2465 4263 Scripturis
2497 4190 2771 4261 posuisset
2815 4190 3159 4260 exemplum,
3196 4202 3493 4261 numquam
3534 4187 3771 4260 diceret,

2161 4371 2398 4499 Litttt‘gici
2447 4368 2548 4442 ipsi
2598 4368 3007 4442 scriptoresque
3045 4379 3235 4425 omnes
3285 4374 3509 4424 tuentur
3535 4381 3602 4424 ac
3631 4384 3772 4440 pro-

2199 4451 2308 4497 .tnt.

2199 4451 2308 4497 .tnt.

467 4506 567 4587 riis
594 4505 1017 4587 .in_Prophetas,
1046 4505 1362 4578 atque—alibi
1396 4528 1408 4564 :
1444 4528 1570 4587 nam
1598 4521 1650 4587 et
1676 4512 1744 4587 de
1776 4513 2047 4587 Iliernny-
2080 4517 2129 4578 ι)
2158 4586 2165 4587 ί
2228 4524 2253 4551 ιι
2285 4514 2688 4587 lintieritissima
2726 4513 2812 4567 hic
2839 4512 3003 4587 lectio
3033 4524 3119 4587 cst
3158 4515 3210 4570 in
3249 4513 3405 4587 libris
3435 4511 3619 4576 editis.
3646 4512 3767 4587 sci-

466 4578 537 4632 Itti
594 4577 763 4643 ipsius
810 4577 1058 4640 nomine.
1115 4577 1301 4646 utpote
1348 4583 1730 4638 recontlilioris
1781 4577 2051 4642 tloclritlte

468 4646 723 4724 placitum
762 4649 831 4724 :ih
861 4649 993 4721 ipsis
1041 4650 1696 4724 Grmcislexicngraphis
1745 4656 1809 4709 ad
1858 4673 2049 4712 vocem

548 4721 714 4793 ησμὸς
746 4722 1002 4779 refertur.
1050 4721 1215 4796 Sacer
1268 4723 1453 4796 itaque
1478 4721 1679 4781 'tcxttts
1712 4726 1803 4780 hic
1848 4727 1937 4782 ubi
1984 4729 2051 4781 tle

524 4796 637 4859 agis
667 4806 889 4874 _sermo_
912 4795 1211 4874 est,_ve_rho
1250 4795 1417 4874 utitur
1463 4796 1814 4874 χρησμῳδέω,
1846 4799 1988 4867 quod
2019 4813 2050 4854 a

513 4865 724 4947 priapo;
739 4866 969 4947 potuine
997 4866 1337 4947 derivatum,_
1353 4865 1780 4947 ejtts'tlEnt_:pl:pte
1815 4865 2050 4947 est_cum

466 4887 715 4991 ξρησμος
744 4887 969 4921 nomine
997 4887 1324 4931 αθτιγδιυηι,
1353 4887 1595 4937 ejusuem
1625 4887 1780 4939 ptnnc
1820 4887 1901 4925 051
1928 4887 2050 4924 cum

468 4952 481 4990 ι
512 4948 561 4991 to
587 4936 1030 5007 signiﬁcationis;
1061 4937 1236 5008 deque
1273 4937 1410 4994 adeo
1456 4939 1545 4993 illa
1591 4942 1650 4995 S.
1688 4939 1859 4994 Patris
1902 4942 2054 4997 Gm-

465 5022 763 5081 cortnnttne
808 5009 1054 5081 doctrina
1100 5008 1301 5081 factum
1351 5011 1683 5079 intelligetur
1728 5027 2050 5081 re~p0ttsnm

470 5094 567 5147 per
594 5079 764 5154 ipsum
812 5078 1124 5154 Dominum;
1152 5090 1207 5134 et
1230 5080 1276 5136 sl
1325 5099 1416 5154 per
1444 5078 1685 5151 angelum
1715 5078 1873 5137 sacer
1904 5084 2049 5137 idem

469 5157 650 5206 textus
671 5147 875 5207 factum
900 5150 1142 5222 {ofepho
1164 5147 1483 5222 responsum
1509 5147 1680 5219 notat,
1701 5169 1822 5206 cmn
1847 5165 2055 5208 utrum-

470 5236 578 5286 que
607 5228 798 5300 tamen
821 5219 936 5300 xat'r'
958 5217 1081 5300 ξνάρ
1102 5222 1216 5278 sive
1238 5217 1293 5285 in
1329 5226 1522 5276 somnis
1551 5217 1793 5300 tutniipsi
1827 5225 2051 5292 factum,

472 5307 632 5365 quam
663 5291 835 5365 Magis
859 5291 1123 5363 declaret,
1156 5303 1441 5363 utrumque
1471 5308 1601 5347 sane
1628 5295 1909 5363 divinitus,
1937 5291 2053 5350 sive

471 5361 570 5431 per
598 5364 770 5431 ipsum
798 5361 1082 5418 Dominum
1111 5361 1324 5417 iactum
1358 5361 1643 5421 testatur:
1677 5367 1727 5419 in
1774 5381 1843 5420 co
1872 5361 2050 5421 autem

473 5436 593 5511 plus
623 5436 826 5511 habere
876 5435 1102 5511 honoris
1134 5450 1198 5489 ac
1238 5434 1413 5490 laudis
1454 5434 1595 5511 istud
1639 5436 1884 5511 insephi,
1909 5436 2053 5511 quod

470 5505 536 5560 ab
578 5505 694 5574 ipso
746 5506 975 5561 Domino
1020 5514 1285 5572 przetcrea
1331 5505 1555 5576 angelus
1588 5505 1821 5562 mittitur
1856 5505 2055 5561 κάπιθ-

472 5576 846 5639 nuntiandum,
901 5585 957 5649 u_t
998 5577 1303 5649 (meritorum
1346 5576 1538 5647 Joseph
1584 5578 1910 5649 priuilegium
1963 5578 2055 5633 de-

470 5656 869 5700 monstraretur.
916 5647 1075 5701 Salvn
1126 5648 1417 5715 sententia,
1449 5650 1593 5702 sztlvn
1644 5665 1732 5703 res
1770 5647 1861 5702 cst
1904 5664 1917 5700 τ
1953 5665 2054 5703 nec

471 5717 718 5786 profecto
749 5731 954 5770 temere
993 5717 1300 5786 injicienda:
1328 5729 1457 5771 sunt
1486 5734 1677 5772 manus
1709 5721 1760 5773 in
1791 5721 1847 5774 S.
1877 5719 2051 5777 Patris

470 5800 696 5846 tntum,
729 5803 891 5856 quem
926 5787 1045 5839 libri
1093 5805 1303 5848 omnes.
1341 5805 1472 5841 mss.
1516 5807 1669 5859 atque
1700 5803 1860 5859 atque
1896 5791 2049 5854 editi,

538 5871 591 5912 ot
637 5867 783 5927 sunt,
820 5865 1060 5926 quotque
1113 5858 1288 5929 luere,
1344 5861 1459 5930 pari
1489 5858 1783 5928 consensu,
1817 5863 1945 5932 quin
1996 5873 2052 5917 et

2155 4586 2304 4651 licet,
2334 4583 2621 4639 Possumus
2643 4593 2817 4639 autem
2847 4582 3015 4637 locum
3037 4582 3196 4638 istum
3223 4592 3273 4639 et
3301 4583 3455 4639 aliter
3482 4580 3760 4651 consolari

2155 4656 2781 4729 propter_conten_tiosos.
2835 4652 3146 4729 Lt'gt'lltlllln
3197 4655 3418 4729 itaque,
3470 4650 3770 4729 Possumus

2153 4722 2330 4782 autem
2379 4725 2547 4780 locum
2588 4726 2746 4781 istum
2796 4734 2840 4778 et
2881 4726 3035 4779 aliter
3065 4722 3370 4791 conciliare,
3400 4722 3484 4780 vel
3517 4732 3567 4777 et
3608 4722 3772 4780 aliter

2156 4797 2538 4868 conﬁrmare...
2572 4806 2621 4849 et
2650 4796 2999 4868 testimonium
3038 4798 3356 4868 proferimus
3386 4812 3451 4851 ea:
3488 4792 3764 4868 Numeris,

2154 4865 2287 4932 ett-9,
2312 4869 2509 4937 ubique
2532 4867 2678 4922 enim
2702 4867 2947 4939 legimus,
2978 4865 3345 4939 in'singnlori,
3364 4865 3762 4939 pacaviﬁlium,

2156 4956 2276 4995 sive
2307 4934 2479 4992 νοτηὐὶ
2522 4953 2658 5001 eum,
2692 4934 2884 5009 eti’non
2938 4948 2993 4993 ut
3023 4934 3231 4995 habent
3259 4934 3405 4996 LXX
3434 4937 3488 4992 in
3535 4934 3765 5009 plurali,

2156 5010 2332 5065 vocavi
2362 5011 2501 5080 ﬁlios
2532 5008 2900 5080 meantis”.

2229 5080 2256 5121 λ)
2289 5077 2412 5135 uss.
2448 5079 2897 5151 nostri._dunqtte
2918 5094 2947 5134 a
2977 5077 3297 5137 Martianan
3325 5077 3555 5150 laudati,
3586 5095 3651 5136 ea:
3684 5078 3770 5138 in-

2157 5161 2303 5207 terno
2329 5150 2618 5223 corpusculi
2649 5149 2897 5223 hospitio.

2159 5292 2201 5348 ϐ
2229 5226 2268 5346 εἰ
2290 5224 2343 5278 In
2386 5220 2557 5279 Palat.
2587 5220 2772 5289 codd.,
2806 5221 2907 5277 loci
2952 5239 3139 5278 nomen
3192 5238 3325 5293 esse,
3370 5223 3462 5293 Qui
3494 5230 3573 5277 est
3598 5225 3768 5297 juxta

2206 5312 2235 5348 a
2272 5312 2357 5348 aa.

2206 5293 2357 5349 abaa.

2228 5361 2255 5401 ἀ
2283 5366 2446 5420 Iidem
2481 5380 2614 5439 mss.
2643 5379 2744 5434 pro
2774 5362 2983 5435 verbis,
3004 5373 3053 5420 et
3081 5364 3219 5422 venit
3257 5365 3313 5421 in
3342 5374 3537 5423 terram
3566 5360 3763 5439 Israel,

2161 5445 2369 5490 tantum
2411 5437 2616 5489 addunt
2647 5443 2817 5489 nocte.

2234 5507 2535 5580 {Attamen
2565 5505 2699 5569 ipse.
2732 5506 2893 5580 cujus
2919 5504 3158 5580 historire
3189 5504 3352 5580 ﬁdem
3376 5505 3644 5580 appellat,
3668 5504 3766 5565 Jo-

2158 5577 2359 5646 sephus
2393 5580 2485 5632 Iih.
2524 5593 2652 5642 xvn,
2684 5594 2805 5647 cap.
2834 5579 2921 5640 1⁸5.
2951 5593 3055 5635 non
3092 5576 3569 5647 Lttgdttnutn‘fsed
3597 5576 3769 5636 Vien-

2160 5667 2281 5700 nam
2338 5649 2680 5705 deportatum
2733 5646 2999 5704 lleroilem
3052 5646 3219 5703 tradit
3281 5646 3487 5705 Tiberii
3542 5648 3703 5716 jussu
3750 5665 3767 5707 :

2158 5717 2300 5794 ᾆ-θῦςΔ
2334 5725 2624 5794 οἰκητήριον.
2678 5721 2821 5794 ᾳύτνξρ
2876 5723 3084 5794 Bis-natu
3136 5720 3283 5779 πόλιν
3335 5728 3428 5783 τῆς
3486 5721 3765 5793 Γαλατίας.

2156 5789 2360 5845 Confer
2384 5802 2437 5846 et
2472 5788 2666 5845 Euseb.
2699 5791 2752 5845 in
2781 5788 3077 5846 Chronico.
