3966 6328
798 358 1444 424 ωωιεατληιυηυω
1482 365 1549 423 IN
1592 358 1822 424 ΕνΑΝο

1938 365 2044 424 ΗΜ
2086 365 2422 425 ΜΑΤΊἩᾹΞΙ
2460 363 2592 426 LIB.
2632 369 2674 427 Ι.
2717 366 2871 426 CAP.
2912 366 3003 426 lli.

3489 366 3564 427 30

225 480 597 549 quoddictum
621 482 1123 554 cstperpropltetas;
1145 472 1238 535 sed
1254 479 1594 550 simpliciter.
1614 480 1757 552 quod
1772 478 1851 536 di-
1878 482 1933 541 A
2025 482 2206 553 (Vers.
2251 482 2339 549 i0,
2373 482 2486 549 11.)
2520 493 2542 522 ο
2578 480 2699 537 lam
2728 482 2862 537 enim
2898 483 3092 538 securis
3122 482 3192 538 ad
3218 481 3449 539 radicem
3474 500 3565 539 ar-

225 577 387 626 cium
419 576 507 627 est
530 570 973 643 penprophetam
1001 582 1015 627 ε
1043 587 1189 627 nunc
1210 580 1393 628 autem
1422 573 1699 642 pluraliter
1725 588 1847 642 pro-

225 663 433 733 phetas
462 674 693 727 vocans,
728 663 973 720 ostendit
1000 679 1059 719 se
1091 678 1200 719 non
1245 663 1415 721 verba
1443 664 1513 721 de
1550 664 1849 733 Scripturis

226 756 573 827 sumpsisse,
602 756 698 811 sed
731 770 977 812 sensum.
1003 756 1310 822 Nazarazus,
1343 765 1553 811 sanctus
1582 756 1850 826 interpre-

226 854 413 905 tatur.
467 846 730 905 Sanctum
780 857 967 905 autem
1010 848 1305 906 Dominum
1350 849 1618 918 luturum,
1670 851 1848 905 omnis

223 939 527 1009 Scriptura
558 952 985 996 commemorat.
1018 936 1325 998 Possumus
1367 950 1422 998 et
1451 940 1612 998 aliter
1638 941 1845 1008 dicere,

226 1031 390 1103 quod
422 1027 587 1088 etiam
618 1033 828 1090 eisdem
862 1030 1066 1103 verbis,
1108 1035 1265 1103 juxta
1297 1032 1619 1091 Hebraicam
1653 1036 1846 1091 veritu-

225 1139 352 1184 tem
385 1130 437 1183 in
462 1128 596 1184 Isaia
622 1130 895 1199 scriptum
926 1130 999 1185 sit
1021 1148 1035 1183 :
1057 1129 1212 1186 Exiet
1237 1131 1384 1201 virga
1403 1131 1466 1185 de
1484 1129 1657 1186 radice
1678 1128 1843 1198 Iesse,

217 1224 275 1277 ei
309 1218 607 1278 Nazarcus
633 1223 696 1278 de
725 1224 900 1278 ratiiCe
930 1220 1041 1295 ejus
1062 1224 1367 1279 conscendet
1398 1222 1554 1297 (Isai.
1585 1239 1660 1294 ιι,
1695 1223 1770 1291 1).

300 1310 468 1385 (Cap.
498 1306 591 1370 ill.
626 1344 698 1357 ——
722 1310 883 1371 Vers.
918 1310 998 1387 1.)
1030 1310 1395 1371 Paenitentiam
1422 1319 1556 1387 agite
1598 1332 1616 1370 :
1657 1328 1848 1388 appro-

218 1406 504 1480 pinquabit
526 1406 665 1464 enim
677 1422 892 1481 regnum
908 1408 1177 1465 caelorum.
1196 1406 1410 1466 Primus
1427 1404 1665 1483 Baptista
1680 1410 1847 1466 Joan-

219 1516 326 1555 nes
400 1517 634 1573 regnum
698 1503 967 1559 caelorum
1040 1496 1342 1573 praedicat,
1420 1510 1478 1559 ut
1538 1514 1846 1575 praecursor

219 1592 447 1651 Domini
471 1590 577 1653 hoc
606 1590 897 1671 privilegio
928 1592 1251 1653 honoretur.

296 1686 488 1760 (Vera.
518 1682 604 1757 3.)
638 1681 739 1741 Hic
764 1699 837 1744 est
867 1686 1000 1743 enim
1039 1684 1129 1762 qui
1172 1684 1339 1745 dictus
1383 1698 1458 1744 est
1508 1704 1600 1760 per
1642 1684 1841 1744 Isaiam

218 1780 560 1855 prophetam,
586 1774 837 1835 dicentem
860 1796 878 1833 :
916 1778 1028 1836 Vox
1048 1776 1320 1835 clamantis
1341 1780 1394 1836 in
1418 1780 1635 1849 deserto,
1661 1788 1841 1856 parate

1954 575 2139 631 borum
2159 578 2329 649 posita
2371 587 2465 631 est.
2521 572 2700 631 Omnis
2746 588 2867 650 ergo
2921 576 3078 631 arbor
3128 590 3245 650 quae
3289 594 3389 633 non
3438 580 3564 650 facit

1953 667 2179 737 fructum
2209 665 2417 735 bonum,
2463 669 2729 723 recidetur
2776 677 2824 722 et
2856 668 2909 723 in
2951 664 3121 740 ignem
3162 668 3411 726 mittetur.
3447 669 3560 745 Ego

1953 758 2157 830 quidem
2185 761 2388 827 baptizo
2413 772 2501 817 t'os
2529 761 2582 816 in
2617 776 2774 833 aqua,
2817 763 2871 816 in
2902 762 3255 831 pienitentiam
3284 779 3305 820 :
3332 765 3421 834 qui
3458 778 3561 820 au-

1954 854 2051 904 tem
2076 861 2191 921 post
2220 866 2300 906 me
2325 861 2568 908 venturus
2613 858 2707 918 est.
2753 854 2939 925 fortior
2980 868 3060 909 me
3106 864 3203 911 est.
3236 856 3561 915 Praedicatio

1954 940 2227 999 sermonis
2274 938 2609 1015 Evangelici,
2651 944 2740 1014 qui
2784 962 2848 1001 ex
2901 955 3131 1020 utraque
3159 956 3312 1019 parte
3365 961 3561 1007 acutus

1953 1040 2037 1090 est
2087 1032 2323 1107 gladius,
2382 1038 2592 1093 securis
2647 1040 2988 1109 appellatur,
3042 1040 3202 1111 juxta
3258 1039 3555 1100 Jercmiam

1953 1129 2301 1199 prephetam,
2378 1130 2473 1201 qui
2526 1129 2752 1186 verbum
2801 1128 3015 1189 Domini
3045 1133 3223 1191 securi
3274 1146 3557 1209 comparat

1951 1216 2181 1278 euidenti
2207 1232 2413 1294 petram
2444 1223 2676 1296 (Ierem.
2703 1226 2872 1291 xm).

2024 1308 2186 1387 Cujus
2216 1333 2320 1371 non
2342 1330 2459 1371 sum
2486 1315 2679 1388 digitus
2705 1316 3044 1374 calciamenta
3079 1329 3311 1399 portare.
3347 1319 3409 1379 In
3444 1322 3556 1380 alio

1950 1404 2248 1479 Evangelia
2283 1428 2295 1464 :
2326 1407 2510 1482 Cujus,
2542 1411 2641 1475 ait,
2669 1426 2775 1466 non
2798 1426 2912 1466 sum
2951 1410 3140 1482 dignus
3173 1411 3369 1469 solvere
3390 1415 3556 1470 corri-

1947 1500 2085 1573 giam
2116 1500 2442 1558 calciamenti
2472 1520 2492 1559 :
2524 1500 2613 1559 hic
2644 1500 2923 1559 humilitas
2944 1545 2960 1567 .
2994 1501 3069 1560 ibi
3098 1506 3423 1578 mysterium
3453 1507 3549 1566 de-

1947 1600 2306 1659 monstratur,
2346 1594 2491 1665 quod
2530 1590 2783 1650 Christus
2830 1606 3065 1665 sponsus
3096 1594 3198 1663 sit,
3231 1606 3286 1653 et
3308 1595 3547 1656 Joannes

1946 1702 2053 1742 non
2084 1700 2356 1743 mereatur
2385 1688 2569 1757 sponsi
2612 1687 2906 1760 corrigiam
2943 1689 3180 1758 solvere,
3215 1702 3286 1747 ne
3325 1700 3554 1749 vocetur

1946 1778 2141 1834 domus
2168 1777 2287 1848 ejus
2320 1777 2473 1847 juxta
2501 1775 2674 1850 legem
2709 1778 2883 1849 Mosi,
2918 1792 2969 1837 et
3020 1784 3330 1852 exemplum
3376 1781 3543 1856 Ruth,

219 1874 367 1926 riam
397 1866 633 1941 Domini,
662 1882 827 1931 rectas
859 1870 1013 1943 facite
1040 1870 1248 1933 semitas
1276 1874 1406 1948 ejus.
1444 1866 1665 1929 Animas
1705 1889 1826 1928 cre-
1858 1870 1910 1932 B
1934 1868 2130 1925 domus
2150 1864 2445 1926 discalciatl
2476 1870 2656 1939 (Deut.
2688 1886 2825 1937 xxv,
2849 1884 2901 1928 et
2930 1872 3094 1931 Ruth.
3120 1873 3219 1946 tv).

216 1960 472 2022 dentium
525 1966 902 2041 prteparahat,
947 1964 1000 2021 in
1058 1962 1257 2041 quibus
1299 1964 1679 2024 ainbulaturus
1718 1976 1837 2025 erat

219 2046 516 2122 Dominus,
553 2064 611 2110 ut
643 2073 810 2131 purus
842 2058 895 2113 in
923 2050 1030 2114 viis
1058 2054 1364 2130 purissimis
1394 2054 1720 2127 ambularet,
1752 2055 1835 2115 di-

216 2162 357 2204 cens
394 2166 408 2203 :
445 2142 711 2204 Habitabo
740 2150 796 2204 in
838 2144 945 2215 eis,
996 2160 1046 2205 et
1093 2145 1423 2211 inambulabo
1447 2168 1466 2207 :
1502 2156 1549 2206 et
1574 2166 1662 2207 ero
1691 2149 1833 2214 Deus

216 2238 483 2309 ipsorum,
514 2248 563 2294 et
594 2236 694 2315 ipsi
722 2248 872 2296 erunt
900 2238 1026 2296 milii
1053 2244 1277 2317 populus
1306 2234 1495 2319 (Leuit.
1527 2259 1684 2311 xxvi.
1717 2240 1830 2317 12).

216 2326 561 2409 Porphyrius
588 2331 750 2388 i~tum
783 2328 964 2393 locum
992 2330 1160 2391 Marci
1185 2330 1537 2406 evangelista:
1563 2332 1834 2409 principio

214 2430 529 2494 coinparat,
578 2425 632 2479 in
680 2436 789 2496 quo
818 2420 1080 2497 scriptum
1128 2437 1211 2484 est
1254 2446 1267 2483 :
1309 2427 1529 2484 Initium
1563 2424 1834 2502 Evangelii

213 2515 347 2571 Iesu
377 2515 597 2579 Christi,
632 2516 761 2571 Filii
803 2517 919 2588 Dei,
974 2520 1108 2573 sicut
1145 2520 1399 2589 scriptum
1429 2531 1504 2577 est
1551 2523 1606 2577 in
1633 2529 1657 2559 ι
1686 2520 1832 2577 Isaia

214 2610 481 2680 propheta
509 2624 529 2662 :
562 2602 699 2663 Ecce
743 2609 892 2663 mitto
938 2604 1195 2680 Angelum
1249 2626 1419 2669 meum
1472 2622 1594 2668 ante
1642 2614 1831 2685 [aciem

212 2709 386 2767 tuum,
417 2696 509 2773 qui
533 2700 852 2773 prwparabit
894 2696 1031 2756 uiam
1079 2714 1243 2758 tuum.
1303 2696 1418 2759 Vox
1452 2704 1725 2761 clamantis
1775 2707 1831 2763 in

214 2794 448 2861 deserto,
486 2803 668 2860 parate
698 2796 830 2849 rium
860 2790 1095 2862 Domini,
1123 2804 1288 2852 rectas
1310 2798 1463 2870 facile
1483 2803 1692 2855 semitas
1714 2806 1829 2876 ejus

214 2882 382 2958 (Isai.
416 2884 616 2957 31.,3).
658 2884 796 2943 Cum
839 2884 984 2944 enim
1022 2884 1395 2946 testimOuiuui
1444 2890 1513 2947 de
1562 2890 1825 2948 Malacliia

212 2976 376 3050 (ϐαρ.
408 2974 506 3054 lli)
532 2976 786 3053 lsaiaque
811 2990 1131 3039 contextum
1163 2982 1259 3053 sit,
1293 2985 1509 3056 quierit,
1552 2986 1827 3057 quomodo

211 3078 371 3132 velut
398 3078 471 3130 ah
497 3093 607 3130 uno
633 3075 770 3132 lsaia
811 3079 1125 3147 exemplum
1160 3088 1416 3148 putemus
1459 3090 1823 3152 assumptum.

208 3162 310 3223 Cui
340 3160 715 3224 Ecclesiastici
756 3166 858 3223 viri
899 3166 1219 3239 plenissime
1252 3170 1674 3243 responderunt.
1715 3170 1825 3231 Nos

2010 1959 2197 2032 (Vers.
2230 1963 2347 2030 12.)
2375 1961 2497 2032 Ipse
2527 1978 2617 2017 vos
2642 1964 2920 2036 baptizabit
2945 1967 3000 2020 in
3028 1966 3236 2036 Spiritu
3279 1974 3459 2023 sancto
3500 1976 3551 2025 et

1937 2052 2076 2126 igne.
2111 2051 2279 2127 Cujus
2309 2054 2651 2109 ventilabrum
2677 2055 2731 2111 in
2761 2070 2921 2112 manu
2951 2072 3068 2125 sua,
3105 2068 3154 2115 et
3183 2059 3547 2131 permundabit

1936 2162 2109 2200 aream
2124 2163 2273 2200 suam
2299 2163 2317 2200 :
2339 2155 2387 2201 et
2407 2149 2739 2220 congregabit
2759 2151 2989 2205 triticum
3012 2153 3065 2206 in
3084 2148 3329 2210 horreum
3349 2170 3501 2212 suum
3523 2173 3547 2215 :

1938 2236 2116 2308 paleas
2145 2248 2312 2293 autem
2345 2240 2607 2295 camburet
2648 2238 2759 2313 igni
2792 2240 3226 2316 inexstinguibili.
3255 2245 3383 2303 Sive
3416 2250 3543 2319 quia

1935 2328 2074 2400 ignis
2089 2329 2418 2400 estSpirllus
2437 2341 2679 2402 sanctus,
2698 2336 2755 2388 ut
2769 2334 2899 2390 Acta
2916 2335 3304 2403 Apostolorum
3317 2337 3539 2410 docent,

1935 2434 2043 2493 quo
2061 2423 2447 2494 descendente,
2470 2424 2635 2495 sedit,
2656 2429 2808 2499 quasi
2828 2426 2965 2500 ignis
2981 2430 3406 2504 supersingulos
3424 2431 3535 2507 [ΑΙ.

1934 2514 2167 2587 linguas]
2183 2516 2522 2573 credentium
2541 2519 2677 2588 (Act.
2696 2519 2781 2591 u);
2805 2528 2858 2576 et
2872 2519 3128 2591 impletus
3140 2532 3422 2581 estsermo
3438 2524 3544 2582 Do-

1935 2606 2065 2663 mini
2081 2604 2315 2666 dicentis
2338 2605 2555 2683 :fIgnem
2566 2611 2680 2667 veni
2701 2613 2906 2669 mittere
2917 2626 3071 2687 super
3084 2622 3273 2672 terram
3292 2632 3311 2673 :
3326 2626 3376 2672 et
3386 2632 3540 2691 quem

1934 2703 2042 2778 [ΑΙ.
2091 2703 2270 2778 quamj
2298 2704 2415 2761 volo
2454 2714 2510 2761 ut
2557 2704 2736 2761 ardeat
2766 2702 2919 2779 (Luc.
2949 2718 3047 2775 xu,
3079 2705 3195 2781 49).
3235 2709 3372 2768 Sive
3411 2710 3539 2782 quia

1936 2799 1988 2853 iu
2020 2798 2294 2867 prmsenti,
2342 2797 2536 2867 spiritu
2567 2797 2931 2869 baptizamur,
2964 2806 3020 2855 et
3056 2798 3111 2856 in
3147 2799 3353 2868 futuro,
3389 2804 3534 2875 igne.

1933 2891 2201 2958 Apostulo
2245 2906 2462 2963 quoque
2496 2893 2619 2946 huic
2665 2895 2854 2949 sensui
2888 2902 3221 2964 congruente
3270 2913 3284 2951 :
3340 2896 3539 2955 Unius-

1931 2978 2183 3051 cujnsque
2233 2979 2335 3055 19
2382 2996 2512 3053 opus
2552 2984 2705 3055 quale
2757 2985 2846 3056 sit,
2895 2980 3033 3058 ignis
3074 2987 3309 3060 probabit
3348 2988 3532 3064 (iCor.

1931 3091 2011 3142 Ill,
2049 3076 2157 3148 l3).

2002 3164 2190 3239 (Vers.
2222 3169 2308 3234 i5,
2341 3167 2453 3242 14.)
2485 3166 2635 3225 Tunc
2662 3170 2800 3225 venit
2826 3168 2980 3227 Iesus
3007 3190 3039 3229 a
3071 3170 3293 3230 Catilina
3324 3176 3378 3231 in
3408 3173 3536 3232 Jor-

208 3268 399 3316 aulem
427 3258 539 3334 [ΑΙ.
573 3254 687 3335 aut]
721 3274 918 3319 nomen
949 3258 1105 3318 Isaice
1139 3273 1397 3334 putamus
1422 3258 1667 3321 additum
1692 3268 1828 3323 scri-
1853 3251 1899 3313 (ἶ
1930 3258 2117 3314 datm"
2138 3259 2208 3314 αά
2232 3256 2492 3315 Joannem
2523 3272 2578 3315 ιιι
2605 3262 2956 3335 ὁιιριὶιανειιιν
2982 3263 3046 3317 ab
3070 3281 3150 3319 e0.
3173 3262 3406 3322 Joannes
3436 3285 3534 3323 nu-

210 3363 434 3424 ptorum
461 3352 618 3423 vitio,
646 3350 791 3425 quod
831 3362 884 3410 et
914 3355 968 3411 in
998 3351 1121 3411 aliis
1170 3352 1309 3414 locis
1357 3358 1593 3435 probare
1634 3376 1825 3432 possu-

209 3462 359 3507 mus.
389 3452 487 3501 aut
512 3452 662 3504 certe
690 3442 759 3503 de
781 3440 1022 3504 diversis
1052 3444 1366 3506 testimoniis
1417 3449 1824 3523 Scripturarum

207 3555 384 3594 uinum
444 3554 650 3611 corpus
694 3536 969 3599 eil‘ectum.
1027 3538 1232 3613 Legeh
1283 3542 1527 3617 tertium,
1550 3544 1824 3604 decimum

208 3624 522 3695 Psalmum,
546 3640 603 3685 et
632 3628 737 3687 hoc
764 3627 906 3689 idem
931 3635 1193 3706 reperies.

280 3718 471 3796 (νει-ε.
502 3716 584 3797 4.)
611 3716 737 3795 Ipse
764 3731 939 3778 autem
961 3720 1193 3780 Joannes
1218 3724 1439 3783 habebat
1468 3727 1824 3786 vestimentum

214 3810 324 3895 ιε
350 3813 420 3867 de
456 3810 584 3886 pilis
641 3816 976 3885 camelorum,
1026 3826 1078 3875 et
1126 3835 1312 3881 zonam
1364 3818 1638 3894 pelliceam
1685 3825 1823 3879 circa

209 3904 417 3959 lumbos
444 3920 593 3961 suos.
627 3902 706 3961 De
735 3905 882 3976 pilis,
915 3904 1110 3978 inquit,
1143 3908 1405 3979 habebat,
1439 3928 1545 3967 non
1580 3912 1648 3970 de
1677 3913 1820 3970 lana.

208 3996 380 4052 Aliud
409 4006 654 4053 austera:
699 3998 868 4054 vestis
924 3999 1185 4063 iudicium
1234 4009 1340 4073 est,
1393 3998 1540 4065 aliud
1595 4005 1821 4063 luxuriae

208 4084 509 4144 mollioris.
540 4084 688 4144 Zona
720 4098 902 4146 autem
945 4090 1175 4162 pellicea
1206 4110 1313 4165 qua
1345 4099 1623 4153 accinctus
1646 4096 1747 4154 fuit
1767 4110 1821 4156 et

208 4178 362 4237 tilias
386 4224 401 4249 ,
435 4178 882 4239 mortiﬁcationis
912 4182 1169 4241 indicium
1209 4184 1319 4259 [ΑΙ.
1366 4186 1698 4266 symbolum]
1737 4202 1823 4250 est

208 4270 302 4345 (ιν
336 4272 474 4349 Reg.
505 4274 572 4347 ι).
598 4272 774 4332 Porro
801 4276 945 4346 quod
966 4280 1215 4349 sequitur
1241 4298 1255 4336 :

280 4369 425 4427 Esca
456 4378 632 4425 autem
654 4371 772 4442 ejus
792 4380 907 4427 erat
932 4372 1147 4428 locustis
1168 4383 1217 4429 et
1243 4374 1345 4430 mel
1372 4376 1618 4434 siluestre.
1650 4377 1817 4436 liabl-

209 4465 373 4520 tstori
423 4462 744 4518 solitudinis
796 4476 1098 4536 congruum
1146 4476 1231 4523 est
1274 4481 1386 4524 non
1413 4469 1639 4527 delicias
1664 4473 1818 4531 cibo-

206 4572 354 4624 rum,
385 4557 486 4614 sed
511 4558 897 4614 necessitatem
932 4561 1182 4615 humanm
1210 4561 1394 4617 carnis
1421 4565 1666 4634 capiere.

1931 3360 2029 3405 tem
2060 3350 2363 3421 prohibebat
2414 3368 2551 3419 cum,
2603 3353 2783 3407 dicens
2816 3368 2833 3405 :
2864 3351 2979 3423 Ego
3027 3372 3060 3410 a
3100 3365 3148 3409 te
3177 3356 3335 3411 debeo
3363 3358 3530 3429 bapti-

1926 3443 2061 3507 zari,
2083 3452 2130 3498 et
2158 3454 2211 3497 tu
2238 3446 2376 3498 venis
2407 3443 2475 3498 ad
2504 3444 2626 3499 me?
2650 3445 2986 3513 Respondens
3014 3456 3188 3501 autem
3204 3447 3381 3514 Jcsus,
3399 3451 3533 3507 dixit

1926 3538 1994 3592 ei.
2020 3536 2316 3604 Triplicem
2346 3535 2419 3591 ob
2458 3550 2679 3591 causam
2718 3534 2973 3592 Salvator
3013 3550 3044 3593 a
3086 3534 3299 3596 Joanne
3322 3544 3533 3612 accepit

1926 3630 2272 3700 baptismum.
2307 3628 2570 3696 Primum,
2605 3639 2662 3684 ut
2691 3628 2819 3703 quia
2845 3628 3014 3686 homo
3046 3642 3208 3687 natus
3237 3642 3376 3700 erat,
3411 3650 3532 3691 om-

1928 3740 2050 3780 nem
2071 3726 2333 3794 justitiam
2363 3735 2415 3781 et
2447 3724 2807 3780 humilitatem
2832 3724 2989 3798 Legis
3012 3725 3287 3797 impleret.
3317 3727 3521 3785 Secun-

1925 3818 2019 3887 do,
2056 3827 2115 3874 ut
2142 3817 2464 3888 baptismate
2505 3833 2603 3873 suo
2626 3816 2856 3873 Joannis
2902 3816 3169 3889 baptisma
3201 3818 3525 3891 comproba-

1926 3921 2030 3967 ret.
2063 3909 2272 3978 Tei'tlo,
2306 3916 2365 3965 ut
2404 3906 2660 3966 Jordanis
2688 3922 2860 3978 aquas
2886 3908 3269 3979 sanctificans,
3302 3926 3402 3982 per
3422 3912 3523 3969 de-

1925 4001 2269 4058 scensionem
2302 3998 2591 4059 columine.
2622 3999 2857 4073 Spiritus
2877 4002 3052 4057 sancti
3078 4001 3131 4057 in
3156 4001 3381 4060 lavacro
3405 4017 3525 4061 cre-

1924 4095 2167 4154 dentium
2202 4102 2533 4151 monstraret
2561 4093 2877 4150 adventum.

1998 4188 2182 4261 (Vers.
2210 4184 2326 4260 ib.)
2355 4186 2480 4244 Sine
2502 4186 2678 4241 modo.
2708 4184 2941 4243 Pulchre
2970 4185 3127 4255 dixit,
3153 4183 3181 4224 ἀ
3205 4189 3315 4243 sine
3341 4191 3519 4259 modo,

1924 4291 1982 4339 ut
2007 4284 2321 4341 OStenderet
2347 4282 2623 4338 Christum
2654 4282 2709 4338 in
2741 4297 2909 4354 aqua,
2946 4281 3211 4339 Joannem
3241 4300 3269 4337 a
3300 4283 3522 4342 Christo

1923 4377 1977 4432 in
2008 4377 2202 4448 Spiritu
2232 4375 2643 4447 baptizandum.
2677 4374 2808 4431 Sive
2841 4372 3003 4432 aliter
3025 4419 3040 4443 ,
3072 4377 3183 4431 sine
3207 4374 3361 4432 modo
3403 4393 3422 4434 :
3461 4386 3526 4437 ut

1884 4522 1889 4525 ,
1922 4471 2013 4540 qui
2038 4470 2184 4525 servi
2218 4470 2445 4524 formam
2469 4468 2759 4538 assumpsi,
2786 4470 3033 4539 expleam
3065 4480 3119 4524 et
3157 4468 3520 4530 humilitatem

1872 4576 1878 4581 ‘
1922 4562 2060 4634 ejus.
2092 4562 2347 4633 Alioquin
2380 4561 2535 4627 scito,
2570 4568 2620 4616 te
2648 4560 2700 4615 in
2732 4559 2822 4615 die
2855 4560 3046 4631 judicii
3085 4577 3208 4618 meo
3256 4578 3377 4620 esse
3420 4565 3517 4621 ba-

277 4652 466 4725 (Vers.
497 4651 581 4720 9.)
613 4649 807 4706 Potens
832 4662 905 4707 est
934 4652 1075 4708 Deus
1109 4655 1175 4707 de
1215 4655 1478 4723 lapidibus
1495 4632 1617 4713 istis
1644 4661 1810 4714 susci-
1838 4632 1893 4693 D
1922 4632 2178 4730 ptismate
2233 4655 2635 4726 liaptizuudum.
2697 4654 2825 4710 Sine
2866 4656 3042 4721 modo,
3074 4655 3202 4712 dicit
3252 4655 3518 4717 Dominus

203 4756 314 4801 tore
340 4744 483 4816 ﬁlios
511 4743 757 4803 Δίπαια.
801 4744 1033 4816 Lapides
1077 4747 1329 4805 ethnicos
1368 4760 1555 4819 vocat,
1588 4763 1810 4824 propter

201 4838 387 4897 cordis
410 4838 697 4894 duritiam.
720 4838 866 4910 Lege
886 4839 1235 4897 Euchiolom
1263 4858 1278 4896 :
1312 4842 1581 4913 Auferam,
1610 4846 1806 4917 inquit,

200 4951 234 4988 α
259 4931 401 4989 vobis
443 4947 534 4987 cor
568 4931 859 5002 lapideum.
894 4940 944 4989 et
986 4932 1122 4989 dabo
1164 4949 1256 4989 cor
1296 4949 1540 4991 caruerint
1574 4936 1800 5007 (Eucti.

202 5042 391 5095 xxxvi,
416 5023 536 5095 ‘26).
562 5023 622 5079 in
650 5022 832 5095 lapide
858 5023 1082 5093 duritia,
1111 5025 1165 5080 in
1187 5040 1354 5082 carne
1379 5028 1662 5085 mollitudo
1690 5031 1798 5103 [ΑΙ.

203 5120 459 5195 mollitia]
487 5130 845 5178 monstratur.
900 5121 1029 5178 Sive
1081 5121 1409 5192 simpliciter
1460 5123 1665 5181 indicat
1704 5128 1799 5185 Dei

205 5214 524 5283 potentiam,
554 5212 699 5285 quod
728 5209 819 5283 qui
847 5210 916 5268 de
940 5208 1115 5269 nihilo
1142 5222 1342 5270 cuncta
1375 5212 1593 5285 iecerit,
1627 5220 1799 5289 possit

202 5308 253 5361 et
277 5300 347 5361 de
366 5302 516 5364 saxis
542 5300 854 5361 durissimis
874 5305 1134 5376 populum
1166 5318 1485 5376 procreare.

261 5521 293 5557 ι
310 5511 583 5585 Mque
621 5519 802 5568 tamen
845 5510 1047 5585 Graios
1077 5511 1238 5581 hujus
1267 5513 1551 5583 Evangelii
1599 5532 1791 5575 exem-

194 5582 435 5712 mb
448 5582 572 5645 τὸἴς
597 5587 884 5660 “Mm
903 5584 1011 5639 hoc
1036 5584 1159 5640 loco
1186 5600 1286 5655 pro
1307 5587 1444 5658 ἐντῷ
1466 5588 1628 5665 Ἰσ-αἲᾳ
1649 5606 1790 5661 prae.

262 5724 293 5766 ll
317 5727 453 5782 num
484 5725 592 5780 iste
637 5725 830 5781 tertius
873 5724 1118 5780 decimus
1162 5725 1410 5783 Paulinus
1450 5730 1676 5787 minime
1716 5749 1785 5791 ex

195 5794 434 5871 pluribus
464 5795 792 5871 testimoniis
812 5805 1106 5871 contextus
1127 5798 1397 5871 videatur,
1426 5802 1646 5871 conjieit
1670 5802 1787 5859 Cle-

194 5865 354 5940 ricus,
375 5868 449 5926 ab
467 5865 787 5939 Hieronymi
808 5875 961 5925 textu
988 5866 1196 5937 aliquid
1218 5865 1511 5942 excidisse,
1527 5865 1785 5945 supplet-

1916 4749 2095 4817 Jesus,
2125 4747 2301 4804 habeo
2316 4758 2371 4804 et
2386 4748 2529 4803 aliud
2554 4747 2817 4817 baptisma
2851 4763 2958 4818 quo
2980 4747 3339 4817 baptizandus
3367 4767 3511 4809 sum.

1917 4843 1995 4898 Tu
2026 4858 2111 4897 me
2141 4841 2384 4911 baptizas
2405 4840 2457 4894 in
2501 4855 2663 4910 aqua,
2692 4849 2754 4893 ut
2793 4854 2893 4909 ego
2918 4848 2971 4894 te
2996 4838 3266 4910 baptizem
3297 4856 3396 4911 pro
3426 4856 3514 4898 me

1914 4935 1966 4991 in
2000 4934 2262 5005 sanguine
2293 4941 2407 4987 tuo.

1982 5025 2162 5098 (Vers.
2199 5022 2311 5097 16.)
2344 5024 2433 5081 Sic
2462 5023 2595 5079 enim
2631 5023 2773 5077 decet
2813 5040 2904 5078 nos
2936 5022 3150 5096 implere
3189 5039 3387 5079 omnem
3423 5026 3513 5097 ju-

1907 5119 2122 5174 stitiam.
2166 5116 2311 5172 Tunc
2353 5116 2549 5170 dimisit
2597 5132 2731 5170 eum.
2782 5113 3090 5186 Baptizatus
3143 5124 3313 5171 autem
3358 5112 3512 5173 Iesus

1906 5213 2179 5283 confestim
2203 5210 2434 5267 ascendit
2465 5212 2528 5264 de
2575 5226 2731 5282 aqua.
2782 5206 2904 5265 Non
2957 5207 3192 5275 addidit,
3238 5207 3512 5279 justitiam

1906 5310 2084 5384 chis,
2114 5308 2229 5365 sive
2252 5318 2483 5375 naturae,
2516 5312 2575 5362 ut
2600 5322 2701 5363 nos
2743 5317 3039 5377 utrumque
3080 5304 3456 5378 intelligamus
3490 5326 3504 5365 :

1891 5537 2000 5592 quo
2029 5522 2097 5576 ita
2130 5520 2306 5573 locum
2334 5536 2346 5572 :
2376 5517 2517 5587 Lege
2550 5517 2844 5592 Epistulam
2865 5518 2935 5572 ad
2969 5520 3251 5588 Romanos,
3275 5528 3327 5574 et
3354 5522 3498 5579 ἀεσί-

1891 5590 2031 5647 munt
2062 5593 2268 5666 tertium
2290 5592 2563 5660 psalmum.
2598 5590 2671 5666 iu_
2700 5590 2788 5666 illa
2834 5591 2981 5649 enim
3010 5592 3185 5664 Epist.
3237 5607 3362 5663 Cap.
3392 5609 3451 5652 tu
3471 5636 3489 5666 ,

1893 5666 2135 5733 psalmus
2164 5665 2265 5717 iste
2294 5678 2403 5714 non
2445 5663 2613 5715 semel
2660 5660 2929 5723 laudatur.

1964 5748 1987 5774 ο
2018 5735 2413 5810 Νιιςιῆ-οιιωεδ
2428 5749 2562 5793 mss.
2582 5743 2637 5787 et
2651 5742 2884 5803 quatuor
2904 5747 3072 5804 penes
3092 5733 3492 5810 Martium-um,

1891 5804 2027 5859 Ecce
2054 5807 2266 5859 securis.

1959 5874 1987 5914 ἀ
2023 5877 2281 5933 Voculam
2310 5876 2441 5945 sine,
2474 5874 2561 5932 hic
2592 5873 2764 5931 nosui
2795 5890 2924 5932 mss.
2957 5885 3247 5949 respuunt.
