3962 6300
475 208 541 268 3|
1721 206 1784 264 S.
1826 206 2108 265 EUSEBII
2144 202 2529 263 HIERONYMI
3720 210 3789 266 32

476 333 541 380 ut
580 325 627 379 si
658 323 805 381 Deus
856 320 926 379 ab
968 322 1189 380 homine
1239 319 1451 390 accepit
1495 318 1786 391 baptism,
1819 321 2003 376 nullus
2038 337 2070 378 a
2101 321 2157 381 Δ
2179 317 2434 373 scribitur
2463 318 2582 371 loco
2613 336 2626 371 :
2654 318 2905 373 Abierunt
2934 321 2986 374 in
3008 334 3245 379 sanctam
3267 328 3542 395 cititatem,
3578 336 3627 383 et
3656 329 3791 386 mul-

479 431 751 474 conservo
780 415 1109 485 dedignetur
1136 416 1408 483 accipere.

556 509 737 580 (νας.
772 508 884 580 1⁵1.)
917 506 987 562 Et
1015 523 1130 561 ecce
1175 506 1343 576 aperti
1388 513 1508 558 sunt
1554 504 1599 558 ei
1655 505 1791 570 caeli,
1842 514 1890 557 et
1945 504 2069 558 sidit

487 602 745 673 Spiritum
773 599 873 655 Dei
900 600 1287 655 descendentem
1306 600 1440 653 sicut
1459 597 1772 659 columbam.
1799 607 1846 652 et
1870 601 2078 652 venien-

484 702 583 747 tem
603 708 761 761 super
786 709 858 745 se.
896 690 964 744 Et
995 707 1110 745 ecce
1141 706 1241 744 vos
1286 690 1350 744 de
1380 687 1542 752 caelis,
1585 688 1762 742 dicens
1803 705 1823 741 :
1872 688 1974 742 llic
1999 699 2077 744 est

484 783 659 840 Filius
685 800 825 839 meus
852 784 1094 849 dilectus,
1127 785 1182 836 in
1208 798 1313 853 quo
1348 782 1476 836 mihi
1522 782 1836 849 complacui.
1877 781 2079 855 Myste-

488 878 626 933 rium
658 876 940 933 Trinitatis
963 877 1019 932 in
1047 876 1377 947 baptismate
1406 876 1858 931 demonstratur:
1892 877 2078 931 Domi-

484 984 585 1027 nus
625 969 950 1037 baptizatur,
1000 968 1239 1036 Spiritus
1283 967 1565 1024 descendit
1613 968 1670 1022 in
1722 968 1909 1024 habitu
1960 967 2074 1039 [ΑΙ.

479 1062 684 1135 specie]
711 1062 998 1129 columba,
1026 1061 1206 1118 Patris
1232 1076 1358 1125 vos,
1392 1061 1760 1117 testimonium
1794 1060 1933 1115 Filio
1955 1076 2079 1130 per-

482 1153 722 1210 bibentis
741 1154 984 1208 auditur.
1018 1154 1359 1222 Aperiuntur
1398 1162 1577 1208 autem
1619 1155 1742 1209 caeli
1774 1169 1884 1207 non
1928 1167 2079 1208 rese-

481 1247 693 1307 ratione
723 1247 1150 1313 elementorum,
1182 1246 1279 1301 sed
1303 1246 1677 1316 spiritualibus
1706 1246 1909 1311 oculis;
1950 1246 2072 1316 qui-

483 1342 585 1399 bus
613 1351 670 1398 et
712 1340 965 1397 Ezechiel
1006 1340 1061 1394 in
1106 1340 1374 1409 principio
1425 1338 1720 1392 voluminis
1749 1338 1830 1392 sui
1857 1347 2078 1407 apertos

482 1450 580 1495 eos
604 1449 728 1491 esse
751 1442 1163 1489 commemorat.
1193 1433 1347 1487 Sedit
1369 1446 1581 1501 quoque
1616 1432 1864 1487 columba
1907 1447 2075 1500 super

483 1536 649 1601 caput
669 1528 819 1595 Jesu,
849 1542 919 1584 ne
954 1530 1078 1599 quis
1101 1535 1316 1596 putaret
1343 1540 1530 1583 vocem
1572 1525 1753 1580 Patris
1794 1523 1863 1580 ad
1905 1524 2075 1581 Joan-

482 1638 614 1679 nem
642 1621 861 1685 laetam,
892 1636 998 1676 non
1029 1620 1095 1675 ad
1130 1620 1439 1676 Dominum.

2180 410 2246 462 tis
2276 419 2625 479 apparuerunt
2659 409 2874 473 (Matth.
2912 428 3079 479 xxvii,
3102 417 3215 487 53).

2256 502 2439 570 (\‘vrs.
2473 502 2551 571 ϐ.)
2583 500 2651 555 Et
2676 505 2855 555 staluil
2883 521 3003 558 eum
3024 524 3184 576 supra
3208 512 3557 581 pinnaculum
3589 515 3786 582 templi,

2181 605 2228 647 et
2254 595 2385 649 dixit
2411 595 2478 648 ei.
2512 593 2581 649 Ut
2605 610 2765 662 quem
2792 595 2934 652 inme
2956 608 3285 672 tentaverat,
3320 582 3560 661 tentaret
3578 612 3635 661 et
3657 620 3789 660 vana

2183 688 2378 758 gloria.

2254 781 2316 835 Si
2344 779 2520 835 Filius
2566 781 2667 835 Dei
2712 800 2786 836 es.
2840 783 2898 837 In
2943 786 3197 840 omnibus
3250 789 3650 845 mutationibus
3690 789 3791 847 hoc

2180 874 2294 944 agit
2317 875 2585 938 diabolus,
2615 885 2675 930 ut
2703 875 2970 947 intelligat
3001 879 3045 932 si
3078 879 3253 935 Filius
3283 881 3376 937 Dei
3405 882 3517 947 sit;
3562 883 3664 939 sed
3692 883 3791 938 Do-

2182 966 2361 1022 minus
2392 967 2471 1021 sic
2502 967 2913 1035 responsionem
2945 980 3238 1040 temperat,
3271 983 3329 1027 ut
3358 988 3485 1030 eum
3512 975 3792 1046 relinquat

2181 1055 2514 1126 ambiguum.

2255 1150 2406 1204 Mitte
2434 1161 2481 1205 te
2509 1152 2769 1207 deorsum.
2804 1152 3073 1223 Scriptum
3104 1165 3183 1211 est
3219 1157 3375 1213 enim.
3411 1158 3532 1214 Vox
3557 1157 3786 1225 diaboli,

2180 1244 2275 1314 qui
2307 1243 2413 1309 [ΑΙ.
2443 1243 2586 1318 qum]
2632 1262 2851 1314 semper
2897 1263 3090 1303 omnes
3118 1249 3320 1305 cadere
3350 1250 3615 1307 deorsum
3646 1252 3791 1307 desi-

2181 1336 2358 1399 derat,
2393 1335 2643 1405 Mittepe,
2676 1338 2883 1406 inquit,
2911 1339 3172 1406 deorsum,
3205 1342 3545 1413 persuadere
3589 1354 3792 1416 potest,

2183 1429 2525 1497 przeeipitare
2552 1443 2658 1482 non
2690 1438 2893 1498 potest.

2254 1521 2306 1589 2
2316 1522 2359 1589 ι
2373 1520 2580 1589 Angelis
2592 1520 2700 1573 suis
2713 1521 2973 1575 mandarit
2984 1521 3049 1575 de
3060 1532 3127 1585 te,
3143 1532 3192 1577 et
3204 1524 3259 1577 in
3274 1523 3513 1579 manibus
3526 1525 3716 1581 tollent
3728 1534 3797 1595 te,

2182 1624 2248 1661 ne
2274 1612 2410 1676 forte
2435 1607 2672 1676 offendas
2711 1611 2780 1661 ad
2810 1609 3038 1679 lapidem
3063 1612 3246 1683 pedem
3277 1622 3446 1666 tuum.
3472 1612 3591 1668 Hoc
3615 1613 3671 1668 in
3701 1630 3797 1670 no-

558 1715 716 1787 (Cap.
746 1714 839 1770 IV.
864 1744 938 1755 —
958 1714 1113 1768 Vers.
1148 1712 1226 1783 l.)
1251 1711 1394 1766 Tunc
1417 1710 1574 1766 Iesus
1593 1712 1781 1765 ductus
1811 1722 1888 1766 est
1913 1712 1968 1765 in
1989 1714 2080 1766 de.
2107 1713 2157 1773 Β
2186 1702 2463 1772 nagesimo
2488 1702 2698 1771 psalmo
2721 1702 2986 1773 legimus;
3012 1719 3202 1759 verum
3228 1705 3302 1760 ibi
3325 1721 3434 1760 non
3460 1706 3529 1763 de
3550 1703 3794 1777 Christo,

479 1817 675 1866 sertum
702 1826 735 1862 a
753 1810 966 1876 spiritu.
991 1807 1144 1862 Haud
1166 1806 1389 1862 dubium
1416 1807 1545 1877 quin
1573 1822 1604 1860 a
1626 1816 1821 1860 sancto
1843 1805 2072 1876 Spiritu.

482 1902 743 1973 Sequitur
769 1902 914 1957 enim
945 1919 958 1956 :

559 1994 627 2051 Ut
652 2003 935 2050 tentaretur
961 2012 993 2048 a
1019 1993 1248 2048 diabolo.
1282 1993 1509 2048 Ducitur
1536 2001 1720 2047 autem
1745 2009 1856 2047 non
1876 1992 2078 2048 invitus

484 2097 578 2143 aut
603 2096 818 2157 captus,
845 2085 943 2141 sed
970 2086 1252 2140 voluntate
1286 2083 1582 2155 pugnandi.

556 2180 666 2252 20
696 2176 881 2250 (νει-8.
908 2177 991 2247 ‘2.)
1015 2174 1084 2230 Et
1115 2194 1235 2230 cum
1258 2179 1552 2250 jejunasset
1587 2174 1935 2245 quadraginta
1971 2174 2080 2229 die-

483 2270 577 2327 bus
604 2284 652 2326 et
682 2272 1034 2344 quadraginta
1062 2271 1313 2332 noctibus,
1355 2280 1534 2339 postea
1558 2269 1757 2323 esuriit.
1810 2267 1881 2321 Et
1934 2285 2081 2322 acce-

484 2366 609 2420 dens
638 2372 883 2431 tentator,
915 2363 1047 2417 dixit
1070 2363 1117 2417 ei
1145 2378 1164 2415 :
1192 2362 1253 2416 Si
1284 2360 1458 2415 Filius
1487 2360 1584 2415 Dei
1631 2377 1705 2415 es.
1754 2360 1812 2415 ln
1846 2361 1949 2415 isto
1980 2376 2081 2414 nu-

488 2472 648 2518 mero
669 2456 1099 2529 quadragesima:
1122 2456 1280 2510 nobis
1314 2454 1626 2509 ostenditur
1652 2464 2078 2518 sacramentum,

484 2550 541 2606 in
564 2564 674 2620 quo
694 2559 748 2604 et
769 2548 948 2604 Moses
959 2547 1231 2619 jejunavit
1261 2549 1312 2601 in
1326 2556 1515 2602 monte
1526 2546 1656 2602 Sina
1682 2545 1879 2619 (Exod.
1903 2544 2076 2615 xxiv),

485 2650 541 2699 et
569 2641 720 2696 Elias
743 2640 896 2710 juxta
927 2648 1172 2695 montem
1202 2637 1347 2695 Oreh
1375 2636 1467 2709 (Ill
1498 2638 1631 2708 Reg.
1679 2636 1818 2707 sis).
1850 2636 2082 2692 Permit-

486 2734 621 2789 titur
654 2741 835 2788 autem
861 2731 1077 2788 esurire
1104 2745 1325 2802 corpus,
1362 2740 1420 2785 ut
1448 2729 1671 2785 diabolo
1700 2728 1944 2783 tentandi
1976 2727 2075 2781 tri-

487 2826 685 2887 buatur
710 2825 950 2880 occasio.
1409 2853 1417 2859 ο
1684 2860 1691 2865 .

557 2914 742 2987 (Vere.
764 2914 845 2985 ὅ.)
874 2913 975 2967 Dic
1001 2922 1057 2968 ut
1079 2913 1280 2984 lapides
1305 2913 1392 2967 isti
1413 2928 1573 2985 panes
1599 2912 1751 2984 fiant.
1801 2910 2077 2966 Esurienti

482 3022 726 3077 congrue
754 3005 956 3061 dicitur
987 3021 1001 3059 :
1029 3005 1116 3059 dic
1144 3014 1199 3058 ut
1226 3002 1426 3075 lapides
1454 3004 1542 3057 isti
1587 3018 1747 3073 panes
1779 3002 1906 3071 ﬁant
1932 3018 1951 3054 :
1980 3000 2077 3056 sed

486 3098 701 3155 duobus
726 3098 1017 3154 contrariis
1065 3097 1269 3152 teneris
1292 3137 1309 3163 ,
1341 3112 1374 3151 ο
1405 3096 1639 3152 diabole.
1689 3095 1746 3151 Si
1792 3095 1861 3149 ad
1900 3096 2079 3165 impe-
2106 3091 2153 3155 C

484 3194 626 3248 rium
650 3192 771 3262 ejus
801 3199 1027 3261 possunt
1058 3190 1268 3261 lapides
1301 3207 1464 3260 panes
1504 3192 1643 3258 lteri,
1694 3204 1827 3260 ergo
1878 3190 2080 3244 frustra

482 3291 662 3340 lentas
692 3298 815 3339 eum
861 3286 951 3354 qui
982 3291 1143 3337 tanta:
1173 3283 1431 3351 potentia:
1472 3292 1579 3338 est.
1621 3281 1715 3337 Sin
1759 3292 1940 3337 autem
1973 3299 2081 3337 non

480 3387 660 3448 potest
692 3375 894 3440 facere,
925 3375 1119 3430 frustra
1141 3375 1454 3439 Filiuchi
1481 3376 1803 3441 suSpicaris.
1836 3384 1861 3413 α
1893 3373 1954 3428 Si
1985 3371 2084 3425 Fi-

480 3471 583 3526 lius
612 3469 711 3526 Dei
736 3487 812 3534 es,
842 3469 928 3523 dic
954 3479 1009 3523 ut
1034 3469 1234 3538 lapides
1257 3469 1342 3521 isti
1368 3484 1525 3539 panes
1546 3470 1694 3535 fiant.

554 3562 738 3634 (Vers.
766 3562 847 3633 4.)
879 3561 981 3628 Qui
1008 3561 1344 3632 respondens,
1375 3561 1449 3613 ait
1476 3576 1495 3613 :
1524 3559 1791 3631 Scriptum
1820 3569 1893 3614 est
1918 3576 1936 3614 :
1960 3558 2085 3614 Non

479 3658 535 3711 in
565 3655 677 3709 solo
695 3670 832 3724 pane
856 3654 975 3707 vivit
998 3654 1186 3716 homo;
1215 3652 1306 3704 sed
1346 3652 1401 3704 in
1433 3652 1573 3705 omni
1616 3652 1767 3706 verbo
1795 3652 1933 3722 quod
1963 3668 2086 3721 pro-

481 3748 616 3803 cedit
670 3750 735 3802 de
782 3762 870 3801 ore
917 3744 1037 3799 Dei.
1094 3744 1491 3800 Testimonium
1540 3744 1611 3799 de
1659 3745 2086 3802 Deuteronomio

482 3847 760 3908 sumptum
781 3848 863 3893 est
889 3836 1073 3911 (Deut.
1102 3851 1216 3903 vtu,
1242 3836 1320 3909 5).
1345 3836 1474 3892 Ideo
1493 3847 1677 3892 autem
1703 3839 1784 3893 sic
1804 3839 2087 3910 respondit

487 3931 775 3999 Dominus,
806 3932 934 4003 quia
959 3933 1300 4002 propositum
1321 3939 1440 3987 erat
1465 3931 1539 4001 ei,
1566 3930 1871 3987 humilitate
1892 3932 2084 3987 diabo-

485 4025 598 4081 lum
630 4025 874 4089 vincere,
904 4038 1012 4078 non
1042 4022 1307 4093 potentia.
1334 4022 1621 4092 Simulque
1645 4024 2088 4080 animadverten-

483 4118 639 4183 dum,
670 4115 814 4185 quod
848 4115 952 4170 nisi
973 4115 1225 4185 jejunare
1249 4118 1510 4188 coepisset
1539 4118 1816 4183 Dominus,
1845 4120 2085 4178 tentandi

484 4208 704 4267 occasio
746 4222 853 4262 non
899 4206 1091 4262 luisset
1126 4209 1365 4275 diabolo,
1412 4210 1712 4265 secundum
1754 4210 1921 4264 illud:
1952 4209 2082 4278 Fili,

481 4296 731 4354 accedens
760 4297 829 4351 ad
848 4300 1143 4352 seruitutem
1168 4297 1283 4365 Dei,
1301 4309 1380 4353 sta
1406 4298 1461 4352 in
1478 4300 1689 4371 justitia
1720 4310 1766 4353 et
1793 4302 1970 4355 timore
1998 4320 2016 4357 :
2040 4311 2084 4358 et

484 4403 724 4461 prtepara
751 4388 980 4440 animam
1024 4397 1167 4441 tuam
1204 4390 1273 4441 ad
1318 4390 1650 4443 tentationem
1685 4389 1883 4460 (Eccli.
1918 4408 1974 4459 ll,
2006 4393 2082 4464 1).

483 4480 591 4537 Sed
622 4490 678 4537 et
701 4481 818 4551 ipsa
843 4482 1126 4553 responsio
1156 4481 1479 4550 Salvatoris,
1506 4483 1781 4538 hominem
1807 4485 1974 4540 fuisse
2007 4488 2082 4541 in-
2107 4476 2158 4537 D

484 4574 652 4642 dicat,
685 4575 775 4645 qui
801 4583 1038 4630 tentatus
1067 4585 1169 4630 est.
1207 4575 1329 4629 Non
1371 4577 1424 4630 in
1454 4577 1565 4630 solo
1598 4594 1729 4644 pane
1758 4578 1872 4632 vivit
1902 4581 2077 4648 homo,

480 4667 572 4721 sed
600 4668 655 4720 in
685 4668 827 4721 omni
864 4666 1013 4721 verba
1043 4667 1183 4738 quod
1219 4667 1451 4737 procedit
1500 4668 1564 4721 de
1605 4684 1691 4723 ore
1720 4666 1838 4723 Dei.
1874 4671 1929 4727 Si
1960 4672 2082 4741 quis

484 4774 619 4832 ergo
646 4774 751 4815 non
780 4761 1019 4815 vescitur
1051 4761 1219 4816 verbo
1245 4761 1360 4829 Dei,
1393 4762 1498 4816 iste
1528 4776 1632 4814 non
1661 4761 1814 4815 vivit.

560 4851 745 4925 (Vers.
777 4849 861 4922 5.)
890 4852 1035 4907 Tunc
1062 4855 1342 4923 assumpsit
1370 4870 1485 4908 eum
1508 4854 1745 4908 diabolus
1768 4854 1821 4909 in
1849 4866 2082 4912 sanctam

483 4946 762 5001 civitatem.
795 4946 1110 5017 Assumptin
1142 4948 1245 5003 ista
1273 4964 1396 5018 qua:
1419 4947 1643 5013 dicitur,
1674 4963 1783 5003 non
1814 4965 1877 5003 ex
1912 4949 2084 5006 imbe-

486 5044 714 5100 cillitate
747 5043 957 5097 Domini
988 5044 1157 5109 venit,
1192 5045 1288 5098 sed
1329 5044 1398 5098 de
1439 5043 1644 5098 inimici
1684 5044 1962 5113 superbia,
1995 5047 2086 5115 qui

484 5137 824 5192 voluntatem
854 5136 1154 5193 Salvatorls
1202 5137 1581 5191 necessitatem
1631 5145 1801 5206 putat.
1850 5137 1931 5192 Ex
1983 5138 2087 5196 hoc

488 5240 670 5287 autem
720 5232 841 5287 loco
893 5229 1225 5302 intelligitur
1253 5231 1383 5301 quid
1413 5232 1487 5286 sit
1515 5230 1649 5287 illud
1676 5231 1820 5302 quod
1873 5232 1927 5287 in
1977 5233 2085 5289 alio

562 5425 590 5455 ι
627 5417 791 5473 Addit
816 5416 1111 5481 Victorius,
1145 5418 1342 5474 dicens.

556 5485 587 5527 δ
613 5488 817 5551 Verba,
849 5498 896 5542 et
928 5489 1059 5543 dixit
1099 5489 1167 5552 ei,
1203 5504 1335 5544 mss.
1381 5488 1554 5543 nostri
1602 5501 1795 5543 omnes
1826 5488 2081 5543 reticent.

492 5558 874 5631 Hoxgperitura
896 5562 1113 5623 quidam
1144 5562 1348 5627 legunt,
1379 5576 1477 5631 pro
1505 5560 1854 5630 prateritura.

569 5640 590 5700 τ
621 5629 841 5700 Rectius
869 5646 1035 5700 penes
1069 5632 1240 5685 llabh.
1272 5641 1351 5687 ut.

559 5696 590 5736 ⁴
624 5696 906 5757 luterserit
928 5699 1161 5758 Cisters.
1188 5718 1291 5759 ms.
1318 5713 1460 5758 retro
1488 5717 1508 5758 :
1533 5712 1700 5773 atque
1741 5700 1881 5758 inira
1905 5700 2088 5758 colue-

2181 1793 2279 1848 sed
2308 1793 2378 1847 de
2407 1794 2526 1847 viro
2546 1803 2737 1849 sancto
2761 1796 3042 1864 prolihetia
3065 1808 3169 1851 est.
3204 1797 3341 1853 Male
3365 1814 3495 1870 ergo
3525 1799 3798 1870 interpre-

2181 1895 2326 1941 tatur
2346 1888 2657 1957 Scripturas
2695 1887 2969 1943 diabolus.
2998 1889 3162 1945 Certe
3184 1890 3228 1944 si
3257 1906 3387 1947 vere
3415 1889 3483 1947 de
3508 1892 3799 1949 Salvatore

2179 1979 2442 2049 scriptum
2471 1990 2722 2045 noverat,
2753 1979 3021 2037 debuerat
3059 1991 3115 2037 et
3143 1983 3276 2038 illud
3316 1983 3524 2052 dicere,
3563 1988 3709 2057 quod
3743 1987 3797 2043 in

2179 2070 2372 2127 eodem
2401 2076 2611 2142 psalmo
2639 2081 2831 2128 contra
2860 2089 2921 2129 se
2958 2076 3207 2143 sequitur
3233 2094 3248 2133 :
3277 2075 3456 2147 Super
3480 2079 3721 2150 aspidem
3748 2090 3797 2134 et

2180 2166 2481 2221 basiliscum
2510 2168 2823 2234 ambulabis,
2857 2179 2907 2223 et
2935 2172 3266 2227 conculcabis
3297 2173 3495 2227 leonem
3522 2186 3571 2229 et
3601 2176 3799 2230 draco-

2180 2275 2318 2313 nem.
2350 2258 2427 2313 De
2450 2259 2772 2329 angelorum
2806 2260 3011 2315 auxilio
3029 2265 3184 2333 quasi
3212 2262 3283 2316 ad
3312 2265 3579 2333 inﬁrmum
3619 2266 3801 2337 loqui-

2181 2361 2307 2407 tur:
2336 2353 2403 2407 de
2433 2368 2528 2408 sua
2558 2351 2667 2425 [ΑΙ.
2699 2352 2808 2425 sui]
2832 2357 3245 2413 conculcatione
3277 2359 3432 2429 quasi
3465 2360 3798 2431 tergiversa-

2183 2456 2268 2501 tor
2291 2455 2453 2501 tacet.

2254 2540 2436 2612 (Vers.
2470 2539 2553 2610 7.)
2574 2541 2660 2594 Ait
2682 2540 2765 2595 illi
2783 2540 2938 2596 Iesus
2958 2558 3172 2597 rursum
3196 2558 3216 2597 :
3234 2542 3504 2609 Scriptum
3527 2554 3606 2600 est
3623 2562 3645 2601 :
3664 2544 3794 2602 Non

2182 2631 2399 2685 tentabis
2432 2631 2712 2687 Dominum
2741 2631 2911 2688 Deum
2953 2646 3119 2690 tuum.
3153 2634 3343 2691 Falsas
3372 2636 3443 2693 de
3488 2637 3793 2709 Scripturis

2182 2721 2381 2777 diaboli
2411 2726 2635 2795 sagittas
2685 2726 2829 2781 veris
2858 2726 3267 2798 Scripturarum
3311 2727 3510 2797 frangit
3552 2730 3791 2801 clypeis.

2183 2817 2251 2871 Et
2276 2819 2573 2873 notandum
2601 2819 2745 2890 quod
2794 2822 3111 2877 testimonia
3143 2823 3452 2878 necessaria
3481 2824 3553 2879 de
3581 2824 3793 2882 Deute-

2183 2913 2437 2965 rouomio
2463 2921 2671 2968 tantum
2718 2914 3030 2984 protulerit,
3057 2924 3117 2969 ut
3144 2915 3402 2970 secunda:
3434 2914 3575 2985 legis
3598 2930 3793 2972 sacra-

2182 3013 2363 3058 menta
2397 3017 2752 3060 monstraret.

2254 3096 2434 3168 (Vers.
2478 3098 2559 3171 8.)
2590 3097 2791 3152 lterum
2818 3102 3098 3170 assumpsit
3128 3116 3245 3153 eum
3276 3100 3517 3156 diabolus
3556 3102 3613 3156 in
3643 3117 3800 3156 mon-

2189 3198 2288 3242 tem
2310 3190 2571 3245 excelsum
2594 3191 2745 3245 valde
2766 3206 2784 3245 :
2805 3200 2854 3244 et
2881 3192 3102 3245 ostendit
3127 3194 3174 3246 ei
3201 3192 3373 3246 omnia
3393 3209 3556 3264 regna
3584 3195 3797 3262 mundi,

2186 3290 2236 3334 et
2287 3281 2509 3351 gloriam
2554 3299 2751 3346 eorum,
2783 3280 2813 3320 δ
2842 3291 2893 3335 et
2917 3283 3050 3336 dixit
3081 3284 3148 3337 ei.
3197 3282 3383 3339 Gloria
3424 3285 3632 3351 mundi,
3670 3301 3797 3354 qua:

2187 3390 2310 3427 cum
2341 3379 2546 3427 mundo
2570 3374 2912 3443 przeteritura
2941 3382 3047 3441 est,
3075 3375 3128 3429 in
3152 3382 3359 3438 monte,
3392 3374 3520 3431 etin
3544 3376 3795 3447 superci-

2186 3466 2262 3520 lio
2308 3465 2759 3520 demonstratur:
2792 3465 3058 3520 Dominus
3098 3476 3283 3520 autem
3320 3464 3387 3520 ad
3422 3466 3649 3522 humilia
3695 3468 3800 3525 de-

2188 3557 2398 3612 scendit
2420 3569 2473 3612 et
2501 3558 2850 3628 Campestria,
2887 3568 2945 3611 ut
2976 3557 3256 3612 diabolum
3286 3556 3592 3613 humilitate
3623 3574 3798 3631 supe-

2189 3662 2357 3707 raret.
2380 3652 2549 3706 Porro
2565 3651 2819 3706 diabolus
2835 3651 3038 3708 ducere
3058 3667 3183 3707 eum
3211 3653 3431 3708 festinat
3455 3653 3523 3708 ad
3550 3664 3794 3725 montes,

2187 3754 2243 3798 ut
2278 3759 2374 3812 per
2403 3759 2541 3813 quos
2592 3744 2711 3814 ipse
2748 3754 3056 3811 corruerat,
3090 3745 3257 3798 etiam
3290 3743 3479 3799 caueri
3509 3754 3797 3815 corruant,

2186 3836 2340 3905 juxta
2371 3835 2506 3889 illud
2548 3835 2835 3906 Apostoli:
2864 3834 2949 3892 Ne
2977 3836 3193 3907 inflatus
3223 3836 3422 3890 incidat
3444 3836 3499 3889 in
3528 3838 3801 3909 judicium

2190 3928 2386 3982 diaboli
2408 3927 2454 3998 (Ι
2483 3927 2617 3983 Tim.
2650 3944 2732 3996 tu,
2765 3928 2848 3998 6).

2261 4019 2443 4091 (Vers.
2472 4021 2554 4092 9.)
2582 4019 2711 4074 liter
2738 4021 2912 4074 omnia
2934 4021 3025 4076 tibi
3049 4020 3205 4087 dabo,
3237 4021 3283 4074 si
3313 4020 3502 4075 cadens
3530 4021 3796 4077 adorare-

2189 4121 2260 4173 ris
2282 4135 2379 4173 me.
2406 4122 2682 4190 Arrogans
2710 4128 2766 4174 et
2797 4120 3067 4191 superbus
3098 4120 3261 4175 etiam
3289 4119 3393 4176 hoc
3432 4120 3502 4176 de
3526 4120 3793 4190 jactantia

2188 4218 2429 4287 loquitur
2460 4236 2475 4271 :
2504 4233 2609 4273 non
2642 4219 2788 4288 quod
2817 4220 2873 4274 in
2921 4229 3035 4275 toto
3079 4219 3284 4275 mundo
3312 4205 3511 4275 haheat
3548 4228 3798 4291 potests-

2192 4328 2322 4380 tem,
2357 4327 2379 4354 ο
2408 4326 2502 4371 aut
2549 4318 2722 4386 possit
2768 4318 2951 4372 omnia
2983 4334 3148 4389 regna
3190 4319 3323 4373 dare
3361 4317 3638 4389 diabolus,
3669 4337 3797 4376 cum

2190 4420 2426 4474 sciamus
2451 4419 2741 4489 plerosque
2769 4432 2989 4474 sanctos
3020 4421 3173 4475 viros
3203 4436 3231 4475 a
3268 4420 3383 4476 Deo
3412 4435 3573 4490 reges
3594 4420 3797 4478 iactos.

2187 4520 2247 4577 Si
2275 4523 2486 4587 cadens,
2517 4520 2713 4590 inquit,
2761 4522 3057 4575 adoraveris
3084 4537 3186 4577 me.
3220 4521 3366 4592 Ergo
3408 4522 3503 4592 qui
3532 4521 3802 4579 adoratu-

2186 4637 2278 4677 rus
2299 4632 2385 4677 cst
2404 4623 2706 4686 diabolum,
2734 4631 2859 4677 ante
2885 4623 3117 4678 corruit.

2259 4721 2439 4794 (Vcrs.
2486 4722 2600 4793 10.)
2633 4722 2776 4775 Tunc
2805 4722 2931 4777 dicit
2956 4722 3004 4777 ei
3024 4722 3184 4777 Iesus
3215 4738 3233 4775 :
3271 4721 3418 4777 Vade
3447 4720 3502 4790 ἀ,
3534 4722 3747 4779 Satana
3777 4740 3802 4780 .°

2186 4825 2449 4897 Scriptum
2471 4833 2543 4877 est
2565 4824 2720 4877 enim.
2745 4821 2861 4877 Non
2893 4833 2952 4877 ιιι
2980 4822 3227 4893 plerique
3250 4831 3465 4892 putant,
3485 4823 3683 4877 eadem
3709 4837 3802 4879 sa-

2186 4941 2339 4985 tanas
2369 4938 2424 4983 et
2467 4928 2745 4999 apostolus
2774 4927 2969 4983 Petrus
3011 4928 3282 4984 sententia
3324 4925 3795 4983 condemnantur.

2190 5034 2355 5090 Petro
2376 5037 2523 5088 enim
2547 5029 2743 5086 dicitur
2769 5048 2781 5083 :
2815 5029 2956 5085 Vade
2980 5040 3117 5084 retro
3138 5046 3239 5096 me,
3262 5027 3468 5084 Satana
3494 5026 3654 5100 (Mat.
3680 5044 3797 5096 xvr,

2186 5133 2306 5204 25),
2339 5133 2391 5190 id
2423 5142 2525 5197 cst,
2560 5146 2792 5203 sequere
2823 5147 2930 5197 tne,
2964 5132 3055 5202 qui
3081 5130 3395 5185 contrarius
3422 5144 3482 5183 es
3517 5129 3798 5185 voluntati

2187 5247 2324 5289 mete
2346 5251 2360 5290 ε
2388 5232 2475 5287 hic
2491 5245 2623 5286 vero
2640 5229 2814 5298 audit,
2834 5229 2982 5297 parte,
3009 5228 3213 5283 Satana
3242 5244 3259 5281 :
3283 5236 3338 5282 et
3363 5241 3470 5281 nou
3493 5225 3544 5281 ei
3564 5225 3797 5293 dicitur,

2185 5428 2390 5482 renter,
2423 5416 2594 5479 audit,
2624 5415 2752 5470 vade
2796 5424 2956 5481 retro,
3009 5412 3231 5469 Satana.
3263 5409 3384 5467 Jam
3435 5423 3597 5473 vero,
3645 5410 3797 5481 quod

2185 5490 2352 5544 semel
2387 5499 2548 5551 atque
2582 5488 2779 5542 iterum
2805 5486 3139 5543 monuimus,
3166 5485 3325 5537 aliter
3359 5496 3508 5549 szepe
3539 5495 3676 5536 mss.
3711 5491 3799 5536 ato

2186 5575 2290 5629 que
2317 5560 2446 5614 editi
2472 5560 2594 5613 llbl‘l
2624 5558 2924 5626 Scriptura:
2943 5558 3228 5629 περικοπὰς
3256 5562 3478 5607 nectunt
3505 5568 3521 5607 :
3550 5552 3800 5620 plerum-

2187 5647 2293 5702 que
2322 5642 2503 5685 autem
2525 5631 2823 5686 versiculos
2846 5632 3113 5702 quosdam
3139 5632 3500 5697 prretereunt,
3532 5638 3674 5694 quos
3692 5638 3798 5679 nec

2188 5700 2435 5758 subnexa
2465 5701 2740 5771 espositio
2770 5700 2961 5768 tangit.
