3962 6342
174 304 224 361 ³³
694 310 1350 372 COMMENTARIORUM
1390 310 1456 366 IN
1500 305 2337 378 ΕνΑΝϐΕιιυΜΑιλνῐίτιπᾹει
2377 303 2507 359 LIB.
2552 305 2591 358 l.
2635 302 2790 358 CAP.
2836 299 2898 356 ν.
3381 297 3453 353 35

178 434 273 481 retro
295 444 386 496 me,
434 438 501 487 ut
556 430 1119 499 subaudiatnr,.vade
1152 431 1205 485 in
1236 431 1414 501 ignem
1459 438 1745 493 aeternum,
1778 426 1831 486 Α
1858 438 1979 478 esse
2011 423 2095 477 vel
2115 422 2355 486 Tliabor,
2379 420 2465 474 vel
2491 417 2787 487 quemlibet
2809 414 2971 469 alium
2995 412 3271 469 excelsum
3298 426 3459 467 mon-

181 517 247 591 qui
266 531 607 592 praeparatus
639 535 733 581 est
763 526 879 591 tibi,
910 534 963 580 et
992 524 1201 595 angelis
1225 523 1353 577 tuis.

236 615 317 686 22
346 614 631 669 Dominum
678 615 851 671 Deum
879 627 1023 670 tuum
1051 614 1297 669 adorabis
1323 623 1372 667 et
1398 612 1483 665 illi
1510 610 1610 668 soli
1640 628 1752 665 ser.

191 707 283 761 ries.
308 706 494 761 Diceris
520 707 786 763 diabolus
814 707 1081 764 Salvatori
1114 725 1128 761 :
1160 708 1205 761 si
1233 707 1422 761 cadens
1453 705 1753 759 adoraveris

193 800 608 854 muccontrario
640 800 819 863 audit,
850 800 997 869 quod
1028 802 1145 870 ipse
1167 799 1340 869 magis
1369 799 1601 855 adorare
1628 810 1753 853 eum

198 890 363 948 debeat
387 891 672 946 Dominum
704 900 763 946 et
791 892 964 948 Deum
994 906 1173 947 suum.

260 981 414 1055 (Vers.
444 982 554 1053 11.)
576 981 731 1037 Tunc
757 983 969 1054 reliquit
993 999 1107 1038 eum
1137 983 1378 1037 diabolus
1412 998 1429 1037 :
1457 992 1503 1035 et
1526 997 1639 1036 ecce
1662 997 1759 1034 an-

202 1075 288 1147 geli
302 1085 623 1140 accesserunt,
643 1085 695 1130 et
724 1077 1090 1131 ministrabant
1119 1076 1190 1132 ei.
1213 1075 1483 1132 Prmcedit
1505 1075 1755 1140 tentatio,

202 1180 251 1223 ut
278 1179 511 1239 sequatur
550 1169 806 1226 victoria.
841 1170 1034 1242 Angeli
1065 1170 1398 1238 ministrant,
1451 1179 1510 1225 ut
1534 1170 1759 1226 victoris

196 1260 397 1331 dignitas
421 1261 832 1332 comprobetur.

252 1351 414 1424 (Vers.
443 1350 533 1419 15,
565 1353 678 1424 16.)
713 1353 880 1409 Terra
926 1353 1182 1421 Zabulon,
1216 1364 1265 1409 et
1306 1366 1440 1411 terra
1486 1352 1761 1424 Nephtlta-

191 1443 284 1507 lim,
309 1446 386 1498 via
424 1447 581 1499 maris
606 1455 757 1499 trans
784 1444 1075 1501 Iordanem
1097 1446 1337 1502 Galiltea:
1364 1447 1595 1518 gentium
1618 1463 1636 1500 :
1665 1463 1761 1516 po-

188 1536 322 1607 pulus
348 1538 432 1605 qui
447 1537 792 1592 lannbulnbat
819 1539 871 1593 in
902 1539 1124 1594 tenebris
1140 1540 1271 1594 cidit
1295 1538 1461 1594 lucem
1492 1556 1758 1610 magnam,

187 1628 508 1684 medentibus
522 1631 577 1683 in
596 1631 810 1702 regione
834 1630 1031 1685 umbra:
1044 1631 1330 1685 mortislua:
1356 1641 1468 1685 orta
1489 1642 1564 1685 est
1586 1632 1677 1685 eis.
1698 1630 1762 1685 lli

186 1719 397 1788 primum
422 1722 642 1777 audiere
663 1721 958 1778 Dominum
1007 1721 1426 1793 praedicantem,
1473 1733 1533 1777 ut
1557 1722 1649 1776 ubi
1680 1720 1763 1776 ls-

1857 529 1990 575 tem.
2020 520 2260 588 Denique
2287 527 2572 589 postquam
2605 515 3080 570 ﬁnivitscrmones
3100 526 3254 578 suos,
3273 510 3458 566 statim

1859 615 2110 684 sequitur
2142 631 2154 667 :
2191 613 2321 667 Cum
2350 622 2518 665 autem
2544 610 2804 664 introisset
2829 605 3212 678 Capharnaum.

1934 708 2120 781 (Vers.
2154 708 2234 775 5.)
2257 705 2407 759 Beati
2434 721 2687 776 pauperes
2725 700 2934 773 spiritu,
2964 699 3204 770 quoniam
3228 698 3462 769 ipsorum

1859 814 1937 858 est
1962 819 2179 876 regnum
2210 800 2473 856 etzlorum.
2504 799 2615 853 Iloc
2638 805 2721 852 est
2749 794 2892 867 quod
2923 794 3049 849 alibi
3082 792 3311 864 legimus
3344 809 3358 845 :
3390 790 3463 845 Et

1863 893 2087 950 humiles
2108 895 2300 963 spiritu
2325 891 2542 947 salvabit
2574 888 2691 960 (Ps.
2725 904 2918 953 xxxm,
2953 885 3044 958 16)
3071 902 3085 941 :
3117 885 3196 941 Ne
3216 884 3340 956 quis
3364 898 3464 939 au-

1865 998 1974 1043 tem
2012 996 2229 1057 putaret
2259 992 2663 1055 paupertatem,
2694 997 2816 1052 qua:
2866 995 3274 1050 nonnumquam
3313 989 3335 1017 (³
3368 994 3466 1032 tte—

1863 1083 2121 1136 cessitate
2153 1087 2422 1148 portatur,
2471 1091 2501 1130 a
2551 1073 2782 1130 Domino
2831 1071 3145 1142 praedicari,
3197 1069 3462 1140 adjunxit,

1864 1172 2054 1240 spiritu
2087 1186 2104 1223 :
2146 1180 2203 1224 ut
2233 1169 2595 1223 humilitatem
2628 1164 2990 1236 intelligeres,
3022 1178 3128 1217 non
3156 1163 3459 1233 penuriam.

1865 1265 2019 1319 Beati
2041 1276 2308 1334 pauperes
2330 1262 2549 1331 spiritu,
2569 1260 2659 1329 qui
2690 1269 2911 1328 propter
2924 1255 3187 1326 Spiritum
3215 1264 3466 1310 sanctum

1865 1355 2152 1410 Volttutate
2177 1362 2307 1408 sunt
2359 1365 2644 1422 pauperes.
2692 1348 2853 1406 Unde
2895 1362 3058 1417 super
3089 1345 3468 1417 hujuscemodi

1866 1447 2205 1518 pauperibus
2236 1454 2292 1501 et
2323 1445 2579 1501 Salvator
2605 1459 2702 1514 per
2726 1441 2918 1497 lsaiam
2968 1440 3207 1511 loquitur
3233 1456 3247 1496 :
3280 1437 3470 1493 Domi-

1866 1557 1963 1595 nus
1984 1540 2129 1594 unxit
2151 1555 2254 1605 me;
2278 1549 2488 1610 propter
2508 1537 2647 1608 quod
2667 1534 3020 1605 et'angelizare
3037 1532 3347 1604 pauperibus
3373 1531 3472 1587 nti-

1865 1633 1933 1685 sit
1954 1647 2034 1685 me
2062 1629 2311 1701 (Isai.w,
2348 1630 2424 1698 1).
3156 1694 3161 1697 _

1944 1721 2128 1794 (Vers.
2153 1718 2236 1794 4.)
2262 1720 2410 1776 Beati
2431 1724 2597 1790 mites,
2621 1719 2866 1791 quoniam
2895 1718 2996 1791 ipsi
3018 1715 3349 1791 possidebunt
3371 1724 3475 1770 ter-

186 1813 337 1869 raelis
357 1813 525 1871 luerat
544 1815 615 1870 ab
639 1816 887 1887 Assyriis
905 1815 1083 1886 prima
1109 1815 1421 1887 captivitas,
1448 1816 1523 1871 ibi
1541 1814 1757 1871 redem-
1790 1806 1840 1867 B
1868 1832 2002 1870 ram.
2054 1814 2175 1871 Non
2227 1824 2432 1871 terram
2482 1813 2638 1871 Judae
2681 1813 2789 1886 (At.
2821 1811 3068 1887 induere],
3121 1826 3223 1868 nec
3266 1819 3473 1867 terram

187 1904 341 1974 ptoris
365 1908 693 1976 praeconium
718 1905 750 1944 δ
782 1914 1122 1963 nasceretur.

251 1997 420 2069 (Vera.
443 2000 533 2065 17,
563 1998 681 2072 18.)
701 1998 916 2054 Exinde
935 2001 1084 2071 cmpit
1105 1998 1264 2056 Iesus
1287 2001 1574 2073 prtedicare
1603 2010 1654 2053 et
1678 1999 1763 2054 di-

185 2106 328 2146 cere:
359 2090 718 2147 Ptenitentiam
745 2093 901 2164 agite,
934 2095 1368 2166 appropinquubit
1388 2096 1525 2148 enim
1547 2110 1763 2168 regnum

186 2184 426 2242 calorum.
454 2186 737 2241 Ambulans
780 2196 952 2241 autem
973 2186 1127 2242 Iesus
1148 2192 1310 2261 juxta
1332 2205 1476 2243 mare
1503 2186 1760 2255 Gtt/illvm,

190 2277 301 2332 vidit
340 2278 464 2334 duos
508 2283 718 2351 fratres,
748 2280 1041 2347 Simonem,
1088 2282 1178 2352 qui
1221 2291 1434 2336 vocatur
1467 2281 1674 2345 Petrus,
1716 2290 1764 2335 et

195 2368 431 2426 Andream
472 2373 688 2442 fratrem
733 2375 871 2444 ejus,
905 2376 1162 2429 mittentes
1189 2385 1297 2428 rete
1322 2376 1373 2428 in
1401 2390 1543 2429 mare
1574 2390 1593 2428 :
1619 2381 1765 2429 erant

195 2465 317 2517 enim
366 2466 658 2530 piscatores.
693 2464 763 2519 Et
814 2467 888 2521 ait
932 2466 1061 2521 illis.
1110 2467 1322 2523 Joanne
1354 2467 1576 2531 tradito,
1618 2475 1767 2521 recte

197 2554 305 2626 iwe
330 2558 503 2626 incipit
532 2557 835 2627 praedicare
862 2575 876 2611 :
907 2557 1193 2613 desinente
1222 2546 1385 2629 Lege;
1419 2573 1765 2628 consequen-

203 2656 279 2701 ter
302 2650 463 2704 oritur
503 2649 884 2721 Evangelium.
930 2650 987 2707 Si
1035 2660 1220 2705 autem
1263 2650 1455 2707 eadem
1506 2650 1768 2720 prmdicat

203 2736 446 2805 Salvator,
496 2756 615 2812 quae
664 2740 907 2797 Joannes
953 2741 1188 2812 Baptista
1239 2752 1365 2798 ante
1413 2742 1763 2815 praedixerat,

209 2833 421 2889 ostendit
445 2849 500 2891 se
522 2834 772 2906 ejusdem
808 2834 905 2891 Dei
934 2850 1056 2893 esse
1087 2835 1309 2904 Filium,
1333 2836 1489 2907 cujus
1512 2836 1606 2891 ille
1637 2851 1766 2907 pro-

214 2924 368 2993 pliaata
391 2927 475 2982 sit.

273 3016 434 3087 (γεγε.
466 3018 549 3083 19,
577 3017 701 3090 20.)
736 3017 918 3075 Venite
962 3030 1075 3089 post
1103 3038 1202 3088 me,
1236 3030 1281 3075 et
1312 3020 1504 3092 faciam
1534 3037 1620 3074 vos
1656 3019 1772 3087 ﬁeri

218 3109 461 3179 piscatores
485 3111 771 3165 hominum.
810 3112 875 3166 At
898 3110 980 3166 illi
1023 3113 1288 3177 continuo,
1329 3113 1524 3167 relictis
1554 3111 1768 3174 retibus.

1868 1907 2029 1962 istius
2060 1908 2280 1973 mundi;
2314 1922 2421 1961 non
2457 1917 2656 1963 terram
2683 1906 3053 1973 maledictam,
3083 1906 3268 1975 spinas
3296 1914 3351 1961 et
3373 1903 3475 1959 tri-

1873 1999 2033 2054 bulos
2083 1998 2406 2054 merentem
2451 1997 2666 2069 (Cenes.
2718 1999 2797 2068 v),
2848 2014 3006 2068 quam
3058 1997 3479 2053 crudelissimus

1869 2092 2101 2163 quisque
2125 2102 2179 2148 et
2210 2092 2443 2147 bellator
2461 2091 2632 2162 magis
2663 2090 2938 2160 possidet;
2961 2091 3057 2146 sed
3087 2101 3286 2146 terram
3311 2105 3474 2159 quam

1870 2184 2159 2241 Psalmista
2183 2183 2482 2249 desiderat,
2507 2184 2693 2238 dicens
2708 2200 2720 2235 :
2738 2181 2902 2237 Credo
2923 2183 3092 2237 uidere
3108 2181 3240 2236 bona
3261 2180 3476 2236 Domini

1870 2277 1926 2332 in
1976 2285 2113 2331 terra
2140 2276 2420 2330 viventium
2447 2274 2565 2347 (Ps.
2594 2289 2741 2341 XXVI,
2774 2273 2886 2343 15).
2924 2272 3307 2343 llujuscemodi
3350 2286 3477 2342 pos-

1873 2389 2081 2441 sessor,
2104 2380 2159 2428 et
2183 2381 2306 2443 post
2330 2373 2617 2427 victoriam
2650 2370 3035 2440 triumphator,
3066 2367 3230 2426 etiam
3263 2369 3317 2423 in
3342 2382 3479 2438 qua-

1873 2466 2185 2535 dragesimo
2233 2474 2426 2535 quarto
2472 2466 2684 2535 psalmo
2727 2462 3055 2520 describitur
3091 2482 3105 2519 :
3137 2462 3206 2518 Et
3250 2462 3479 2531 intende,

1874 2575 2118 2630 prospere
2144 2557 2251 2630 [AL
2282 2566 2329 2612 et
2357 2557 2623 2630 prospere]
2664 2558 2885 2630 procede
2935 2567 2984 2612 et
3035 2573 3196 2629 regna
3223 2570 3244 2611 :
3275 2564 3483 2627 propter

1873 2653 2137 2706 ueritatem
2176 2661 2223 2705 et
2252 2650 2713 2717 mansuetudinem,
2744 2660 2793 2705 et
2821 2650 3107 2721 justitiam.
3136 2647 3309 2704 Nemo
3336 2650 3483 2703 enim

1878 2754 2080 2801 terram
2118 2745 2278 2800 istam
2331 2760 2428 2816 per
2469 2745 2969 2810 mansuetudinem,
3001 2743 3098 2801 sed
3144 2752 3243 2815 per
3287 2758 3485 2814 super-

1876 2837 2025 2893 biam
2052 2838 2313 2909 possidet.

1952 2929 2133 2999 (Vers.
2184 2928 2269 3000 5.)
2299 2927 2448 2984 Beati
2477 2928 2567 2999 qui
2594 2928 2791 3001 lugent,
2839 2928 3084 2998 quoniam
3113 2927 3215 3000 ipsi
3244 2924 3489 2981 consola-

1870 3007 2093 3077 buntur.
2128 3021 2330 3077 Luctus
2363 3022 2449 3077 hic
2470 3036 2578 3077 non
2606 3031 2946 3077 mortuorum
2969 3020 3190 3091 ponitur
3211 3017 3488 3075 communi

1878 3118 2000 3187 lege
2032 3128 2264 3183 naturas,
2318 3116 2416 3173 sed
2463 3118 2699 3188 peccatis
2727 3126 2783 3173 et
2814 3118 2965 3173 vitiis
2996 3125 3360 3173 mortuorum.
3396 3114 3490 3172 Sic

219 3202 355 3255 secuti
377 3212 484 3257 sunt
510 3220 645 3259 mm.
679 3203 773 3258 lsti
806 3202 973 3274 primi
1003 3205 1179 3259 vocati
1215 3215 1365 3272 sunt,
1394 3214 1449 3259 ut
1476 3203 1769 3259 Dmninum
1802 3195 1850 3258 C
1882 3210 2029 3265 ﬂevit
2050 3218 2105 3265 et
2128 3210 2350 3265 Samuel
2378 3208 2618 3274 Saulem,
2646 3210 2771 3281 quia
2797 3211 3129 3279 pmnituerat
3150 3210 3319 3265 Deum
3343 3207 3490 3279 quod

222 3306 538 3364 sequerentur
566 3298 921 3368 :‘piscatorcs
959 3306 1016 3354 et
1058 3297 1322 3354 illitterati
1367 3298 1657 3353 mittuntur
1703 3296 1773 3353 ad

224 3388 607 3457 praedicandum,
635 3406 707 3447 ne
728 3389 866 3447 ﬁdes
900 3390 1243 3447 credentium
1277 3405 1386 3446 non
1421 3393 1625 3469 virtute
1654 3390 1771 3461 Dei,

226 3479 306 3534 sed
329 3482 613 3553 eloquentia
643 3483 824 3555 adque
861 3482 1106 3538 doctrina
1140 3482 1254 3539 lieri
1287 3492 1587 3550 putaretur.

285 3571 440 3642 (νει-ε.
464 3574 580 3647 24.)
613 3572 685 3629 Et
727 3574 1008 3642 lunatieos,
1035 3582 1086 3628 et
1114 3574 1452 3646 paralyticos,
1502 3583 1548 3629 et
1576 3575 1775 3629 curavit

230 3680 316 3720 eos.
351 3666 413 3723 Et
452 3680 632 3724 secuti:
669 3677 788 3723 sunt
818 3684 934 3724 eum
963 3667 1123 3723 turba:
1152 3671 1330 3723 multa:
1357 3669 1422 3723 de
1461 3666 1680 3723 Galilwa
1727 3677 1776 3723 et

231 3757 460 3831 Detapoli,
486 3773 533 3818 et
570 3764 634 3819 de
660 3761 1022 3834 Jerosolymis,
1052 3770 1101 3817 et
1126 3762 1191 3816 de
1213 3759 1426 3829 Judtea,
1468 3770 1517 3816 et
1546 3762 1611 3815 de
1634 3770 1776 3815 trans

234 3848 494 3909 Iordanem.
528 3855 644 3911 Non
674 3871 805 3911 vere
849 3853 1142 3921 lunaticos,
1175 3854 1271 3909 sed
1315 3854 1406 3924 qui
1452 3854 1778 3924 putabantur

238 3942 442 4014 lunatici,
492 3948 560 4004 ob
604 3948 918 4003 daemonum
966 3944 1259 4012 fallaciam,
1298 3946 1392 4016 qui
1423 3945 1780 4002 observantes

239 4037 412 4094 lunaris
437 4052 696 4114 tempora,
744 4050 1053 4097 creaturam
1087 4038 1351 4094 infamare
1376 4037 1686 4109 cupiebant,
1722 4047 1781 4094 ut

239 4129 282 4184 in
304 4129 587 4190 Creatorem
616 4132 972 4202 blasphemiae
1000 4130 1393 4187 redundarent.

297 4222 430 4295 (Cap.
450 4224 515 4282 ν.
530 4256 602 4268 ——
624 4225 784 4281 Vera.
812 4227 837 4279 1
852 4268 867 4293 ,
893 4224 979 4294 2.)
1000 4221 1194 4278 Videas
1216 4231 1389 4277 autem
1405 4220 1559 4277 Iesus
1579 4222 1775 4291 turbas,

241 4318 434 4373 ascendit
455 4318 506 4374 in
532 4328 778 4385 montem,
816 4326 862 4371 et
912 4332 1027 4371 cum
1069 4316 1304 4379 sedisset,
1348 4324 1672 4370 accesserunt
1712 4315 1782 4368 ad

243 4422 337 4462 eum
359 4410 576 4484 discipuli
601 4415 736 4485 ejus,
764 4420 813 4464 et
861 4409 1096 4482 aperiens
1133 4408 1239 4480 23
1270 4424 1326 4463 os
1370 4423 1540 4473 suum,
1572 4407 1785 4460 docebat

246 4511 333 4563 eos,
357 4501 530 4558 dicens.
563 4492 911 4557 Dominus'ad
935 4508 1192 4555 montana
1220 4498 1560 4565 conscendit,
1591 4508 1651 4552 ut
1673 4506 1786 4551 tur-

1837 3307 1847 3313 ”
1881 3301 2129 3357 tinxisset
2158 3316 2282 3357 eum
2329 3317 2511 3373 regem
2540 3317 2705 3373 super
2737 3303 2896 3358 Israel
2927 3302 2971 3376 (Ι
3004 3303 3132 3375 Reg.
3164 3301 3276 3373 xv).
3309 3302 3400 3358 Sic
3431 3308 3487 3357 et

1881 3393 2086 3449 Paulus
2136 3393 2436 3461 apostolus,
2482 3393 2618 3449 ﬂere
2647 3409 2712 3449 ac
2747 3394 2933 3465 lugere
2976 3410 3039 3450 se
3085 3394 3222 3449 dicit
3250 3408 3366 3461 eos,
3398 3393 3493 3464 qui

1884 3494 2012 3555 post
2042 3484 2460 3541 fornicationem
2489 3495 2542 3541 et
2564 3485 2968 3541 immunditiam
2992 3502 3100 3543 non
3127 3496 3356 3558 egerunt
3375 3501 3495 3558 pa:-

1882 3578 2169 3633 nitentiam
2208 3576 2273 3648 (ll
2302 3576 2425 3632 Cor.
2455 3574 2573 3648 xu).
3085 3562 3089 3567 .

1955 3667 2065 3742 24
2080 3668 2264 3740 (Vers.
2284 3669 2365 3741 6.)
2386 3668 2536 3726 Beati
2556 3671 2645 3741 qui
2664 3672 2917 3737 esuriant,
2943 3680 2990 3727 et
3013 3673 3193 3728 sitiunt
3203 3673 3493 3746 justitiam,

1882 3766 2127 3836 quoniam
2173 3764 2275 3836 ipsi
2314 3765 2704 3821 saturabuntur.
2759 3764 2877 3822 Non
2908 3767 3067 3823 nobis
3106 3767 3309 3823 sufﬁcit
3357 3768 3499 3824 velle

1880 3856 2166 3927 justitiam,
2204 3857 2305 3911 nisi
2330 3856 2558 3926 iustitia:
2586 3857 2859 3929 patiamur
2886 3859 3133 3916 famem:
3165 3870 3224 3916 ut
3254 3861 3357 3917 sub
3390 3859 3499 3916 hoc

1887 3950 2143 4022 exemplo
2163 3965 2459 4019 numquam
2486 3966 2586 4005 nos
2612 3952 2747 4007 satis
2759 3950 2964 4021 justos,
2997 3952 3093 4009 sed
3118 3968 3345 4024 semper
3370 3968 3500 4010 esu-

1887 4041 1999 4097 rire
2016 4042 2245 4111 justitias
2277 4058 2443 4112 opera
2475 4043 2868 4115 intelligamus.

1962 4136 2146 4209 (Vers.
2178 4137 2261 4207 7.)
2290 4134 2440 4192 Beati
2466 4137 2846 4203 misericordes,
2878 4138 3122 4207 quoniam
3154 4139 3251 4210 ipsi
3294 4138 3500 4195 miseri-

1889 4230 2123 4283 cordiam
2141 4240 2541 4302 consequentur.
2560 4230 2936 4287 Misericordia
2957 4248 3063 4287 non
3081 4232 3259 4289 solum
3280 4233 3331 4288 in
3354 4233 3501 4291 elec-

1891 4320 2138 4391 mosynis
2182 4320 2529 4391 intelligitur;
2560 4320 2654 4377 sed
2696 4321 2748 4376 in
2777 4321 2926 4377 omni
2959 4332 3185 4393 peccato
3207 4322 3418 4389 fratris,
3451 4324 3503 4381 si

1892 4414 2033 4469 alter
2060 4415 2291 4470 alterius
2312 4427 2484 4469 onera
2508 4423 2792 4484 portemus
2823 4413 3021 4488 (Galat.
3054 4415 3159 4489 vt).

1966 4506 2146 4577 (Vers.
2180 4504 2260 4576 8.)
2307 4507 2457 4561 Beati
2488 4509 2679 4562 mundo
2711 4509 2886 4578 corde,
2917 4509 3161 4579 quoniam
3190 4510 3291 4580 ipsi
3334 4508 3507 4566 Deum

244 4588 327 4647 has
346 4594 405 4650 ad
426 4595 614 4652 altiora
657 4610 845 4651 secum
876 4592 1079 4648 trahat.
1127 4591 1236 4648 Sed
1279 4591 1453 4647 turbae
1487 4592 1790 4646 ascendere
1813 4580 1870 4641 Ῑ)
1896 4596 2164 4650 videbunt.
2214 4596 2365 4666 Quos
2406 4612 2513 4653 non
2545 4598 2720 4669 arguit
2749 4599 3088 4656 conscientia
3130 4601 3245 4657 ulla
3271 4603 3503 4672 peccati.

244 4695 337 4739 non
358 4687 539 4743 valent.
589 4686 659 4743 Et
703 4691 1009 4759 sequuntur
1036 4682 1315 4755 discipuli,
1348 4683 1544 4754 quibus
1572 4692 1626 4738 et
1656 4681 1789 4752 ipsis

245 4772 338 4845 [ΔΙ.
362 4779 479 4853 ipse]
501 4796 610 4838 non
636 4790 809 4861 stans,
842 4778 940 4837 sed
968 4778 1168 4834 sedens
1194 4786 1248 4833 et
1278 4785 1592 4832 contractus
1616 4774 1793 4846 loqui-

246 4870 458 4930 tur.Non
502 4873 650 4930 enim
674 4872 981 4944 intelligere
1008 4877 1267 4942 poterant
1295 4869 1348 4923 in
1387 4882 1483 4923 sua
1510 4868 1794 4939 majestate

244 4958 517 5033 fulgentem.
552 4965 867 5023 Secundum
900 4964 1163 5028 litteram,
1207 4960 1453 5016 nonnulli
1494 4959 1796 5030 simplicio-

241 5060 347 5108 ram
383 5055 587 5114 fratrum
632 5064 829 5129 putant
874 5064 999 5112 eum
1053 5052 1444 5119 beatitudines,
1500 5059 1557 5107 et
1599 5060 1797 5108 caetera

1894 4687 2130 4743 Mundus
2160 4689 2364 4744 mundo
2385 4689 2552 4746 corde
2574 4691 2951 4762 conspicitur:
2983 4693 3247 4764 templum
3274 4693 3368 4750 Dei
3394 4709 3507 4753 non

1896 4789 2079 4853 potest
2107 4796 2232 4838 esse
2262 4783 2547 4852 pollutum.

1973 4874 2153 4946 (Vers.
2183 4874 2266 4946 9.)
2293 4874 2443 4930 Beati
2472 4875 2703 4947 pacifici,
2727 4877 2974 4948 quoniam
3003 4878 3105 4947 ﬁlii
3125 4877 3224 4933 Dei
3252 4878 3507 4934 vocabun-

1900 4975 2006 5020 tur.
2040 4965 2145 5033 Qui
2194 4966 2429 5035 primum
2463 4969 2516 5023 in
2548 4968 2719 5024 corde
2747 4982 2869 5035 suo,
2902 4968 3101 5055 deinde
3145 4978 3204 5026 et
3231 4970 3374 5026 inter
3403 4970 3513 5025 ira-

1903 5068 2021 5115 tres
2040 5058 2372 5116 dissidentes
2419 5076 2609 5132 pacem
2660 5061 2888 5119 faciunt.
2920 5062 3064 5132 Quid
3094 5064 3242 5121 enim
3280 5062 3513 5136 prodest

242 5156 664 5219 quaequeutur,
698 5148 755 5203 in
786 5145 985 5203 Oliveti
1015 5156 1201 5200 monte
1221 5142 1497 5210 docuisse,
1532 5142 1676 5212 quod
1707 5156 1802 5198 πιθ-
1903 5150 2042 5206 alios
2073 5167 2167 5221 per
2196 5159 2250 5207 te
2272 5154 2481 5225 pacari,
2512 5169 2640 5211 cum
2687 5155 2742 5211 in
2773 5163 2866 5212 tuo
2887 5155 3074 5213 animo
3118 5158 3231 5214 sint
3254 5157 3398 5214 bella
3426 5153 3512 5212 vi-

242 5248 473 5313 llnaqum
493 5241 563 5298 ita
591 5249 678 5299 est
706 5257 723 5296 :
749 5255 817 5297 ex
850 5238 1285 5311 praecedentibus
1314 5236 1458 5292 enim
1489 5244 1546 5292 et
1568 5251 1774 5308 sequen

1907 5243 2141 5301 tiorum?

242 5326 367 5389 tibus
395 5333 687 5395 inGalilaaa
736 5343 1077 5392 monstratur
1120 5333 1295 5397 locus,
1344 5347 1504 5403 quem
1550 5342 1804 5403 putamus

303 5446 593 5508 'Rescribit
628 5451 839 5507 Victor.
899 5446 1137 5512 sedebat,
1186 5462 1253 5502 ex
1295 5445 1453 5514 Vulg.
1501 5456 1553 5501 et
1600 5446 1795 5505 Grteco

238 5518 736 5594 πιθῆμιιοςενίιυεηιᾉ,
785 5521 985 5590 inquit.
1034 5519 1323 5594 legionem
1373 5520 1592 5594 ipsc_in
1636 5518 1800 5594 Cpm-

515 5587 581 5651 in'
613 5587 766 5663 lsai.,
811 5587 934 5659 cap.
970 5604 1054 5663 ts,
1077 5587 1136 5663 8Σ
1172 5589 1372 5663 Doctor
1398 5587 1614 5663 probat.
1655 5590 1799 5663 Quin

238 5660 446 5721 etiamin
472 5663 726 5723 Mattme
754 5658 997 5720 sedebat.
1043 5661 1095 5715 in
1118 5658 1254 5715 lsaia
1289 5658 1537 5729 leai’vult
1561 5662 1802 5717 ambula-

238 5728 333 5809 ιαζ,
354 5750 414 5809 ex
438 5752 500 5795 eo
548 5734 875 5809 Hieronymi
911 5742 1065 5809 textu
1082 5732 1270 5809 verbis
1303 5747 1317 5786 :
1349 5728 1520 5809 lta_u_t
1548 5732 1798 5809 populus,

230 5803 318 5882 {Ii
343 5808 414 5867 vel
448 5809 685 5887 sedebat,
727 5801 812 5868 ac!
854 5801 1158 5864 ambulabat
1201 5804 1257 5860 in
1312 5801 1577 5876 tenebris,
1620 5801 1804 5862 lucem

1980 5336 2164 5408 (Vers.
2196 5336 2315 5410 10.)
2344 5338 2492 5395 Beati
2518 5341 2608 5411 qui
2630 5344 3030 5413 persecutionem
3074 5346 3346 5416 patiuntur
3379 5360 3509 5415 pro-

1901 5450 2114 5505 videret.

1975 5521 2002 5560 δ
2028 5521 2089 5597 _lt_i
2122 5522 2351 5580 Cislerc.
2379 5540 2484 5579 ms.
2521 5542 2739 5597 unoque
2770 5528 3043 5595 Palatino,
3077 5542 3398 5585 nosceretur.

1981 5604 2003 5633 ο
2027 5593 2175 5674 [ῥεια
2210 5610 2339 5662 ms.,
2384 5613 2485 5674 qua
2512 5593 2901 5674 nonnumquam
2931 5604 2994 5658 de
3022 5593 3324 5658 necessitate
3349 5613 3510 5674 puta-

1906 5674 2010 5793 intr.
2040 5664 2302 5724 Fortasse
2327 5664 2511 5725 verius
2540 5671 2687 5741 apud
2710 5664 2988 5746 Rabbam,
3034 5664 3388 5733 necessitatem
3414 5692 3513 5749 pa-

1931 5754 1947 5793 ι
1975 5754 2057 5793 ur.

1931 5754 2057 5795 ttur.
