3966 6300
470 197 542 257 39
1722 198 1780 254 S.
1828 195 2096 253 Ειεδκιιιι
2136 194 2516 252 HiEllONYMl
3708 196 3783 254 40

462 315 628 387 igitur
653 314 851 370 viderit
878 315 1161 371 mulierem
1189 313 1256 370 ad
1294 314 1793 383 concupiscendum
1819 359 1832 379 ,
1867 316 1916 370 id
1947 325 2031 367 ειηι

2180 316 2319 369 sicut
2351 313 2684 383 prtq‘betalis
2715 327 2811 368 eos
2859 313 3178 385 frequenter
3201 314 3380 385 arguit
3406 328 3587 370 sermo
3614 312 3779 382 (Isai.

466 408 513 461 si
540 407 816 475 aspexerit
862 416 919 461 ιιι
946 407 1336 477 concupiscat,
1369 416 1425 460 ut
1459 406 1636 461 facere
1666 408 1942 477 disponat,
1976 410 2074 463 iste

466 507 617 556 recte
640 501 842 555 dicitur
867 514 987 554 eam
1021 498 1284 555 mwcbari
1320 499 1375 553 in
1402 499 1569 554 corde
1593 514 1713 554 suo.

542 593 561 663 (
587 591 745 648 Vers.
772 590 876 659 29,
910 589 1039 657 50.)
1086 590 1241 656 Quod
1270 591 1316 643 si
1348 588 1532 644 oculus
1561 599 1679 644 tuus
1718 590 1898 645 dexter
1922 607 2075 645 scan-

466 686 664 740 dalizat
692 693 740 737 te
763 723 779 749 ,
822 698 943 737 erue
971 699 1109 748 eum,
1139 690 1186 737 et
1216 683 1418 756 projice
1448 682 1539 737 abs
1563 694 1630 737 te.
1676 683 1907 753 Expedit
1938 684 2075 737 enim

466 776 582 841 tibi,
615 784 669 828 ut
698 782 871 846 pereat
900 789 1062 827 unum
1085 773 1434 827 membrorum
1461 782 1667 827 tuorum
1691 818 1704 841 ,
1731 789 1888 845 quam
1911 782 2074 827 totum

469 882 656 937 corpus
679 874 825 919 tuum
856 865 1093 919 mittatur
1122 866 1178 919 in
1206 864 1514 936 gehennam.
1544 862 1616 919 Et
1652 864 1696 919 si
1721 865 1941 919 dextera
1963 880 2075 918 nta-

468 976 564 1012 nus
595 969 685 1012 tua
710 957 1034 1014 scandalizat
1061 967 1128 1024 te,
1160 958 1403 1013 abscinde
1427 974 1561 1023 eam,
1588 968 1635 1013 et
1660 959 1857 1031 projice
1882 959 1973 1014 abs
2002 969 2067 1013 te.

469 1049 697 1122 Expedit
718 1051 857 1106 enim
886 1050 976 1104 tibi
1004 1061 1059 1104 ut
1090 1060 1263 1119 pereat
1292 1066 1452 1103 unum
1474 1051 1820 1105 membrorum
1844 1059 2065 1116 tuorum,

466 1160 627 1213 quam
654 1152 817 1198 totum
856 1142 1046 1214 corpus
1070 1152 1214 1196 tuum
1241 1144 1480 1196 mittatur
1512 1145 1563 1197 in
1591 1143 1897 1213 gehennam.
1931 1143 2069 1210 Quia

465 1251 630 1306 supra
660 1236 729 1291 de
749 1235 1193 1305 concupiscentia
1217 1235 1463 1290 mulieris
1486 1236 1724 1300 dixerat,
1757 1247 1905 1291 recte
1927 1251 2070 1291 nunc

466 1329 859 1401 cogitationem
893 1336 952 1384 et
974 1342 1194 1383 sensum
1221 1327 1277 1382 in
1302 1327 1519 1383 diversa
1551 1328 1876 1384 volitantem
1896 1370 1910 1393 ,
1939 1345 2067 1382 ocn-

467 1422 578 1476 lum
602 1422 954 1491 nuncupavit.
987 1420 1091 1475 Per
1119 1419 1369 1478 dextram
1395 1430 1573 1476 autem
1607 1431 1662 1476 et
1685 1428 1912 1476 ca‘teras
1940 1437 2065 1476 cor-

470 1514 619 1585 poris
646 1524 860 1583 partes,
902 1511 1202 1567 voluntatis
1222 1521 1250 1549 ἰ
1283 1521 1341 1567 ct
1372 1511 1599 1569 allectus
1657 1513 1808 1567 initia
1840 1513 2067 1569 demou-

466 1618 712 1664 strantur
744 1625 756 1661 :
788 1616 847 1662 ut
885 1606 1031 1678 quod
1075 1615 1258 1663 mente
1279 1605 1645 1678 concipimus,
1696 1620 1862 1676 opere
1908 1621 2062 1661 com-

2183 408 2309 478 ιλιι)
2365 408 2466 475 Qui
2496 409 2675 478 jural,
2705 416 2797 461 aut
2829 417 3149 475 veneratur,
3178 415 3273 463 aut
3301 406 3477 478 diligit
3507 423 3655 471 eum,
3681 422 3783 476 per

2176 515 2335 569 quem
2363 500 2529 569 jurat.
2564 499 2623 553 ln
2653 500 2771 570 lege
2795 510 3126 571 prwceptum
3150 509 3255 567 est,
3284 510 3343 554 ut
3371 515 3476 555 non
3503 499 3779 569 juremus,

2177 591 2282 646 nisi
2331 605 2430 661 per
2459 591 2746 646 Dominum
2780 591 2949 648 Deum
2978 599 3223 647 nostrum
3256 590 3456 663 (Deut.
3480 606 3533 645 vr
3565 599 3610 644 et
3640 588 3777 661 vn).

2174 678 2351 736 Judaei
2380 679 2409 719 δ
2438 695 2533 750 per
2561 681 2815 752 angelos,
2864 690 2919 737 et
2944 682 3136 738 urbem
3175 681 3516 749 Jerusalem,
3547 690 3603 738 et
3633 672 3781 737 tem-

2175 770 2345 841 plum,
2369 780 2426 827 et
2444 771 2714 827 elementa
2744 773 3014 843 jurantes,
3050 784 3333 829 creaturas
3358 788 3553 843 resque
3582 788 3783 828 carna-

2175 861 2255 919 les
2279 864 2682 920 venerabantur
2705 874 2728 903 ε
2758 864 2990 931 honore,
3020 873 3076 920 et
3098 865 3363 935 obsequio
3388 865 3505 919 Dei.
3534 864 3780 936 Denique

2172 953 2456 1010 considera
2507 954 2648 1025 quod
2697 954 2787 1011 hic
2835 955 3086 1012 Salvator
3116 971 3223 1011 non
3272 971 3369 1026 per
3401 957 3564 1011 Deum
3588 956 3781 1026 jurare

2174 1046 2562 1115 prohibuerit;
2596 1046 2691 1102 sed
2725 1062 2821 1118 per
2858 1046 3091 1117 «telum,
3137 1054 3194 1102 et
3219 1057 3444 1114 terram,
3476 1057 3532 1103 et
3554 1049 3780 1104 ieroso-

2172 1140 2410 1210 lymani,
2460 1149 2514 1195 et
2542 1155 2638 1210 per
2663 1150 2826 1210 caput
2872 1151 3049 1197 tuum.
3100 1142 3169 1197 Et
3212 1141 3317 1197 hoc
3342 1140 3498 1213 quasi
3529 1141 3777 1209 parvulis

2171 1232 2346 1288 fuerat
2370 1234 2489 1301 lege
2524 1250 2874 1303 concessum,
2915 1245 2975 1291 ut
3000 1235 3274 1307 quomodo
3310 1235 3561 1290 vicnintas
3589 1237 3780 1291 immo-

2173 1326 2352 1380 labant
2386 1326 2531 1393 Deo,
2570 1343 2638 1382 ne
2664 1342 2757 1382 eas
2798 1328 2959 1384 idolis
2986 1329 3327 1383 immolarent
3360 1346 3374 1383 :
3404 1330 3484 1384 sic
3512 1329 3779 1398 ctjurare

2173 1419 2614 1485 permitterentur
2650 1418 2703 1472 in
2754 1419 2923 1474 Deum
2955 1438 2967 1472 :
3003 1435 3111 1475 non
3139 1420 3284 1491 quod
3316 1431 3467 1476 recte
3497 1421 3601 1476 boc
3626 1422 3777 1477 face-

2170 1520 2324 1577 rent,
2355 1509 2451 1565 sed
2479 1510 2622 1581 quod
2660 1512 2855 1567 melius
2883 1524 3027 1569 esset
3057 1513 3169 1570 Deo
3208 1514 3260 1569 id
3288 1513 3583 1581 exhibere,
3609 1530 3777 1586 quam

2169 1601 2528 1658 datmonibus.
2556 1603 2881 1675 Evangelica
2907 1614 3086 1663 autem
3106 1608 3306 1663 veritas
3336 1624 3444 1664 non
3469 1607 3664 1680 recipit
3689 1609 3779 1679 ju-

467 1698 741 1770 pleamus.
789 1696 1103 1753 Cavendum
1152 1706 1240 1752 est
1267 1698 1460 1769 igitur,
1506 1712 1577 1753 ne
1609 1697 1753 1767 quod
1802 1697 1856 1751 in
1907 1697 2064 1752 nobis
2095 1700 2143 1761 Β
2172 1705 2481 1750 ramentum
2501 1738 2516 1764 ,
2540 1712 2666 1751 cum
2688 1697 2865 1753 omnis
2889 1713 3074 1755 sermo
3094 1698 3275 1756 fidelis
3297 1715 3395 1771 pro
3418 1701 3777 1772 jurejurando

466 1790 735 1861 optimum
762 1797 878 1855 est,
909 1788 1017 1845 cito
1047 1788 1269 1845 labatur
1294 1789 1348 1845 in
1373 1789 1583 1844 vitium.
1620 1788 1679 1846 Si
1701 1788 1845 1844 enim
1875 1789 2065 1845 dexter

463 1885 656 1941 oculus
685 1891 742 1941 et
762 1882 987 1939 dextera
1012 1898 1204 1939 manus
1233 1883 1630 1951 scandalizant,
1662 1892 1866 1955 quanto
1892 1884 2064 1955 magis

463 1994 528 2034 ea
558 1993 679 2049 quae
710 1978 763 2033 in
808 1978 965 2034 nobis
1005 1978 1231 2034 sinistra
1261 1979 1417 2033 sunt!
1455 1977 1511 2034 Si
1549 1977 1697 2033 enim
1722 1979 1900 2032 anima
1930 1977 2066 2031 labi-

468 2082 588 2138 tur,
607 2079 812 2143 quanto
833 2072 952 2143 plus
978 2086 1186 2143 corpus
1212 2070 1358 2142 quod
1403 2071 1469 2125 ad
1502 2077 1724 2141 peccata
1769 2070 2063 2140 proclivius

464 2166 580 2221 est!
613 2166 806 2222 Aliter.
856 2165 915 2220 lu
964 2165 1193 2221 dextero
1222 2163 1411 2231 oculo,
1447 2172 1503 2219 et
1534 2165 1587 2218 in
1608 2162 1837 2219 dextera
1864 2178 2024 2218 manu
2044 2204 2059 2229 ,

462 2259 729 2329 fratrum,
773 2275 1008 2315 uxorum
1034 2300 1051 2328 ,
1101 2269 1158 2315 et
1186 2259 1507 2324 liberorum,
1536 2268 1701 2328 atque
1731 2256 1975 2312 affinium
2009 2265 2066 2313 et

464 2350 895 2422 propinquorum
928 2359 1269 2404 monstratur
1304 2347 1532 2403 allectus
1550 2388 1565 2413 ,
1596 2361 1734 2418 quos
1762 2347 1808 2401 si
1837 2346 1904 2401 ad
1931 2361 2064 2402 con-

462 2440 833 2512 templandam
871 2455 1056 2496 veram
1088 2440 1268 2496 lucem
1312 2440 1467 2495 nobis
1507 2439 1899 2509 impedimento
1938 2453 2062 2495 esse

461 2532 774 2601 cernimus,
803 2531 1066 2587 debemus
1110 2541 1366 2587 truncare
1397 2531 1704 2587 istiusmodi
1738 2533 2018 2601 portiones
2042 2573 2059 2600 ,

463 2641 533 2683 ne
556 2627 685 2681 dum
716 2624 977 2680 volumus
1008 2624 1147 2680 lucri
1175 2634 1405 2681 caeteros
1435 2624 1616 2681 facere
1641 2666 1657 2693 ,
1691 2624 1793 2695 ipsi
1823 2624 1874 2680 in
1904 2635 2063 2681 aeter-

459 2734 589 2775 num
613 2733 928 2790 pereamus.
955 2716 1114 2774 Unde
1135 2717 1334 2774 dicitur
1363 2727 1418 2773 et
1443 2717 1516 2773 de
1536 2718 1821 2774 sacerdote
1841 2733 2058 2788 magno,

456 2812 616 2882 cujus
643 2812 824 2867 anima
858 2811 953 2867 Dei
977 2809 1153 2866 cultui
1177 2810 1428 2867 dedicata
1460 2819 1546 2866 cst
1596 2827 1609 2865 :
1644 2811 1820 2880 Super
1843 2820 1989 2880 patre
2011 2820 2060 2866 et

455 2915 623 2959 matre
636 2912 686 2960 et
705 2902 832 2974 ﬁliis
848 2919 953 2958 non
974 2903 1240 2973 polluetur
1267 2902 1410 2974 (Lev.
1441 2920 1557 2973 XXI,
1586 2904 1783 2975 ιι),,ι‹ι
1813 2914 1915 2969 est,
1949 2905 2062 2959 nul-

450 2998 567 3055 lum
595 2998 849 3056 affectum
877 2998 1017 3055 sciet
1038 3040 1054 3067 ,
1086 2996 1192 3055 nisi
1221 2998 1367 3069 ejus,
1394 2998 1554 3069 cujus
1579 2998 1751 3054 cultui
1775 2998 2059 3055 dedicatus

458 3099 568 3149 est.
966 3074 985 3096 ⁸

531 3184 714 3256 (Vers.
745 3184 811 3241 ’51
842 3187 1032 3255 seqq.)
1057 3181 1265 3238 Dictum
1283 3193 1357 3238 est
1383 3193 1560 3239 autem
1584 3198 1603 3237 :
1629 3183 1948 3255 Quicumque
1975 3184 2057 3236 di-

455 3280 652 3335 miserit
698 3294 915 3333 uxorem
960 3295 1140 3347 suam,
1189 3279 1275 3333 det
1321 3280 1370 3333 ei
1416 3278 1652 3334 libellum
1682 3279 1906 3351 repudii.
1941 3278 2054 3351 Ego

454 3383 625 3428 autem
651 3372 769 3426 dico
806 3370 948 3426 vobis
978 3386 999 3425 :
1024 3371 1149 3442 quia
1197 3372 1370 3425 onmis
1416 3372 1506 3442 qui
1552 3372 1813 3425 dimiserit
1842 3385 2055 3425 uxorem

446 3483 622 3536 suam,
652 3474 866 3536 excepta
887 3465 1251 3536 fornicationis
1276 3480 1455 3531 causa,
1490 3464 1615 3533 facit
1634 3480 1749 3517 eam
1773 3464 2018 3518 nime/tari
2035 3479 2052 3516 :

450 3571 501 3617 et
528 3560 619 3632 qui
640 3560 907 3614 dimissam
936 3557 1047 3629 3o
1068 3556 1312 3623 duxerit,
1357 3555 1643 3609 adulterat.
1680 3555 1877 3609 lterum
1905 3556 2056 3609 andi-

449 3655 569 3720 stis,
598 3651 718 3721 quia
740 3649 941 3703 dictum
971 3658 1045 3704 est
1074 3648 1301 3719 antiquis
1331 3663 1350 3701 :
1374 3647 1498 3702 Non
1531 3648 1850 3722 pcrjurabis,
1870 3665 1926 3701 re
1946 3650 2055 3703 Ides

449 3754 624 3801 autem
653 3742 878 3798 Domino
902 3743 1204 3812 iuramenta
1242 3750 1355 3795 tua.
1386 3741 1445 3796 In
1478 3742 1771 3811 posteriori
1797 3753 1949 3812 parte
1975 3742 2055 3797 lo-

446 3853 579 3894 cum
615 3838 779 3892 istum
825 3834 1039 3906 plenius
1087 3834 1343 3907 Salvator
1382 3835 1643 3903 exponit,
1694 3833 1840 3904 quod
1872 3835 2054 3889 Moses

449 3932 695 3988 libellum
720 3928 930 4000 repudii
952 3927 1070 3984 dari
1087 3928 1317 3997 jusserit
1340 3936 1564 3998 propter
1584 3927 1842 3984 duritiam
1873 3928 2054 3984 cordis

450 4025 776 4082 maritorum
803 4063 818 4088 ,
848 4036 958 4077 non
988 4020 1278 4075 dissidium
1305 4021 1643 4087 concedens,
1677 4020 1774 4078 sed
1797 4020 2054 4075 auferens

451 4116 807 4174 homicidium
835 4113 1018 4187 (Deut.
1044 4114 1213 4184 xxiv).
1242 4111 1410 4169 Multo
1424 4114 1568 4168 enim
1586 4112 1782 4167 melius
1799 4121 1903 4178 est,
1928 4112 2055 4167 licet

449 4212 734 4281 lugubrem
765 4206 984 4264 evenire
1010 4204 1368 4273 discordiam,
1402 4220 1563 4276 quam
1591 4219 1691 4274 per
1716 4204 1899 4259 odium
1929 4219 2053 4259 sau-

451 4303 674 4375 gninem
701 4299 875 4356 fundi.

522 4392 704 4465 (Vers.
740 4392 810 4446 54
830 4405 981 4460 seqq.
1005 4388 1024 4458 )
1066 4388 1181 4460 Ego
1206 4398 1384 4443 autem
1404 4386 1524 4442 dico
1552 4387 1718 4451 vobis,
1739 4403 1847 4442 non
1862 4391 2053 4460 jurare

2167 1785 2258 1841 sit.

2241 1876 2423 1950 (Vers.
2459 1882 2579 1953 38.)
2622 1883 2855 1940 Audistis
2891 1887 3016 1956 quia
3043 1886 3238 1941 dictant
3278 1895 3354 1943 est
3379 1903 3398 1941 :
3423 1886 3647 1943 Oculum
3678 1904 3775 1962 pro

2167 1974 2316 2027 oculo
2336 2015 2350 2040 ,
2397 1974 2605 2029 dentem
2636 1992 2733 2046 pro
2763 1975 2935 2032 dente.
2962 1976 3079 2050 Ego
3099 1988 3273 2034 autem
3296 1980 3417 2035 dico
3443 1980 3584 2035 vobis
3607 2019 3625 2047 ,
3669 1998 3775 2036 non

2165 2067 2403 2121 resistere
2427 2067 2583 2122 malo.
2618 2067 2720 2136 Qui
2746 2068 2879 2124 dicit
2902 2072 3119 2125 oculum
3152 2085 3249 2141 pro
3270 2071 3427 2127 oculo
3447 2113 3463 2139 ,
3497 2086 3605 2127 non
3637 2073 3776 2129 alte-

2166 2173 2287 2213 rum
2331 2160 2445 2214 vult
2472 2159 2723 2226 auferre,
2758 2161 2854 2217 sed
2902 2175 3195 2234 utrumque
3219 2178 3462 2219 servare.
3502 2163 3772 2221 Dominus

2168 2263 2357 2307 noster
2385 2252 2815 2309 vicissitudinem
2856 2254 3087 2323 tollens,
3137 2264 3355 2311 truncat
3388 2255 3543 2310 initia
3578 2271 3774 2325 pecca-

2163 2350 2368 2397 torum.
2399 2342 2468 2398 Et
2501 2344 2554 2398 in
2590 2342 2733 2415 Lege
2759 2344 3051 2401 retributio
3077 2355 3162 2401 est
3189 2362 3204 2400 :
3233 2346 3288 2401 in
3317 2345 3618 2417 Evangelio
3643 2362 3775 2418 gra-

2166 2438 2258 2493 tia.
2288 2438 2363 2493 lbi
2391 2439 2553 2510 culpa
2574 2440 2927 2509 emendatur,
2953 2440 3045 2496 bic
3071 2450 3420 2513 peccatorum
3444 2439 3772 2499 auferuntur

2161 2531 2410 2587 exordia.

2233 2621 2418 2692 (Vers.
2446 2622 2565 2695 59.)
2591 2623 2697 2697 31
2715 2623 2821 2681 Sed
2832 2626 2878 2680 si
2890 2627 3005 2697 quis
3026 2636 3076 2680 te
3100 2627 3404 2698 percusserit
3418 2628 3471 2681 in
3494 2626 3770 2684 dexteram

2161 2713 2436 2769 maxillam
2466 2726 2612 2770 tuam
2637 2760 2652 2785 ,
2710 2720 2880 2787 praebe
2907 2719 2987 2773 illi
3024 2728 3073 2775 et
3097 2721 3339 2776 alteram.
3370 2720 3437 2776 Et
3462 2722 3512 2776 ei
3535 2723 3629 2794 qui
3664 2724 3771 2779 vult

2163 2815 2331 2861 tecum
2359 2809 2413 2862 in
2428 2811 2642 2882 judicio
2672 2812 3000 2881 contendere,
3033 2824 3081 2868 et
3103 2816 3334 2869 tunicam
3360 2824 3505 2869 tuam
3533 2817 3722 2871 tollere
3747 2856 3764 2887 ,

2161 2901 2360 2957 dimitte
2408 2905 2454 2958 ei
2496 2912 2545 2959 et
2591 2906 2840 2975 pallium.
2870 2904 2941 2959 Et
2984 2908 3291 2980 quicumque
3331 2918 3378 2963 te
3416 2911 3769 2981 angariuverit

2161 2995 2305 3049 mille
2333 3013 2540 3064 passus,
2565 2998 2692 3051 vade
2713 3015 2832 3051 cum
2860 2998 2953 3053 illo
2981 3010 3029 3054 et
3055 3000 3162 3053 alia
3184 3001 3309 3054 duo.
3347 3000 3769 3060 Ecclesiasticus

2080 3088 2128 3156 C
2158 3090 2240 3141 vir
2281 3088 2648 3155 describitur,
2699 3090 2936 3147 imitator
2996 3092 3117 3161 ejus
3164 3092 3258 3162 qui
3297 3091 3472 3148 dicit:
3503 3090 3771 3151 Discitea

2157 3198 2239 3234 me
2257 3223 2271 3246 ,
2298 3182 2425 3251 quia
2454 3182 2731 3239 mitiasum
2753 3222 2770 3250 ,
2807 3192 2857 3236 ct
2903 3184 3116 3237 Immitis
3145 3183 3302 3238 corde
3330 3182 3513 3256 (Infra
3537 3201 3611 3253 ιι,
3640 3186 3763 3258 29).

2159 3273 2228 3328 Et
2259 3274 2710 3344 pollicitationem
2743 3290 2896 3330 suam
2915 3317 2931 3342 ,
2959 3290 3252 3347 percussus
3283 3276 3439 3347 alapa
3462 3315 3478 3343 ,
3503 3292 3770 3349 compro-

2130 3366 2250 3423 vbat
2274 3385 2287 3421 :
2313 3366 2374 3423 Si
2410 3366 2543 3421 male
2573 3368 2775 3421 loculus
2803 3385 2918 3422 sunt
2937 3413 2952 3438 ,
2985 3385 3147 3440 argue
3167 3369 3233 3423 de
3265 3370 3406 3423 malo
3430 3386 3449 3422 :
3478 3370 3559 3423 sin
3589 3382 3768 3425 autem

2154 3458 2309 3524 bene,
2348 3460 2472 3529 quid
2504 3476 2582 3513 nte
2607 3460 2763 3513 cadis
2793 3458 2981 3532 (Joan.
3019 3475 3180 3528 svnt,
3206 3460 3340 3531 25)?
3372 3461 3504 3517 Tale
3531 3462 3666 3532 quid
3708 3473 3767 3519 et

2159 3552 2325 3607 David
2354 3552 2673 3622 loquebatur
2695 3552 2748 3607 iu
2781 3552 2998 3607 Psalmo
3024 3571 3035 3607 :
3054 3552 3116 3608 Si
3137 3552 3345 3607 reddidi
3361 3553 3764 3609 retribuentibus

2156 3646 2284 3699 mihi
2312 3646 2453 3700 ntala
2485 3644 2603 3717 (Ps.
2645 3661 2720 3701 vn
2744 3688 2757 3712 ,
2788 3645 2880 3719 5).
2915 3647 2981 3700 Et
3008 3648 3281 3704 Jeremias
3305 3648 3360 3703 in
3390 3648 3765 3706 Lamentatio-

2157 3739 2317 3793 nibus
2348 3756 2361 3792 :
2393 3736 2602 3792 Bonum
2626 3750 2702 3792 est
2745 3739 2947 3794 homini
2978 3756 3091 3793 cum
3120 3742 3401 3812 portaverit
3434 3741 3547 3814 [AL
3568 3745 3765 3798 sederit

2155 3834 2239 3900 ab,
2270 3832 2402 3905 etc.]
2422 3836 2615 3905 jugunt
2636 3832 2715 3913 ab.
2730 3834 3081 3889 adolescentia
3104 3851 3222 3889 sua.
3256 3833 3412 3889 Dabit
3452 3838 3763 3905 percutienti

2155 3941 2210 3980 se
2266 3926 2534 3981 maxillam
2576 3942 2595 3981 :
2636 3926 2955 3982 saturabitur
3019 3928 3316 3999 opprobriis
3375 3927 3614 4001 (Thren.
3657 3947 3757 4001 nt,

2154 4020 2255 4087 27,
2298 4019 2411 4093 50).
2465 4021 2579 4075 iloc
2626 4020 2915 4077 adversum
2973 4037 3071 4078 eos
3115 4025 3206 4093 qui
3274 4034 3469 4094 putant
3514 4026 3759 4085 alterum

2155 4108 2181 4150 ἀ
2207 4113 2372 4168 Deum
2398 4113 2588 4185 Legis,
2618 4115 2850 4171 alterum
2877 4115 3191 4187 Evangelii;
3210 4118 3354 4189 quod
3375 4130 3432 4175 et
3461 4119 3557 4187 ibi,
3579 4131 3639 4177 et
3669 4122 3760 4180 hic

2155 4208 2519 4264 mansuetudo
2555 4208 2836 4265 doceatur.
2870 4209 3181 4266 Secundum
3217 4212 3476 4283 mysticos
3499 4210 3759 4272 intellec-

2155 4311 2241 4356 tus
2268 4319 2280 4355 :
2307 4316 2563 4371 percussa
2591 4303 2819 4359 dextera
2846 4311 3032 4359 nostra
3058 4319 3167 4360 non
3194 4305 3453 4376 jubemur
3472 4309 3757 4366 sinistram

2156 4395 2434 4464 praebere,
2481 4396 2579 4451 sed
2610 4396 2839 4450 alteram
2865 4436 2880 4463 ,
2925 4396 3030 4454 boc
3049 4408 3133 4453 est
3154 4439 3171 4466 ,
3215 4398 3444 4454 alteram
3473 4400 3754 4458 dextram.

451 4485 661 4543 omnino
694 4499 711 4537 :
740 4498 904 4555 neque
951 4496 1041 4552 per
1096 4481 1313 4548 emtum,
1353 4480 1480 4552 quia
1526 4478 1745 4533 thronus
1794 4477 1891 4534 Dei
1931 4490 2006 4535 est
2029 4497 2049 4537 :
2074 4476 2127 4536 D
2152 4484 2338 4543 Justus
2365 4490 2511 4542 enim
2543 4487 2821 4543 sinistram
2864 4503 2976 4543 non
3013 4489 3201 4546 habet.
3241 4490 3299 4547 Si
3331 4505 3431 4546 nos
3460 4491 3756 4551 haereticus

450 4595 612 4649 neque
653 4593 747 4648 per
790 4584 1018 4641 terram,
1052 4574 1175 4645 quia
1210 4573 1491 4630 scabellum
1538 4581 1615 4627 est
1656 4574 1846 4644 pedum
1886 4577 1997 4647 ejus
2024 4591 2045 4631 :

449 4687 616 4743 neque
645 4685 736 4740 per
770 4666 1188 4738 Jerosolymam,
1216 4667 1340 4737 quia
1365 4666 1547 4720 civitas
1577 4675 1651 4720 est
1680 4668 1852 4737 magni
1882 4667 2040 4737 regis.

448 4766 633 4838 Neque
660 4778 753 4835 per
770 4772 930 4833 caput
957 4772 1102 4816 tuum
1120 4760 1380 4833 juraveris
1405 4775 1424 4814 :
1450 4759 1574 4830 quia
1591 4776 1693 4814 non
1713 4768 1855 4831 potes
1885 4775 2047 4814 unum

446 4862 697 4936 capillum
723 4861 900 4916 album
930 4858 1136 4928 facere,
1175 4866 1266 4910 aut
1291 4857 1522 4928 nigrum.
1562 4854 1645 4910 Sit
1678 4865 1853 4907 autem
1873 4870 2042 4909 sermo

449 4968 640 5025 vester,
672 4966 749 5012 est
772 4965 877 5021 est,
900 4971 1005 5008 non
1032 4969 1139 5007 non
1163 4966 1183 5006 :
1205 4951 1346 5024 quod
1373 4959 1544 5004 autem
1574 4948 1654 5003 his
1691 4947 2043 5003 abundantius

444 5062 556 5121 est,
591 5070 622 5106 a
643 5049 782 5104 malo
812 5056 907 5103 est.
931 5046 1087 5101 Hanc
1109 5059 1205 5116 per
1220 5044 1489 5100 elementa
1513 5042 1732 5113 jurandi
1755 5041 2045 5111 pessimam

446 5139 900 5201 consuetudinem
945 5152 1163 5209 semper
1201 5135 1441 5193 habuere
1490 5134 1663 5191 Judaei
1710 5145 2040 5207 nascuntur,

517 5288 543 5315 ιι
572 5274 799 5332 Palatini
827 5287 957 5329 mss.
994 5271 1111 5342 pari
1138 5284 1406 5326 consensu
1436 5267 1635 5324 habent
1661 5269 1728 5322 ad
1758 5266 2040 5335 a/fectuum

445 5349 592 5404 initia
619 5393 633 5416 ,
665 5365 759 5416 pro
785 5356 831 5399 et
861 5343 1110 5411 affectus,
1144 5350 1251 5416 etc.
1440 5412 1450 5416 _
1561 5412 1571 5416 _
1645 5409 1656 5416 _
1807 5413 1818 5416 _
2022 5348 2027 5353 ⁷

517 5419 543 5457 b
576 5409 811 5474 nti-cedat
862 5409 1148 5482 lidejussor
1186 5412 1246 5467 S.
1286 5411 1528 5467 llilarius
1560 5412 1612 5466 in
1645 5409 1984 5482 ltunclocnm
2020 5430 2034 5466 :

447 5490 545 5544 llis
587 5492 757 5549 enim,
797 5481 1049 5557 inquiens
1070 5527 1085 5551 ,
1126 5487 1491 5557 elementorum
1522 5484 1811 5557 nominibus
1839 5481 2042 5557 Judwis

429 5571 557 5615 ‘erat
587 5562 766 5631 religio
796 5552 1006 5631 iurare,
1037 5566 1085 5610 et
1115 5554 1229 5631 cwli
1253 5564 1297 5609 et
1326 5564 1507 5631 terrm,
1534 5552 1917 5631 etderusalem,
1951 5553 2041 5606 scd

442 5642 490 5686 et
536 5626 717 5702 capitis
765 5632 843 5684 sui
866 5671 881 5702 ,
909 5630 1089 5702 quibus
1116 5627 1170 5681 in
1198 5627 1565 5683 contumeliam
1594 5626 1689 5680 Dei
1714 5635 2035 5681 sacramento

440 5700 816 5763 venerationem
843 5700 1157 5776 deferebant.

2149 4578 2202 4633 in
2234 4578 2605 4649 disputatione
2641 4580 3015 4650 percusserit,
3054 4591 3112 4637 et
3138 4581 3390 4637 dextrum
3420 4582 3617 4653 dogma
3655 4601 3755 4641 vo-

2147 4671 2311 4728 luerit
2329 4673 2623 4728 vulnerare
2649 4713 2665 4740 ,
2705 4680 3016 4742 Opponatur
3045 4674 3094 4729 ei
3134 4674 3287 4729 aliud
3339 4674 3411 4730 de
3449 4675 3755 4746 Scriptnris

2151 4765 2561 4835 testimonium,
2586 4771 2642 4819 et
2670 4764 2875 4821 tamdiu
2907 4765 3221 4821 verberanti
3252 4766 3612 4823 succedentes
3642 4769 3753 4826 sibi

2146 4857 2402 4912 dexteras
2432 4856 2773 4926 praebeamus
2793 4902 2810 4927 ,
2838 4857 3018 4913 donec
3046 4857 3252 4913 inimici
3279 4859 3358 4913 ira
3388 4858 3672 4914 lassescat.

2218 4950 2400 5023 (Vcrs.
2426 4950 2528 5015 42,
2560 4948 2678 5021 45.)
2720 4951 2823 5016 Qtti
2845 4952 2969 5023 petit
2997 4969 3029 5003 a
3052 4962 3122 5018 te,
3147 4952 3216 5004 da
3243 4953 3310 5018 ei,
3336 4962 3384 5006 et
3414 4952 3605 5009 volenti
3635 4973 3751 5011 mu-

2148 5046 2287 5100 tuari
2319 5062 2349 5099 a
2380 5056 2456 5112 te,
2485 5062 2547 5099 ne
2577 5047 2849 5100 avertat-is.
2878 5045 3113 5099 Audistis
3134 5047 3259 5114 quia
3284 5045 3479 5099 dictum
3502 5056 3574 5101 εει
3603 5066 3616 5103 :
3656 5048 3751 5102 Di~

2150 5138 2275 5209 liges
2306 5138 2603 5209 proximum
2631 5146 2801 5203 tuum,
2835 5146 2883 5191 et
2909 5136 3029 5191 odio
3051 5136 3259 5192 habebis
3287 5139 3551 5193 inimicum
3575 5150 3745 5197 tuum.

2225 5281 2247 5309 ο
2272 5343 2281 5349 _
2307 5271 2601 5326 Rabbanus
2628 5317 2640 5340 ,
2694 5271 2886 5326 honore
2924 5282 2971 5326 et
3011 5272 3248 5344 obsequio
3289 5272 3388 5329 Dei
3426 5286 3744 5349 contempto.

2152 5340 2382 5412 Denique
2408 5384 2420 5399 .
2454 5354 2559 5396 etc.

2219 5411 2246 5449 ει
2279 5411 2448 5488 Δυιιιις
2498 5413 3069 5488 ι’ςι1;ιιὶιιιιςηνειιιμιίοι·
3093 5459 3106 5481 ,
3140 5416 3357 5470 alterum
3383 5428 3591 5471 sensum
3621 5435 3747 5488 pro-

2149 5482 2411 5560 pheticum
2437 5526 2451 5549 ,
2495 5483 2715 5560 alterum
2759 5485 3049 5560 Evangelii.
3099 5489 3179 5543 Ad
3219 5490 3516 5557 marginem
3552 5482 3743 5544 recen-

2148 5556 2251 5609 tior
2300 5571 2488 5610 ntanus
2531 5559 2846 5626 impressam
2898 5556 3191 5614 lectionem
3232 5556 3488 5613 restituit.
3532 5561 3588 5614 In
3633 5564 3741 5617 line

2146 5626 2404 5700 sectionis
2431 5626 2623 5700 vitiose
2645 5669 2661 5694 ,
2702 5639 2760 5681 ut
2800 5629 2935 5685 infra
2966 5631 3162 5687 iterum
3189 5670 3205 5700 ,
3234 5627 3484 5686 Martian.
3520 5631 3739 5689 lacessat

2142 5697 2353 5769 legerat
2380 5713 2479 5769 pro
2508 5696 2773 5756 lassescat.
