3962 6354
176 268 225 323 ιι
672 260 1321 323 COMMENTARIORUM
1360 263 1429 321 IN
1469 262 1920 322 EVANGELIUM
1962 261 2301 319 MATTHEI
2342 260 2467 317 LIB.
2513 261 2554 317 1.
2595 260 2750 318 CAP.
2792 260 2883 317 VI.
3344 261 3416 317 49.

179 377 219 434 Si
239 377 288 433 de
310 377 657 449 eleemosyna
715 388 919 436 tantum
963 378 1164 434 dictum
1208 380 1558 449 intelligimus
1583 422 1599 448 ,
1655 380 1709 436 in
1737 380 1794 440 A
1816 380 1911 434 sed
1938 394 2101 434 causa
2122 378 2343 433 virtutis
2364 377 2509 448 apud
2541 379 2707 433 Deum
2740 375 3055 433 mercedem
3082 376 3261 433 habet.
3301 378 3418 433 Etsi

178 472 395 543 plerisque
442 471 784 542 pauperibus
814 472 916 527 hoc
950 469 1110 527 ~stare
1141 488 1246 528 non
1291 485 1491 542 potest.
1526 472 1632 529 Sed
1663 484 1720 529 et
1821 488 1850 526 a
1907 482 2054 527 recta
2104 474 2189 527 via
2236 472 2516 543 paululum
2582 471 2986 538 declinaveris,
3039 487 3149 525 non
3190 470 3423 527 interest

181 564 327 620 divites
354 564 397 619 si
435 580 660 635 semper
691 564 972 630 dederint,
1004 580 1225 635 semper
1253 566 1387 622 dare
1420 582 1529 621 non
1563 577 1715 635 pote-
1819 574 2003 618 utrum
2044 563 2111 618 ad
2156 564 2439 619 dexteram
2474 562 2672 629 vadas,
2706 578 2776 619 an
2820 563 2888 618 ad
2931 563 3241 629 sinistram,
3295 577 3419 617 cum

181 668 286 714 runt.
313 657 434 712 Post
451 656 657 712 bonum
681 671 813 727 ergo
835 657 1198 727 eleemosynae
1220 658 1507 725 apostolis,
1538 658 1589 711 id
1612 666 1717 722 est,
1821 672 2007 712 verum
2038 658 2139 712 iter
2164 657 2436 711 amiseris.

184 748 441 805 doctoribus
477 757 752 818 praecepta
781 747 1090 802 tribuuntur
1109 787 1125 812 ,
1155 757 1213 803 ut
1232 749 1326 818 qui
1356 750 1530 819 gratis
1559 763 1721 804 aece-
1892 747 2076 818 (Vers.
2109 749 2143 803 ὅ
2165 789 2180 810 .
2205 748 2284 818 4.)
2319 746 2393 801 Te
2421 757 2594 802 autent
2632 749 2854 818 faciente
2886 749 3265 820 eleemosynam
3283 791 3298 815 ,
3331 766 3424 803 ne-

184 851 382 913 perunt,
407 840 567 912 gratis
615 840 858 895 tribuant
890 840 1109 912 (Matth.
1139 839 1217 911 ς).
1244 841 1405 896 Istius
1437 841 1584 897 modi
1629 857 1720 912 pe-
1821 840 2073 912 sciat33
2094 840 2303 895 sinistra
2325 850 2413 893 tua
2434 841 2561 912 quid
2583 842 2745 911 faciat
2769 843 2980 896 dextera
3002 852 3113 908 tua,
3133 852 3186 896 ut
3209 844 3275 896 sit
3298 844 3430 898 elee-

185 936 310 991 cunia
331 950 603 1006 numquam
633 933 855 1000 deﬁcit;
879 934 974 991 sed
1006 942 1211 1005 quanto
1232 934 1355 1005 plus
1382 934 1508 990 data
1537 934 1718 1003 fuerit,
1823 947 2039 1003 mosyna
2086 944 2174 985 tua
2218 933 2272 986 in
2310 932 2611 987 abscondito
2641 950 2661 987 :
2694 944 2740 987 et
2775 945 2919 1001 pater
2948 944 3066 988 tuus
3096 936 3186 1006 qui
3214 936 3351 990 videt
3376 937 3430 989 iu

189 1039 310 1084 tanto
331 1028 541 1098 amplius
570 1028 899 1098 duplicatur.
934 1027 1001 1083 Et
1027 1044 1148 1084 cum
1176 1029 1423 1100 subjecta
1463 1029 1565 1084 sibi
1591 1042 1721 1083 arva
1823 1024 2126 1079 abscondito
2148 1067 2163 1090 ,
2183 1024 2364 1080 reddet
2392 1024 2506 1079 tibi.
2539 1024 2609 1079 Et
2631 1042 2745 1080 cum
2772 1028 2935 1083 oratis
2957 1071 2971 1096 ,
2996 1045 3101 1082 non
3131 1029 3275 1084 eritis
3295 1030 3429 1084 sicut

189 1123 620 1194 riget,numquam
644 1118 813 1176 fontis
835 1121 977 1177 unda
1001 1122 1257 1177 siccatur.
1826 1116 2140 1188 hypacritte,
2194 1118 2284 1188 qui
2332 1126 2511 1171 amant
2552 1118 2605 1169 in
2646 1119 2958 1189 synagagis,
3009 1129 3057 1172 et
3111 1120 3163 1174 in
3220 1122 3429 1193 angulis

235 1214 387 1286 (Vers.
420 1212 535 1283 tl.)
574 1211 692 1284 Ego
709 1222 877 1268 autem
901 1215 1022 1267 dico
1047 1214 1188 1268 vobis
1209 1257 1224 1279 ,
1259 1215 1460 1285 diligite
1488 1215 1726 1269 inimicas
1828 1210 2116 1278 platearum
2159 1216 2355 1262 810nm
2400 1225 2580 1277 orare,
2624 1220 2679 1263 ut
2720 1210 2991 1264 videantur
3018 1212 3080 1265 ab
3112 1213 3424 1267 hominibus.

180 1312 329 1360 vestras
353 1346 367 1370 ,
416 1305 694 1375 benefacite
723 1304 805 1358 his
832 1307 920 1375 qui
951 1305 1171 1359 aderunt
1215 1321 1302 1359 vos
1322 1348 1338 1372 ,
1373 1317 1422 1360 et
1465 1314 1609 1359 orate
1628 1322 1725 1376 pro
1832 1300 1955 1356 Non
1982 1302 2157 1355 solum
2182 1301 2591 1373 eleemosynam
2611 1342 2627 1367 ,
2654 1302 2749 1357 sed
2779 1304 3161 1374 quodcumque
3192 1305 3429 1362 feceritis

184 1399 555 1470 persequentibus
583 1407 630 1453 et
658 1400 1103 1454 calumniantibus
1130 1418 1240 1456 vos,
1266 1401 1417 1456 Multi
1456 1410 1726 1472 praecepta
1828 1393 1959 1448 boni
1987 1393 2199 1464 operis,
2227 1393 2387 1449 debet
2412 1395 2631 1449 sinistra
2656 1397 2901 1460 nescire;
2932 1400 2977 1451 Si
3003 1398 3148 1452 enim
3172 1398 3262 1452 illa
3289 1400 3432 1454 scie-

183 1490 257 1547 Dei
281 1491 638 1547 imbecillitate
660 1492 771 1563 32
794 1507 911 1558 sua,
935 1508 1043 1547 non
1060 1502 1374 1549 sanctorum
1396 1492 1604 1549 viribus
1626 1509 1730 1549 ωε·
1828 1488 1899 1542 fil
1923 1529 1937 1552 ,
1970 1488 2152 1541 statim
2180 1487 2420 1542 dextera!
2455 1503 2622 1556 Opera
2653 1491 3141 1544 commaculantut‘.

180 1584 393 1638 timantes
416 1628 430 1651 ,
473 1592 667 1655 putant
719 1598 843 1639 esse
890 1584 1249 1654 impossibilia
1294 1600 1415 1655 quae
1455 1591 1727 1655 pracepta
1900 1579 2061 1633 Amen
2082 1579 2199 1633 dico
2220 1579 2376 1645 vobis,
2392 1589 2692 1652 receperunt
2711 1581 2993 1635 mercedem
3014 1598 3184 1638 suam.
3198 1581 3316 1638 Non
3333 1582 3433 1639 Dei

178 1683 310 1739 sunt,
349 1683 400 1729 et
427 1674 618 1729 dicunt
644 1673 895 1731 sufﬁcere
919 1676 1239 1744 virtutibus,
1273 1692 1380 1731 non
1410 1676 1593 1731 odisse
1622 1676 1727 1731 ini-
1831 1673 2166 1738 mercedem,
2193 1673 2290 1729 sed
2317 1688 2493 1729 suam.
2526 1673 2752 1730 Laudati
2783 1683 2910 1730 sunt
2933 1677 3077 1732 enim
3100 1676 3169 1733 ab
3194 1675 3437 1732 homini-

178 1765 313 1820 micos
337 1780 353 1817 :
378 1775 636 1821 caeterum
655 1765 887 1836 diligere
910 1765 1026 1834 plus
1049 1766 1473 1837 praecipi,quam
1496 1766 1728 1821 humana
1757 1752 1807 1812 Β
1835 1765 1958 1831 bus,
1985 1781 2215 1835 quorum
2245 1781 2405 1821 causa
2438 1782 2736 1823 exercuere
2762 1766 3015 1824 virtutes.

179 1867 333 1912 natura
359 1859 610 1928 patiatur.
656 1858 950 1914 Sciendum
993 1867 1078 1914 est
1126 1874 1258 1930 ergo
1300 1858 1584 1914 Christum
1622 1874 1730 1918 non
1913 1855 2094 1927 (Vers.
2125 1856 2207 1926 6.)
2236 1856 2317 1912 Tu
2346 1867 2520 1913 autem
2561 1875 2678 1913 cum
2699 1860 2951 1926 oraveris,
2980 1862 3120 1915 intra
3147 1861 3199 1915 in
3224 1861 3439 1916 cubicu-

179 1952 491 2021 impossibilia
516 1952 846 2022 praecipere,
876 1952 969 2008 sed
1002 1952 1240 2022 perfecta
1271 1970 1285 2006 :
1318 1968 1441 2025 qua:
1473 1953 1603 2008 fecit
1631 1953 1732 2007 Da.
1837 1947 1946 2001 lum
1973 1957 2119 2002 tuum
2147 1965 2165 2002 :
2191 1959 2243 2004 et
2277 1948 2457 2004 clausa
2479 1951 2634 2017 ostio,
2667 1968 2759 2004 ora
2797 1949 3015 2005 Patrem
3056 1962 3201 2006 tuum
3238 1956 3289 2008 in
3311 1954 3434 2008 abs-

182 2041 254 2096 vid
277 2044 322 2095 in
348 2043 464 2098 Saul
496 2051 551 2098 et
580 2044 631 2097 in
672 2043 918 2099 Ahsalon
944 2043 987 2115 (Ι
1017 2045 1148 2116 Reg.
1192 2060 1319 2099 xxtv
1350 2054 1398 2099 et
1431 2061 1580 2113 xxvi,
1612 2054 1660 2099 et
1688 2044 1735 2100 Il
1838 2041 2076 2107 condito,
2106 2051 2155 2096 et
2188 2039 2348 2096 Pater
2376 2051 2494 2097 tuus
2521 2043 2611 2113 qui
2640 2043 2772 2096 videt
2799 2044 2854 2097 in
2889 2044 3223 2113 abscondito,
3254 2046 3433 2101 reddet

181 2135 286 2203 Reg.
320 2151 437 2190 xvm
462 2136 500 2205 ).
532 2136 845 2206 Stephanus
874 2152 1087 2208 quoque
1116 2146 1320 2209 martyr
1352 2153 1451 2209 pro
1498 2138 1735 2193 inimicis
1838 2134 1951 2189 tibi.
1986 2134 2099 2189 Hoc
2127 2132 2494 2206 simpliciterd
2519 2136 2873 2201 intellectum,
2903 2138 3085 2193 erudit
3111 2139 3442 2207 auditorem,

180 2225 501 2297 lapidantibus
546 2228 874 2299 deprecatus
920 2238 1007 2283 est
1057 2229 1198 2301 (Act.
1256 2230 1375 2301 vn).
1424 2229 1493 2284 Et
1540 2231 1738 2285 Paulus
1839 2236 1904 2282 ut
1947 2242 2138 2282 vanam
2170 2228 2360 2284 orandi
2390 2228 2616 2299 gloriam
2662 2228 2849 2299 fugiat.
2893 2229 3000 2285 Sed
3044 2229 3176 2285 mihi
3228 2229 3447 2286 videtur

178 2317 424 2373 anathema
447 2320 587 2391 cupit
618 2334 743 2376 esse
779 2334 879 2390 pro
916 2321 1355 2391 persecutoribus
1396 2322 1511 2377 suis
1554 2321 1734 2391 (Rom.
1841 2319 1947 2376 hoc
1978 2321 2149 2392 magis
2178 2335 2301 2376 esse
2328 2331 2679 2391 praeceptum,
2710 2332 2764 2375 ut
2798 2321 3002 2375 inclusa
3035 2323 3267 2392 pectoris
3295 2323 3446 2394 cogi-

178 2408 272 2479 rs).
314 2409 430 2466 Hec
466 2420 645 2467 autem
690 2411 856 2467 Jesus
900 2420 956 2467 et
1001 2411 1187 2467 docuit
1226 2421 1282 2469 et
1320 2413 1477 2483 fecit,
1517 2415 1736 2471 dicens:
1845 2414 2052 2470 talione
2078 2456 2092 2481 ,
2157 2414 2425 2485 labiisque
2465 2413 2796 2486 compressis
2848 2430 3069 2470 oremus
3119 2416 3442 2483 Dominum,

177 2496 343 2567 Pater,
380 2500 580 2571 ignosce
616 2501 726 2556 illis
778 2517 798 2555 :
843 2503 981 2572 quod
1040 2503 1181 2557 enim
1216 2504 1456 2574 faciunt,
1509 2506 1740 2560 nesciunt
1844 2507 1990 2579 quod
2037 2519 2094 2564 et
2133 2508 2344 2563 Annam
2393 2508 2448 2562 in
2493 2507 2702 2579 Regum
2752 2508 3029 2564 volumine
3074 2508 3272 2567 fecisse
3317 2511 3452 2581 legi-

180 2588 294 2658 (Luc
318 2607 444 2647 unt
462 2634 478 2659 ,
508 2592 627 2666 56).
1847 2614 1970 2654 mus
1994 2616 2009 2657 :
2034 2598 2221 2669 Labia,
2247 2599 2441 2671 inquit,
2469 2604 2580 2672 ejus
2602 2608 2805 2654 tantum
2832 2600 3170 2655 movebantur
3202 2612 3225 2639 ο
3248 2602 3293 2674 (Ι
3316 2602 3451 2673 Reg.

239 2684 399 2756 (νει-ε.
421 2685 535 2757 45.)
562 2685 631 2742 Ut
650 2688 768 2743 sitis
794 2688 895 2757 ﬁlii
910 2687 1088 2745 Patris
1111 2691 1266 2746 vestri
1286 2691 1375 2758 qui
1396 2692 1451 2746 in
1471 2692 1614 2747 caelis
1630 2703 1704 2749 est
1724 2710 1745 2761 ;

469 2686 535 2757 3.)
562 2685 631 2742 Ut
650 2688 768 2743 sitis
794 2688 895 2757 ﬁlii
910 2687 1088 2745 Patris
1111 2691 1266 2746 vestri
1286 2691 1375 2758 qui
1396 2692 1451 2746 in
1471 2692 1614 2747 caelis
1630 2703 1745 2761 est;
1848 2707 1887 2759 1,
1922 2688 2033 2760 15).

182 2778 256 2846 qui
273 2780 415 2834 solem
437 2797 579 2835 suum
601 2782 728 2835 oriri
746 2783 873 2852 facit
898 2799 1054 2853 super
1079 2783 1238 2840 bonas
1267 2794 1315 2839 et
1339 2785 1527 2855 malos,
1545 2797 1596 2841 et
1614 2787 1747 2860 pluit
1922 2782 2103 2853 (Vers.
2131 2782 2209 2854 7.)
2237 2783 2461 2839 Orontes
2485 2792 2658 2839 autem
2687 2786 2844 2860 nolite
2874 2786 3093 2839 multum
3123 2786 3285 2854 loqui,
3316 2787 3454 2841 sicut

183 2887 314 2939 super
330 2876 489 2943 justas
528 2884 575 2929 et
620 2876 863 2947 injustas.
899 2876 961 2932 Si
986 2877 1121 2931 enim
1147 2877 1368 2950 diligitis
1407 2896 1491 2933 eos
1518 2880 1607 2950 qui
1662 2894 1748 2933 vos
1854 2877 2046 2931 ethnici
2076 2878 2294 2947 faciunt.
2342 2876 2542 2931 Putant
2568 2880 2705 2932 enim
2734 2878 2872 2948 quod
2900 2880 2951 2932 in
2995 2878 3327 2948 multiloqnia
3358 2897 3453 2934 suo

186 2961 554 3035 diligunt,quam
572 2968 858 3023 mercedem
877 2967 1168 3024 habebitis?
1197 2948 1389 3026 Nonne
1412 2980 1461 3026 et
1485 2948 1775 3039 publicani
1856 2970 2219 3024 exaudiantur.
2267 2967 2447 3023 Nolite
2491 2986 2611 3041 ergo
2652 2971 2932 3026 assimilari
2962 2972 3055 3025 eis.
3099 2971 3156 3027 Si
3203 2960 3455 3029 ethnicus

188 3051 268 3107 hac
295 3058 507 3126 faciunt?
533 3057 603 3113 Et
628 3061 671 3114 si
703 3061 1045 3116 salutaveritis
1073 3063 1264 3132 fratres
1292 3073 1482 3119 vestros
1513 3072 1745 3133 tantum,
1790 3129 1821 3134 _
1858 3064 1911 3118 in
1928 3063 2175 3118 oratione
2195 3062 2420 3117 multum
2450 3063 2709 3134 loquitur,
2723 3079 2854 3134 ergo
2872 3064 2961 3133 qtti
2984 3063 3328 3120 Christianus
3346 3075 3450 3131 est,

188 3146 295 3213 quid
306 3150 507 3217 amplius
525 3151 740 3219 facitis?
761 3151 951 3207 Nonne
975 3163 1020 3207 et
1045 3129 1236 3208 ethnici
1262 3154 1358 3209 hoc
1383 3155 1581 3225 faciunt
1600 3159 1626 3211 ?
1646 3129 1749 3212 Es;
1777 3129 1825 3194 Ο
1859 3155 2022 3212 debet
2053 3170 2245 3226 parum
2276 3155 2443 3224 loqui.
2476 3129 2615 3209 Deus
2656 3129 2813 3210 enim'
2846 3129 2949 3209 non
3003 3155 3269 3209 verborum
3290 3200 3304 3222 ,
3366 3129 3459 3211 sed

192 3241 280 3291 tote
294 3255 396 3311 ergo
416 3256 498 3296 vos
523 3243 756 3315 perfecti,
771 3245 901 3297 sicut
913 3254 962 3297 et
985 3243 1147 3299 Pater
1166 3256 1327 3302 vester
1344 3247 1561 3303 ctelestis
1584 3252 1753 3322 perfe-
1859 3251 2032 3304 cordis
2060 3249 2272 3304 auditor
2300 3257 2374 3302 est
2397 3247 2554 3319 (Sap.
2592 3264 2628 3307 I,
2660 3245 2736 3316 6).

192 3332 449 3387 duestSt
468 3333 558 3389 Dei
583 3346 852 3406 praecepta
873 3336 1207 3403 custodiens,
1227 3338 1370 3395 ﬁlius
1384 3341 1505 3411 quis
1522 3340 1756 3397 efﬁcitur
1935 3342 2118 3414 (\‘ers.
2150 3339 2233 3409 8.)
2261 3339 2376 3394 Scit
2403 3338 2539 3392 enim
2569 3336 2731 3392 Pater
2758 3348 2917 3391 vester
2945 3338 3071 3406 quid
3098 3354 3230 3404 opus
3271 3339 3337 3392 sit
3368 3354 3457 3392 vo-

191 3414 271 3474 Dei
305 3436 460 3494 :ergo
498 3439 604 3479 non
634 3434 719 3480 est
745 3434 939 3481 natura
980 3425 1123 3483 ﬁlius
1144 3466 1160 3493 ,
1218 3428 1314 3484 sed
1362 3430 1588 3485 arbitrio
1632 3446 1753 3486 suo.
1860 3434 1955 3499 bis,
1984 3442 2259 3503 antequam
2288 3431 2474 3502 petatis
2503 3445 2636 3482 eum.
2668 3428 2761 3484 Sic
2782 3445 2902 3499 ergo
2927 3444 3014 3482 vos
3045 3428 3279 3484 ambitis.
3313 3430 3460 3484 Con-

252 3521 388 3589 (mp.
430 3521 518 3576 Vl.
564 3552 636 3564 --
677 3522 836 3578 Vers.
871 3522 950 3596 1.)
983 3525 1242 3579 Attendite
1267 3542 1330 3579 ne
1341 3527 1479 3598 justi
1490 3528 1618 3581 tiam
1648 3545 1756 3582 ves-
1860 3524 2035 3595 surgit
2065 3524 2117 3577 in
2148 3521 2251 3578 hoc
2283 3522 2405 3577 loco
2446 3520 2692 3591 quaedam
2723 3519 2978 3581 hmresis,
3010 3518 3459 3590 philosophorum

199 3617 312 3663 trum
338 3614 526 3680 faciatis
554 3631 731 3670 caram
772 3616 1068 3670 hominibus
1096 3658 1111 3683 ,
1147 3625 1201 3671 ut
1228 3617 1507 3672 videamini
1537 3618 1603 3672 ab
1630 3620 1705 3674 eis
1740 3635 1756 3673 :
1867 3615 1889 3654 τ
1928 3632 2141 3687 quoque
2181 3629 2502 3686 perversum
2541 3613 2757 3684 dogma,
2808 3612 3101 3668 dicentium
3154 3631 3168 3669 :
3214 3614 3272 3669 Si
3312 3618 3466 3670 novit

198 3701 400 3773 alioquin
424 3708 703 3761 mercedem
726 3724 828 3762 non
853 3706 1107 3762 habebitis
1134 3709 1275 3779 apud
1303 3708 1515 3763 Patrem
1538 3720 1759 3765 vestrum
1866 3710 2010 3767 Deus
2046 3708 2175 3779 quid
2205 3722 2445 3771 oremus,
2477 3714 2533 3762 et
2553 3714 2843 3775 antequam
2876 3713 3145 3774 petamus,
3198 3708 3301 3761 scit
3346 3708 3467 3776 qui-

199 3794 275 3860 qui
306 3796 350 3848 in
394 3799 524 3852 caelis
563 3808 661 3854 est.
693 3808 721 3837 ι
753 3798 851 3867 Qui
885 3799 1011 3854 tuba
1037 3801 1219 3868 canit,
1252 3801 1650 3874 eleemosynam
1682 3802 1763 3874 fa-
1865 3805 1967 3860 bus
2011 3802 2370 3871 indigeamus,
2423 3797 2622 3854 frustra
2673 3797 2869 3852 scienti
2918 3796 3209 3867 loquimur.
3260 3797 3465 3865 Quibus

200 3885 330 3943 ciens
352 3933 365 3957 ,
410 3890 680 3963 hypocrita
713 3900 816 3949 est.
844 3892 947 3960 Qui
972 3892 1223 3963 jejunans
1250 3873 1543 3951 demolitur
1569 3873 1759 3954 [aciein
1864 3896 2101 3953 breviter
2128 3889 2566 3963 respondendum
2594 3898 2703 3955 est,
2734 3902 2833 3942 nos
2851 3902 2955 3940 non
2986 3894 3297 3942 narratores
3318 3903 3468 3952 esse,

204 3990 370 4047 suam,
397 3993 451 4037 ut
472 3984 675 4040 ventris
715 3985 1039 4040 inanitatem
1088 3997 1359 4043 monstret
1396 3991 1450 4044 in
1489 3990 1678 4058 vultu,
1709 4000 1765 4047 et
1864 3989 1962 4045 sed
2010 3995 2312 4058 rogatores.
2357 3982 2518 4039 Aliud
2569 3990 2654 4037 est
2696 3982 2842 4036 enim
2890 3994 3114 4035 narrare
3170 3980 3463 4049 ignoranti,

210 4069 288 4125 hic
311 4072 568 4146 hypocrita
595 4086 701 4135 est.
730 4077 832 4146 Qui
856 4078 914 4133 in
933 4080 1222 4151 synagogis
1243 4091 1298 4137 et
1325 4082 1378 4138 in
1407 4085 1620 4155 angulis
1646 4086 1761 4155 pla-
1868 4079 2013 4135 aliud
2045 4079 2307 4133 scientem
2339 4082 2550 4145 petere.
2595 4072 2652 4126 In
2688 4072 2781 4125 illo
2810 4069 3068 4125 indicium
3097 4078 3202 4136 est,
3257 4071 3343 4125 hic
3372 4071 3474 4125 ob-

210 4168 386 4220 tearum
430 4178 543 4225 orat
569 4211 584 4236 ,
628 4180 687 4226 ut
718 4170 970 4226 videatur
1007 4172 1074 4225 ab
1103 4172 1445 4242 hominibus,
1480 4175 1764 4248 hypocrita
1869 4175 2145 4245 sequium.
2196 4171 2275 4227 Ilii
2322 4170 2557 4226 ﬁdeliter
2588 4168 2911 4234 indicamus,
2959 4166 3049 4223 hic
3087 4166 3478 4223 miserabiliter

210 4264 300 4307 est.
336 4258 407 4313 Ex
449 4262 637 4331 quibus
671 4263 934 4318 omnibus
960 4264 1232 4334 colligitur
1259 4267 1571 4337 Iiypocritas
1600 4283 1724 4324 esse
1746 4311 1764 4337 ,
1871 4268 2249 4323 obsecramus.

215 4346 294 4433 qui
318 4351 564 4417 quodlibet
588 4352 819 4417 faciunt,
854 4362 914 4408 ut
953 4355 1021 4410 ah
1052 4356 1359 4413 hominibus
1390 4358 1768 4429 gloriﬁcentur
1942 4360 2127 4433 (Vers.
2160 4355 2242 4428 9.)
2267 4353 2426 4409 Pater
2446 4361 2640 4416 noster,
2670 4350 2757 4421 qui
2785 4366 2837 4403 es
2870 4350 2921 4402 in
2953 4348 3112 4402 caelis.
3140 4348 3357 4403 Patrem
3386 4348 3471 4402 di-

217 4432 313 4505 [Αι.
333 4438 771 4515 ltonoriﬁeentur}.
800 4446 1159 4502 Mihividetur
1175 4457 1231 4504 et
1249 4449 1338 4504 ille
1354 4451 1444 4521 qui
1464 4452 1592 4507 dicit
1614 4452 1764 4508 fratri
1792 4513 1839 4521 Δ
1873 4450 2069 4515 cendo,
2100 4464 2158 4503 se
2188 4448 2329 4502 tilias
2348 4445 2698 4501 conliteutur.

216 4541 308 4584 suo
328 4549 341 4586 :
365 4532 555 4592 Dimitte
582 4513 835 4593 attollam
858 4542 1109 4609 festucam
1150 4542 1214 4595 de
1240 4513 1390 4597 oculo
1421 4554 1509 4598 tuo
1547 4544 1764 4615 (Matth.
1791 4513 1849 4575 Β
1948 4513 2318 4608 Βαηγτιὶβοειιιν
2343 4554 2526 4592 nomen
2559 4546 2722 4590 tuum.
2775 4533 2891 4588 Non
2922 4532 2980 4588 in
3012 4542 3085 4597 te,
3130 4532 3239 4604 34,
3288 4533 3382 4588 sed
3418 4533 3472 4589 in

217 4634 281 4674 τιι
302 4663 318 4685 ,
342 4625 390 4691 4)
411 4667 424 4688 ,
449 4626 473 4665 δ
500 4640 718 4699 propter
746 4629 975 4702 gloriam
1006 4631 1326 4698 hocfacere,
1361 4646 1417 4688 ut
1444 4635 1561 4704 ipse
1588 4638 1769 4706 justus
1874 4636 2058 4693 nobis.
2095 4634 2152 4690 Si
2201 4632 2344 4688 enim
2388 4639 2609 4699 propter
2636 4635 2953 4699 peccatores
2994 4642 3190 4679 nomen
3228 4626 3319 4680 Dei
3353 4626 3470 4681 bla-

220 4727 329 4769 esse
350 4720 591 4777 videatur.
630 4722 781 4779 Unde
809 4723 1009 4778 dicitur
1029 4724 1078 4780 ei
1102 4739 1132 4779 a
1159 4725 1389 4783 Domino
1417 4746 1431 4784 :
1460 4728 1768 4801 Hypocrita,
1876 4728 2190 4801 sphematur
2218 4724 2269 4777 in
2291 4722 2542 4792 gentibus
2562 4720 2741 4787 (Rom.
2766 4719 2903 4788 vni),
2923 4718 3234 4773 ecantrario
3255 4725 3477 4788 praptcr

219 4807 335 4876 diu
352 4812 548 4879 primum
570 4816 765 4869 trabem
785 4814 852 4870 de
872 4815 1023 4869 oculo
1053 4825 1163 4871 tuo.
1187 4828 1208 4856 ε
1224 4816 1342 4874 Νοη
1374 4821 1556 4891 itaque
1578 4822 1769 4891 virtus,
1872 4823 2047 4894 justas
2077 4814 2473 4874 sanctiﬁcatur.

286 4962 311 4990 ³
353 4956 916 5043 Alte-runrversiculutn
959 4981 972 5016 :
1012 4962 1141 5043 Cum
1170 4982 1292 5037 ergo
1334 4969 1463 5037 facis
1491 4969 1770 5043 eleemosy-
1956 4979 1978 5006 ε
2035 4966 2150 5043 Duo
2195 4957 2729 5043 nostri‘totidemque
2755 4951 3478 5043 armi.“al'i‘EBFP'BATﬁ:

220 5040 360 5105 tam,
385 5032 478 5084 nali
509 5035 632 5110 tuba
653 5050 848 5110 _can_er_e
876 5041 995 5087 ante
1016 5042 1071 5110 te
1096 5021 1776 5110 sicutvhybocrittefaciuzht
1882 5039 2021 5094 hanc
2059 5029 2512 5110 interseruutdti'c
2553 5021 2656 5079 luci
2699 5021 3025 5110 sententiam
3060 5040 3074 5072 :
3107 5021 3479 5110 Tumndemnut‘n

218 5094 544 5177 inagitagagis
571 5116 617 5160 et
646 5106 701 5158 in
730 5105 853 5159 uicis
873 5146 890 5172 ,
924 5091 1419 5177 utAhanorentui'rab
1446 5091 1771 5177 aanimi};
1879 5091 2039 5164 {iam
2065 5096 2567 5177 observationis‘Deo
2590 5103 2939 5177 παρηίδα)
2977 5091 3335 5177 εξρξιριδαρβί
3362 5092 3477 5177 βαι·

218 5163 508 5253 ξωῇἷιειεῖιιξξ
530 5176 644 5253 pari
667 5163 944 5253 consensu
972 5175 1391 5253 Palatinicodd.
1416 5182 1506 5247 qui
1535 5163 1775 5253 alioquin
1916 5163 1921 5164 ί
1951 5178 1978 5216 ιι
2000 5178 2063 5253 _l_n
2098 5175 2270 5253 Palat.
2314 5170 2525 5253 duobus
2565 5163 2734 5253 mss.,'_
2771 5165 2843 5253 iit
2874 5163 3181 5253 simpficiter
3216 5164 3479 5253 infigunt

220 5232 546 5321 Errecitandis
565 5247 864 5321 Scriptum
876 5247 1059 5321 verbis
1078 5232 1355 5315 parciores
1380 5232 1775 5321 relliqui's'siin—t.‘
1881 5249 2051 5305 erudit
2082 5245 2394 5299 auditorem.
2428 5240 2534 5296 Pro
2561 5240 2863 5312 simpliciter
2892 5232 3187 5291 Rabbanus
3237 5232 3478 5286 similiter

219 5305 613 5392 Paeantemipsa
646 5305 791 5373 hunc
821 5305 1152 5374 versiculum
1194 5329 1306 5375 tota
1346 5305 1778 5391 espoéitio‘suh-
1883 5322 2037 5392 legit.

218 5393 341 5456 περ
368 5374 592 5456 ιεςρειῑίι,
1204 5374 1207 5375 ’
1282 5374 1289 5375 ί
1650 5374 1747 5379 '"
1884 5374 1982 5429 "‘3
2023 5385 2244 5443 Addunt
2272 5384 2437 5440 iidem
2469 5381 2697 5437 Palatini
2728 5394 2861 5435 mss.
2892 5382 3060 5431 ervom
3086 5374 3230 5430 illius
3259 5388 3360 5427 non
3388 5390 3487 5426 au-

338 5449 492 5514 Antea
533 5460 821 5536 legebatur
846 5477 969 5513 nam
998 5471 1207 5536 prapter
1225 5461 1450 5536 gloriam
1480 5465 1578 5517 hoc
1607 5466 1780 5535 facere
1884 5462 2142 5536 diebalut.
2443 5524 2457 5536 _
2591 5523 2613 5536 ,,
2648 5524 2681 5536 ,Α
2856 5530 2865 5536 ,
2910 5520 2945 5536 ,.
3177 5515 3286 5536 ..-Α

215 5523 610 5606 εἰέαινηξθηεῆ
645 5531 916 5606 equidem
943 5523 1069 5606 non
1094 5523 1249 5588 satis"
1277 5534 1533 5603 expedito
1570 5523 1626 5591 ei
1658 5552 1783 5606 per—
1962 5532 1980 5572 ί
2018 5530 2410 5606 Ερίριινεοτυέῐτ
2443 5524 2559 5606 him
2589 5523 2687 5606 “'1!
2718 5523 3009 5606 aigmalio’
3059 5523 3484 5606 iiiigoiifmj'?

213 5588 524 5673 laicuoftios
554 5588 816 5659 codic'um
860 5601 1237 5660 Palatinarum
1266 5588 1626 5673 auctoritate,
1659 5588 1781 5662 ait.
1886 5588 2080 5671 sania,'
2103 5600 2171 5657 de
2213 5612 2318 5670 qua
2347 5597 2608 5673 Manimos
2639 5588 2835 5664 Tyrius
2879 5588 3319 5646 dissertatione!“
3355 5601 3488 5643 sane

212 5667 519 5740 adverbium,
575 5683 634 5729 et
694 5674 937 5745 verbum
972 5674 1204 5745 ridetur,
1257 5667 1779 5744 induximus,'sen-
1884 5667 2493 5735 luculentaminstituit.

208 5749 404 5815 suntque
428 5745 492 5799 ad
521 5760 657 5801 mss.
688 5743 858 5800 ﬁdem
887 5744 1046 5798 nitttri
1080 5743 1308 5813 pristino
1337 5743 1704 5806 restituimus.

452 5840 735 5907 Ριτιιυι.
784 5836 1028 5898 XXVI.

2972 5827 3010 5886 62
