3962 6304
511 240 586 300 ιδ
1770 223 1828 282 Β.
1871 216 2118 282 EUSEBI

2227 217 2567 279 IERONYMI
3748 216 3817 277 ιι

590 353 776 427 (Vers.
803 350 921 425 10.)
951 348 1200 405 Adveniet
1228 359 1443 417 regnum
1469 348 1633 397 tuum.
1657 339 1754 397 Vel
1784 340 2112 410 generaliter
2137 337 2194 400 Δ
2217 348 2364 394 reant
2385 337 2678 393 hominibus
2696 338 3021 411 jejunantes.
3049 333 3214 392 Amen
3241 333 3357 392 dico
3381 332 3543 405 vobis,
3570 334 3695 406 quia
3736 352 3814 393 re-

516 462 620 521 pro
659 447 827 503 totius
870 442 1058 501 mundi
1087 442 1222 511 petit
1245 452 1437 510 regno,
1462 444 1521 492 ut
1549 434 1796 491 diabolus
1826 433 1881 489 in
1906 432 2112 490 mundo

511 556 744 614 regnare
771 537 1019 601 desistat,
1048 536 1134 591 vel
1179 542 1240 589 ut
1283 533 1337 588 in
1366 542 1695 602 unoquoque
1723 535 1917 599 regnet
1944 526 2111 594 Deus,

516 646 575 694 et
597 652 706 690 non
734 640 926 704 regnet
950 636 1229 701 peccatum
1252 626 1306 682 in
1328 622 1548 682 mortali
1576 620 1857 678 hominum
1883 630 2113 690 corpore

519 727 541 800 (
564 728 716 784 Rom.
751 723 871 796 vr).
925 720 1209 792 Simulque
1246 726 1303 775 et
1347 716 1453 774 hoc
1498 712 1929 781 attendendum,
1965 709 2112 783 quod

513 818 735 892 grandis
779 814 1020 873 audacia:
1053 814 1150 881 sit,
1181 820 1237 869 et
1265 822 1417 883 pura:
1457 805 1836 877 conscientize,
1883 817 2110 876 regnum

511 912 613 969 Dei
639 908 916 981 postulare
934 915 991 963 et
1014 904 1283 977 judicium
1303 917 1412 958 non
1444 900 1660 956 timere.

586 1001 712 1057 Fiat
735 1001 974 1057 uoluntas
1007 1006 1119 1064 tua,
1146 996 1280 1050 sicut
1309 995 1364 1048 in
1395 991 1521 1047 caelo
1550 1000 1599 1045 et
1624 988 1679 1044 in
1710 997 1866 1045 terra.
1888 985 1961 1045 Ut
1980 998 2115 1058 quo-

512 1095 677 1156 modo
702 1091 899 1164 Angeli
936 1089 1035 1145 tibi
1078 1086 1351 1157 inculpata
1394 1082 1642 1140 serviunt
1670 1080 1725 1135 in
1753 1078 1926 1143 caelis,
1959 1078 2032 1134 ita
2056 1076 2113 1134 in

511 1200 658 1247 terra
681 1185 925 1243 serviant
945 1181 1217 1239 homines.
1246 1177 1587 1233 Erubescant
1607 1188 1674 1230 ex
1697 1172 1799 1228 hac
1818 1170 2110 1237 sententia,

511 1281 606 1353 qui
648 1276 896 1351 quotidie
933 1274 990 1330 in
1034 1272 1175 1329 cosio
1207 1270 1391 1325 ruinas
1425 1265 1547 1323 lleri
1577 1264 1930 1322 mentiuntur.
1979 1260 2114 1316 Nam

513 1371 644 1445 quid
673 1369 830 1426 nobis
853 1366 1079 1439 prodest
1102 1363 1366 1421 ctelorum
1390 1356 1712 1425 similitudo,
1744 1355 1791 1413 si
1817 1362 1875 1413 et
1895 1355 1949 1409 in
1974 1353 2115 1409 emlo

511 1472 800 1537 peccatum
830 1460 957 1518 est?

595 1556 779 1630 (Vers.
812 1552 1027 1625 11-15.)
1076 1550 1275 1605 Panem
1302 1557 1536 1605 nostrum
1570 1542 2118 1617 supersubstantialem

516 1653 587 1707 da
612 1650 762 1706 nobis
792 1646 963 1704 hodie.
989 1644 1059 1701 Et
1087 1646 1290 1700 dimitte
1320 1643 1467 1699 nobis
1494 1641 1669 1697 debita
1695 1651 1896 1705 nostra,
1916 1641 2049 1694 sicut
2070 1646 2117 1693 et

2215 441 2461 503 ceperunt
2486 431 2769 487 mercedem
2799 448 2968 487 suam.
2997 428 3234 487 Verbum
3258 431 3624 498 exterminant,
3671 429 3818 502 quod

2215 526 2269 581 in
2296 524 2702 583 Ecclesiasticis
2727 522 3021 596 Scripturis
3048 524 3180 581 vitio
3229 524 3594 597 interpretum
3630 523 3816 581 tritum

2216 629 2320 688 est,
2355 619 2505 676 aliud
2534 617 2707 677 multo
2746 618 3037 691 significat,
3068 634 3231 691 quam
3263 617 3426 691 vulgo
3469 617 3815 689 intelligitur.

2217 711 2670 769 Exterminantur
2695 712 2897 784 quippe
2926 711 3166 779 exsules,
3200 711 3291 782 qui
3338 708 3630 767 mittuntur
3658 720 3813 767 extra

2216 806 2501 862 terminos.
2526 804 2635 861 Pro
2659 803 2764 861 hoc
2786 818 2917 876 ergo
2934 817 3210 870 sermone,
3228 802 3582 858 demoliuntur
3601 817 3817 874 semper

2213 896 2463 969 accipere
2490 896 2752 955 debemus
2787 913 2801 951 :
2833 895 2976 968 quod
3019 892 3209 953 Graece
3259 892 3457 952 dicitur
3492 895 3814 971 ἀφανίζουσι.

2220 986 2524 1044 Demolitur
2562 995 2746 1044 autem
2787 986 3071 1059 hypocrita
3108 984 3303 1043 faciem
3348 999 3500 1043 suam
3543 995 3604 1041 ut
3649 985 3815 1043 tristi—

2216 1080 2347 1135 tiam
2395 1078 2659 1148 simulet;
2702 1087 2760 1135 et
2791 1077 2974 1135 animo
3013 1076 3156 1135 forte
3188 1077 3408 1135 laetante
3432 1119 3448 1147 ,
3482 1072 3689 1134 luctum
3716 1091 3812 1150 ge-

2215 1178 2322 1227 stet
2343 1170 2400 1226 in
2427 1169 2603 1226 vultu.

2289 1262 2471 1337 (Vers.
2508 1264 2575 1321 Π
2601 1262 2745 1339 seq.)
2777 1262 2855 1319 Tu
2884 1271 3056 1321 autem
3081 1280 3201 1320 cum
3218 1264 3459 1338 jejunus,
3491 1280 3629 1339 uage
3659 1273 3817 1339 caput

2218 1366 2386 1425 tuum,
2414 1366 2461 1411 et
2488 1356 2675 1428 faciem
2697 1366 2839 1412 tuam
2862 1355 3001 1425 lava,
3026 1373 3088 1413 ne
3113 1356 3335 1413 uidearis
3356 1356 3649 1413 hominibus
3664 1358 3818 1430 jeju-

2218 1464 2369 1517 nans,
2414 1448 2506 1504 sed
2551 1447 2707 1503 Patri
2751 1458 2837 1504 tuo
2880 1449 2971 1517 qui
3000 1457 3074 1505 est
3100 1446 3155 1504 in
3193 1448 3490 1505 abscondito
3517 1464 3537 1505 :
3585 1457 3634 1503 et
3659 1444 3819 1503 Pater

2221 1550 2341 1598 tuus
2366 1542 2455 1614 qui
2473 1532 2613 1597 iudet
2636 1544 2689 1597 in
2711 1542 3033 1611 abscondito,
3058 1542 3235 1600 reddet
3264 1541 3375 1600 tibi.
3403 1538 3585 1598 Nolite
3616 1543 3821 1598 thesau-

2219 1634 2388 1690 risare
2411 1634 2551 1690 vobis
2574 1632 2849 1690 thesauros
2877 1634 2932 1689 in
2974 1643 3132 1704 terra,
3163 1635 3250 1691 ubi
3291 1651 3450 1708 erugo
3479 1644 3527 1690 et
3565 1634 3704 1689 tinea
3732 1635 3823 1690 de-

514 1760 609 1799 nos
634 1741 941 1796 dimittimus
979 1736 1295 1793 debitoribus
1321 1735 1532 1791 nostris.
1582 1731 1650 1787 Et
1677 1749 1739 1787 ne
1777 1748 1870 1787 nos
1897 1731 2118 1785 inducas
2146 1728 2194 1795 Β
2222 1729 2452 1797 molitur,
2484 1738 2532 1783 et
2554 1728 2643 1783 ubi
2668 1727 2809 1800 fures
2838 1724 3114 1796 effodiunt,
3146 1735 3194 1783 et
3234 1728 3494 1800 furantur.
3543 1728 3711 1784 Juxta
3750 1726 3824 1784 ri-

514 1834 951 1889 intentationem.
988 1829 1095 1887 Sed
1137 1828 1298 1883 libera
1341 1842 1435 1883 nos
1460 1842 1491 1879 a
1518 1826 1679 1881 malo.
1722 1823 1878 1891 Quod
1908 1838 2008 1878 nos
2029 1835 2121 1876 su-

511 1922 1033 1997 persubstantialem
1079 1919 1501 1992 expressimus,
1548 1916 1604 1973 in
1648 1916 1840 1974 ϐιωαο
1890 1914 2121 1970 habetur

511 2018 775 2075 ιπισύσιον
807 2034 820 2069 :
847 2012 991 2087 quod
1020 2012 1246 2068 verbum
1271 2008 1625 2082 Septuaginta
1661 2005 1993 2078 interpretes
2022 2025 2119 2062 πε-

510 2108 745 2183 ριούσιον
774 2103 1219 2177 frequentissime
1250 2099 1608 2157 transferunt.
1637 2097 2121 2155 Consideravimus

518 2215 653 2272 ergo
683 2200 736 2255 in
767 2198 1017 2261 Hebraeo,
1045 2194 1448 2263 etubicumque
1470 2191 1550 2247 illi
1574 2192 1873 2272 περιούσιον
1895 2203 2121 2260 expres-

523 2268 737 2360 serunt,
771 2303 872 2346 nos
900 2287 1209 2345 invenimus
1242 2295 1269 2325 ι
1295 2298 1494 2342 suom
1520 2268 1722 2358 (abuti)
1756 2327 1769 2352 ,
1802 2282 1948 2354 quod
1972 2282 2122 2355 Sym-

523 2384 750 2440 machus
776 2383 1051 2460 ἐξαίρετον,
1100 2380 1152 2435 id
1182 2388 1289 2446 est,
1342 2380 1688 2450 prwcipuum,
1727 2377 1813 2433 vel
1838 2376 2115 2449 egregium,

516 2478 817 2544 transtulit,
840 2476 981 2532 licet
1008 2475 1065 2532 in
1103 2473 1335 2544 quodam
1375 2472 1497 2528 loco
1545 2471 1806 2543 peculiare
1846 2473 2115 2542 interpre-

511 2581 657 2627 tatus
704 2571 796 2625 sit.
840 2568 1067 2638 Quando
1112 2550 1244 2638 ergo
1284 2566 1519 2637 petimus
1568 2573 1628 2620 ut
1656 2563 1987 2635 peculiarem
2033 2561 2121 2619 vel

510 2665 848 2736 praecipuum
866 2662 1037 2720 nobis
1055 2662 1201 2716 Deus
1233 2659 1440 2716 tribuat
1461 2673 1678 2730 panem,
1703 2658 1855 2713 illum
1881 2655 2118 2727 petimus

511 2759 604 2829 qui
634 2757 769 2812 dicit
799 2771 815 2810 :
849 2754 964 2828 Ego
1005 2770 1119 2809 sum
1164 2752 1314 2822 panis
1340 2752 1480 2807 vivus
1505 2751 1593 2821 qui
1621 2751 1686 2806 de
1721 2750 1846 2806 ctelo
1877 2749 2118 2805 descendi

517 2850 702 2924 (Joan.
730 2864 802 2917 νι,
830 2849 948 2919 5i).
987 2848 1044 2901 In
1076 2845 1370 2916 Evangelio
1398 2842 1542 2915 quod
1582 2840 1889 2914 appellatur
1915 2854 2106 2898 secuno

520 2942 653 2998 dum
683 2940 965 3007 Hebraeos,
1001 2951 1101 3008 pro
1133 2931 1617 3007 supersubstantiali
1668 2948 1831 3004 pane,
1885 2932 2064 3003 reperi
2087 2929 2115 2970 δ

513 3048 699 3090 unum
730 3031 929 3105 (nm),
961 3029 1105 3101 quod
1134 3028 1333 3083 dicitur
1352 3027 1670 3092 crastinum,-
1690 3035 1749 3082 ut
1775 3025 1847 3081 sit
1872 3038 2066 3080 sensus
2099 3040 2114 3081 :

2224 1828 2337 1875 tum
2368 1817 2661 1888 provinciae
2691 1818 2993 1876 Palaestina:
3022 1818 3281 1892 loquitur,
3332 1819 3422 1877 ubi
3453 1818 3645 1878 diebus
3676 1818 3826 1878 festis

2222 1912 2404 1969 solent
2427 1927 2635 1984 ungere
2664 1913 2862 1983 capita.
2894 1910 3162 1983 Praecepit
3188 1912 3375 1984 igitur,
3411 1921 3468 1968 ut
3498 1912 3718 1985 quando
3739 1911 3826 1984 je-

2217 2003 2497 2074 junamus,
2548 2004 2705 2061 laetos
2746 2015 2801 2061 et
2843 2004 3067 2061 femivos
3119 2019 3220 2062 nos
3263 2019 3385 2060 esse
3434 2014 3825 2063 monstremus.

2221 2095 2372 2153 Multi
2404 2096 2650 2169 legentes
2676 2096 2808 2154 illud
2831 2096 3138 2154 Psalmistae
3163 2113 3178 2152 :
3211 2095 3396 2152 Oleum
3421 2098 3705 2170 peccatoris
3726 2115 3829 2155 non

2220 2192 2505 2265 impinguet
2532 2201 2685 2263 caput
2715 2208 2882 2247 meum
2915 2191 2933 2263 (
2960 2189 3054 2247 Ps.
3078 2207 3202 2257 cst,
3231 2190 3289 2261 5)
3317 2234 3332 2259 ,
3358 2190 3669 2248 econtrario
3700 2206 3826 2248 esse

2223 2285 2415 2342 volunt
2442 2290 2646 2343 bonum
2675 2285 2877 2354 oleum,
2928 2284 2997 2341 de
3027 2301 3133 2356 quo
3159 2283 3288 2342 alibi
3314 2284 3511 2342 dicitur
3537 2303 3551 2340 :
3584 2282 3748 2341 Unxit
3775 2293 3826 2341 te

2225 2381 2364 2437 Deus
2409 2378 2551 2437 Deus
2585 2388 2705 2435 tuus
2745 2380 2859 2435 oleo
2897 2375 2925 2415 ἀ
2958 2379 3153 2435 Ιωιὶιὶιε
3194 2395 3303 2452 pra:
3342 2377 3684 2452 participibus
3725 2378 3829 2435 tuis

2222 2472 2343 2547 (Ps.
2376 2488 2525 2541 xuv,
2555 2473 2632 2546 8).
2660 2473 2728 2529 Et
2753 2470 2805 2528 id
2836 2470 3087 2543 praecipi,
3120 2479 3180 2526 ut
3206 2481 3532 2529 exercentes
3570 2471 3824 2539 virtutes,

2219 2568 2495 2641 Spirituali
2542 2568 2665 2625 oleo
2717 2567 3018 2638 principale
3053 2565 3393 2640 (ἡγεμονικὸν)
3422 2564 3605 2623 cordis
3652 2565 3826 2623 nostri

2220 2675 2428 2731 ungere
2455 2656 2774 2716 debeamus.

2292 2752 2472 2823 (Vers.
2495 2751 2616 2825 2i.)
2637 2770 2641 2775 '
2662 2751 2764 2808 Ubi
2805 2753 2942 2808 enim
2972 2762 3047 2808 est
3091 2750 3365 2808 thesaurus
3407 2762 3549 2822 tuus,
3574 2750 3646 2806 ibi
3675 2758 3749 2806 est
3777 2758 3824 2805 et

2219 2868 2309 2907 cor
2340 2862 2504 2906 tuum.
2560 2849 2675 2905 Hoc
2720 2864 2829 2905 non
2874 2848 3056 2905 solum
3100 2847 3167 2904 de
3212 2846 3468 2918 pecunia,
3516 2845 3611 2902 sed
3658 2855 3713 2899 et
3756 2844 3825 2902 de

2217 2944 2427 3000 cunctis
2458 2938 2801 3013 passionibus
2826 2939 2916 3013 [Al
2926 2982 2937 2995 .
2973 2937 3452 3011 possessionibus]
3479 2937 3824 2995 sentiendum

2216 3046 2320 3096 est.
2353 3034 2699 3094 Gulosidens
2727 3044 2920 3092 venter
2947 3042 3070 3091 est:
3104 3034 3175 3090 ibi
3207 3048 3338 3104 ergo
3379 3031 3543 3088 habet
3581 3046 3698 3098 cor,
3729 3028 3825 3087 ubi

516 3124 719 3180 Panem
769 3134 1001 3177 nostrum
1031 3121 1331 3184 crastinum,
1367 3117 1418 3173 id
1465 3127 1571 3185 est,
1614 3118 1847 3188 futurum
1874 3115 1943 3170 (la
1970 3114 2117 3170 nobis

2227 3139 2279 3190 et
2306 3131 2618 3188 thesaurum
2649 3129 2756 3206 [AL
2780 3137 2865 3186 est
2896 3126 3229 3201 thesaurus].
3253 3127 3363 3200 36
3388 3127 3681 3183 Luxuriosi
3707 3128 3827 3183 the-

510 3217 682 3273 Itodie.
722 3219 1017 3273 Possumus
1046 3211 1631 3284 supersubstantialem
1663 3226 1855 3283 panem
1877 3219 1934 3267 et
1958 3211 2119 3266 aliter

509 3311 839 3384 intelligere,
868 3309 961 3381 qui
987 3323 1151 3380 super
1180 3321 1374 3363 omnes
1414 3305 1748 3361 substantias
1779 3305 1869 3370 sit,
1902 3314 1958 3359 et
1997 3302 2120 3358 uni-

511 3422 701 3463 versas
732 3413 954 3475 superet
983 3409 1281 3458 creaturas.
1310 3399 1415 3454 Alii
1450 3397 1774 3468 simpliciter
1801 3403 2013 3466 putant,
2039 3409 2121 3451 se-

512 3498 750 3553 cundum
784 3495 1032 3567 Apostoli
1064 3506 1380 3549 sermonem
1407 3489 1638 3543 dicentis
1664 3488 1719 3557 (1
1750 3486 1884 3541 Tim.
1910 3501 1985 3554 vr,
2011 3485 2069 3557 8)
2103 3504 2117 3540 :

521 3589 783 3645 Habentes
813 3589 1000 3641 victum
1032 3593 1079 3639 et
1099 3585 1358 3649 vestitum,
1383 3581 1491 3655 35
1508 3579 1589 3637 his
1601 3582 1823 3635 contenti
1842 3578 2120 3646 sumus,de

514 3680 775 3753 praesenti
801 3688 1008 3733 tantum
1034 3676 1158 3731 cibo
1188 3684 1406 3730 sanctos
1436 3688 1620 3728 curam
1652 3685 1834 3743 agere.
1871 3670 2025 3728 Unde
2065 3680 2121 3727 et

520 3773 574 3827 in
627 3767 1025 3839 posterioribus
1054 3767 1125 3821 sit
1171 3772 1499 3836 praeceptum
1536 3779 1549 3816 :
1583 3763 1763 3818 Nolite
1801 3764 2028 3833 cogitare
2057 3763 2121 3817 de

523 3863 770 3918 crastino.

596 3957 782 4012 Amen.
813 3950 1166 4023 Signaculum
1209 3947 1473 4005 orationis
1501 3948 1798 4006 Dominictc
1826 3957 1909 4005 est
1935 3964 1949 4003 :
1977 3948 2119 4019 quod

517 4047 715 4118 Aquila
756 4048 1169 4115 interpretatur,
1199 4043 1422 4113 ﬁdeliter
1450 4058 1468 4098 :
1495 4057 1617 4110 nos,
1646 4058 1782 4112 rere,
1828 4057 2120 4115 possumus

522 4139 729 4196 dicere.

590 4231 775 4303 (Vers.
811 4229 926 4300 M.)
970 4229 1033 4285 Si
1080 4229 1215 4283 enim
1256 4227 1559 4283 dintiseritis
1588 4227 1885 4283 horninibus
1914 4237 2121 4300 peccata

524 4341 726 4392 eorum,
774 4323 992 4377 dimittet
1022 4331 1070 4375 et
1110 4321 1251 4376 vobis
1291 4319 1451 4374 Pater
1491 4331 1657 4376 vester
1692 4321 1907 4377 caelestis
1932 4322 2121 4377 delicta

520 4427 708 4471 uestra.
742 4426 765 4453 ο
799 4415 913 4469 lloc
937 4412 1081 4483 quod
1111 4412 1375 4483 scriptum
1407 4421 1490 4467 est
1521 4428 1536 4467 :
1570 4411 1683 4483 Ego
1709 4411 1838 4480 dixi,
1873 4414 1947 4467 dii
1972 4413 2115 4484 estis,

2219 3240 2435 3292 saurus,
2461 3222 2635 3293 epulae
2674 3232 2820 3279 sunt.
2853 3221 3085 3291 Lascivi,
3116 3220 3324 3277 ludicra
3353 3237 3370 3277 :
3403 3221 3667 3277 amatoris
3698 3261 3714 3286 ,
3748 3219 3820 3276 li-

2221 3316 2348 3374 bido
2381 3334 2398 3373 :
2428 3314 2563 3371 Huic
2580 3315 2732 3370 servit
2758 3313 3109 3385 unusquisque
3130 3329 3164 3368 a
3187 3329 3290 3385 quo
3316 3313 3541 3367 vincitur
3570 3312 3640 3387 (ll
3673 3311 3824 3368 Petr.

2220 3409 2424 3483 11,19).

2292 3504 2474 3576 (Vers.
2508 3501 2602 3568 22,
2629 3500 2721 3557 25.
2748 3501 2767 3573 )
2806 3500 2867 3559 Si
2898 3501 3078 3557 oculus
3108 3509 3225 3555 tuus
3256 3500 3413 3571 fuerit
3461 3499 3705 3571 simplex,
3749 3508 3829 3555 to-

2221 3604 2333 3650 tum
2372 3611 2560 3666 corpus
2605 3605 2747 3650 tuum
2777 3593 3004 3650 lucidum
3032 3595 3149 3650 erit.
3203 3593 3265 3650 Si
3289 3604 3460 3649 autem
3498 3593 3682 3647 oculus
3708 3602 3828 3648 tuus

2221 3688 2378 3759 fuerit
2406 3704 2648 3758 nequam,
2682 3696 2844 3741 totum
2868 3703 3055 3759 corpus
3087 3697 3231 3740 tuum
3256 3686 3582 3740 tenebrosum
3612 3686 3731 3740 erit.
3765 3684 3829 3741 Si

2219 3793 2343 3849 ergo
2369 3778 2538 3833 lumen
2570 3777 2711 3848 quod
2738 3777 2791 3831 in
2824 3787 2872 3831 te
2897 3787 2993 3845 est,
3024 3776 3244 3832 tenebra:
3272 3776 3405 3844 sint,
3435 3775 3565 3848 ὄρεα»
3604 3775 3829 3831 tenebrae

2220 3877 2430 3941 quanta:
2468 3878 2620 3924 erunt
2643 3869 2665 3924 .'
2692 3868 3005 3940 Lippientcs
3032 3868 3156 3943 [ΑΙ.
3187 3867 3404 3924 additur
3431 3866 3620 3940 oculi]
3648 3868 3831 3924 solent

2220 3958 2471 4015 lucernas
2518 3959 2703 4017 videre
2734 3974 3085 4015 numerosas:
3109 3958 3341 4029 simplex
3364 3959 3552 4015 oculus
3571 3968 3628 4015 et
3652 3974 3822 4030 purus

2220 4049 2491 4120 simplicia
2521 4051 2761 4107 intuetur
2789 4059 2843 4106 et
2872 4065 3025 4122 pura.
3076 4049 3194 4108 Hoc
3221 4058 3392 4107 totum
3427 4050 3722 4108 transferet
3760 4051 3829 4107 ad

2222 4159 2468 4200 sensum.
2498 4142 2785 4213 Quomodo
2813 4144 2959 4199 enim
2992 4158 3210 4215 corpus,
3241 4144 3286 4199 si
3314 4144 3509 4200 oculus
3531 4160 3643 4201 non
3663 4145 3830 4202 fuerit

2221 4235 2473 4307 simplex,
2496 4244 2667 4290 totum
2697 4234 2751 4290 in
2778 4235 3017 4292 tenebris
3047 4244 3132 4291 est
3167 4255 3180 4292 :
3223 4235 3295 4291 ita
3317 4234 3519 4304 anima,
3550 4235 3594 4293 si
3625 4238 3831 4308 princi-

2222 4327 2396 4396 palem
2439 4324 2702 4397 fulgorem
2733 4341 2891 4382 suum
2924 4326 3248 4398 perdiderit,
3294 4327 3582 4384 universus
3631 4344 3829 4386 sensus

2222 4417 2278 4473 in
2323 4417 2553 4489 caligine
2605 4418 3058 4477 commorabitur.
3109 4417 3171 4475 Si
3213 4406 3347 4490 ergo
3377 4418 3561 4475 lumen
3589 4420 3738 4490 quod
3772 4420 3826 4474 in

521 4516 569 4563 et
599 4505 697 4575 ﬁlii
720 4504 904 4560 excelsi
934 4520 1107 4559 omnes
1138 4519 1158 4558 :
1186 4519 1273 4558 vos
1300 4518 1418 4556 vero
1453 4512 1507 4556 ut
1546 4502 1779 4558 homines
1805 4505 2117 4573 moriemini,

2227 4516 2406 4577 teest,
2450 4509 2693 4567 tenebrae
2724 4511 2855 4580 sint,
2903 4509 3034 4581 ipsa:
3079 4510 3321 4567 tenebrae
3360 4520 3577 4581 quantae
3619 4511 3822 4567 erunt!

521 4610 569 4655 et
612 4609 872 4670 tamquam
899 4612 1032 4650 unus
1062 4596 1127 4650 de
1166 4593 1486 4664 principibus
1528 4594 1721 4649 cadetis
1762 4595 1898 4670 (Ps.
1931 4613 2120 4667 um,

523 4689 579 4757 6,
608 4690 689 4762 7),
714 4689 783 4744 ad
809 4703 905 4744 eos
930 4687 1128 4743 dicitur
1152 4688 1243 4757 qui
1274 4697 1496 4757 pr0pter
1519 4695 1739 4758 peccata
1779 4689 2026 4747 homines
2050 4704 2120 4747 ex

524 4781 631 4838 diis
660 4795 783 4837 esse
814 4787 1152 4835 meruerunt.
1196 4779 1366 4834 Recte
1395 4793 1527 4849 ergo
1549 4790 1604 4835 et
1629 4780 1684 4835 hi
1715 4782 1908 4852 quibus
1934 4798 2126 4853 pecca-

524 4880 579 4928 ta
605 4872 974 4934 dimittuntur,
1005 4868 1256 4926 homines
1284 4870 1547 4941 appellati
1576 4880 1721 4927 sunt.

596 4967 780 5039 (Vers.
806 4964 923 5037 16.)
954 4963 1313 5021 Exterminant
1341 4968 1479 5021 enim
1501 4968 1664 5038 facies
1688 4983 1844 5035 suas,
1872 4978 1930 5024 ut
1959 4985 2121 5041 appa-

596 5117 621 5145 ‘I
657 5106 713 5161 In
747 5122 879 5163 mss.
910 5104 1150 5177 Sagolla,
1173 5104 1315 5176 quod
1348 5104 1478 5177 etin
1502 5106 1913 5177 commentariis
1944 5106 1996 5162 in
2020 5106 2131 5162 Ma-

522 5179 930 5303 lachiatnncqp.
963 5176 1042 5243 tn,
1068 5178 1122 5231 in
1158 5177 1265 5232 [inc
1288 5176 1621 5232 monuimus.
1656 5176 1858 5233 Recole
1878 5194 2001 5234 eum
2046 5179 2130 5234 lo-

530 5264 676 5303 cum.
709 5264 755 5303 SI
811 5265 841 5302 ιι
868 5257 957 5302 iet.

530 5264 676 5312 cum,
709 5249 755 5303 si
788 5250 957 5303 luhct.

602 5319 631 5358 δ
664 5319 780 5375 Duo
809 5333 965 5383 mss.,
995 5317 1168 5383 Noar,
1199 5315 1290 5371 alii
1318 5314 1490 5371 Maar.
1521 5316 1811 5385 Repererit
1848 5332 1977 5374 vero
2003 5318 2127 5372 Ilie-

530 5404 788 5459 ronymus
817 5390 872 5444 in
898 5404 963 5443 eo
1010 5388 1304 5459 Evangelia
1333 5393 1499 5447 ﬁﬁD‘t
1528 5384 1780 5459 Demiror,
1814 5398 1908 5444 aut
1938 5387 2127 5459 Dama-

533 5458 652 5527 Itar,
682 5460 949 5529 siquidem
992 5458 1044 5514 id
1092 5458 1235 5529 quod
1278 5461 1563 5529 crastinum
1591 5458 1999 5529 interpretatur,
2039 5458 2123 5512 in-

533 5535 680 5588 venit
711 5528 1087 5588 :iecontrario
1116 5528 1258 5585 enim
1294 5528 1486 5583 Maltar
1514 5528 1775 5586 llehraicc
1814 5539 1968 5596 mn,
2011 5544 2125 5584 cras

533 5633 742 5681 tantum
786 5634 966 5693 sonat,
1005 5639 1128 5679 cum
1174 5623 1404 5679 articulo
1439 5633 1619 5679 autem
1649 5623 1953 5689 crastinum,
1982 5605 2127 5711 ’ρει-ιθ

532 5728 696 5779 unm
722 5733 905 5788 partem
934 5727 1167 5774 nostrum
1194 5717 1503 5772 crastinum.
1521 5717 1615 5773 Est
1647 5731 1780 5773 vero
1811 5715 1901 5772 ille
1925 5714 2126 5773 articu-

2226 4603 2284 4662 Si
2313 4619 2507 4661 sensus
2527 4605 2619 4675 qui
2641 4604 2822 4659 iumen
2852 4612 2930 4658 est
2948 4647 2962 4672 ,
2987 4603 3184 4659 anima:
3211 4603 3346 4659 vitio
3366 4601 3651 4675 caligatur,
3686 4603 3824 4677 ipsa,

2226 4706 2407 4767 putas,
2441 4696 2616 4769 caligo
2647 4696 2843 4768 quibus
2871 4696 3112 4753 tenebris
3138 4695 3499 4751 obvolveturl

2300 4791 2485 4863 (Vers.
2511 4790 2635 4860 24.)
2667 4788 2791 4845 Non
2820 4790 3030 4861 potestis
3058 4786 3169 4843 Deo
3198 4789 3390 4844 servire
3415 4796 3461 4843 et
3491 4804 3823 4846 mammonw.

2231 4881 2538 4937 blamtnona
2576 4896 2835 4938 sermone
2902 4880 3128 4953 Syriaco
3171 4879 3379 4936 divitiae
3420 4889 3822 4951 nuncupantur.

2240 4971 2363 5028 Non
2403 4973 2613 5044 potestis
2642 4971 2752 5028 Deo
2791 4972 2978 5028 seruire
3018 4980 3069 5027 et
3098 4986 3423 5027 mammonae.
3478 4970 3676 5028 Audiat
3724 4972 3828 5028 hoc

2234 5107 2321 5164 lus
2346 5120 2380 5169 ’ς
2408 5123 2516 5166 non
2544 5107 2807 5175 Hebreis,
2839 5106 2935 5165 sed
2973 5105 3245 5162 Chaldaeis
3269 5105 3530 5177 Syrisque
3564 5117 3829 5177 [emacu-

2234 5178 2321 5235 lus
2357 5197 2370 5237 :
2399 5196 2468 5236 ex
2496 5195 2607 5250 quo
2633 5174 3138 5250 rursumculligas,
3183 5174 3507 5250 quamquam
3563 5174 3828 5250 Hierony-

2232 5265 2355 5307 mus
2383 5246 2636 5307 absolute
2672 5250 2817 5304 dicst
2859 5246 3122 5305 Hebriice
3168 5246 3425 5311 scriptum
3471 5246 3823 5312 Evangelium

2233 5321 2388 5385 illud,
2418 5336 2526 5376 non
2560 5318 2825 5376 llebraico
2847 5334 3118 5385 sermone,
3148 5320 3242 5373 sed
3266 5317 3821 5388 Chaltlaico,Syrove,

2230 5401 2325 5463 aut
2369 5392 2624 5463 Chaldxo
2665 5390 3143 5463 lerosolymitano,
3187 5388 3574 5458 Hebraicisque
3614 5395 3826 5443 tantum

2233 5461 2429 5518 litteris
2461 5465 2850 5529 conscriptum.

2312 5542 2335 5573 ε
2358 5532 2511 5603 Unus
2535 5534 2834 5597 Palatinus,
2868 5534 2929 5590 Si
2954 5534 3052 5589 hoc
3075 5532 3214 5603 quod
3232 5532 3481 5603 scriptum
3503 5538 3596 5603 est.

2305 5602 2333 5641 ιι
2352 5602 2488 5663 Tres
2509 5604 2738 5663 Palatini
2763 5604 3004 5674 codices,
3037 5600 3151 5661 oleo
3178 5600 3560 5660 mutationis.
