3966 6296
509 254 578 309 47
1760 246 1819 303 S.
1863 242 2128 302 EUSEBII
2166 242 2553 301 lllERONYMl
3734 239 3806 296 48

510 364 739 420 culicem
781 364 1073 435 liquautes,
1124 371 1177 417 et
1219 360 1484 416 camelum
1533 358 1830 429 glutientes
1877 358 2104 429 (Matth.
2135 360 2184 420 A
2214 360 2587 431 ingrediatur,
2634 359 2883 413 hortatur
2935 357 2980 430 (l
3016 357 3152 411 Tim.
3200 356 3279 428 v).
3307 353 3589 423 Simulque
3628 354 3813 408 consi-

516 457 693 526 χχιιι).
728 456 896 513 Recte
927 470 1057 525 ergo
1084 463 1139 508 et
1162 453 1249 507 isti
1281 452 1628 507 simulatione
1653 452 1901 521 justitizc,
1929 461 1989 506 ut
2018 468 2106 507 su-

509 568 608 621 pra
660 552 918 615 diximus,
964 550 1305 623 appellantur
1355 547 1679 618 hypocriten,
1729 547 1820 615 qui
1866 561 1962 616 per
1995 556 2107 601 tra-

518 645 637 698 bem
683 643 826 698 oculi
872 642 980 708 sui,
1029 640 1297 696 festucam
1342 638 1395 693 in
1427 639 1585 694 oculo
1631 637 1815 693 fratris
1845 638 1928 693 sui
1967 637 2109 707 aspi-

513 735 687 790 ciunt.

588 827 767 897 (Vers.
801 826 882 896 6.)
926 824 1106 879 Nolite
1134 833 1371 878 sanctum
1402 824 1527 878 dare
1554 825 1788 879 canibus.
1825 824 2107 890 Sanctum,

515 914 669 987 panis
702 929 785 972 est
817 916 1077 971 filiorum.
1103 916 1221 971 Non
1245 915 1508 971 debemus
1534 930 1666 986 ergo
1695 914 1890 972 tollere
1915 929 2112 985 panem

510 1008 748 1064 filiorum
776 1016 834 1063 et
860 1008 993 1063 dare
1020 1023 1145 1063 eum
1173 1008 1418 1063 canibus.

589 1098 775 1171 Neque
803 1100 1021 1155 mittatis
1065 1099 1378 1169 margaritas
1418 1106 1611 1153 vestras
1642 1108 1761 1153 ante
1804 1114 2009 1170 porcos,
2051 1114 2113 1151 ne

511 1196 644 1266 forte
670 1192 974 1247 couculcent
997 1208 1085 1247 eas
1113 1190 1331 1261 pedibus
1352 1191 1485 1257 suis,
1530 1200 1576 1245 et
1608 1191 1841 1245 conversi
1886 1191 2113 1245 disrum-

508 1296 635 1356 punt
662 1302 767 1339 vos.
803 1285 1009 1340 Porcus
1036 1299 1144 1339 non
1176 1284 1370 1353 recipit
1396 1291 1642 1338 ornatum
1668 1324 1683 1349 ,
1738 1283 1831 1353 qui
1862 1293 2114 1338 versatur

516 1382 571 1435 in
592 1378 895 1435 volutabris
915 1378 1035 1431 luti.
1069 1377 1135 1431 Et
1154 1377 1313 1447 juxta
1338 1375 1629 1431 Proverbia
1660 1374 1970 1431 Salomonis
2005 1394 2015 1428 :
2052 1374 2113 1430 Si

516 1474 751 1529 habuerit
774 1472 1026 1526 circulum
1055 1487 1270 1525 aureum
1294 1514 1308 1538 ,
1357 1470 1813 1541 fmdiorinvenitur
1834 1468 2111 1539 (Prov.x1,

511 1566 627 1636 22).
648 1562 875 1632 Quidam
889 1577 1160 1618 caneseos
1182 1559 1293 1632 39
1312 1560 1535 1631 intelligi
1551 1560 1760 1628 volunt,
1783 1559 1875 1629 qui
1904 1569 2024 1629 post
2054 1559 2114 1613 fi-

515 1658 640 1713 dem
656 1655 856 1712 Cbristi
872 1664 1216 1710 revertuntur
1237 1652 1304 1707 ad
1329 1655 1591 1707 vomitum
1615 1660 1962 1721 peccatorum
1981 1665 2112 1705 suo-

2212 454 2344 508 dera
2397 469 2556 524 quam
2608 454 2889 523 signanter
2929 452 2996 506 de
3040 461 3271 520 utraque
3321 450 3405 503 via
3459 449 3669 503 locutus
3717 448 3806 502 sit.

2210 545 2320 618 40
2349 547 2451 602 Per
2484 547 2646 601 latam
2671 546 2822 601 multi
2867 545 3169 609 ambulant,
3203 552 3488 614 augustam
3520 540 3682 610 pauci
3725 541 3811 595 in-

2211 639 2455 693 veniunt.
2487 638 2677 693 Latam
2710 653 2815 692 non
2844 636 3163 707 quaerimus,
3191 650 3293 690 nec
3324 632 3648 690 inventione
3675 648 3811 703 opus

2212 739 2297 786 est
2330 749 2341 784 :
2375 740 2570 800 sponte
2598 746 2658 785 se
2692 729 2870 797 offert,
2905 739 2960 784 et
3006 728 3301 785 errantium
3348 728 3434 782 via
3467 735 3573 782 est.
3620 725 3807 796 Angu-

2213 833 2355 878 stam
2386 839 2538 894 vero,
2586 839 2686 879 nec
2727 837 2917 879 omnes
2952 823 3258 885 inveniunt,
3310 836 3411 877 nec
3443 820 3535 891 qui
3582 821 3807 876 inveneo

2214 916 2342 985 rint,
2374 917 2557 972 statim
2584 916 2963 985 ingrediuntur
2992 931 3089 985 per
3119 930 3259 969 eam.
3309 911 3590 984 Siquidem
3633 912 3813 977 multi,

2215 1007 2437 1063 inventa
2462 1008 2708 1063 veritatis
2749 1008 2834 1061 via
2862 1048 2877 1073 ,
2910 1007 3054 1075 capti
3096 1005 3281 1061 saeculi
3312 1003 3701 1076 voluptatibus,
3746 1003 3816 1059 de

2216 1100 2397 1156 medio
2425 1100 2623 1155 itinere
2672 1108 3042 1155 revertuntur.

2289 1190 2471 1260 (Vers.
2524 1191 2592 1245 15
2639 1190 2783 1262 seq.)
2827 1190 3089 1244 Attendite
3124 1208 3157 1245 a
3195 1190 3343 1257 falsis
3398 1188 3686 1261 prOpItetis,
3729 1189 3816 1259 qui

2214 1283 2420 1337 veniunt
2456 1282 2525 1336 ad
2549 1298 2635 1336 vos
2661 1283 2717 1335 in
2762 1282 3079 1336 vestimentis
3116 1283 3289 1335 ovium
3316 1298 3336 1336 :
3365 1282 3675 1335 intrinsecus
3706 1296 3819 1333 au-

2217 1386 2317 1431 tent
2340 1385 2458 1432 sunt
2492 1378 2603 1449 lupi
2634 1394 2868 1449 rapaces.
2915 1379 2957 1431 Α
2988 1378 3248 1449 fructibus
3280 1395 3457 1433 eorum
3495 1378 3816 1447 cognoscetis

2217 1486 2326 1525 eos.
2362 1469 2637 1539 Numquid
2670 1469 2924 1543 colligunt
2946 1470 3009 1523 de
3031 1472 3206 1541 spinis
3232 1487 3378 1535 uvas,
3406 1479 3497 1524 aut
3524 1471 3589 1524 de
3612 1470 3819 1524 tribulis

2216 1565 2347 1633 ficus
2371 1564 2398 1617 1’
2437 1564 2511 1616 sic
2541 1564 2709 1618 omnis
2735 1565 2887 1618 arbor
2907 1565 3041 1618 bona
3068 1566 3274 1629 fructus
3298 1565 3455 1621 bonos
3485 1566 3609 1635 facit
3633 1581 3651 1618 :
3680 1564 3822 1618 mala

2216 1663 2385 1708 autem
2442 1655 2599 1709 arbor
2646 1656 2816 1710 malos
2870 1659 3070 1726 fructus
3123 1658 3269 1727 facit.
3332 1657 3399 1711 Et
3456 1656 3525 1711 de
3565 1658 3819 1713 omnibus

518 1765 641 1804 rum
670 1765 683 1801 :
714 1762 911 1817 porcos
939 1756 1121 1802 autem
1150 1760 1247 1801 eos
1275 1744 1369 1816 qui
1398 1744 1627 1800 necdum
1657 1742 1962 1815 Evangelia
1991 1758 2111 1799 cre-
2141 1734 2191 1795 Β
2219 1754 2245 1782 ι
2273 1746 2496 1816 quidem
2536 1747 2770 1819 intelligi
2817 1757 3015 1816 potest,
3051 1749 3142 1818 qui
3182 1748 3328 1803 aliud
3362 1748 3547 1803 habitu
3595 1763 3661 1805 ac
3699 1764 3822 1803 ser-

520 1841 800 1908 diderunt,
829 1848 887 1895 et
914 1840 966 1894 in
995 1840 1112 1894 luto
1142 1836 1538 1893 incredulitatis
1568 1836 1821 1904 vitiisque
1878 1851 2111 1890 versan-

519 1945 627 1990 tur.
661 1933 776 1988 Non
799 1932 1056 1989 convenit
1088 1931 1249 2001 igitur
1277 1931 1437 1985 istius
1463 1927 1610 1983 modi
1658 1926 1973 1983 hominibus
2004 1928 2115 1983 cito

516 2028 901 2098 Evangelicum
949 2024 1176 2080 credere
1236 2024 1634 2093 margaritum,
1681 2037 1750 2077 ne
1793 2020 2117 2077 couculcent

517 2120 675 2186 illud,
706 2126 764 2176 et
790 2117 1045 2174 conversi
1078 2131 1179 2171 nos
1207 2115 1473 2184 incipiant
1501 2113 1795 2183 dissipare.

584 2214 770 2285 (Vers.
802 2214 833 2265 7
861 2210 1006 2281 seq.)
1072 2208 1273 2274 Petite,
1317 2217 1363 2261 et
1399 2207 1609 2261 dabitur
1649 2206 1789 2261 vobis
1829 2222 1847 2261 :
1878 2208 2114 2277 quan-ite,

515 2319 564 2362 et
586 2305 889 2361 invenietis:
921 2303 1144 2372 pulsate,
1176 2312 1223 2355 et
1255 2301 1523 2368 aperietur
1549 2300 1709 2354 vobis.
1764 2298 1942 2353 Omnis
1983 2301 2121 2355 enim

512 2401 603 2472 qui
630 2398 774 2468 petit,
824 2398 1010 2468 accipit
1039 2413 1057 2462 ;
1087 2405 1132 2449 et
1159 2396 1249 2466 qui
1279 2395 1488 2458 quaerit,
1531 2394 1727 2448 invenit
1750 2411 1770 2459 ;
1802 2402 1847 2447 et
1886 2394 2119 2464 pulsanti

515 2491 803 2563 aperietur.
827 2489 929 2543 Aut
959 2488 1073 2557 quis
1094 2494 1170 2542 est
1196 2503 1260 2541 ea:
1280 2486 1423 2541 vobis
1448 2485 1624 2552 homo,
1658 2503 1809 2555 quem
1835 2488 1880 2539 si
1913 2489 2120 2558 petierit

515 2584 658 2653 ﬁlius
689 2599 817 2637 suus
843 2597 1053 2653 panem,
1081 2581 1331 2650 numquid
1353 2581 1585 2651 lapidem
1607 2582 1837 2652 porriget
1882 2584 1927 2637 ei
1950 2585 1975 2635 ἱ)
2014 2584 2117 2637 Aut

516 2676 563 2729 si
609 2674 799 2746 piscem
844 2672 1073 2739 petierit,
1128 2672 1382 2741 numquid
1420 2678 1705 2742 serpentem
1753 2674 1977 2743 porriget
2023 2675 2067 2727 ei
2094 2675 2121 2728 ?

516 2768 618 2835 Qui
669 2766 914 2822 carnalia
962 2779 1122 2834 supra
1169 2772 1417 2819 vetuerat
1455 2765 1746 2845 postulari,
1796 2766 1923 2835 quid
1972 2781 2119 2836 qum-

515 2875 644 2915 rere
687 2857 991 2913 debeamus
1029 2854 1291 2910 ostendit.
1326 2856 1381 2910 Si
1409 2856 1620 2926 petenti
1649 2858 1839 2924 datur,
1871 2867 1926 2912 et
1966 2873 2119 2928 quae-

518 2966 651 3009 rens
679 2950 910 3015 invenit,
941 2959 997 3005 et
1024 2948 1259 3019 pulsanti
1288 2950 1532 3019 aperitur
1568 2969 1581 3005 :
1607 2965 1739 3020 ergo
1767 2950 1854 3004 cui
1885 2966 1992 3005 non
2023 2950 2120 3006 da-

521 3056 627 3111 tur,
665 3053 721 3100 et
749 3044 841 3114 qui
885 3057 991 3096 non
1024 3041 1272 3109 invenit,
1313 3050 1369 3096 et
1397 3043 1481 3096 cui
1511 3056 1616 3096 non
1643 3044 1920 3112 aperitur,
1952 3058 2120 3112 appa-

520 3148 603 3193 ret
632 3135 774 3205 quod
805 3149 915 3190 non
943 3134 1083 3189 bene
1114 3134 1359 3202 petierit,
1408 3134 1687 3203 quu'sierit
1712 3142 1767 3187 et
1794 3134 2115 3202 pulsaverit.

520 3229 813 3284 Pulsemus
855 3228 1038 3296 itaque
1080 3224 1307 3295 januam
1361 3223 1591 3291 Christi,
1642 3225 1709 3280 de
1757 3241 1864 3295 qua
1912 3225 2117 3281 dictum

516 3332 645 3379 est:
693 3319 824 3375 Haec
875 3327 1029 3388 porta
1076 3316 1308 3381 Domini,
1352 3318 1484 3389 justi
1542 3318 1814 3372 intrabunt
1871 3336 1962 3389 per
2005 3336 2119 3374 eam

521 3412 644 3482 (Ps.
679 3428 846 3481 cxvu,
874 3411 1016 3481 20);
1064 3418 1129 3464 ut
1169 3425 1291 3464 cum
1343 3412 1753 3477 intraverimus,
1800 3412 2122 3480 aperiantur

520 3506 679 3561 nobis
705 3504 947 3560 thesauri
972 3500 1279 3556 absconditi
1303 3508 1359 3553 et
1388 3500 1667 3554 tenebrosi
1694 3500 1746 3553 in
1782 3500 2001 3554 Christo
2022 3499 2118 3556 Je—

521 3614 610 3663 su,
644 3600 697 3651 in
719 3611 828 3667 quo
855 3604 937 3649 est
958 3593 1138 3648 omnis
1165 3592 1393 3646 scientia
1423 3590 1650 3659 (Coloss.
1684 3590 1769 3663 ιι).

598 3688 781 3758 (Vers.
812 3686 902 3751 11,
931 3684 1049 3753 12.)
1090 3683 1153 3738 Si
1201 3699 1322 3754 ergo
1348 3698 1436 3737 vos
1484 3701 1599 3738 cum
1643 3687 1756 3740 sitis
1788 3688 1932 3750 mali,
1960 3689 2122 3743 nostis

523 3784 658 3836 bona
684 3779 811 3832 dare
840 3777 965 3847 ﬁliis
988 3777 1192 3841 vestris,
1223 3786 1418 3843 quanto
1443 3779 1609 3848 magis
1641 3777 1803 3833 Pater
1830 3788 1996 3835 vester
2034 3782 2122 3850 qui

521 3874 577 3927 in
617 3871 755 3926 cretis
806 3880 906 3939 est,
956 3868 1098 3921 dabit
1148 3867 1286 3923 bona
1322 3870 1608 3937 petentibus
1639 3873 1728 3926 se!
1786 3871 1973 3927 Omnia
2001 3890 2122 3946 ergo

526 3978 860 4033 quiscumque
906 3959 1063 4015 vultis
1111 3971 1168 4014 ut
1209 3961 1407 4028 faciant
1453 3964 1593 4017 vobis
1640 3963 1892 4032 homines,
1939 3977 1987 4021 et
2036 3985 2124 4024 vos

531 4057 683 4127 facite
712 4054 838 4108 illis.
873 4051 998 4106 ch
1019 4064 1093 4107 est
1118 4054 1254 4107 enim
1277 4052 1386 4108 Lex
1407 4063 1453 4107 et
1483 4054 1785 4126 Prophetw.
1817 4058 2122 4115 Notandum

528 4144 673 4217 quod
715 4142 998 4214 apostolos
1024 4143 1203 4199 malos
1254 4143 1478 4211 dixerit,
1515 4145 1624 4201 nisi
1657 4146 1801 4204 forte
1849 4150 1950 4207 sub
1978 4150 2126 4221 Apo-

532 4239 794 4295 stolorum
822 4252 1055 4309 persona
1087 4252 1249 4293 omne
1281 4238 1563 4295 hominum
1592 4240 1884 4298 damnetur
1930 4260 2123 4316 genus,

529 4330 687 4401 cujus
732 4328 800 4384 ad
847 4330 1312 4398 comparationem
1344 4329 1549 4385 divinas
1593 4333 1898 4405 clementiae
1938 4338 2007 4391 ab
2047 4339 2130 4393 in-

533 4422 705 4478 fantia
743 4435 840 4476 cor
886 4420 954 4476 ad
1002 4422 1212 4476 malum
1253 4423 1490 4492 positum
1517 4433 1621 4479 est.
1670 4425 1813 4497 Lege
1852 4428 2125 4498 icenesim

535 4512 748 4585 (Cenes.
790 4512 930 4582 vut).
966 4512 1078 4569 Nec
1124 4514 1324 4568 mirum
1362 4515 1410 4569 si
1453 4515 1701 4573 homines
1738 4518 1900 4590 hujus
1940 4525 2127 4580 saeculi

536 4605 670 4661 dicit
708 4606 906 4670 malos,
949 4620 1072 4661 cum
1124 4616 1181 4662 et
1229 4606 1430 4662 Paulus
1474 4611 1757 4678 apostolus
1812 4625 2128 4671 memoret:

539 4697 869 4753 Redimentes
900 4707 1100 4769 tempus
1129 4741 1144 4767 ,
1170 4698 1418 4769 quoniam
1446 4701 1555 4755 dies
1582 4703 1711 4756 mali
1751 4714 1869 4759 sunt
1908 4706 2131 4778 (Ephes.

540 4808 595 4858 v,
638 4791 765 4861 16).

614 4881 795 4952 (Vers.
842 4882 931 4948 15,
967 4883 1079 4953 ll.)
1118 4881 1321 4938 Intrate
1348 4901 1439 4954 per
1464 4895 1738 4957 angustant
1767 4900 1991 4959 portam,
2013 4894 2136 4965 quia

540 4979 649 5033 lata
681 4986 833 5046 porta
862 4987 908 5031 et
941 4978 1171 5048 spatiosa
1199 4979 1281 5032 via
1332 4988 1406 5033 est
1437 4996 1555 5050 qua:
1583 4982 1729 5036 ducit
1773 4986 1843 5038 ad
1889 4988 2135 5055 perditio-

538 5086 676 5133 nem,
710 5080 757 5123 et
782 5070 933 5122 multi
960 5079 1079 5123 sunt
1100 5072 1190 5140 qui
1215 5072 1411 5125 intrant
1440 5090 1531 5141 per
1551 5090 1683 5128 eam.
1721 5076 1890 5143 Quam
1916 5091 2141 5153 angusta

539 5172 712 5232 porta,
758 5170 810 5216 et
853 5171 997 5215 arcta
1036 5162 1120 5215 via
1157 5172 1229 5215 est
1270 5178 1388 5232 qua:
1409 5164 1641 5220 ducitad
1668 5170 1824 5222 vitam
1848 5172 1869 5225 .'
1893 5181 1940 5225 et
1981 5175 2138 5245 pauci

544 5264 667 5307 sunt
711 5254 801 5322 qui
846 5253 1113 5307 inveniunt
1160 5269 1293 5306 eam.
1324 5253 1458 5309 Lata
1510 5259 1596 5311 via
1628 5268 1712 5313 est
1753 5264 1941 5317 sagculi
1989 5267 2141 5320 volu-

542 5353 684 5413 ptas,
736 5360 899 5416 quam
950 5353 1213 5415 appetunt
1265 5345 1535 5403 homines.
1580 5350 1845 5421 Angusta,
1882 5370 2002 5425 qua:
2034 5373 2133 5427 per

542 5435 761 5492 labores
790 5446 846 5492 et
870 5436 1077 5507 jejunia
1123 5437 1394 5506 panditur,
1438 5456 1599 5511 quam
1642 5455 1696 5499 et
1726 5445 2019 5516 Apostolus
2043 5450 2129 5505 in-

544 5544 764 5597 gressus
787 5538 872 5585 est
886 5529 952 5601 (ll
974 5528 1094 5584 Cor.
1112 5532 1284 5603 vt,xt)
1322 5550 1335 5586 :
1370 5541 1425 5588 et
1456 5543 1513 5588 ut
1540 5533 1855 5594 Timotheus
1886 5556 1983 5608 per
2009 5557 2130 5599 eam

598 5649 642 5721 ,η
671 5640 1175 5724 .Vpculamquidem
1211 5659 1343 5702 mss.
1372 5647 1543 5704 nostri
1583 5651 1854 5723 supplent.
1882 5653 2129 5717 ’Leviora

543 5708 650 5767 alia
670 5711 808 5767 infra
835 5708 1121 5784 castigant.

2216 1854 2378 1893 mone
2430 1839 2776 1909 promittunt,
2831 1839 2975 1894 aliud
3023 1855 3194 1910 opere
3253 1840 3655 1896 demonstrant.
3711 1840 3821 1896 Sed

2215 1932 2530 2002 specialiter
2577 1932 2644 1987 de
2691 1934 2962 1988 hatreticis
3012 1933 3420 2003 intelligendum
3449 1943 3554 2001 est,
3593 1934 3687 2004 qui
3739 1935 3821 1988 vi-

2216 2023 2415 2079 dentur
2458 2024 2818 2089 continentia,
2867 2026 3161 2090 castitate,
3206 2024 3442 2094 jejunio,
3498 2026 3655 2094 quasi
3693 2040 3825 2097 qua-

2216 2120 2340 2175 dam
2374 2125 2596 2193 pietatis
2625 2139 2685 2179 se
2725 2133 2879 2179 veste
2908 2123 3271 2188 circumdare,
3306 2122 3642 2177 intrinsecus
3692 2137 3823 2179 vero

2223 2214 2487 2272 habentes
2516 2218 2757 2271 animum
2781 2224 3133 2283 venenatum,
3168 2216 3561 2286 simpliciorum
3589 2217 3819 2272 fratrum

2220 2309 2384 2363 corda
2429 2309 2734 2379 decipiunt.
2786 2310 2869 2365 Ex
2897 2310 3160 2365 fructibus
3192 2324 3323 2380 ergo
3369 2310 3588 2378 animm,
3621 2311 3824 2381 quibus

2219 2402 2591 2457 innocentiam
2647 2403 2713 2458 ad
2774 2404 2986 2458 ruinam
3040 2403 3281 2471 trahunt,
3343 2403 3485 2473 lupis
3536 2404 3825 2475 rapacibus

2219 2504 2630 2565 comparantur.

2291 2591 2493 2665 (Vers.
2531 2593 2597 2647 18
2646 2591 2810 2662 seq.)
2854 2591 2978 2646 Non
3029 2599 3192 2661 potest
3242 2590 3396 2645 arbor
3436 2590 3569 2645 bona
3617 2594 3822 2663 fructus

2221 2683 2385 2739 malos
2419 2688 2590 2750 facere
2612 2701 2630 2738 :
2658 2702 2819 2755 neque
2857 2684 3013 2739 arbor
3042 2685 3179 2739 maia
3210 2686 3410 2755 fructus
3445 2684 3602 2737 bonos
3628 2688 3820 2753 facere.

2223 2776 2404 2831 Omnis
2423 2777 2577 2831 arbor
2601 2792 2715 2845 qua:
2738 2794 2841 2831 non
2861 2778 2987 2848 facit
3016 2781 3246 2849 fructum
3268 2778 3481 2843 bonum,
3525 2776 3821 2844 cxcidetur,

2218 2880 2267 2925 et
2301 2872 2351 2925 in
2381 2873 2551 2942 ignem
2576 2873 2825 2926 mittetur.
2860 2870 3033 2945 Igitur
3062 2888 3127 2926 ea:
3152 2872 3404 2941 fructibus
3432 2885 3609 2924 eorum
3631 2886 3828 2939 cogno-

2221 2965 2372 3017 scetis
2412 2980 2518 3019 eos.
2550 2964 2877 3033 Quaeramus
2907 2964 3325 3034 abzhmreticis,
3372 2964 3464 3035 qui
3513 2964 3647 3018 duas
3685 2964 3827 3019 inter

2222 3071 2282 3110 se
2306 3056 2616 3111 contrarias
2665 3056 2854 3112 dicunt
2883 3072 3005 3112 esse
3054 3065 3303 3122 naturas,
3355 3055 3399 3110 si
3427 3056 3578 3125 juxta
3620 3056 3830 3111 intelli—

2223 3152 2462 3221 gentiam
2512 3166 2728 3218 eorum,
2778 3151 2950 3206 arbor
2984 3150 3125 3205 bona
3174 3150 3349 3205 malos
3395 3151 3607 3205 fructus
3645 3149 3831 3206 facere

2223 3257 2519 3312 numquam
2576 3251 2799 3313 potest,
2850 3242 3127 3313 quomodo
3185 3244 3419 3313 Moyses'
3469 3242 3630 3297 arbor
3685 3243 3832 3297 bona

2223 3336 2539 3406 peccaverit
2566 3336 2631 3388 ad
2673 3350 2866 3405 aquam
2898 3333 3348 3390 contradictionis
3388 3332 3568 3403 (Deut.
3601 3333 3780 3403 χχχιι)
3812 3350 3825 3387 :

2227 3437 2284 3482 et
2319 3428 2511 3491 David,
2573 3427 2702 3483 Uria
2762 3428 3073 3493 interfecto,
3102 3442 3225 3482 cum
3273 3427 3577 3483 Betbsabee
3621 3441 3833 3481 concu.

2224 3518 2409 3573 buerit
2442 3518 2510 3586 (ll
2563 3517 2691 3589 Reg.
2742 3518 2870 3590 x1):
2924 3506 3120 3574 Petrus
3169 3532 3386 3588 quoque
3456 3519 3509 3572 in
3565 3516 3836 3574 Passione

2222 3608 2251 3648 ι’
2286 3609 2502 3665 Domini
2551 3610 2788 3682 negarit,
2837 3610 3028 3666 dicens
3062 3629 3076 3664 :
3109 3611 3301 3666 Nescio
3342 3610 3605 3666 hominem
3634 3610 3829 3680 (Matt.

2222 3718 2368 3770 xxvr,
2399 3702 2491 3775 72)
2521 3721 2533 3757 :
2569 3714 2662 3758 aut
2695 3720 2797 3774 qua
2824 3704 3223 3774 consequentia
3253 3702 3443 3759 Jetbro
3486 3717 3645 3758 socer
3676 3704 3832 3776 Moy-

2224 3796 2268 3849 si
2299 3797 2459 3851 arbor
2506 3795 2672 3863 mala,
2722 3796 2815 3865 qui
2847 3796 3031 3866 utique
3059 3794 3113 3849 in
3156 3795 3324 3851 Deum
3368 3795 3538 3849 Israel
3569 3810 3681 3849 non
3706 3810 3830 3851 cre-

2224 3886 2410 3952 debat,
2440 3886 2654 3942 dederit
2676 3889 2961 3942 consilium
2985 3887 3157 3959 Moysi
3182 3887 3384 3943 bonum
3415 3886 3613 3957 (Exod.
3647 3889 3832 3957 xvm):

2226 3985 2283 4033 et
2326 3977 2532 4034 Acbior
2551 3978 2616 4032 ad
2641 3978 3047 4048 Hol0phernem
3077 3978 3281 4049 aliquid
3327 3977 3462 4033 utile
3499 3979 3571 4033 sit
3617 3978 3836 4035 locutus

2226 4069 2460 4142 (Iudith.
2497 4071 2552 4143 v)
2598 4090 2611 4125 :
2642 4082 2696 4127 et
2723 4072 2979 4128 Comicus
3002 4072 3200 4127 dixerit
3238 4070 3426 4144 (quod
3455 4070 3598 4126 bene
3625 4069 3838 4127 dictum

2235 4164 2532 4234 Apostolus
2570 4164 2989 4236 comprobavit)
3018 4164 3411 4233 :Corrumpunt
3450 4180 3620 4220 mores
3676 4168 3837 4221 bonos

2227 4256 2672 4326 confabulationes
2716 4257 2953 4327 pessimce
2999 4256 3044 4324 (l
3069 4254 3191 4311 Cor.
3235 4255 3315 4327 v).
3361 4257 3423 4310 Et
3450 4270 3573 4311 cum
3611 4271 3725 4313 non
3752 4258 3839 4313 in-

2232 4349 2484 4403 venerint
2530 4348 2658 4418 quid
2708 4347 3119 4419 respondeant;
3149 4363 3251 4403 nos
3298 4347 3618 4416 inferamus,
3661 4348 3841 4406 etJu-

2233 4438 2355 4495 dam
2387 4440 2570 4511 (Joan.
2603 4439 2743 4511 xui),
2771 4440 3020 4496 arborem
3063 4439 3333 4511 quondam
3367 4441 3587 4505 bonam,
3632 4439 3839 4498 fecisse

2233 4532 2441 4587 fructus
2493 4532 2665 4588 malos
2716 4540 3003 4603 postquam
3061 4531 3302 4601 prodidit
3358 4530 3467 4604 [ΑΙ.
3517 4530 3829 4604 tradiderit]

2236 4622 2577 4680 Salvatorem
2608 4640 2621 4676 :
2648 4632 2705 4677 et
2733 4623 2962 4678 Saulum
2995 4621 3261 4694 (Philipp.
3298 4623 3380 4693 ιιι)
3430 4623 3690 4678 arborem
3722 4636 3840 4678 ma-

2235 4715 2341 4770 lam
2371 4731 2437 4770 eo
2461 4726 2707 4785 tempore
2733 4731 2845 4785 quo
2888 4714 3318 4785 persequebatur
3365 4712 3471 4786 ﬁl
3532 4714 3839 4770 Ecclesiam

2236 4809 2461 4876 Christi,
2485 4809 2681 4866 fecisse
2708 4818 2893 4880 postea
2925 4808 3138 4863 fructus
3167 4808 3362 4874 bonos,
3399 4807 3616 4878 quando
3648 4808 3703 4862 in
3741 4822 3838 4863 vas

2239 4902 2521 4957 electionis
2559 4902 2628 4957 de
2684 4913 3036 4971 persecutore
3081 4902 3376 4957 translatus
3415 4910 3502 4958 est
3551 4900 3693 4971 (Act.
3730 4900 3832 4973 ιι).

2234 4994 2462 5049 Tamdiu
2504 5009 2635 5064 ergo
2680 4995 2821 5050 bona
2852 4995 3016 5050 arbor
3053 4994 3259 5050 fructus
3296 5010 3403 5049 non
3450 4993 3581 5049 facit
3607 4995 3788 5049 malos
3815 5037 3831 5063 ,

2236 5087 2496 5157 quamdiu
2557 5087 2612 5141 in
2662 5087 2922 5142 bonitatis
2965 5088 3146 5142 studio
3195 5096 3555 5158 perseverat:
3596 5095 3654 5142 et
3693 5090 3836 5142 mala

2237 5180 2401 5235 arbor
2460 5180 2666 5234 tamdiu
2734 5189 2919 5235 manet
2987 5181 3041 5235 in
3118 5180 3387 5237 fructibus
3453 5172 3834 5252 peccatorum,

2235 5271 2493 5340 quamdiu
2545 5270 2610 5325 ad
2659 5272 3032 5341 paenitentiam
3097 5288 3203 5328 non
3251 5273 3611 5329 convertitur.
3659 5271 3836 5328 Nemo

2237 5365 2384 5419 enim
2407 5378 2733 5433 permanens
2756 5366 2808 5419 in
2840 5379 2906 5420 eo
2926 5365 3069 5436 quod
3094 5364 3213 5434 fuit,
3242 5365 3438 5436 incipit
3466 5364 3519 5420 id
3543 5378 3665 5421 esse
3685 5364 3833 5435 quod

2238 5456 2466 5513 necdum
2499 5456 2750 5527 cmperit.
3444 5438 3451 5454 ’

2310 5550 2505 5621 (Vers.
2538 5550 2655 5621 2L)
2687 5551 2809 5607 Non
2857 5553 3024 5606 omnis
3066 5552 3156 5621 qui
3203 5552 3326 5604 dicit
3370 5548 3521 5617 mihi,
3571 5547 3832 5617 Domine,

2314 5660 2342 5701 ι’
2383 5664 2670 5721 Rbabban.
2692 5706 2707 5733 ,
2737 5665 3038 5722 Dominum.
