3962 6304
139 238 192 294 I9
633 243 1281 302 COMMENTARIORUH
1322 245 1389 301 IN
1431 245 1888 307 EVANGELIUM
1929 251 2267 310 MAT‘I‘IIEI
2306 253 2438 312 LIB.
2482 258 2520 311 I.
2568 258 2721 315 CAP.
2756 259 2894 317 VIII.
3332 264 3401 317 fit)

138 351 329 419 Dmnine,
356 353 573 409 intrabit
603 357 659 411 in
689 374 900 427 regnum
921 361 1194 424 αξιοι-πως
1226 360 1317 415 sed
1338 362 1428 430 qui
1457 362 1583 431 facit
1604 376 1692 416 υο-
1718 363 1773 425 Α

139 445 340 498 luntatem
390 444 570 500 Patris
622 451 747 515 mei,
778 452 864 520 qui
888 452 940 504 in
965 452 1104 505 caelis
1134 461 1231 519 est,
1264 452 1376 522 ipse
1404 453 1617 507 intrabit
1645 456 1698 507 in

139 554 306 610 regnum
344 540 613 594 caelorum.
646 541 807 598 Sicut
832 559 992 614 supra
1018 544 1251 611 dixerat,
1282 560 1376 599 eos
1403 545 1496 616 qui
1529 545 1696 601 habe-

139 641 229 687 rent
267 641 465 688 vestem
517 634 647 689 vita:
688 635 846 691 hante
870 681 885 703 ,
928 652 1035 693 non
1076 638 1420 708 recipiendos
1469 646 1695 709 propter

141 724 411 793 dogmatum
448 726 789 794 nequitiam:
832 730 903 783 ita
944 745 1087 785 nunc
1124 731 1435 785 econtrario
1472 732 1695 797 asserit,

144 834 200 874 ne
219 819 289 873 his
311 818 511 888 quidem
538 821 1060 876 accommodandam
1093 822 1280 888 tidem,
1309 824 1399 892 qui
1431 838 1552 877 cum
1583 825 1697 892 pol-

142 910 262 965 leam
302 909 590 977 integritate
630 910 793 978 ﬁdei,
842 912 1072 981 turpiter
1111 912 1317 981 vivunt,
1348 926 1403 967 et
1434 913 1696 967 doctrina:

144 1001 459 1070 integritatem
507 1002 667 1056 malis
724 1004 986 1070 operibus
1037 1003 1347 1058 destruunt.
1393 1002 1693 1074 Utrumque

145 1096 263 1149 enim
285 1094 367 1148 Dei
388 1094 557 1149 servis
578 1096 949 1151 necessarium
973 1107 1078 1161 est,
1106 1108 1162 1151 ut
1184 1107 1236 1151 et
1259 1111 1398 1164 Opus
1417 1111 1692 1164 sermone,

145 1197 186 1241 et
208 1201 362 1241 sermo
389 1186 643 1255 operibus
673 1188 1086 1257 comprobetur.
1121 1188 1257 1244 Huic
1281 1189 1566 1243 sententiae
1598 1204 1692 1258 po-

147 1289 225 1334 test
273 1278 390 1333 illud
444 1279 614 1333 videri
651 1280 1022 1335 contrarium:
1067 1279 1238 1335 Nemo
1275 1290 1443 1350 potest
1481 1282 1652 1336 dicere
1675 1324 1692 1350 ,

144 1369 352 1424 Dominus
386 1368 560 1438 Iesus,
593 1373 693 1425 nisi
718 1373 774 1426 in
806 1373 1005 1443 Spiritu
1033 1384 1213 1427 sancto
1244 1374 1303 1445 (l
1330 1373 1451 1427 Cor.
1479 1389 1576 1440 xu,
1611 1374 1690 1442 5).

141 1464 224 1519 Sed
257 1463 407 1518 moris
446 1474 529 1518 est
567 1463 968 1535 Scripturarum
1007 1465 1149 1520 dicta
1190 1481 1289 1533 pro
1331 1465 1486 1519 factis
1545 1467 1692 1521 acci-

142 1574 257 1627 pere,
282 1567 333 1613 ut
359 1558 534 1613 statim
560 1558 615 1613 in
643 1560 1105 1629 consequentibus
1143 1559 1498 1629 approbatur,
1539 1559 1691 1614 refu-

142 1650 220 1704 tari
244 1664 325 1705 eos
347 1650 432 1719 qui
464 1650 673 1719 jactant
711 1652 830 1706 sine
866 1652 1126 1721 operibus
1163 1651 1366 1706 habere
1403 1652 1687 1705 scientiam

1867 368 2056 439 (Vera.
2087 372 2207 442 26.)
2238 371 2485 429 Fundata
2523 377 2658 429 enim
2700 389 2812 431 erat
2855 395 3013 450 supra
3063 389 3282 451 petram.
3334 382 3403 437 Et

1799 462 1963 515 omnis
2005 463 2091 529 qui
2118 465 2266 518 audit
2286 466 2438 520 verba
2462 483 2574 521 mea
2603 468 2731 536 ltatc,
2759 480 2930 525 etnon
2958 473 3082 542 facit
3108 490 3189 541 ea,
3220 475 3406 528 similis

1797 556 1894 608 erit
1916 556 2024 611 viro
2047 558 2226 612 stulto.
2253 559 2430 629 Super
2459 560 2596 615 hanc
2628 571 2836 630 petram
2870 564 3128 620 Dominus
3158 566 3405 622 fundavit

1799 644 2100 701 Ecclesiam
2133 647 2358 716 (Matth.
2392 652 2523 720 xv):
2557 650 2627 706 ab
2655 650 2756 707 hac
2787 662 2938 723 petra
2970 655 3248 722 apostolos
3296 656 3403 712 Pe-

1800 745 1914 791 trus
1945 740 2170 794 sortitus
2192 750 2278 795 est
2309 756 2528 796 nomen.
2560 741 2736 812 Super
2772 744 3147 814 hujuscemodi
3195 759 3400 816 petram

1798 843 1908 883 non
1959 830 2305 885 inveniuntur
2345 835 2614 901 serpentis
2651 836 2879 904 vestigia
2910 835 3103 908 (Prov.
3139 839 3297 907 xxx).
3329 838 3406 894 De

1796 918 1900 974 hac
1920 931 1972 975 et
2005 921 2264 989 prepheta
2314 923 2554 993 loquitur
2592 926 2970 983 confidenter:
3020 928 3219 985 Statuit
3245 947 3404 1000 super

1798 1023 1996 1081 petram
2044 1015 2198 1080 pedes
2242 1031 2381 1069 meos
2428 1014 2554 1087 (Ps.
2586 1033 2779 1082 χχιιι,
2808 1020 2885 1088 5).
2919 1020 2991 1075 Et
3016 1022 3072 1076 in
3104 1023 3212 1076 alio
3240 1022 3361 1079 loco
3389 1042 3403 1078 :

1802 1103 1959 1157 Petra
1980 1104 2238 1173 refugium
2259 1104 2543 1176 leporibus,
2573 1109 2688 1162 sive
2713 1109 2990 1164 lterinaciis
3017 1112 3035 1184 (
3058 1111 3151 1166 Ps.
3180 1128 3295 1177 cut,
3323 1116 3404 1185 8).

1797 1195 2067 1251 Timidum
2096 1199 2239 1251 enim
2266 1199 2465 1253 animal
2496 1200 2549 1255 in
2582 1211 2748 1270 petra:
2768 1218 3033 1259 cavernas
3063 1220 3123 1260 se
3165 1206 3361 1276 recipit
3388 1226 3402 1262 :

1796 1299 1851 1344 et
1869 1290 2008 1343 cutis
2034 1304 2247 1360 aspera,
2280 1300 2336 1346 et
2364 1301 2475 1347 tota
2504 1301 2709 1349 armata
2738 1296 2955 1364 jaculis,
2989 1297 3076 1351 tali
3106 1314 3167 1354 se
3212 1309 3399 1369 prote-

1797 1383 1977 1437 ctione
2000 1392 2221 1438 tutatur.
2256 1384 2410 1440 Unde
2429 1397 2483 1441 et
2510 1387 2680 1458 Moysi
2711 1388 2910 1444 dicitur
2931 1405 3001 1446 eo
3027 1401 3268 1463 tempore
3294 1409 3402 1463 quo

1797 1477 1865 1532 de
1906 1476 2143 1549 Egypto
2193 1477 2424 1548 fugerat,
2452 1487 2509 1534 et
2536 1480 2848 1549 lepusculos
2877 1483 3089 1539 Domini
3118 1495 3271 1540 erat:
3305 1486 3402 1541 Sta

1796 1571 1850 1624 in
1880 1572 2135 1640 foramine
2161 1581 2334 1642 petra,
2368 1580 2415 1625 et
2462 1574 2753 1641 posteriora
2799 1591 2913 1629 mea
2953 1575 3145 1631 videbis
3194 1576 3403 1647 (Exod.

1798 1678 1993 1729 χχχιιι,
2024 1662 2145 1733 21).

141 1741 335 1809 Domini,
353 1752 405 1797 et
430 1742 658 1797 audiunt
689 1759 717 1795 a
747 1743 1066 1799 Salvatore:
1102 1743 1413 1799 Disceditea
1444 1761 1544 1803 me.
1569 1762 1691 1815 ope—
1723 1744 1770 1803 Β
1867 1756 2061 1827 (Vers.
2090 1755 2182 1821 27,
2212 1756 2328 1817 28.)
2360 1757 2462 1825 Qui
2489 1759 2765 1828 azdiﬁcavit
2808 1760 3022 1814 domum
3061 1777 3210 1814 suam
3248 1778 3405 1833 super

140 1836 240 1887 rarii
264 1835 557 1905 iniquitatis,
589 1837 763 1889 nescio
794 1852 879 1890 ros
907 1835 1071 1907 (Luc.
1103 1835 1245 1907 xm).
1290 1836 1357 1889 Et
1394 1836 1690 1905 Apostolus

139 1928 181 1982 in
202 1927 323 1983 hunc
348 1943 564 1984 sensum
589 1928 868 1999 loquitur:
895 1928 1218 2000 Confitentur
1247 1946 1301 1985 se
1327 1945 1476 1983 nosse
1496 1928 1689 1984 Deum:

140 2022 261 2089 factis
282 2030 437 2075 autem
462 2030 650 2093 negant
682 2020 820 2092 (Tit.
854 2036 893 2086 ι,
924 2022 1037 2090 I6).
1492 2012 1504 2029 ’

197 2113 358 2185 (Vers.
388 2115 503 2183 29..)
535 2113 696 2168 Multi
725 2115 896 2168 dicent
924 2115 1050 2167 mihi
1080 2115 1134 2169 in
1164 2113 1257 2168 illa
1291 2114 1415 2168 die:
1447 2112 1690 2181 Domine,

139 2203 352 2272 Domine,
395 2221 558 2258 nonne
594 2207 648 2259 in
687 2207 892 2260 nomine
930 2215 1017 2260 tuo
1057 2206 1514 2277 prophetavimus,
1553 2217 1601 2261 et
1640 2208 1694 2261 in

134 2299 305 2352 nomine
329 2308 408 2351 tuo
435 2298 693 2351 daemonia
723 2300 991 2367 eiecimus,
1018 2309 1065 2353 ct
1093 2301 1145 2352 in
1175 2300 1381 2353 nomine
1409 2311 1497 2352 tuo
1523 2300 1692 2353 virtu-

135 2400 195 2443 tes
214 2391 382 2443 multas
417 2392 673 2461 fecimus?
711 2391 1044 2461 Prophetare
1068 2433 1083 2457 ,
1123 2403 1177 2446 et
1218 2393 1449 2447 virtutes
1489 2390 1693 2458 facere,

136 2488 180 2533 ct
209 2480 449 2535 dtetnonia
488 2480 728 2550 ejicere,
770 2481 1039 2537 interdum
1080 2497 1188 2538 non
1228 2482 1345 2551 ejus
1386 2483 1570 2537 meriti
1614 2494 1698 2540 est

137 2574 212 2641 qui
245 2586 478 2642 operatur
502 2618 517 2643 ,
561 2575 657 2629 sed
698 2575 782 2629 vel
822 2576 1095 2632 invocatio
1147 2575 1270 2648 [ΑΙ.
1314 2577 1695 2649 invocatione)

140 2669 338 2722 nominis
359 2669 551 2724 Christi
578 2669 685 2725 hoc
726 2670 877 2741 agit,
931 2671 1016 2725 vel
1065 2672 1135 2727 ob
1181 2672 1695 2728 condemnationem

140 2776 299 2818 eorum
331 2766 414 2834 qui
450 2765 746 2832 invocant,
779 2775 834 2821 et
860 2765 1146 2821 utilitatem
1175 2782 1363 2822 eorum
1390 2768 1485 2838 qui
1513 2767 1699 2823 vident

141 2863 187 2909 et
212 2855 428 2921 audiunt,
458 2858 816 2914 conceditur:
850 2872 907 2913 ut
932 2860 1061 2915 licet
1091 2860 1341 2916 homines
1396 2861 1701 2933 despiciant

140 2948 267 3016 signa
299 2948 575 3016 iacientes,
623 2961 805 3005 tamen
874 2951 1042 3006 Deum
1084 2953 1396 3018 honorent,
1437 2953 1506 3006 ad
1548 2953 1701 3022 cujus

141 3045 490 3116 invocationem
540 3044 680 3099 ﬁunt
723 3053 870 3099 tanta
926 3045 1213 3100 miracula.
1270 3045 1405 3100 Nam
1462 3054 1519 3101 et
1569 3044 1699 3100 Saul

1794 1865 2003 1903 arenam
2028 1866 2045 1901 :
2074 1858 2120 1902 et
2145 1850 2408 1904 descendit
2437 1850 2635 1918 pluvia,
2666 1861 2715 1906 et
2755 1860 3003 1906 venerunt
3045 1854 3265 1921 ﬂumina
3287 1895 3303 1921 ,
3357 1864 3406 1908 et

1794 1946 2050 2013 ﬂaverant
2075 1944 2230 2006 venti,
2261 1954 2310 1997 et
2334 1945 2597 1999 irruerunt
2618 1946 2670 1998 in
2701 1946 2915 1999 domum
2935 1945 3104 2013 illam,
3127 1956 3176 2001 et
3198 1946 3409 2002 cecidit:

1795 2045 1844 2090 et
1872 2037 1972 2105 fuit
1999 2038 2154 2090 ruina
2179 2041 2293 2110 ejus
2322 2053 2531 2107 magna.
2568 2036 2636 2091 Et
2659 2040 2853 2109 factum
2884 2047 2959 2092 est
3003 2056 3117 2092 cum
3157 2055 3406 2093 consum-

1796 2140 1979 2187 masset
2006 2128 2158 2184 Jesus
2186 2130 2335 2185 verba
2356 2131 2488 2196 lucc,
2520 2132 2916 2186 admirabantur
2946 2133 3111 2186 turba:
3130 2148 3288 2199 super
3314 2132 3411 2185 do-

1797 2225 1963 2278 ctrina
1983 2227 2116 2296 ejus.
2139 2224 2574 2279 Fundamentum
2598 2226 2743 2295 quod
2766 2226 3061 2294 Apostolus
3078 2225 3411 2281 architectus

1798 2316 1979 2384 posuit
2004 2316 2056 2387 (I
2080 2316 2199 2371 Cor.
2238 2317 2343 2389 ιιι),
2376 2334 2515 2372 unus
2538 2317 2649 2390 [ΑΙ.
2683 2318 2875 2390 unum]
2904 2328 2985 2372 est
3016 2318 3278 2373 Dominus
3307 2335 3413 2373 no-

1797 2417 1911 2465 ster
1940 2408 2100 2464 Jesus
2128 2408 2400 2465 Christus.
2433 2411 2612 2480 Super
2642 2413 2745 2466 hoc
2776 2410 3186 2467 fundamentum
3212 2412 3413 2469 stabile

1798 2506 1854 2555 et
1899 2498 2137 2567 firmum,
2171 2511 2225 2556 et
2253 2517 2351 2572 per
2381 2517 2441 2557 se
2472 2502 2696 2557 robusta
2724 2503 2868 2559 mole
2897 2503 3206 2569 fundatum,
3234 2503 3410 2557 sedili-

1798 2600 1953 2646 catur
1996 2591 2199 2647 Christi
2240 2592 2508 2649 Ecclesia.
2533 2594 2710 2664 Super
2736 2609 2960 2649 arenam
2992 2594 3100 2666 53
3126 2609 3257 2650 vero
3287 2610 3410 2665 quae

1800 2681 1964 2737 lluida
1991 2693 2095 2751 est,
2128 2693 2183 2740 et
2209 2686 2576 2756 coagmentari
2606 2700 2716 2741 non
2749 2694 2960 2756 potest,
3005 2701 3108 2742 nec
3151 2687 3202 2740 in
3246 2702 3412 2742 unam

1800 2778 2048 2846 cepolam
2098 2777 2303 2848 redigi,
2350 2780 2529 2834 omnis
2573 2779 2951 2836 haereticorum
2996 2793 3178 2835 sermo
3202 2778 3269 2834 ad
3310 2779 3415 2835 hoc

1801 2868 2123 2936 aedificatur,
2153 2881 2211 2925 ut
2242 2882 2481 2927 corruat.

1876 2962 2066 3034 (Vera.
2095 2964 2213 3035 29.)
2244 2964 2375 3018 Erat
2404 2966 2541 3019 enim
2566 2966 2756 3021 docens
2792 2983 2877 3021 eos
2925 2968 3059 3021 sicut
3105 2974 3412 3038 potestatem

1804 3051 2000 3109 habens
2024 3097 2040 3121 ,
2072 3063 2119 3108 et
2147 3072 2253 3109 non
2282 3057 2415 3110 sicut
2444 3056 2643 3113 Scribte
2671 3068 2718 3112 et
2746 3056 3026 3112 Pharistei.
3060 3057 3142 3111 Illi
3171 3058 3314 3111 enim
3343 3072 3406 3110 ea

145 3138 315 3210 (IReg.
340 3144 413 3209 ι),
434 3152 488 3198 et
508 3142 729 3197 Balaam
756 3140 945 3213 (Nam.
971 3143 1151 3211 mn),
1176 3152 1230 3198 et
1254 3140 1493 3212 Caiphas
1514 3140 1696 3212 (Joan.
1732 3118 1780 3183 C
1812 3118 2085 3201 docebant
2132 3147 2394 3216 populos,
2444 3165 2565 3218 qua:
2611 3151 2812 3219 scripta
2860 3159 2987 3203 sunt
3039 3149 3092 3202 in
3138 3148 3325 3219 Moyse
3359 3158 3417 3203 et

146 3232 211 3295 si)
250 3235 725 3304 propltetaverunt,
778 3236 1089 3293 nescientes
1138 3236 1268 3306 quid
1316 3235 1598 3291 dicerent:
1646 3244 1702 3291 et

144 3321 322 3378 Pharao
357 3325 568 3397 (Cenes.
610 3328 725 3399 xu)
767 3336 822 3382 et
856 3328 1364 3384 Nabuchodonosor
1402 3327 1575 3400 (Dan.
1626 3327 1703 3398 ιι)

145 3419 337 3473 somniis
363 3419 528 3475 futura
554 3431 912 3491 cognoscunt.
947 3423 1011 3477 Et
1041 3423 1091 3476 iu
1140 3423 1364 3478 Actibus
1412 3423 1703 3492 Apostolo-

144 3521 241 3561 rum
258 3511 338 3563 lilii
359 3511 535 3567 Sceva:
555 3511 874 3568 videbantur
893 3512 1089 3583 ejicere
1107 3513 1371 3569 daemonia
1398 3513 1537 3584 (Act.
1563 3513 1699 3584 xix).

145 3598 234 3653 Sed
257 3614 303 3656 et
328 3601 482 3658 ludas
507 3605 789 3673 apostolus
816 3620 941 3660 cum
968 3607 1151 3661 animo
1193 3606 1485 3675 proditoris
1533 3605 1706 3660 multa

144 3690 271 3760 signa
297 3695 422 3750 inter
443 3707 672 3752 caeteros
702 3698 991 3767 Apostolos
1022 3699 1215 3753 fecisse
1247 3709 1521 3753 narratur.

205 3783 295 3857 62
320 3787 482 3855 (Vers.
515 3789 634 3856 25.)
666 3787 732 3842 Et
760 3798 878 3843 tunc
900 3790 1181 3859 conﬁtebor
1229 3792 1355 3857 illis,
1397 3793 1519 3861 quia
1559 3807 1709 3844 num-

149 3890 274 3942 quam
298 3881 402 3932 noti
425 3898 526 3934 vos.
556 3880 848 3951 Signanter
874 3882 1009 3936 dixit
1037 3882 1338 3948 confitebor,
1372 3883 1495 3951 quia
1534 3882 1706 3936 multo

152 3979 258 4023 ante
299 3981 520 4042 tempore
568 3973 751 4029 dicere
798 3975 1270 4029 dissimulaverat:
1319 3992 1419 4027 non
1450 3974 1567 4027 novi
1593 3989 1702 4029 vos.

154 4059 250 4117 Non
274 4068 402 4121 novit
428 4068 683 4123 Dominus
708 4084 802 4123 eos
834 4070 925 4138 qui
958 4078 1202 4136 pereunt.
1241 4068 1478 4123 Observa
1525 4075 1704 4122 autem

158 4168 293 4222 quare
319 4159 587 4227 addiderit,
616 4178 901 4232 numquam
927 4164 1047 4215 novi
1077 4178 1186 4228 vos,
1208 4162 1252 4216 si
1271 4162 1425 4231 juxta
1448 4161 1708 4232 quasdam

158 4259 311 4303 Otaces
331 4251 558 4308 homines
577 4251 728 4307 inter
748 4253 1096 4309 rationabiles
1118 4268 1336 4324 semper
1360 4253 1556 4308 versati
1581 4263 1712 4308 sunt

160 4354 407 4405 creaturas.

216 4436 376 4506 (ἵεις.
400 4441 510 4511 24.)
544 4441 805 4496 Discedite
828 4460 861 4496 a
888 4457 966 4495 me
1008 4441 1096 4512 qui
1143 4441 1427 4511 operamini
1466 4442 1713 4511 iniquita-

159 4536 257 4582 tem.
281 4530 434 4586 Omnis
462 4551 580 4604 ergo
609 4536 699 4605 qui
721 4534 871 4588 audit
897 4534 1047 4587 verba
1075 4550 1189 4587 mea
1215 4535 1344 4600 lucc,
1386 4542 1434 4587 et
1465 4534 1588 4603 facit
1626 4551 1705 4601 ea,

160 4621 473 4678 mandabitur
497 4629 605 4680 viro
630 4627 876 4693 sapienti,
898 4626 987 4697 qui
1009 4626 1280 4694 wdificavit
1314 4624 1520 4678 domum
1566 4641 1711 4679 suam

165 4726 290 4779 mpm
315 4730 513 4786 petram.
544 4719 662 4774 Non
687 4719 845 4783 dixit,
870 4720 959 4781 qui
987 4721 1182 4790 aperati
1207 4719 1327 4771 estis
1363 4718 1708 4783 iniquitatem,

163 4818 221 4859 ne
241 4807 473 4868 videretur
503 4814 695 4867 tollere
729 4812 1129 4882 paenitentiam,
1162 4810 1255 4865 sed
1286 4810 1375 4881 qui
1405 4809 1713 4879 operamini,

166 4893 251 4951 hoc
274 4910 358 4965 est.
383 4906 462 4972 qui
494 4920 663 4974 usque
691 4903 746 4957 in
779 4912 1101 4972 pra‘sentem
1130 4903 1342 4969 horam,
1376 4916 1498 4955 cum
1524 4899 1713 4967 judicii

164 4994 338 5060 lempus
360 4996 650 5064 advenerit,
680 4996 812 5051 licet
837 5011 942 5050 non
972 4994 1216 5049 habeatis
1244 4991 1552 5048 facultatem
1582 5005 1712 5061 pec-

162 5081 309 5148 candi,
337 5092 498 5141 tamen
527 5087 707 5141 adhuc
730 5085 942 5140 habetis
969 5082 1242 5140 allectum.

220 5174 380 5245 (νει-ει.
398 5181 508 5252 25.)
533 5178 603 5233 Et
622 5179 889 5234 descendit
910 5176 1108 5247 pluvia,
1132 5184 1178 5231 et
1207 5184 1451 5231 verterunt
1474 5176 1712 5246 flumina,

162 5274 200 5317 et
215 5267 431 5336 ﬂeuerunt
456 5275 621 5327 venti:
641 5283 691 5326 et
722 5273 987 5325 irruerunt
1013 5271 1066 5324 in
1092 5270 1303 5323 domum
1341 5269 1505 5337 illam,
1531 5276 1578 5323 et
1618 5285 1719 5322 non

161 5360 327 5416 cecidit.
355 5364 525 5419 Pluvia
574 5365 678 5419 ista
719 5378 845 5434 qua:
876 5362 1093 5417 domum
1139 5361 1461 5417 subvertere
1510 5360 1723 5425 nititur,

158 5450 359 5511 diabolus
383 5468 479 5515 est.
504 5458 785 5519 Flumina,
821 5466 846 5492 ἰ
879 5471 1074 5511 omnes
1100 5455 1441 5522 Antichristi,
1471 5454 1562 5524 qui
1592 5469 1718 5508 con-

160 5552 226 5599 ιη
259 5546 500 5606 Christum
552 5552 799 5619 sapiunt.
845 5548 1002 5604 Venti
1034 5547 1295 5617 spiritalia
1327 5545 1434 5617 [Αι.
1464 5546 1722 5615 Spiritua-

157 5633 243 5711 ια]
273 5645 501 5715 nequitiae
550 5644 605 5698 in
636 5641 954 5697 coelestibus
986 5638 1206 5711 (Ephes.
1240 5639 1341 5710 vi).

1805 3236 2114 3305 Prophetis.
2140 3236 2299 3292 Jesus
2327 3252 2476 3306 vero,
2506 3240 2660 3310 quasi
2694 3240 2836 3294 Deus
2859 3250 2915 3294 et
2944 3238 3207 3293 Dominus
3240 3238 3417 3310 ipsius

1804 3329 2001 3400 Moysi,
2049 3343 2150 3398 pro
2185 3329 2437 3384 libertate
2465 3331 2757 3385 voluntatis
2784 3344 2919 3396 sure,
2947 3330 3034 3384 vel
3064 3345 3126 3384 ea
3156 3345 3277 3399 qure
3309 3332 3414 3384 mi—

1806 3435 1908 3476 nus
1934 3419 2290 3488 videbantur,
2335 3420 2570 3477 addebat
2621 3422 2675 3476 in
2722 3422 2881 3491 lege;
2933 3421 3022 3475 vel
3064 3428 3413 3477 commutatis

1808 3513 2139 3582 praedicabat
2169 3513 2222 3567 in
2248 3514 2505 3585 populos,
2555 3523 2613 3569 ut
2660 3529 2825 3584 supra
2874 3528 3092 3585 quoque
3137 3513 3410 3583 legimus:

1807 3603 2022 3659 Dictum
2047 3617 2122 3660 est
2142 3607 2370 3673 antiquis
2394 3623 2412 3661 :
2446 3606 2559 3678 Ego
2580 3616 2752 3662 autem
2780 3607 2898 3661 dico
2922 3608 3083 3662 vobis.

1882 3696 2035 3765 (Cap.
2054 3696 2262 3751 VIII.—
2277 3696 2433 3753 Vers.
2455 3698 2481 3751 I
2495 3700 2539 3767 .)
2563 3696 2692 3753 Cum
2715 3709 2887 3753 autem
2907 3698 3252 3752 descendisset
3272 3695 3429 3753 Iesus

1808 3788 1871 3842 de
1889 3799 2079 3854 monte,
2100 3797 2286 3843 secuta:
2307 3798 2425 3843 sunt
2444 3807 2562 3843 eum
2586 3790 2748 3845 turst
2768 3790 2962 3855 multis,
2979 3798 3026 3844 et
3040 3805 3155 3844 ecce
3179 3789 3417 3861 leprosus

1810 3881 2015 3934 veniens
2044 3880 2295 3935 adorabat
2320 3897 2454 3947 eum,
2489 3882 2686 3937 dicens.
2720 3882 2798 3937 De
2824 3890 3008 3937 monte
3051 3882 3284 3935 Domino
3320 3881 3420 3936 de-

1812 3974 2107 4028 scendente
2131 4016 2145 4039 ,
2186 3985 2482 4030 occurrunt
2524 3976 2717 4040 turbas,
2758 3976 2884 4045 quia
2914 3975 2979 4029 ad
3004 3974 3197 4029 altiora
3221 3988 3415 4029 ascen-

1813 4066 1943 4122 dere
1973 4082 2083 4122 nou
2107 4068 2417 4123 valuerunt.
2455 4069 2519 4123 Et
2547 4068 2755 4138 primus
2786 4068 2836 4123 ei
2864 4067 3108 4123 occurrit
3149 4067 3416 4135 Ieprosus.

1812 4160 2054 4216 Necdum
2095 4161 2241 4217 enim
2274 4170 2487 4230 poterat
2516 4175 2635 4215 cum
2664 4160 2811 4231 lepra
2840 4168 2952 4213 tam
2980 4158 3333 4230 multiplicem
3366 4159 3422 4213 in

1815 4262 2001 4307 monte
2039 4251 2342 4307 Salvatoris
2380 4251 2572 4307 audire
2609 4266 2942 4307 sermonem.
3005 4251 3073 4305 Et
3122 4250 3422 4306 notandum

1815 4346 1956 4415 quod
2004 4347 2089 4401 hic
2134 4346 2344 4416 primus
2391 4345 2703 4415 specialiter
2750 4354 2970 4399 curatus
3011 4344 3119 4398 sit:
3153 4343 3419 4414 secundo,

1817 4453 1952 4508 puer
1980 4437 2325 4494 Centurionis
2350 4456 2364 4494 :
2396 4439 2579 4505 tertio,
2610 4452 2799 4493 socrus
2824 4437 2997 4503 Petri,
3039 4436 3282 4494 febriens
3306 4438 3420 4509 (At.

1818 4532 2149 4604 febricitans]
2180 4533 2230 4586 in
2270 4530 2681 4601 Capharnaum:
2729 4541 2925 4604 quarto
2954 4530 3098 4605 loco,
3127 4529 3222 4600 qui
3252 4529 3426 4586 oblati

1817 4632 1945 4678 sunt
1970 4624 2073 4678 eia
2118 4624 2391 4677 dremonio
2432 4624 2650 4689 vexati,
2700 4639 2931 4693 quorum
2984 4624 3209 4693 spiritus
3257 4623 3428 4678 verbo

1819 4715 2089 4785 ejiciebat,
2121 4715 2337 4784 quando
2368 4730 2559 4770 omnes
2598 4716 2742 4771 male
2780 4715 3043 4771 habentes
3078 4716 3309 4769 curavit.
3355 4715 3424 4770 Et

1819 4823 1931 4861 ecce
1956 4806 2186 4878 leprosus
2210 4807 2415 4860 veniens
2438 4806 2693 4859 adorabat
2718 4822 2855 4869 eum,
2880 4806 3077 4860 dicens.
3107 4805 3275 4860 Recte
3302 4816 3428 4873 post

1820 4899 2257 4969 praedicationem
2289 4907 2450 4968 atque
2480 4898 2783 4953 doctrinam
2814 4898 2956 4965 signi
2993 4896 3224 4950 oll’ertur
3270 4911 3432 4951 occa-

1824 4994 1937 5049 sio:
1961 5000 2021 5047 ιιι
2042 5007 2138 5066 per
2160 4992 2411 5046 virtutem
2436 4991 2696 5045 miracula
2719 4989 2827 5063 [ΑΙ.
2854 4989 3112 5044 virtutem
3138 4988 3429 5058 miraculi],

1826 5085 2131 5157 praeteritus
2158 5084 2298 5153 apud
2330 5083 2613 5140 audientes
2642 5098 2825 5139 sermo
2855 5083 3123 5138 firmetur.
3324 5146 3341 5171 δ

1903 5178 2097 5249 (Vers.
2128 5177 2210 5247 2.)
2242 5176 2481 5243 Domine,
2510 5177 2555 5231 si
2586 5177 2684 5243 vis,
2709 5185 2853 5249 potes
2883 5191 2964 5230 me
3006 5175 3277 5229 mundare.
3330 5173 3436 5242 Qui

1829 5272 2163 5328 voluntatem
2196 5280 2369 5337 rogat,
2401 5274 2468 5326 de
2494 5271 2699 5327 virtute
2738 5286 2843 5324 non
2869 5268 3101 5324 dubitat.

1902 5364 1921 5431 (
1937 5363 2093 5419 Vers.
2122 5361 2206 5433 5.)
2237 5360 2305 5414 Et
2332 5362 2613 5417 extendens
2636 5362 2791 5416 Iesus
2819 5376 3054 5425 manum,
3080 5359 3245 5429 tetigit
3287 5376 3427 5428 eum,

1830 5458 2005 5511 dicens
2026 5472 2044 5510 :
2064 5452 2222 5521 Volo,
2247 5454 2517 5508 mundare.
2547 5454 2613 5507 Et
2624 5441 2901 5523 confestim
2926 5453 3178 5507 mundata
3199 5460 3274 5505 est
3297 5451 3446 5522 lepra

1831 5552 1966 5621 ejus.
1994 5545 2337 5602 Extendente
2362 5561 2581 5600 manum
2612 5544 2863 5608 Domino,
2889 5546 3073 5600 statim
3106 5545 3253 5617 lepra
3279 5542 3440 5614 fugit.

1832 5639 2110 5711 Simulque
2138 5636 2420 5694 considera
2465 5652 2627 5708 quam
2669 5636 2887 5693 humilis
2924 5646 2980 5693 et
3017 5636 3139 5693 sine
3176 5635 3447 5707 jactantia

219 5764 243 5794 ι
264 5757 449 5835 Vulgati
482 5770 645 5819 antea
691 5759 856 5824 libri,
901 5758 1143 5827 ﬂumina,
1170 5754 1479 5812 Antichristi
1515 5753 1722 5825 absque
1749 5771 1946 5826 omnes,
1974 5770 2138 5828 quam
2167 5768 2355 5813 vocem
2388 5768 2519 5811 mss.
2556 5754 2906 5811 interserunt.
