3962 6304
534 260 596 317 ει
1775 246 1835 303 s.
1880 243 2155 304 sussatt
2190 245 2573 303 IllEItONYMl
3756 249 3819 307 δε

533 374 840 447 responsio.
874 372 968 428 Ille
995 372 1227 434 dixerat,
1257 369 1303 422 si
1340 369 1454 423 vis:
1498 366 1758 420 Dominus
1803 362 2122 434 respondit,
2153 365 2202 426 Α
2230 372 2280 418 et
2310 363 2555 431 Isaac,et
2570 363 2756 429 Iacob,
2781 364 2833 418 in
2865 381 3022 436 regno
3044 362 3309 420 (telorum.
3333 364 3469 433 Quia
3490 364 3635 421 Deus
3656 364 3821 424 Abra-

535 470 673 523 colo.
721 466 816 523 Ille
861 464 1227 536 praemiserat,
1278 470 1422 532 potes
1452 475 1533 515 me
1558 457 1841 513 mundare:
1870 458 2132 515 Dominus

524 560 725 631 jungit,
754 567 809 614 et
835 557 986 624 dicit,
1013 556 1264 610 mundare
1285 570 1304 606 :
1334 552 1450 609 Non
1474 568 1608 624 ergo
1629 560 1689 607 ut
1708 551 1951 624 plerique
1980 552 2131 608 Lati-

537 660 730 707 norum
760 658 966 721 putant,
986 647 1323 718 jungendum
1338 656 1448 711 est,
1462 652 1520 701 et
1541 643 1826 715 legendum
1844 644 1960 697 volo
1981 655 2134 697 inun-

537 745 697 797 dare:
716 739 812 796 sed
837 740 1156 810 separatim,
1184 748 1242 793 ut
1272 737 1531 808 primum,
1552 735 1718 800 dicat,
1740 733 1856 788 colo
1880 749 1900 787 :
1937 731 2136 788 deinde

536 836 809 905 imperans
836 833 1006 899 dicat,
1034 830 1286 885 mundare
1316 828 1425 902 [AL
1457 830 1690 898 imperet
1714 824 2022 898 mundare].

604 927 794 1002 (Vers.
834 923 918 996 4.)
962 924 1030 979 Et
1056 926 1133 979 ait
1168 923 1250 979 illi
1285 924 1478 979 Iesus:
1518 922 1650 977 Vide
1686 922 1877 976 nemini
1915 920 2131 974 dixeris.

535 1023 600 1078 Et
626 1036 686 1077 re
715 1034 842 1076 vera
870 1018 999 1090 quid
1029 1027 1151 1074 erat
1181 1032 1408 1073 necesse
1457 1025 1514 1071 ut
1560 1030 1813 1071 sermone
1857 1014 2089 1084 jactaret
2115 1058 2131 1081 ,

532 1116 676 1187 quod
707 1126 939 1184 corpore
970 1111 1294 1183 praeferebat
1309 1112 1335 1166 ?

602 1206 715 1279 44
747 1206 855 1261 Sed
884 1204 1030 1270 vade,
1062 1203 1271 1258 ostende
1298 1213 1346 1257 te
1371 1202 1757 1257 sacerdotibus:
1782 1210 1827 1257 et
1850 1202 1980 1271 o/I'er
2024 1218 2139 1258 mu-

534 1314 636 1354 nus
664 1299 804 1370 quod
834 1295 1075 1368 praecepit
1102 1295 1307 1367 Moyses
1329 1295 1384 1348 in
1410 1295 1756 1350 testimonium
1784 1294 1913 1352 illis.
1949 1295 2138 1351 Varias

536 1395 609 1448 ob
635 1404 827 1448 causas
853 1391 1020 1444 mittit
1036 1402 1158 1443 eum
1181 1388 1248 1442 ad
1270 1387 1598 1443 sacerdotes.
1625 1388 1884 1455 Primum,
1920 1397 2140 1459 propter

540 1483 920 1546 humilitatem,
936 1490 993 1537 ut
1006 1480 1379 1537 sacerdotibus
1394 1480 1608 1536 deierre
1624 1488 1650 1517 ει
1669 1482 1929 1536 honorem
1957 1480 2139 1537 videa-

541 1586 648 1633 tur.
669 1575 797 1632 Erat
814 1577 957 1631 enim
972 1575 1094 1647 lege
1113 1582 1460 1645 praeceptum,
1480 1583 1537 1628 ut
1558 1573 1651 1645 qui
1672 1573 1910 1629 mundali
1926 1574 2140 1629 fuerant

541 1688 570 1726 τι
598 1674 770 1743 lepra,
803 1669 1061 1727 oﬂ’errent
1100 1684 1325 1726 munera
1363 1669 1756 1725 sacerdotibus.
1809 1669 2030 1735 Deinde,
2080 1676 2139 1724 ut

2240 458 2362 514 ham
2391 458 2516 516 cmli
2543 456 2813 524 conditor,
2856 458 3021 515 Pater
3046 459 3246 515 Christi
3276 469 3380 527 est,
3414 459 3615 517 idcirco
3656 460 3710 518 in
3738 478 3824 519 re~

2233 565 2342 622 gno
2368 550 2633 607 caelorum
2661 560 2745 607 est
2771 560 2827 607 et
2854 551 3150 615 Abraham,
3199 567 3323 607 cum
3350 566 3459 622 quo
3495 550 3821 613 accubitum

2235 651 2362 698 sunt
2390 644 2638 698 nationes
2660 687 2674 709 ,
2708 659 2831 714 quae
2855 644 3198 714 crediderint
3240 643 3293 699 in
3321 642 3597 701 Christum
3628 644 3822 704 Filium

2236 731 2533 788 Creatoris.
2594 735 2654 788 Et
2686 712 2778 790 ille
2810 735 3019 805 pariter
3075 712 3275 793 sensus
3305 736 3598 806 impletur,
3628 738 3697 795 de
3726 754 3825 810 quo

2236 840 2398 895 supra
2422 825 2681 893 diximus,
2710 828 2763 881 in
2790 828 3128 884 centurionis
3156 828 3261 884 fide
3284 830 3527 899 gentium
3552 829 3669 887 ﬁeri
3694 848 3825 904 prte-

2238 919 2535 989 rogativam
2568 937 2582 973 :
2628 919 2759 976 dum
2791 920 2859 976 ad
2916 921 3059 977 illius
3086 918 3467 979 credulitatem
3500 922 3571 979 de
3600 923 3820 982 Oriente

2238 1023 2291 1067 et
2321 1011 2617 1070 Occidente
2645 1012 2912 1070 credituri
2938 1013 3127 1085 populi
3169 1024 3693 1072 commemorantur.

2312 1105 2331 1177 (
2365 1105 2521 1161 Vers.
2557 1104 2685 1177 i2.)
2738 1104 2873 1161 Filii
2916 1115 3087 1163 autem
3136 1109 3283 1179 regni
3312 1107 3587 1181 ejicientur
3616 1109 3669 1163 in
3701 1116 3830 1166 tene-

2240 1199 2361 1255 bras
2378 1200 2677 1255 exteriores.
2705 1199 2872 1256 Filios
2889 1201 3043 1272 regni
3064 1199 3282 1257 Judmos
3305 1200 3598 1273 signiﬁcat,
3624 1203 3677 1258 in
3701 1218 3829 1274 quos

2241 1304 2369 1349 ante
2400 1293 2647 1363 regnavit
2676 1294 2839 1349 Deus.
2872 1293 3168 1365 Ejicientur
3197 1296 3248 1348 in
3281 1296 3513 1351 tenebras
3534 1299 3828 1353 exteriores.

2242 1383 2507 1441 Tenebrae
2558 1396 2777 1455 semper
2820 1386 3113 1442 interiores
3155 1397 3313 1453 sunt,
3355 1402 3460 1443 non
3512 1389 3828 1446 exteriores.

2243 1476 2349 1535 Sed
2374 1479 2633 1550 quoniam
2661 1478 2752 1550 qui
2782 1494 2811 1533 a
2863 1477 3095 1535 Domino
3146 1480 3291 1535 foras
3318 1482 3626 1552 expellitur,
3652 1483 3830 1539 lumen

2242 1569 2554 1641 relinquit;
2611 1567 2818 1626 idcirco
2880 1572 3181 1628 exteriores
3237 1571 3478 1629 tenebrte
3546 1574 3834 1631 nominata:

2244 1671 2393 1717 sunt.

544 1732 2137 1833 mandatumvidentesleprosum,autcrederentSalratori,
2172 1732 2220 1792 Β
2318 1753 2403 1809 Ibi
2456 1756 2552 1809 erit
2598 1757 2750 1824 ﬂetus
2778 1764 2827 1809 et
2880 1754 3074 1812 stridor
3127 1757 3380 1812 dentium.
3412 1758 3470 1815 Si
3499 1758 3659 1815 ﬂetus
3714 1776 3838 1818 ocu-

542 1865 639 1911 aut
666 1870 773 1910 non
801 1855 1110 1911 crederent.
1138 1855 1196 1911 Si
1224 1854 1534 1923 crederent,
1558 1854 1931 1912 salvarentur:
1958 1857 2002 1910 si
2033 1872 2141 1912 non

543 1946 847 2012 crederent,
872 1946 1267 2002 inexcusabiles
1294 1945 1493 2001 forent.
1511 1946 1576 2001 Et
1590 1945 1747 2001 simul
1764 1962 1833 2001 ne
1849 1946 1989 2017 quod
2011 1948 2062 2001 in
2078 1960 2145 2003 eo

544 2040 843 2110 saepissime
861 2039 1311 2106 criminabantur,
1337 2039 1509 2111 legem
1528 2039 1804 2095 videretur
1825 2038 2141 2109 infringere.

618 2132 807 2203 (Vers.
835 2134 871 2188 5
897 2133 1045 2202 seq.)
1092 2132 1317 2187 Accessit
1365 2132 1433 2185 ad
1480 2146 1594 2186 eum
1644 2131 1908 2197 centurio,
1955 2144 2145 2201 rogans

544 2242 685 2292 eum,
708 2234 754 2281 et
780 2226 989 2280 dicens:
1026 2227 1270 2293 Domine,
1297 2242 1427 2296 puer
1456 2240 1600 2280 meus
1613 2228 1755 2297 jacet
1781 2226 1836 2280 in
1864 2228 2017 2279 domo
2045 2240 2144 2297 pa-

544 2322 824 2391 ralyticus,
873 2331 922 2375 et
970 2320 1106 2375 male
1153 2329 1437 2391 torquetur.
1492 2319 1559 2373 Et
1608 2321 1683 2373 ait
1703 2319 1784 2374 illi
1811 2319 2146 2391 Jesus:Ego

542 2415 762 2481 veniam,
792 2421 838 2465 et
859 2410 887 2450 δ
916 2413 1106 2467 cumba
1133 2426 1267 2467 eum.
1299 2412 1365 2466 Et
1391 2413 1706 2484 respondens
1737 2413 1987 2477 centurio,
2034 2412 2104 2466 ait
2126 2424 2148 2466 :

550 2505 793 2571 Domine,
825 2522 927 2561 non
958 2523 1071 2561 sum
1098 2506 1287 2580 dignus
1315 2514 1371 2561 ut
1399 2506 1557 2561 intres
1580 2507 1671 2560 sub
1712 2516 1899 2561 tectum
1935 2522 2147 2573 meum;

550 2598 641 2651 sed
667 2606 869 2652 tantum
892 2598 979 2651 dic
1019 2598 1189 2664 verba,
1229 2608 1279 2653 et
1322 2598 1595 2652 sanabitur
1642 2614 1771 2668 puer
1817 2613 1981 2653 meus.
2030 2596 2145 2653 Non

550 2689 815 2746 debemus
836 2689 1112 2761 jactantize
1139 2706 1368 2762 arguere
1395 2690 1699 2756 Dominum,
1733 2691 1857 2761 quia
1883 2691 2064 2744 statim
2088 2704 2149 2747 se

548 2786 750 2839 iturum
794 2791 847 2840 et
890 2794 1203 2838 sanaturum
1242 2798 1365 2839 esse
1411 2781 1698 2853 promittit,
1731 2781 1926 2837 videns
1955 2791 2146 2837 centu-

547 2877 720 2931 rionis
747 2876 929 2940 ﬁdem,
974 2875 1337 2931 humilitatem
1364 2919 1379 2943 ,
1419 2884 1475 2929 et
1522 2872 1888 2944 prudentiam.
1932 2872 2147 2939 Fidem,

552 2969 609 3023 in
637 2983 704 3025 eo
730 2966 874 3037 quod
900 2967 1134 3023 credidit
1160 2983 1225 3022 ex
1254 2966 1509 3038 gentibus
1532 2964 1887 3037 paralyticum
1914 2978 1942 3017 a
1962 2964 2150 3020 Salva-

551 3071 671 3117 tore
714 3074 875 3131 posse
920 3063 1118 3115 sanari.
1169 3054 1569 3124 Humilitatem,
1622 3058 1768 3127 quod
1800 3073 1860 3114 se
1880 3055 2149 3128 judicavit

2248 1848 2421 1902 lorum
2473 1856 2599 1912 est,
2658 1857 2715 1902 et
2743 1846 2962 1922 stridor;
2987 1848 3235 1905 dentium
3277 1865 3399 1904 ossa
3455 1850 3836 1911 demonstrat:

2247 1954 2376 1994 vera
2424 1950 2504 1995 est
2528 1954 2659 2011 ergo
2685 1956 2980 2012 corporum
3013 1951 3069 1998 et
3113 1944 3839 2015 eorumdemhmembtorum

2249 2048 2371 2103 quin
2400 2034 2735 2099 ceciderant,
2759 2036 3114 2090 resurrectio.

2317 2120 2510 2197 (νει-ε.
2546 2124 2675 2196 14.)
2710 2124 2773 2179 Et
2795 2142 2912 2181 cum
2939 2128 3154 2183 venisset
3180 2126 3331 2182 Iesus
3353 2130 3405 2183 in
3437 2130 3649 2184 domum
3676 2129 3839 2201 Petri,

2247 2217 2375 2273 uidit
2424 2234 2632 2273 socrum
2680 2222 2793 2291 ejus
2832 2222 3097 2292 jacentent
3125 2228 3173 2275 el
3216 2222 3591 2293 febricitantem
3620 2224 3730 2298 (Al.
3773 2229 3840 2297 fe-

2249 2311 2516 2383 brientem]
2547 2328 2567 2367 :
2593 2322 2641 2368 et
2670 2312 2834 2385 tetigit
2866 2329 3077 2369 manum
3125 2316 3241 2386 ejus
3266 2359 3280 2383 ,
3326 2324 3371 2370 et
3402 2316 3601 2371 dimisi!
3630 2334 3747 2372 eam
3773 2318 3845 2389 fe-

2250 2408 2374 2463 bris.
2408 2404 2673 2477 Tangitur
2704 2422 2897 2464 manus
2952 2408 3200 2464 mulieris
3220 2452 3234 2475 ,
3266 2419 3321 2464 ct
3350 2412 3555 2465 sanatis
3588 2413 3845 2483 operibus

2251 2500 2393 2568 ejus,
2429 2508 2774 2569 peccatorum
2808 2500 3096 2555 inﬁrmitas
3129 2501 3280 2571 fugit.
3331 2498 3535 2557 Natura
3565 2503 3844 2559 hominum

2251 2590 2408 2648 istius
2426 2593 2572 2647 modi
2590 2603 2695 2659 est,
2711 2603 2767 2648 ut
2789 2604 2909 2664 poSt
2934 2592 3138 2651 febrem
3162 2597 3335 2667 magis
3352 2606 3373 2632 ε’
3393 2597 3700 2652 lassescant
3722 2613 3842 2653 cor-

2250 2702 2383 2757 pora
2417 2703 2430 2742 :
2462 2696 2518 2743 et
2544 2687 2842 2758 incipiente
2874 2687 3129 2753 sanitate,
3153 2692 3525 2761 :cgrotationis
3556 2691 3696 2747 mala
3727 2708 3846 2749 scn-

2251 2782 2407 2837 tiant.
2452 2781 2651 2837 Verum
2674 2782 2879 2837 sanitas
2901 2797 3020 2853 quae
3048 2782 3328 2838 confertur
3350 2799 3379 2837 a
3409 2783 3665 2849 Domino,
3699 2783 3718 2823 τ
3754 2794 3833 2840 to-

2252 2882 2365 2929 tum
2398 2874 2560 2929 simul
2590 2873 2798 2940 reddit,
2829 2888 2930 2930 nec
2967 2873 3169 2930 sufficit
3194 2890 3314 2931 esse
3337 2884 3581 2930 sanatam
3612 2894 3625 2942 ;
3662 2875 3761 2933 sed
3794 2884 3845 2934 ut

2252 2968 2486 3028 ἐπίτασις
2514 2964 2850 3021 fortitudinis
2881 2964 3176 3033 iudicetur,
3205 2967 3448 3022 additum
3476 2976 3560 3023 est
3595 2986 3608 3023 :

2322 3058 2341 3132 (
2367 3058 2525 3114 Vers.
2564 3057 2692 3131 I5.)
2718 3057 2786 3111 Et
2808 3059 3053 3125 surrexit,
3076 3066 3125 3113 ct
3143 3058 3472 3114 ministrabat
3491 3060 3587 3115 eis.
3610 3060 3709 3117 Illa
3737 3076 3845 3119 ma-

552 3118 851 3226 indiguum,
879 3153 1036 3224 cujus
1066 3162 1265 3210 tectum
1310 3152 1568 3208 Dominus
1607 3153 1855 3207 intraret.
1899 3150 2146 3208 Pruden-
2170 3118 2219 3181 Ο
2254 3118 2355 3206 nus
2386 3118 2747 3219 ministrabat,
2782 3165 2903 3222 quze
2934 3160 2988 3206 et
3010 3160 3152 3208 tacta
3182 3152 3376 3219 fuerat,
3412 3162 3467 3208 et
3486 3164 3702 3212 sanata.

553 3248 702 3313 tiam,
735 3246 876 3317 quod
905 3246 1042 3302 intra
1068 3248 1315 3316 corporis
1343 3257 1581 3315 tegmen,
1604 3244 1944 3300 divinitatem
1973 3244 2150 3300 laten-

548 3352 657 3397 tem
701 3340 944 3407 videret,
978 3341 1161 3396 sciens
1200 3353 1308 3395 non
1339 3338 1391 3394 id
1436 3338 1540 3393 sibi
1589 3337 1953 3408 profuturum,
2002 3336 2149 3409 quod

547 3436 711 3491 etiam
742 3434 812 3491 ab
842 3435 1140 3491 incredulis
1170 3433 1497 3497 videbatur;
1530 3433 1626 3487 scd
1659 3431 1709 3485 id
1754 3432 1895 3502 quod
1945 3432 2150 3488 latebat

547 3527 901 3586 intrinsecus.
930 3525 1009 3581 De
1036 3538 1140 3596 qua
1170 3524 1458 3595 prudentia
1491 3523 1593 3576 hoc
1616 3521 1801 3588 etiam,
1830 3523 1937 3576 ait:

623 3620 819 3692 (Vers.
857 3618 939 3688 9.)
973 3628 995 3657 ε
1034 3616 1172 3670 Nam
1199 3622 1244 3671 et
1272 3632 1366 3689 ego
1409 3615 1562 3670 homo
1609 3629 1724 3669 sum
1767 3615 1860 3667 sub
1903 3624 2148 3685 potestate

548 3707 1259 3788 [ALadditurconstitutus],
1289 3707 1476 3763 habens
1495 3708 1586 3762 sub
1617 3724 1695 3762 me
1723 3708 1905 3763 milites
1926 3725 1944 3763 :
1965 3718 2015 3764 et
2033 3708 2148 3763 dico

547 3805 691 3868 huic,
732 3803 883 3869 unde,
924 3810 975 3857 et
1013 3800 1196 3856 vadit:
1241 3810 1289 3855 et
1328 3801 1442 3869 alii,
1473 3802 1610 3869 reni,
1641 3809 1690 3855 et
1723 3801 1893 3857 venit:
1927 3810 1977 3854 et
2003 3816 2148 3856 seruo

544 3917 679 3968 meo,
713 3902 795 3971 {ac
822 3897 939 3963 hoc,
985 3907 1033 3951 et
1076 3897 1222 3969 facit.
1274 3895 1473 3952 Valens
1518 3895 1808 3952 ostendere
1857 3896 2145 3953 Dominum

542 4007 762 4066 quoque
790 4004 900 4047 non
928 4004 1026 4061 per
1050 3984 1344 4047 adventum
1373 3997 1581 4045 tantum
1611 3990 1877 4059 corporis,
1907 3988 2003 4045 sed
2052 4002 2148 4060 per

540 4086 858 4159 angelorum
888 4082 1183 4140 ministeria
1207 4097 1369 4155 posse
1394 4084 1621 4155 implere
1650 4083 1791 4156 quod
1821 4084 2002 4140 vellet.

619 4178 813 4251 (Vers.
848 4176 960 4248 10.)
990 4174 1219 4232 Audiens
1266 4189 1436 4231 autem
1477 4174 1651 4244 Iesus,
1705 4177 1922 4232 miratus
1961 4186 2055 4244 est,
2097 4186 2146 4232 et

541 4269 870 4343 sequentibus
895 4284 948 4324 se
977 4270 1126 4324 dixit.
1162 4265 1190 4305 ἀ
1219 4268 1445 4324 Miratus
1473 4278 1559 4325 est
1591 4267 1738 4339 quod
1774 4267 1908 4324 vidit
1955 4277 2147 4325 centu-

540 4363 754 4419 rionem
781 4376 934 4419 suam
967 4358 1271 4432 intelligere
1300 4359 1659 4430 majestatem.
1696 4358 1967 4417 Pcllendm
1997 4361 2142 4418 enim

539 4464 698 4512 erant
719 4454 803 4510 vel
824 4453 1170 4509 inﬁrmitates
1191 4464 1509 4524 corporum,
1534 4452 1617 4507 vel
1637 4451 1982 4508 fortitudines
2009 4469 2140 4509 con-

540 4548 744 4611 trariae,
764 4546 963 4618 quibus
985 4544 1149 4599 homo
1173 4543 1240 4599 ad
1264 4542 1599 4599 debilitatem
1623 4558 1766 4615 saepe
1794 4543 2134 4610 conceditur,

543 4648 599 4696 et
629 4639 793 4696 verbo
819 4636 1057 4706 Domini,
1087 4641 1142 4693 et
1171 4635 1486 4691 ministeriis
1509 4635 1846 4706 angelorum.

612 4732 774 4786 Amen
804 4730 920 4785 dico
946 4729 1107 4796 vobis,
1136 4743 1238 4783 non
1263 4726 1432 4783 inveni
1461 4736 1659 4782 tantam
1683 4726 1838 4798 ﬁdem
1866 4730 1919 4783 in
1945 4727 2132 4785 Israel.

538 4822 619 4879 De
648 4822 1005 4895 praesentibus
1030 4822 1293 4893 loquitur,
1328 4834 1433 4874 non
1462 4818 1530 4876 de
1559 4820 1811 4877 omnibus
1860 4829 2009 4877 retro
2040 4835 2136 4891 pa-

534 4918 790 4974 triarchis
816 4915 1007 4990 “fet
1033 4914 1345 4986 prophetis:
1380 4914 1484 4969 nisi
1514 4912 1655 4969 forte
1711 4912 1767 4968 in
1817 4914 2135 4971 centurione

536 5010 673 5067 fides
694 5010 933 5081 gentium
959 5007 1293 5081 praeponitur
1307 5004 1517 5063 lsraeli.

608 5104 628 5176 (
649 5102 801 5158 Vers.
840 5097 952 5173 il.)
983 5098 1115 5155 Dico
1144 5109 1313 5155 autem
1339 5099 1503 5165 vobis,
1525 5099 1664 5171 quod
1686 5098 1836 5154 multi
1855 5100 1917 5154 ob
1943 5097 2130 5154 Orien-

532 5206 579 5252 te
606 5207 656 5252 et
689 5195 968 5252 Occidente
996 5195 1216 5263 venient,
1267 5202 1311 5247 et
1358 5191 1651 5248 recumbent
1678 5210 1794 5248 cum
1840 5190 2123 5262 Abraham,

605 5416 628 5476 τι
658 5405 788 5461 Mss.
824 5403 1082 5469 Palatini,
1108 5404 1313 5476 deferre
1336 5403 1593 5470 videatur,
1616 5402 1817 5475 absque
1854 5405 2123 5461 honorem.

604 5475 632 5515 δ
664 5476 830 5533 Iidem
864 5489 1022 5540 mss.,
1055 5484 1103 5530 et
1124 5475 1318 5529 sanabo
1343 5490 1477 5529 eum.

602 5558 627 5631 ξ
657 5545 894 5631 Rursum
923 5545 1086 5602 iidem
1105 5559 1262 5615 mss.,
1294 5545 1421 5600 Ecce
1440 5561 1535 5617 ego
1555 5560 1667 5601 cuin
1689 5547 1786 5600 sint
1812 5546 1987 5616 homo,
2012 5547 2129 5602 dico

531 5619 852 5761 Μῖιεῇξξὶξι,
881 5687 1100 5761 miratus
1129 5698 1223 5757 est,
1256 5703 1375 5761 quae
1415 5689 1469 5745 in
1516 5697 1676 5746 antea
1711 5686 1959 5761 ,Ylllﬁa‘is
1997 5688 2128 5747 dae“

532 5766 678 5825 rant,
711 5756 1028 5829 imperfecto
1051 5756 1238 5828 sensu,
1265 5756 1398 5817 inss.
1432 5761 1607 5817 nostri
1638 5756 1933 5817 sufﬁciunt.

2326 3242 2519 3317 (Ἶρι-ε.
2548 3243 2733 3299 iii-l8.
2765 3247 2784 3314 )
2827 3243 3048 3314 Vespere
3076 3254 3249 3300 autem
3277 3250 3435 3318 facta,
3470 3245 3775 3303 obtulerunt
3803 3244 3845 3304 ei

2252 3337 2445 3391 multos
2476 3336 2735 3391 daemonia
2781 3337 3024 3391 habentes
3049 3352 3067 3393 :
3095 3347 3142 3392 et
3160 3337 3400 3411 ejiciebat
3430 3338 3647 3410 spiritus
3675 3340 3843 3409 verba,

2249 3438 2299 3481 et
2328 3440 2502 3481 omnes
2553 3428 2689 3480 male
2720 3427 2967 3484 habentes
2998 3429 3198 3483 curavit
3223 3427 3337 3502 [AL
3362 3428 3601 3501 curabat]
3627 3474 3640 3495 ,
3675 3441 3729 3486 ut
3757 3431 3849 3487 ad-

2250 3520 2556 3589 impleretur
2608 3520 2748 3582 quod
2795 3521 2989 3574 dictum
3035 3531 3110 3575 est
3153 3537 3244 3592 per
3270 3520 3469 3576 Isaiam
3498 3525 3844 3594 prophetam,

2250 3611 2499 3666 dicentem
2524 3626 2542 3663 :
2574 3607 2699 3681 Ipse
2720 3611 3050 3681 inﬁrmitates
3078 3623 3279 3667 nostras
3300 3615 3521 3683 accepit,
3545 3623 3594 3669 et
3624 3626 3847 3688 (egrota-

2249 3708 2408 3762 tiones
2433 3716 2639 3761 nostras
2663 3707 2904 3778 portavit.
2928 3705 3121 3762 Videns
3143 3718 3313 3762 autem
3335 3706 3490 3763 Iesus
3512 3709 3694 3764 turbas
3715 3709 3850 3764 mul-

2249 3806 2329 3853 tas
2359 3799 2555 3853 circum
2577 3815 2652 3865 se,
2677 3799 2840 3870 jussit
2874 3797 3162 3871 discipulos
3194 3801 3269 3854 ire
3297 3811 3442 3855 trans
3474 3804 3687 3871 fretum.
3716 3798 3848 3858 0m-

2249 3907 2368 3959 nes,
2402 3906 2509 3946 non
2559 3906 2744 3957 mane,
2790 3905 2899 3947 non
2928 3891 3178 3960 meridie,
3212 3891 3307 3948 sed
3338 3892 3403 3946 ad
3433 3906 3720 3963 vesperam
3748 3910 3846 3949 cu-

2248 3996 2462 4050 rantur,
2516 3983 2735 4055 quando
2762 3985 2842 4039 sol
2875 3984 3232 4040 occubiturus
3252 3992 3339 4040 est
3391 4001 3404 4038 :
3445 3983 3667 4055 quando
3718 4000 3845 4057 gra-

2248 4092 2377 4133 num
2410 4077 2576 4132 tritici
2607 4075 2717 4150 46
2760 4077 2813 4132 in
2843 4086 2988 4133 terra
3015 4078 3246 4133 moritur
3268 4124 3282 4146 ,
3316 4087 3373 4133 ut
3404 4078 3606 4134 multos
3634 4078 3846 4136 fructus

2245 4168 2436 4226 aﬂ'erat
2466 4169 2661 4239 (Joan.
2698 4167 2831 4238 xu).

2318 4261 2339 4333 (
2363 4261 2517 4318 Vers.
2552 4262 2642 4329 lt),
2668 4259 2801 4332 ΞΟ.)
2834 4261 2904 4315 Et
2929 4263 3178 4317 accedens
3208 4278 3342 4317 unus
3374 4262 3582 4331 Scriba,
3614 4265 3692 4318 ait
3716 4264 3801 4321 illi
3826 4280 3846 4319 :

2248 4355 2521 4429 Magister.
2552 4371 2737 4425 sequar
2767 4366 2815 4409 te
2866 4372 3191 4429 quocumque
3217 4358 3359 4411 ieris.
3410 4356 3477 4411 Et
3517 4358 3642 4411 dicit
3675 4360 3724 4413 ei
3749 4357 3844 4413 Je-

2245 4464 2334 4503 sus
2364 4465 2383 4503 :
2438 4445 2631 4520 Vulpes
2662 4449 2836 4519 foveas
2866 4445 3084 4515 habent,
3115 4456 3165 4504 ct
3210 4449 3443 4504 volucres
3474 4450 3589 4505 cteli
3635 4448 3791 4509 nidos
3824 4469 3844 4509 :

2244 4540 2414 4597 Filius
2434 4552 2603 4597 autem
2630 4538 2853 4597 hominis
2880 4559 2985 4598 non
3012 4542 3165 4599 habet
3195 4544 3282 4598 ubi
3304 4554 3461 4618 caput
3480 4560 3632 4600 suum
3684 4548 3845 4603 recli-

2239 4644 2343 4691 net.
2372 4634 2565 4692 Scriba
2593 4635 2702 4692 iste
2729 4635 2887 4707 legis,
2923 4637 3013 4706 qui
3043 4644 3254 4692 tantum
3307 4639 3546 4694 litteram
3603 4651 3845 4698 noverat

2239 4729 2604 4797 occidentem,
2635 4730 2682 4787 si
2713 4728 2944 4787 dixisset
2968 4750 2978 4783 :
3000 4729 3249 4797 Domine,
3274 4746 3475 4803 sequar
3497 4743 3548 4787 te
3570 4746 3844 4803 quocum-

2238 4842 2343 4899 que
2371 4825 2523 4892 ieris,
2575 4841 2685 4881 non
2715 4824 2909 4882 fuisset
2933 4826 3185 4897 repulsus
3212 4842 3242 4881 a
3267 4824 3539 4893 Domino;
3578 4826 3677 4883 sed
3710 4828 3840 4900 quia

2238 4919 2558 4991 magistrum
2592 4934 2755 4974 unttm
2786 4917 2854 4974 dc
2902 4918 3156 4990 pluribus
3184 4919 3509 4985 aestimabat,
3541 4928 3597 4974 et
3623 4920 3842 4977 littera-

2240 5021 2328 5067 tor
2356 5022 2497 5080 erat,
2531 5010 2675 5083 quod
2701 5010 3103 5083 signiﬁcantius
3123 5010 3312 5069 Graece
3341 5010 3563 5081 dicitur,
3592 5035 3841 5091 γραμμα-

2236 5109 2390 5175 τεὺς,
2419 5116 2475 5162 et
2498 5121 2603 5162 non
2635 5106 2937 5179 spiritualis
2968 5107 3222 5163 auditor:
3259 5104 3385 5163 ideo
3416 5121 3521 5162 non
3559 5107 3724 5164 habet
3758 5110 3841 5164 lo-

2235 5211 2357 5253 cum
2418 5199 2471 5253 in
2520 5212 2631 5270 quo
2680 5196 2851 5268 possit
2902 5197 3061 5254 Iesus
3103 5194 3376 5256 reclinare
3429 5210 3591 5269 caput
3643 5214 3834 5256 suum.

2308 5406 2625 5478 eCorrupto
2660 5406 2977 5479 legebatur,
3033 5405 3309 5471 lacessant,
3363 5420 3461 5476 pro
3518 5404 3833 5479 lassescant,

2232 5488 2501 5550 quem_et
2538 5474 3019 5550 'paulo'superius
3077 5490 3322 5532 errorem
3356 5474 3522 5547 penes
3570 5474 3837 5535 Martian.

2232 5547 2665 5606 emendavimus.

2307 5619 2327 5659 ι
2359 5620 2476 5675 Duo
2506 5636 2666 5689 mss.,
2694 5629 2802 5677 tota
2829 5621 2987 5676 simul
3008 5618 3198 5688 reddit,
3226 5636 3318 5677 nec
3340 5618 3522 5699 sufﬁcit
3550 5634 3667 5677 esse
3696 5630 3825 5683 tan-

2232 5699 2339 5749 tum
2368 5701 2625 5748 sanatam.
