3962 6302
188 252 247 309 53
683 241 1330 303 COMMENTARIORUM
1369 242 1436 300 IN
1474 242 1925 307 EVANGELIUM
1964 243 2302 303 HAT'I‘HEI
2342 243 2470 302 LIB.
2514 246 2558 307 Ι.
2596 243 2751 302 CAP.
2794 244 2888 302 IX.
3375 247 3450 310 δι

182 360 468 419 Ostenditur
493 367 679 415 autem
696 359 876 426 nobis,
906 368 960 414 et
984 359 1061 421 ob
1083 358 1189 415 hoc
1207 358 1456 415 Scribam
1483 358 1738 430 repudia-
1761 364 1811 429 Α
1841 359 2125 415 rebantur.
2180 357 2276 415 Sin
2313 366 2497 414 autem
2524 359 2647 432 quis
2680 359 3028 419 contentiose
3054 359 3291 417 voluerit
3318 376 3436 432 eos,

177 463 297 521 turn,
324 450 460 523 quod
478 451 758 523 signorum
776 449 969 506 videns
990 448 1442 521 magnitudinem,
1464 451 1622 522 sequi
1641 465 1737 509 γο-
1839 453 1930 524 qui
1962 453 2323 521 mirabantur,
2356 452 2526 511 fuisse
2571 454 2866 525 discipulos
2887 496 2902 519 ,
2957 453 3436 529 respondebimus,

180 546 323 604 luerit
346 544 673 602 Salvatorem
705 584 723 609 ,
778 553 835 598 ut
887 542 1036 599 lucra
1090 559 1160 601 ex
1200 559 1428 616 operum
1458 542 1738 601 miraculis
1837 553 1986 602 recte
2016 544 2262 603 homines
2281 546 2612 619 appellatos,
2638 546 2733 621 qui
2762 546 2993 609 necdum
3042 557 3310 611 noverant
3337 562 3436 623 po-

178 647 444 714 quzreret,
476 637 572 693 hoc
588 635 739 693 idem
772 636 1122 704 desiderans,
1154 638 1298 713 quod
1323 648 1379 694 et
1406 638 1594 696 Simon
1626 638 1738 697 Ma-
1839 637 2064 694 tentiam
2093 636 2413 694 Salvatoris.

179 746 271 805 gus
293 730 486 787 aPetro
507 744 694 785 emere
724 729 973 785 voluerat
994 728 1132 801 (Aet.
1165 728 1303 801 vni).
1330 727 1479 785 Talis
1503 744 1638 801 ergo
1668 729 1735 785 li-
1912 732 2093 804 (Vere.
2124 731 2216 802 30,
2245 733 2363 805 3i.)
2398 727 2536 800 Quid
2565 733 2709 791 nobis
2744 744 2793 790 et
2825 734 2939 802 tibi,
2969 732 3093 790 Jssn
3124 734 3235 792 Fili
3287 735 3434 793 Dei?

182 821 276 880 des
310 823 445 893 juste
475 821 743 877 sententia
775 818 887 894 [ΑΙ.
914 820 1070 892 juxta
1118 818 1473 894 sententiam]
1524 820 1737 879 Domini
1846 822 2043 881 Venisti
2080 824 2179 879 huc
2207 833 2324 881 ante
2346 834 2543 897 tempus
2570 835 2804 898 torquere
2831 844 2948 885 nos.
2974 827 3108 883 Erat
3134 838 3308 887 autem
3334 846 3440 885 non

180 914 554 982 condemnatur,
584 923 641 970 et
661 912 869 969 dicitur
894 914 945 969 ei
981 931 996 969 :
1023 912 1167 981 Quid
1200 929 1287 969 me
1324 922 1549 987 propter
1589 913 1736 970 divi-
1838 915 1993 991 longe
2016 917 2083 972 ab
2110 915 2219 972 illis
2247 933 2372 990 grea:
2395 935 2674 989 porcorum
2720 921 3005 977 multorum
3050 937 3283 994 pascens.
3314 923 3440 980 Dte-

180 1009 277 1067 tias
297 1020 343 1066 et
363 1008 533 1065 seculi
554 1006 707 1064 lucra
736 1008 892 1078 cupis
923 1005 1099 1079 sequi,
1133 1020 1257 1063 cum
1288 1015 1454 1062 tanta:
1476 1006 1579 1062 sim
1605 1022 1738 1078 pau-
1837 1024 2015 1064 mones
2044 1018 2216 1065 autem
2241 1010 2493 1082 regebant
2520 1027 2660 1081 eum,
2690 1012 2938 1069 dicentes.
2969 1013 3088 1071 Non
3140 1015 3445 1073 voluntatis

177 1100 375 1174 perlatis
398 1141 414 1166 ,
444 1109 501 1155 ut
531 1115 598 1155 ne
621 1098 979 1173 hospitiolum
1009 1097 1231 1173 quidem
1263 1096 1521 1167 habeam,
1549 1108 1737 1157 etnon
1837 1102 1944 1158 ista
1973 1102 2246 1159 confessio
2272 1113 2382 1169 est,
2412 1119 2576 1176 quam
2627 1105 2916 1177 praemium
2961 1107 3212 1177 sequitur
3261 1108 3439 1163 conli-

172 1211 282 1252 meo
306 1204 418 1250 utar
447 1194 630 1249 tecto?
1835 1196 2029 1265 tentis,
2066 1196 2163 1252 sed
2195 1198 2540 1254 necessitatis
2566 1198 2834 1264 extorsio,
2862 1213 2988 1268 quae
3039 1200 3186 1270 cogit
3214 1199 3437 1270 invitos,

230 1285 409 1360 (Vers.
441 1282 569 1355 Si.)
616 1282 767 1338 Alius
796 1292 972 1338 autem
989 1282 1053 1339 de
1078 1280 1352 1353 discipulis
1381 1282 1492 1354 ejus
1522 1282 1593 1335 ait
1614 1282 1694 1337 illi
1716 1298 1736 1338 :
1835 1287 1988 1343 velut
2015 1287 2063 1344 si
2087 1289 2235 1344 servi
2264 1287 2498 1361 fugitivi,
2531 1299 2658 1363 post
2688 1291 2925 1347 multum
2955 1292 3216 1361 temporis
3252 1292 3433 1350 domi-

167 1375 382 1443 Domine,
408 1377 639 1449 permitte
666 1393 748 1430 me
800 1377 1025 1446 primum
1053 1375 1152 1439 ire,
1192 1383 1241 1429 et
1287 1375 1507 1447 sepelire
1534 1384 1735 1448 patrem
1836 1396 1967 1437 num
2017 1397 2175 1438 suum
2204 1382 2428 1441 videant
2457 1400 2471 1437 :
2503 1383 2640 1441 nihil
2681 1383 2830 1441 aliud
2878 1384 2983 1439 nisi
3014 1384 3083 1440 de
3110 1385 3439 1443 verberibus

167 1490 331 1528 meum.
359 1470 495 1540 Quid
518 1471 701 1526 simile
728 1481 814 1527 est
841 1471 984 1527 inter
1009 1468 1259 1525 Scribam
1285 1477 1341 1525 et
1359 1468 1735 1539 discipulum?
1836 1474 2216 1546 deprecantur.
2238 1476 2331 1533 Sic
2351 1486 2408 1535 et
2432 1478 2716 1537 daemones
2741 1487 3037 1535 cernentes
3062 1478 3354 1537 Dominum
3380 1481 3436 1537 in

168 1565 248 1621 Ille
282 1564 591 1637 magistrum
625 1574 814 1630 vocat,
846 1562 939 1619 hic
979 1563 1266 1618 Dominum
1288 1562 1603 1619 conﬁtetur.
1634 1561 1732 1620 llle

1880 1570 2003 1625 :rris
2027 1580 2259 1643 repente
2282 1573 2515 1637 versari.
2548 1574 2616 1629 ad
2639 1572 2969 1643 judicandos
2997 1589 3060 1630 se
3086 1577 3305 1633 venisse
3324 1592 3444 1634 cre-

165 1667 358 1730 prnpter
375 1658 593 1731 pietatis
614 1656 984 1724 occasionem,
1009 1654 1075 1711 ad
1103 1654 1481 1727 sepeliendum
1512 1665 1730 1728 patrem
1830 1661 2054 1719 debant.
2082 1664 2381 1723 Praesentia
2409 1666 2741 1733 Salvatoris,
2786 1676 3061 1727 tormenta
3079 1680 3206 1727 sunt
3234 1671 3441 1727 demo.

164 1752 234 1807 ire
250 1749 507 1808 desiderat
540 1770 554 1805 :
582 1751 687 1808 iste
709 1762 1024 1807 secuturum
1056 1765 1118 1805 se
1164 1749 1409 1823 quolibet
1442 1766 1568 1806 esse
1599 1765 1728 1821 pro-
1756 1741 1808 1811 Β
1834 1768 1984 1809 num.
2037 1754 2395 1829 Ridiculeque
2446 1768 2638 1829 putant
2662 1759 2908 1831 quidam,
2943 1760 3251 1819 daemones?
3278 1765 3422 1820 scire

164 1842 322 1910 mittit,
352 1860 456 1901 non
480 1845 802 1917 magistrum
828 1857 1098 1915 quaerens,
1131 1843 1228 1900 sed
1260 1858 1328 1899 ex
1358 1844 1616 1915 magistro
1644 1844 1728 1900 lu-
1833 1844 2032 1902 Filium
2059 1848 2174 1914 Dei,
2204 1859 2261 1906 et
2288 1849 2569 1907 diabolum
2600 1853 2893 1922 ignorare;
2922 1868 2993 1911 eo
3018 1854 3165 1922 quod
3207 1856 3439 1913 minoris

165 1949 315 1990 crum.
1833 1937 2058 1993 malitite
2110 1940 2221 1996 sint
2267 1940 2358 1998 isti
2407 1957 2571 2013 quam
2620 1942 2715 1998 ille
2765 1944 2925 2015 cujus
2964 1946 3238 2005 satellites
3284 1961 3435 2007 sunt.

221 2026 399 2096 (Vers.
418 2028 545 2098 22.)
578 2026 741 2081 Jesus
762 2037 939 2082 autem
960 2028 1033 2082 ait
1064 2025 1146 2082 illi
1170 2042 1191 2082 :
1211 2043 1424 2098 sequere
1448 2045 1548 2096 me,
1569 2038 1616 2084 et
1646 2028 1730 2084 di-
1829 2025 1965 2083 Cum
1996 2031 2173 2086 omnis
2202 2031 2430 2089 scientia
2460 2033 2852 2105 discipulorum
2883 2037 2951 2093 ad
2990 2038 3313 2108 magistrum
3344 2058 3435 2099 re-

169 2119 287 2174 mitte
308 2120 763 2193 mortuossepelire
782 2128 1014 2174 mortuos
1029 2135 1169 2174 suos.
1202 2118 1450 2176 Mortuus
1475 2130 1580 2187 est,
1609 2121 1729 2191 qui-
1832 2118 2057 2176 ferenda
2087 2122 2180 2188 sit,
2210 2132 2265 2178 et
2295 2133 2403 2181 tam
2436 2124 2734 2197 daemones,
2768 2143 2929 2198 quam
2977 2128 3230 2189 diabolus
3259 2134 3437 2203 suspi-

162 2227 363 2282 cumque
388 2228 493 2269 non
524 2212 727 2270 credit.
761 2212 822 2270 Si
844 2222 1024 2271 autem
1052 2222 1328 2270 mortuum
1359 2215 1555 2284 sepelit
1580 2230 1729 2271 mor-
1831 2217 1945 2273 cari
1973 2218 2147 2289 magis
2178 2218 2376 2276 Filium
2411 2221 2532 2288 Dei,
2582 2222 2878 2297 “quam
2909 2240 3073 2284 nosse
3097 2228 3436 2300 intelligendi

164 2312 286 2371 tuus,
317 2319 418 2359 non
456 2305 725 2363 debemus
754 2320 938 2361 curam
986 2307 1193 2361 habere
1220 2313 1580 2371 mortuorum,
1632 2305 1728 2365 sed
1831 2318 1960 2368 sunt
1981 2309 2091 2381 [ΑΙ.
2121 2309 2279 2383 sint].
2313 2310 2483 2371 Nemo
2504 2314 2643 2367 enim
2672 2314 2883 2371 Patrem
2905 2319 3068 2386 nouit,
3101 2320 3201 2375 nisi
3238 2320 3434 2392 Filius,

160 2400 421 2455 viventium
454 2419 467 2456 :
512 2416 582 2454 ne
603 2400 734 2455 dum
768 2400 993 2458 solliciti
1016 2415 1202 2456 sumus
1225 2398 1295 2457 de
1345 2400 1595 2468 mortuis,
1628 2416 1730 2461 nos
1830 2402 1858 2442 δ
1882 2414 1929 2458 et
1951 2405 2034 2457 cui
2064 2402 2281 2457 voluerit
2304 2401 2480 2461 Filius
2500 2407 2964 2480 revelareUlattlt.
2999 2427 3078 2480 χι,
3104 2413 3220 2485 27).
3392 2400 3400 2411 ’

161 2505 342 2564 quoque
362 2493 568 2547 mortui
589 2492 951 2564 appellemur.
1903 2496 2086 2569 (Vere.
2117 2496 2210 2564 32,
2244 2497 2359 2569 53.)
2385 2497 2447 2554 Si
2491 2501 2634 2572 ejicis
2682 2519 2798 2571 nos,
2828 2506 2973 2560 mitte
3011 2521 3102 2561 nos
3135 2508 3192 2561 in
3232 2525 3437 2581 gregem

217 2584 390 2657 (Vers.
425 2583 567 2656 25.)
596 2583 669 2639 Et
716 2585 1021 2641 ascendente
1047 2601 1109 2640 eo
1148 2586 1203 2639 in
1230 2584 1542 2653 naviculam,
1568 2586 1731 2642 secuti
1833 2604 2129 2657 porcorum.
2154 2587 2223 2643 Et
2251 2590 2323 2644 ait
2346 2590 2453 2647 illis
2483 2608 2503 2646 :
2551 2592 2655 2651 Ite.
2680 2595 2746 2649 At
2767 2595 2847 2651 illi
2874 2607 3144 2665 exeuntes,
3193 2601 3435 2656 abierunt

160 2685 256 2730 sunt
277 2693 380 2730 eum
399 2676 648 2748 discipuli
686 2681 803 2751 ejus
835 2694 852 2731 :
880 2686 929 2731 et
959 2693 1073 2732 ecce
1116 2687 1287 2732 motus
1314 2695 1532 2750 magnus
1558 2680 1728 2750 factus
1830 2680 1887 2736 in
1917 2696 2121 2751 porcos.
2153 2679 2223 2737 Et
2262 2698 2375 2739 eccs
2403 2700 2591 2756 magno
2632 2686 2827 2758 impetu
2851 2688 2981 2743 abiit
3024 2697 3164 2745 totus
3192 2707 3321 2761 gres:
3343 2708 3437 2763 per

162 2779 223 2824 est
245 2771 289 2824 in
310 2773 452 2837 mari,
473 2772 555 2825 ita
584 2780 641 2825 ut
664 2771 905 2826 navicula
934 2771 1224 2843 operiretur
1269 2771 1531 2843 ﬂuctibus.
1557 2771 1730 2840 Quin-
1833 2790 2060 2845 princeps
2086 2776 2139 2831 in
2167 2792 2331 2843 mare,
2360 2787 2408 2832 et
2432 2780 2625 2833 mortui
2647 2791 2768 2835 sunt
2799 2783 2853 2836 in
2877 2784 3047 2852 aquis.
3075 2784 3321 2840 Pastores
3340 2804 3437 2842 ast—-

166 2871 257 2916 tnm
297 2863 501 2933 signum
535 2862 690 2931 fecit,
724 2864 945 2935 quando
965 2864 1272 2921 ascendens
1301 2879 1495 2921 navem
1526 2866 1593 2921 de
1623 2865 1727 2922 Ca-
1832 2875 1933 2921 tem
1961 2870 2236 2938 fugerunt;
2264 2876 2315 2923 et
2360 2871 2617 2927 uenientes
2642 2872 2698 2928 in
2737 2874 3019 2943 civitatem,
3068 2880 3438 2935 nuntiaverunt

165 2955 445 3024 plurmum,
471 2955 976 3029 ventisimperavit
996 2965 1052 3011 et
1080 2957 1236 3013 mari.
1266 2956 1517 3025 Sextum,
1550 2973 1727 3030 quan-
1832 2956 1943 3014 Ittec
1969 2961 2168 3027 omnia,
2199 2969 2248 3015 et
2273 2961 2338 3016 de
2389 2963 2471 3017 his
2516 2964 2608 3036 qui
2650 2965 2915 3023 daemonia
2962 2968 3273 3029 habuerant.
3313 2973 3431 3028 Non

167 3046 221 3101 do
247 3049 293 3103 in
341 3050 572 3120 regione
627 3048 1032 3106 Gerasenorum
1063 3050 1215 3106 dedit
1264 3060 1589 3121 potestatem
1618 3051 1730 3107 dte-
1768 3129 1803 3135 _
1834 3050 1980 3121 quod
2035 3053 2374 3125 concesserit
2420 3053 2674 3113 Salvator
2701 3057 3043 3117 dzemonibus
3095 3061 3241 3134 quod
3275 3070 3431 3135 pete-

165 3143 385 3203 monibus
411 3145 467 3202 in
500 3158 725 3216 porcos.
754 3143 1059 3216 Septimum
1086 3186 1102 3212 ,
1134 3144 1352 3217 quando
1396 3143 1504 3219 47
1552 3145 1729 3218 ingre-
1754 3129 1805 3198 Ε
1837 3141 1991 3209 bant,
2021 3142 2178 3213 dixit,
2209 3145 2280 3201 ite
2305 3161 2323 3199 :
2346 3145 2442 3202 sed
2460 3156 2515 3202 ut
2534 3161 2632 3218 per
2654 3149 3096 3209 interiectionem
3114 3129 3431 3224 porcorum,

167 3239 294 3296 diens
316 3243 601 3299 civitatem
632 3255 815 3307 suam,
844 3241 1207 3314 paralyticum
1244 3240 1546 3297 secundum
1573 3253 1732 3296 cura-
1832 3233 2147 3290 hominibus
2175 3235 2368 3293 salutis
2383 3239 2601 3294 occasio
2618 3241 2977 3310 praeberetur.
3003 3242 3263 3303 Pastores
3281 3245 3431 3305 enim

166 3332 227 3388 sit
249 3334 297 3391 in
322 3334 548 3395 lectulo.
570 3334 786 3393 Primus
805 3335 953 3391 enim
977 3334 1310 3408 paralyticus
1336 3343 1422 3391 est
1449 3349 1583 3407 puer
1601 3348 1734 3395 cen-
1833 3327 1936 3383 ista
1967 3337 2280 3395 cernentes,
2313 3329 2498 3387 statim
2551 3334 2809 3389 nuntiant
2855 3333 3089 3392 civitati.
3135 3335 3441 3395 Erubescat

168 3428 386 3485 ultionis.
1834 3420 2186 3488 Manichacus,
2211 3420 2255 3475 si
2275 3420 2343 3477 de
2371 3421 2566 3479 eadem
2591 3423 2922 3491 substantia,
2940 3433 2997 3481 et
3020 3441 3088 3482 ex
3116 3427 3311 3487 eodem
3337 3443 3435 3484 au-

220 3519 397 3591 (Vers.
430 3518 527 3589 24,
563 3518 694 3593 ἓό.)
723 3518 849 3593 Ipse
880 3536 999 3575 vero
1053 3517 1370 3579 dormiebat.
1406 3520 1477 3575 Et
1500 3536 1733 3575 accesse—
1833 3523 1985 3571 ctore
2017 3513 2300 3571 hominum
2326 3514 2739 3587 bestiarumque
2758 3526 2888 3575 sunt
2915 3517 3134 3585 animm,
3164 3520 3437 3589 quomodo

166 3618 263 3663 runt
284 3610 346 3664 ad
372 3626 512 3681 eum,
545 3619 593 3664 et
618 3610 996 3665 suseitaverunt
1022 3627 1159 3677 eum,
1192 3608 1456 3666 dicentes:
1483 3608 1729 3678 Domine,
1834 3608 1904 3662 ob
1928 3607 2087 3663 unius
2117 3605 2357 3663 hominis
2384 3606 2645 3676 salutem,
2676 3608 2787 3665 duo
2814 3608 2984 3665 millia
3008 3624 3297 3681 porcorum
3326 3611 3445 3669 sula-

164 3700 284 3757 sclra
328 3717 444 3772 nos,
502 3702 761 3774 perimus.
794 3701 861 3756 Et
891 3701 1018 3757 dicit
1054 3704 1129 3757 eis
1156 3701 1310 3757 Iesus
1330 3718 1349 3757 :
1380 3702 1521 3772 Quid
1565 3702 1736 3761 timidi
1835 3699 2133 3755 locantur?

166 3795 282 3861 estis,
311 3795 523 3853 modica!
548 3794 676 3864 ﬁdei
694 3796 721 3851 2
746 3793 919 3864 Hujus
949 3797 1086 3867 signi
1120 3805 1310 3871 typum
1343 3796 1395 3859 in
1418 3796 1559 3853 Jona
1601 3797 1736 3867 legi-
1910 3792 2105 3864 (Vers.
2135 3791 2226 3848 54.
2254 3790 2274 3862 )
2304 3789 2372 3847 Et
2399 3807 2511 3847 ecce
2538 3801 2647 3846 tota
2675 3793 2857 3849 civitas
2897 3795 3024 3850 exiit
3048 3794 3250 3851 obviam
3268 3794 3397 3853 Iesu
3423 3834 3441 3865 ,

167 3898 265 3940 mus
289 3884 437 3959 (Jan.
473 3884 556 3958 ι),
607 3886 855 3959 quando,
885 3887 1102 3943 caeteris
1129 3889 1585 3960 periclitantibus,
1617 3890 1737 3961 ipse
1839 3896 1886 3941 et
1924 3887 2035 3942 rise
2065 3903 2144 3950 eo,
2175 3885 2428 3957 rogabant
2449 3902 2589 3953 eum,
2617 3894 2672 3940 ut
2699 3888 2946 3943 transiret
2973 3904 3008 3941 a
3029 3888 3218 3958 finibus
3239 3905 3439 3945 eorum.

168 3991 364 4040 securus
386 3991 490 4052 est,
523 3991 581 4038 et
603 3980 833 4051 dormit,
864 3988 919 4039 et
956 3982 1295 4047 suscitatur;
1327 3992 1385 4039 et
1413 3984 1644 4055 imperio
1672 3997 1738 4042 ac
1838 3979 1996 4048 Quod
2023 3989 2218 4051 rogant
2243 3987 2302 4036 ut
2328 3988 2571 4036 transeat
2595 3994 2625 4035 a
2659 3980 2856 4036 ﬁnibus
2878 3994 3095 4049 eorum,
3123 3995 3231 4037 non
3256 3980 3324 4037 de
3351 3997 3444 4041 sn-

169 4084 477 4134 sscrsmento
503 4075 781 4147 passionis
809 4089 925 4132 sua:
950 4076 1147 4133 liberat
1173 4077 1521 4135 suscitantes.
1840 4074 2032 4146 perbia
2082 4073 2190 4128 hoc
2218 4071 2441 4143 iaciunt,
2494 4082 2553 4128 ut
2581 4074 2828 4130 nonnulli
2850 4075 3212 4142 arbitrantur,
3243 4075 3340 4131 sed
3375 4075 3446 4133 de

225 4166 409 4237 (γει-ε.
429 4167 564 4240 26.)
588 4168 735 4226 Tunc
753 4185 989 4242 surgens,
1018 4172 1289 4242 imperavit
1315 4173 1476 4229 ventis
1498 4181 1545 4227 et
1566 4174 1698 4229 mari
1716 4187 1736 4228 :
1842 4168 2150 4225 humilitate
2175 4182 2279 4239 qua
2307 4182 2368 4224 se
2393 4167 2689 4236 prtesentia
2711 4167 2928 4225 Domini
2961 4167 3216 4238 indignos
3232 4168 3445 4239 judica-

171 4267 210 4313 et
222 4259 431 4331 factust
449 4263 806 4332 tranquillitas
830 4279 1039 4337 magna.
1059 4263 1125 4318 Et
1146 4279 1210 4319 ex
1230 4264 1740 4334 boclocointelligiq
1843 4261 1995 4328 bant,
2035 4260 2180 4317 sicut
2220 4268 2275 4316 et
2302 4259 2492 4316 Petrus
2531 4262 2584 4321 in
2627 4268 2853 4332 captura
2881 4261 3114 4331 piscium
3141 4260 3345 4317 cadens
3373 4260 3441 4321 ad

173 4364 273 4408 inus
297 4353 433 4426 quod
461 4369 656 4415 omnes
682 4363 955 4413 creaturae
980 4354 1218 4411 sentiant
1240 4354 1578 4409 Creatorem.
1609 4354 1741 4421 Qui-
1841 4368 2015 4425 genua
2047 4352 2346 4411 Salvatoris
2368 4394 2383 4418 ,
2412 4352 2488 4411 ait
2514 4368 2536 4408 :
2565 4349 2667 4413 Exi
2694 4368 2728 4407 a
2761 4368 2844 4407 me
2864 4395 2879 4421 ,
2915 4349 3173 4422 Domine,
3209 4353 3335 4424 quia
3367 4353 3445 4409 vir

174 4443 262 4501 bus
279 4448 416 4507 enim
446 4448 760 4519 increpatur
785 4447 894 4521 [ΑΙ.
926 4462 1065 4519 quas
1083 4444 1430 4519 increpavit],
1463 4456 1518 4503 et
1541 4446 1738 4519 quibus
1761 4508 1812 4521 _
1844 4457 2082 4520 peccator
2109 4464 2222 4503 sum
2250 4444 2420 4516 (Luc.
2453 4463 2505 4514 ν,
2532 4445 2615 4518 8).

175 4538 445 4609 imperatur
466 4508 473 4511 ⁷
495 4508 619 4614 [Δί
655 4508 986 4613 imperavit),
1047 4508 1289 4596 sentiunt
1338 4508 1734 4611 imperantem:
1761 4508 1855 4575 Β,
1915 4540 2093 4611 (Cap.
2126 4508 2457 4595 [xm—Vere.
2482 4508 2535 4605 ί,
2565 4508 2650 4609 ᾖ.)
2679 4538 2747 4592 Ει
2778 4538 3060 4593 ascendens
3091 4537 3245 4592 Iesus
3272 4542 3324 4592 in
3351 4553 3448 4597 na-

176 4646 266 4689 non
287 4648 472 4692 errore
498 4635 906 4699 haereticorum.
935 4635 1027 4705 qui
1057 4635 1237 4690 omnia
1267 4643 1458 4705 putant
1486 4636 1741 4691 animan-
1842 4633 2068 4687 cicutam
2092 4633 2474 4702 transfretavit,
2525 4640 2575 4685 et
2611 4632 2747 4687 venit
2776 4631 2832 4686 in
2857 4631 3114 4689 civitatem
3158 4646 3328 4686 mam.
3376 4627 3447 4683 Et

176 4727 265 4794 tia;
289 4735 315 4765 ι
332 4728 432 4786 sed
458 4728 744 4799 majestate
767 4726 1090 4793 conditoris,
1111 4742 1235 4798 qua:
1253 4727 1397 4798 apud
1433 4741 1534 4785 nos
1556 4727 1743 4785 insen-
1844 4743 1961 4783 ecce
1981 4725 2261 4795 o/Ierebant
2283 4726 2327 4779 ei
2357 4726 2701 4796 paralyticum
2719 4726 2976 4796 jacentem
2992 4725 3046 4783 in
3071 4722 3225 4781 lecto.
3259 4721 3449 4779 Videas

177 4816 354 4892 sibilia,
381 4821 464 4877 illi
489 4820 776 4878 sensibilis
801 4829 954 4876 sunt.
1847 4833 2019 4876 autem
2041 4817 2075 4873 J
2083 4834 2198 4873 esus
2228 4818 2387 4888 ﬁdem
2415 4819 2650 4881 illorum,
2683 4816 2819 4871 dixit
2841 4815 3132 4887 paralytico
3156 4832 3175 4870 :
3207 4814 3449 4883 Conﬁde,

238 4909 415 4982 (Vera.
443 4912 635 4971 27-S9.
662 4912 685 4986 )
710 4911 883 4968 Porro
914 4911 1146 4969 housines
1175 4911 1350 4967 mirati
1378 4921 1532 4982 sunt,
1562 4914 1745 4970 dicen-
1851 4913 1950 4983 fili,
1982 4911 2312 4966 remittuntur
2359 4910 2449 4963 tibi
2479 4916 2690 4980 peccata
2716 4916 2827 4963 tua.
2857 4904 3148 4961 Civitatem
3176 4906 3297 4976 ejus
3340 4921 3451 4965 non

180 5008 240 5054 ια
266 5018 283 5055 τ
302 5002 482 5072 Qualis
504 5014 581 5065 est
604 5006 714 5074 hic,
744 5007 873 5077 quia
889 5006 1024 5060 venti
1048 5012 1100 5061 et
1125 5021 1266 5061 mare
1291 5004 1534 5061 obediunt
1558 5008 1608 5060 ei
1629 5008 1654 5062 7
1676 5004 1745 5063 Et
1854 5005 2016 5062 aliam
2040 5001 2395 5072 intelligimus
2415 5014 2578 5069 quam
2600 4998 2897 5067 Nazaretb,
2923 4998 3066 5056 unde
3085 5006 3141 5055 et
3161 4997 3453 5056 Nazarteus

181 5109 279 5149 mn
298 5097 677 5157 renissetlesus
701 5108 849 5155 trans
877 5098 1068 5170 fretum
1090 5098 1143 5155 in
1165 5099 1423 5171 regionem
1452 5099 1748 5157 Geraseno-
1853 5097 2160 5170 appellatus
2188 5101 2297 5150 est.
2330 5092 2661 5149 Obtulerunt
2687 5098 2874 5148 autem
2903 5091 2953 5147 ei
2975 5133 2991 5158 ,
3035 5099 3098 5148 ut
3121 5106 3280 5161 supra
3307 5091 3454 5148 όίιὶς

184 5202 301 5253 ηπ,
329 5202 661 5249 occurrerunt
687 5192 736 5247 ei
761 5192 869 5246 duo
897 5191 1139 5247 habentes
1164 5192 1442 5261 dtemonia,
1473 5193 1536 5247 de
1564 5210 1751 5249 monu-
1856 5207 2015 5260 mus,
2056 5188 2356 5248 secundum
2402 5186 2765 5258 paralyticum
2811 5186 3084 5256 iacentem
3131 5186 3186 5241 in
3228 5184 3459 5254 lectulo,

187 5284 349 5338 mentis
384 5295 640 5352 munies,
671 5285 794 5340 mi
821 5284 997 5351 nimis,
1019 5284 1093 5340 ita
1129 5292 1184 5339 ut
1209 5300 1364 5341 nemo
1390 5295 1561 5357 posset
1584 5294 1756 5342 trans.
1858 5286 1986 5357 quia
2016 5283 2138 5353 ipse
2168 5279 2381 5351 ingredi
2408 5294 2518 5335 non
2544 5277 2785 5335 valebat.
2824 5276 3029 5337 Videas
3073 5282 3258 5331 autem
3297 5275 3461 5335 lesus

189 5370 252 5426 ire
273 5392 361 5444 per
383 5377 508 5433 siam
533 5379 705 5437 illam.
740 5375 808 5432 Et
829 5392 945 5432 ecce
972 5377 1326 5433 clamauerunt
1355 5377 1605 5435 dicentes.
1635 5377 1756 5438 Non
1861 5393 1973 5435 non
2011 5374 2131 5445 ejus
2157 5372 2323 5428 ﬁdem
2355 5370 2447 5442 qui
2477 5370 2835 5435 oﬂ‘erebatur,
2870 5367 2965 5424 sed
2990 5380 3179 5424 eorum
3203 5367 3296 5437 qui
3325 5366 3462 5425 υπε-

197 5461 442 5541 discipuli,
465 5471 562 5528 sed
587 5479 790 5537 nautae,
815 5479 871 5526 et
898 5471 1080 5526 centeri
1102 5470 1192 5541 qui
1223 5471 1276 5526 in
1309 5470 1435 5525 navi
1457 5480 1635 5538 erant,
1660 5472 1762 5527 mi-
1862 5469 2077 5535 rebant,
2108 5463 2243 5520 dixit
2280 5462 2587 5534 paralytico
2620 5479 2633 5515 :
2684 5457 2934 5528 Conﬁde,
2982 5458 3098 5527 ﬁli,
3121 5458 3455 5515 remittuntur

261 5672 514 5747 ‘_Addunt
534 5676 757 5747 quidam
800 5691 936 5736 mss.
967 5675 1234 5735 sensibilia
1259 5692 1370 5734 esse
1390 5691 1410 5732 :
1442 5675 1535 5734 alii
1584 5691 1754 5735 econ-
1932 5673 1961 5713 ι’
1987 5669 2487 5747 ιιιιςιιξειθιιιιιΔόιιο
2515 5665 2690 5747 Palat:
2716 5678 2861 5747 mss.
2884 5666 3030 5724 sacri
3071 5672 3253 5725 ιειιυδ
3272 5666 3461 5735 verba.

202 5745 344 5800 trario
366 5734 674 5809 insensibilia
699 5763 835 5806 esse.
902 5734 933 5736 γ’
1070 5734 1091 5735 ﬂ
1600 5734 1603 5735 ⁷
1634 5734 1671 5735 η
1706 5734 1719 5735 ί
1861 5760 2021 5819 neque
2052 5741 2252 5800 Filium
2272 5742 2386 5812 quis
2416 5738 2553 5797 norit
2578 5737 2679 5796 nisi
2707 5734 2885 5796 Pater.
