3966 6306
497 277 567 332 55
1738 272 1798 328 S.
1839 267 2111 328 EUSEBII
2146 266 2527 327 HIERONYMI
3713 269 3779 325 56

488 389 583 444 tibi
612 398 824 461 peccata
848 396 959 444 tua.
992 388 1039 443 0
1065 388 1199 443 mira
1229 387 1531 454 humilitas,
1560 387 1878 457 despectum
1914 395 1971 442 et
1989 386 2084 441 dc-
2110 384 2167 447 Α
2189 385 2348 442 loco:
2382 384 2481 440 Dic
2501 395 2557 441 tu
2603 396 2811 459 peccata
2839 396 2945 457 tua,
2994 396 3053 442 ut
3084 387 3390 459 justiﬁceris
3439 352 3596 458 (Isai.
3633 402 3777 455 scut,

493 481 683 549 bilem,
710 480 947 551 totisque
970 478 1338 535 membrorum
1362 478 1717 550 compagibus
1742 477 2086 543 dissolutum,

494 573 664 643 ﬁlium
691 580 870 639 vocat,
917 583 1076 641 quem
1108 570 1423 626 sacerdotes
1473 584 1580 626 non
1618 568 1980 641 dignabantur
2010 576 2090 622 at-

493 665 725 737 tingere.
769 665 877 720 Aut
906 673 1061 721 certe
1100 663 1221 718 ideo
1274 664 1479 733 ﬁlium,
1508 664 1633 733 quia
1665 663 2014 717 dimittuntur
2040 660 2092 715 ei

494 764 717 829 peccata
750 770 867 811 sua.
896 754 1055 811 Juxta
1089 754 1449 825 tropologiam
1502 753 1772 809 interdum
1798 753 1975 807 anima
2002 752 2091 821 ja-

494 863 625 903 cens
668 848 721 902 in
778 861 1010 917 corpore
1036 860 1165 912 suo,
1199 845 1328 903 totis
1374 846 1745 900 membrorum
1798 844 2093 900 virtutibus

491 937 800 1003 dissolutis,
847 952 876 991 a
911 936 1150 1007 perfecto
1190 935 1418 992 doctore
1458 935 1688 992 oll'ertur
1716 934 1955 991 curanda
1983 934 2094 989 Do-

494 1031 664 1099 mino,
698 1029 809 1102 59
833 1044 954 1099 qua:
994 1030 1039 1082 si
1087 1027 1464 1084 misericordia
1507 1027 1627 1097 ejus
1684 1038 1873 1082 sanata
1904 1027 2090 1094 fuerit,

484 1131 694 1176 tantum
749 1120 964 1176 roboris
1005 1118 1243 1189 accipit,
1276 1130 1335 1175 ut
1364 1130 1543 1190 portet
1596 1120 1784 1175 statim
1826 1120 2090 1175 lectulum

493 1227 676 1269 suum.

563 1305 746 1376 (Vers.
776 1306 833 1372 '5,
862 1303 945 1374 ὁ.)
973 1303 1037 1357 Et
1058 1320 1171 1359 ecce
1196 1304 1412 1376 quidam
1431 1305 1495 1359 de
1518 1304 1717 1361 Scribis
1737 1304 1986 1360 dixerunt
2007 1306 2095 1359 in-

499 1409 583 1452 tra
610 1414 666 1451 se
698 1413 715 1449 :
740 1394 846 1450 Hic
872 1394 1218 1465 blasphemat.
1248 1394 1318 1450 Et
1341 1412 1457 1450 cunt
1485 1397 1694 1451 uidisset
1716 1394 1871 1451 Iesus
1899 1398 2095 1468 cogita-

502 1490 671 1543 tiones
691 1502 891 1552 corum,
932 1488 1067 1541 dixit
1098 1502 1118 1541 :
1152 1487 1221 1542 Ut
1263 1488 1389 1558 quid
1419 1489 1653 1559 cogitatis
1676 1489 1812 1542 mala
1841 1489 1894 1543 in
1922 1488 2095 1542 cordi-

496 1582 591 1636 bus
620 1582 802 1635 vestris
829 1580 1128 1651 ?Legimus
1152 1582 1202 1635 in
1248 1580 1540 1651 Propheta,
1574 1581 1843 1637 dicentem
1872 1582 2042 1637 Deum
2076 1601 2090 1638 :

499 1671 616 1743 Ego
643 1689 756 1727 sum
806 1674 892 1744 qui
944 1672 1091 1727 deleo
1140 1673 1439 1744 iniquitates
1468 1682 1581 1727 tuas
1609 1672 1767 1745 (lsai.
1800 1688 1948 1740 sum,
1971 1672 2090 1744 25).

2189 477 2305 549 26).
2335 478 2646 534 Matthmum
2678 494 2737 535 se
2774 492 2828 536 et
2852 481 3197 551 publicanum
3234 480 3501 549 nominat,
3524 490 3582 536 ut
3602 489 3780 536 osten-

2190 569 2282 626 dat
2310 572 2636 643 legentibus,
2670 572 2879 627 nullum
2908 572 3111 629 debere
3139 572 3368 628 salutem
3393 572 3705 643 desperare,
3734 574 3778 628 si

2189 664 2260 719 ad
2288 664 2515 719 meliora
2540 679 2839 721 conversus
2865 663 2974 731 sit;
3004 679 3125 720 cum
3153 663 3272 733 ipse
3312 663 3380 719 de
3411 664 3699 734 publicano
3725 665 3778 719 in

2191 757 2503 826 apostolum
2537 758 2609 812 sit
2647 766 2873 827 repente
2922 766 3181 812 mutatus.
3209 754 3399 827 Arguit
3424 757 3479 811 in
3519 755 3622 809 huc
3663 755 3779 812 loco

2192 848 2531 920 Porphyrius
2574 859 2626 904 et
2674 849 2925 905 Julianus
2983 852 3274 920 Augustus,
3334 848 3420 903 vel
3461 848 3777 917 imperitiam

2193 938 2436 995 historici
2464 939 2798 1005 mentientis,
2822 939 2906 994 vel
2931 937 3216 995 stultitiam
3247 953 3437 994 eorum
3464 937 3557 1008 qui
3606 937 3781 993 statim

2193 1032 2367 1089 secuti
2392 1032 2499 1086 sint
2518 1031 2883 1101 Salvatorem,
2908 1031 3065 1102 quasi
3096 1030 3542 1085 irrationabiliter
3558 1030 3786 1100 quemli-

2193 1126 2286 1182 bet
2318 1134 2599 1181 vocantem
2628 1125 2908 1181 hominem
2928 1125 3035 1180 sint
3061 1124 3255 1191 secuti,
3278 1138 3399 1179 cum
3428 1131 3593 1178 tanta:
3618 1121 3785 1179 virtu-

2196 1228 2300 1286 tes,
2335 1227 2595 1289 tantaque
2620 1220 2771 1289 signa
2794 1221 3194 1290 praecesserint,
3219 1233 3338 1290 quae
3364 1217 3667 1287 Apostolus
3696 1232 3786 1271 an-

2194 1321 2409 1384 tequam
2456 1312 2763 1379 crederent,
2817 1311 3022 1368 vidisse
3078 1326 3184 1367 non
3224 1309 3447 1365 dubium
3501 1317 3605 1365 est.
3634 1307 3787 1365 Certe

2195 1408 2370 1477 fulgor
2417 1409 2553 1479 ipse,
2606 1417 2661 1464 et
2688 1407 2945 1479 majestas
2998 1406 3299 1462 divinitatis
3354 1406 3615 1472 occultae,
3673 1421 3786 1475 qua:

2194 1501 2356 1554 etiam
2384 1499 2440 1554 in
2473 1497 2500 1528 ⁸
2532 1497 2767 1553 humana
2800 1497 2935 1554 facie
2983 1498 3283 1563 relucebat,
3317 1510 3386 1552 ex
3417 1496 3597 1565 primo
3624 1495 3688 1550 ad
3731 1508 3787 1550 se

2196 1592 2443 1648 videntes
2466 1593 2684 1647 trahere
2711 1600 2920 1662 poterat
2948 1598 3193 1661 aspectu.
3215 1589 3273 1646 Si
3302 1587 3447 1645 enim
3475 1590 3528 1643 in
3548 1597 3788 1657 magnete

2196 1685 2376 1756 lapide
2404 1692 2459 1741 et
2485 1686 2720 1740 succinis
2751 1683 2867 1738 haec
2895 1697 3018 1738 esse
3057 1682 3143 1737 vis
3171 1681 3395 1748 dicitur,
3431 1689 3488 1736 ut
3517 1680 3742 1734 annulos
3770 1720 3785 1745 ,

501 1761 913 1834 Consequenter
939 1778 1072 1835 ergo
1099 1764 1328 1829 Scribas,
1353 1763 1477 1834 quia
1503 1764 1778 1819 hominem
1805 1764 2090 1834 putabant,

2207 1788 2254 1834 et
2282 1777 2557 1847 stipulam,
2583 1787 2638 1831 et
2665 1775 2900 1831 festucas
2920 1775 3024 1830 sibi
3070 1775 3351 1845 copulent,
3380 1783 3585 1843 quanto
3625 1771 3789 1842 magis

505 1868 563 1915 et
585 1860 751 1915 verba
779 1858 875 1914 Dei
901 1873 1011 1915 non
1066 1858 1463 1930 intelligebant,
1495 1868 1725 1930 arguunt
1777 1874 1902 1914 eum
1950 1858 2097 1915 blas-

509 1952 763 2024 phemiae.
798 1951 906 2008 Sed
932 1952 1189 2007 Dominus
1242 1950 1432 2007 videns
1460 1952 1816 2022 cogitationes
1864 1965 2052 2006 eorum
2076 1991 2093 2018 ,

504 2044 747 2101 OStendit
775 2059 835 2100 se
864 2044 1053 2111 Deum,
1083 2044 1174 2115 qui
1208 2045 1378 2115 possit
1425 2043 1606 2101 cordis
1649 2044 1863 2100 occulta
1894 2058 2097 2114 cogno-

504 2153 682 2205 scere,
715 2147 769 2194 et
797 2137 1199 2208 quodammodo
1227 2147 1413 2194 tacens
1432 2139 1671 2209 loquitur
1700 2153 1714 2190 :
1746 2136 1954 2191 Eadem
1979 2150 2098 2191 ma-

499 2232 702 2301 jestate
730 2242 785 2286 et
815 2231 1054 2299 potentia
1092 2245 1197 2301 qua
1224 2231 1584 2302 cogitationes
1611 2239 1826 2286 vestras
1856 2228 2094 2296 intueor,

505 2338 729 2393 possum
781 2332 836 2377 et
873 2323 1182 2379 hominibus
1217 2334 1439 2393 peccata
1487 2323 1784 2380 dimittere.
1813 2325 1888 2378 Ex
1941 2324 2098 2381 vobis

508 2415 799 2486 intelligite
823 2416 951 2486 quid
985 2417 1323 2489 paralyticus
1354 2426 1743 2487 consequatur.

576 2510 760 2584 (Vers.
792 2511 848 2581 5,
878 2509 962 2584 6.)
994 2510 1134 2577 Quid
1162 2519 1236 2564 est
1267 2510 1477 2580 facilius
1514 2511 1685 2564 dicere
1716 2526 1734 2564 :
1765 2511 2101 2566 dimittuntur

505 2605 597 2658 tibi
646 2612 856 2674 peccata
887 2613 977 2657 tua
1000 2620 1020 2671 ;
1048 2620 1115 2656 an
1142 2603 1317 2658 dicere
1340 2618 1358 2657 :
1386 2620 1539 2675 surge
1560 2612 1610 2657 et
1632 2603 1881 2658 ambula?
1910 2602 1979 2659 Ut
2002 2622 2098 2658 au-

504 2706 606 2750 tem
636 2696 837 2763 sciatis,
866 2696 989 2768 quia
1019 2695 1190 2750 Filius
1233 2696 1459 2751 hominis
1498 2696 1652 2751 habet
1690 2707 1991 2769 potestatem
2048 2699 2104 2752 in

506 2798 644 2843 terra
673 2789 967 2842 dimittendi
998 2796 1226 2857 peccata,
1260 2797 1383 2842 tunc
1407 2789 1481 2843 ait
1506 2789 1817 2861 paralytico.
1843 2790 1988 2845 Inter
2018 2788 2103 2844 di-

508 2896 660 2946 cere,
688 2890 744 2937 et
776 2881 977 2947 facere,
1012 2882 1177 2937 multa
1204 2881 1463 2938 distantia
1493 2889 1596 2937 est.
1628 2881 1821 2938 Utrum
1868 2883 1978 2938 sint
2004 2897 2103 2952 pa-

507 2977 742 3047 ralytico
772 2990 993 3047 peccata
1027 2977 1277 3045 dimissa,
1319 2976 1470 3033 solus
1493 2986 1742 3044 noverat,
1795 2977 1890 3047 qui
1919 2977 2103 3031 dimit-

508 3069 680 3125 tebat.
717 3070 885 3140 Surge
914 3079 1098 3125 autem
1118 3078 1175 3125 et
1212 3068 1443 3134 ambula,
1472 3080 1578 3124 tam
1604 3069 1695 3125 ille
1740 3069 1830 3140 qui
1878 3083 2107 3124 consur-

2201 1868 2465 1924 Dominus
2515 1870 2757 1924 omnium
2793 1876 3165 1923 creaturarum
3196 1866 3262 1921 ad
3294 1881 3354 1922 se
3380 1865 3602 1921 trahere
3630 1873 3790 1935 pote—

2202 1969 2309 2028 rat,
2342 1974 2479 2030 quos
2508 1959 2727 2015 volebat
2748 1959 2773 2014 ’ἒ

2273 2052 2455 2125 (Vers.
2488 2052 2555 2109 10
2587 2049 2733 2122 seq.)
2756 2049 2825 2106 Et
2868 2053 3063 2123 factum
3112 2059 3207 2118 est,
3264 2049 3615 2104 discumbente
3638 2065 3695 2103 eo
3742 2048 3792 2101 in

2200 2145 2379 2211 domo,
2409 2160 2525 2199 ecce
2544 2144 2696 2198 multi
2713 2143 2975 2216 publicani
2988 2152 3034 2197 et
3057 2152 3351 2213 peccatores
3368 2142 3648 2207 venientes,
3680 2140 3784 2193 dis-

2201 2235 2505 2290 cumbebant
2558 2251 2675 2290 cum
2695 2232 2823 2288 Jesu
2867 2243 2913 2288 et
2964 2232 3235 2304 discipulis
3281 2235 3415 2304 ejus.
3459 2230 3532 2285 Et
3577 2232 3795 2285 ridentes

2203 2327 2491 2394 Pharisa'i,
2522 2328 2761 2383 dicebant
2822 2328 3099 2398 discipulis
3127 2329 3239 2399 cjus
3267 2342 3285 2380 :
3320 2327 3498 2395 Quare
3541 2342 3653 2380 cum
3698 2341 3793 2397 pu-

2204 2423 2425 2479 blicanis
2452 2432 2499 2477 et
2531 2422 2885 2493 peccatoribus
2927 2421 3207 2476 manducat
3229 2421 3476 2490 magister
3500 2429 3658 2474 vester
3688 2418 3710 2471 ?
3735 2416 3793 2470 At

2202 2513 2358 2569 Iesus
2385 2513 2624 2579 audiens,
2654 2513 2770 2566 ait:
2802 2510 2925 2565 Non
2965 2519 3040 2564 est
3062 2526 3193 2580 opus
3229 2510 3427 2563 medico
3470 2506 3753 2563 ualentibus
3776 2546 3791 2571 ,

2204 2609 2295 2663 sed
2325 2609 2456 2662 utale
2506 2606 2827 2661 habentibus.
2878 2604 3080 2660 Euntes
3110 2613 3281 2657 autem
3312 2603 3496 2657 discite
3546 2601 3669 2673 quid
3697 2609 3784 2653 est.

2207 2698 2476 2756 Videbunt
2499 2698 2844 2769 publicanum
2875 2712 2904 2751 a
2952 2695 3188 2765 peccatis
3217 2694 3283 2749 ad
3317 2694 3546 2749 meliora
3570 2705 3793 2749 convcr-

2204 2807 2345 2859 sum,
2371 2792 2548 2847 locum
2599 2790 2874 2846 invenisse
2922 2788 3293 2859 poenitentia};
3344 2796 3399 2842 et
3435 2786 3510 2841 ob
3539 2786 3589 2843 id
3640 2784 3793 2841 etiam

2207 2885 2309 2954 ipsi
2338 2900 2446 2939 non
2486 2883 2783 2954 desperant
2809 2882 3065 2946 salutem,
3125 2895 3305 2951 neque
3335 2894 3470 2934 vero
3503 2881 3557 2935 itt
3614 2875 3792 2949 pristi-

2210 2978 2293 3031 nis
2326 2976 2475 3031 vitiis
2508 2984 2912 3044 permanentes,
2965 2973 3191 3029 veniunt
3212 2971 3279 3027 ad
3316 2970 3529 3038 Jesum,
3562 2978 3620 3025 ut
3668 2969 3796 3023 Pha-

2213 3068 2357 3123 risaei
2384 3075 2440 3122 et
2461 3066 2669 3122 Scriba:
2700 3072 3046 3119 murmurant
3070 3081 3085 3129 ;
3118 3063 3215 3118 sed
3237 3062 3614 3132 ptenitentiam
3643 3074 3797 3131 agen-

506 3162 691 3235 gebat,
721 3137 882 3233 quam
907 3162 961 3217 hi
994 3163 1084 3234 qui
1136 3170 1558 3233 consurgentem
1590 3137 1871 3227 videbant,
1904 3175 2101 3231 appro—
2128 3137 2174 3203 Ο
2208 3168 2375 3225 tes,ut
2404 3173 2641 3229 sequens
2674 3156 2884 3212 Domini
2917 3169 3102 3212 sermo
3130 3153 3425 3225 signiﬁcat,
3455 3154 3647 3210 dicens
3680 3168 3694 3205 :

505 3257 638 3312 bare
659 3265 931 3327 poterant.
963 3256 1050 3312 Fit
1088 3256 1253 3327 igitur
1277 3256 1500 3312 carnale
1536 3256 1779 3327 signum,
1809 3265 1869 3311 ut
1894 3256 2095 3325 probe-

504 3357 595 3404 tur
639 3348 949 3418 spirituale,
986 3362 1310 3419 quamquam
1363 3347 1610 3418 ejusdem
1665 3348 1884 3403 virtutis
1926 3348 2015 3413 sit,
2050 3355 2107 3403 et

503 3443 752 3515 corporis
780 3451 836 3499 et
855 3443 1052 3497 animae
1104 3442 1235 3497 vitia
1282 3441 1578 3497 dimittere.
1630 3442 1699 3495 Et
1754 3441 1914 3496 datur
1945 3441 2105 3496 nobis

500 3536 880 3605 intelligentia,
914 3542 1137 3605 proriter
1163 3542 1388 3603 peccata
1440 3533 1726 3602 plerasque
1756 3532 1864 3603 [ΑΙ.
1915 3533 2105 3602 pleris-

507 3626 637 3698 que]
665 3627 889 3682 evenire
924 3639 1215 3694 corporum
1256 3623 1586 3679 debilitates.
1629 3621 1701 3677 Et
1736 3620 1941 3678 idcirco
1999 3623 2106 3678 lor-

501 3731 601 3772 san
653 3716 1005 3770 dimittuntur
1050 3716 1203 3784 prius
1254 3723 1476 3783 peccata
1506 3724 1596 3770 tua
1626 3714 1735 3786 [Αι.
1789 3723 1922 3769 tacet
1954 3714 2103 3788 tua],

511 3815 576 3864 ut
599 3807 779 3861 causis
799 3805 1100 3862 debilitatis
1128 3805 1349 3873 ablatis,
1379 3808 1582 3861 sanitas
1603 3809 1946 3864 restituatur.

582 3900 770 3971 (Vers.
801 3900 855 3961 7,
888 3898 970 3970 8.)
998 3898 1189 3972 Surge,
1220 3898 1342 3953 tolle
1386 3900 1576 3954 lectum
1605 3910 1770 3968 tuum,
1821 3910 1867 3955 et
1898 3903 2030 3957 uade
2051 3903 2105 3956 in

507 3994 718 4048 domum
770 4002 930 4046 luant.
968 3990 1037 4045 Et
1064 3992 1313 4059 surrexit,
1346 4001 1393 4046 et
1415 3991 1541 4047 abiit
1590 3994 1641 4048 in
1693 3992 1902 4048 domum
1929 4011 2099 4049 suam.

513 4084 766 4141 Videntes
796 4093 969 4139 autem
1018 4083 1201 4150 turbw,
1262 4083 1542 4139 timuerunt
1590 4094 1638 4138 et
1686 4085 2107 4156 gloriﬁcaverunt

509 4175 700 4236 Deum,
729 4176 816 4244 qui
842 4175 985 4229 dedit
1017 4183 1322 4245 potestatem
1346 4176 1502 4230 talem
1530 4176 1840 4231 hominibus.
1887 4178 1953 4232 Et
1991 4179 2107 4233 ani-

508 4283 597 4324 ma
628 4267 919 4340 paralytica
964 4268 1008 4321 si
1042 4268 1362 4335 surrexerit,
1396 4268 1440 4322 si
1483 4268 1769 4337 pristinum
1804 4269 1970 4324 robur
2020 4284 2107 4325 re-

507 4360 879 4431 cuperaverit,
909 4368 1094 4431 portat
1119 4359 1319 4415 lectum
1347 4359 1571 4415 suumin
1593 4376 1702 4429 quo
1713 4360 2105 4430 jacebatantea

506 4453 799 4521 dissoluta,
830 4462 887 4509 et
906 4460 1090 4524 portat
1128 4453 1279 4509 illum
1319 4455 1374 4509 in
1427 4452 1651 4509 domum
1674 4452 1934 4508 virtutum
1980 4472 2107 4510 sua-

508 4562 765 4711 mlglers.
798 4636 880 4706 9.)
910 4633 1120 4691 Etcum
1162 4635 1405 4690 transiret
1431 4636 1552 4691 inde
1576 4636 1749 4704 Jesus,
1784 4639 1908 4693 vidit
1940 4640 2098 4693 homi-

508 4746 625 4785 nem
645 4730 897 4784 sedentem
917 4730 972 4783 in
998 4726 1210 4795 telonio,
1226 4726 1536 4784 Matt/tarum
1558 4732 1778 4785 nomine.
1809 4730 1875 4785 Et
1895 4733 1966 4784 ait
1985 4732 2064 4786 illi
2088 4749 2107 4786 :

509 4820 737 4893 Sequere
790 4836 887 4875 me.
942 4817 1010 4873 Et
1065 4835 1279 4891 surgens
1334 4829 1537 4874 secutus
1595 4831 1671 4875 est
1718 4838 1851 4876 eum.
1906 4822 2105 4879 Caeteri

506 4912 857 4984 evangelista:
886 4921 1106 4982 propter
1155 4912 1537 4967 verecundiam
1580 4922 1635 4970 et
1664 4913 1925 4968 honorem
1965 4914 2095 4968 Mat-

505 5006 656 5073 thaai,
687 5006 979 5062 noluerunt
1004 5021 1128 5061 eum
1172 5008 1392 5061 nomine
1420 5006 1695 5078 appellare
1725 5007 1968 5078 vulgato,
2004 5009 2099 5063 sed

504 5098 780 5164 dixerunt,
832 5097 964 5152 Levi
996 5097 1238 5167 :duplici
1266 5098 1464 5169 quippe
1517 5098 1787 5152 vocabulo
1814 5098 1933 5154 fuit.
1982 5100 2102 5169 Ipse

504 5201 684 5246 autem
715 5188 1025 5256 Matthaaus,
1057 5190 1354 5245 secundum
1404 5191 1533 5245 illud
1560 5191 1705 5261 quod
1757 5190 1866 5262 50
1889 5206 1922 5247 a
1947 5193 2104 5249 Salo-

504 5299 668 5340 mone
698 5285 1009 5355 prtccipitur
1031 5281 1141 5356 [ΑΙ.
1199 5282 1462 5355 dicitur]:
1493 5284 1677 5338 Justus
1722 5296 1992 5341 accusator
2028 5296 2103 5341 est

502 5376 584 5429 sui
612 5375 666 5429 in
696 5375 953 5446 principio
1000 5374 1250 5429 sermonis
1281 5373 1466 5445 (Prov.
1490 5388 1645 5441 xvm,
1674 5374 1784 5447 l7).
1815 5375 1883 5431 Et
1910 5377 1963 5431 in
1993 5377 2105 5433 alio

575 5538 601 5566 ιι
630 5530 723 5584 llis
761 5530 978 5601 gemina
1001 5538 1148 5601 sunt,
1181 5545 1302 5600 qua
1334 5529 1497 5586 habet
1525 5528 1668 5586 infra
1700 5531 1754 5587 in
1788 5545 1911 5600 cap.
1943 5548 2037 5586 ιιι
2070 5549 2087 5589 :

501 5614 567 5654 ex
596 5600 791 5669 quibus
815 5613 993 5674 tamen
1016 5600 1273 5674 colligas,
1302 5616 1411 5656 non
1436 5602 1789 5674 existimasse
1820 5602 2090 5674 Hierony-

503 5684 675 5733 mum,
705 5672 980 5742 proprium
1005 5670 1206 5727 Christi
1231 5673 1481 5742 corporis
1513 5672 1656 5728 istud
1695 5673 2001 5739 exstitisse,
2024 5670 2090 5730 ac

501 5743 743 5796 nativum
782 5745 973 5810 decus,
1006 5743 1101 5800 sed
1132 5745 1431 5813 majestatis
1461 5743 1728 5816 fulgorem
1769 5743 1837 5799 ad
1867 5744 2087 5815 aliquod

2281 3253 2460 3325 (Vers.
2489 3252 2602 3323 l5.)
2634 3251 3052 3306 Misericordiam
3080 3251 3221 3314 uolo,
3252 3258 3298 3303 et
3323 3264 3424 3303 non
3456 3246 3793 3318 sacriﬁcium.

2213 3345 2335 3401 Non
2362 3348 2502 3402 enim
2522 3348 2636 3400 veni
2653 3362 2834 3400 vocare
2855 3346 3052 3416 justas,
3075 3343 3164 3399 sed
3203 3351 3527 3416 peccatores.
3568 3342 3684 3398 Ibat
3707 3354 3796 3393 au-

2208 3449 2327 3495 tem
2344 3439 2605 3493 Dominus
2653 3438 2720 3493 ad
2750 3437 3001 3493 convivia
3049 3448 3421 3507 peccatorum,
3450 3446 3514 3492 ut
3565 3434 3799 3493 occasio-

2211 3551 2337 3591 nem
2371 3535 2602 3590 haberet
2648 3533 2902 3601 docendi,
2954 3541 3013 3589 et
3065 3532 3377 3601 spirituales
3425 3528 3797 3587 invitatoribus

2210 3631 2323 3683 suis
2346 3628 2616 3699 praeberet
2661 3627 2832 3683 cibos.
2861 3626 3105 3697 Denique
3136 3640 3257 3681 cum
3310 3624 3631 3695 frequenter
3677 3636 3793 3691 per-

2209 3737 2338 3794 gere
2359 3721 2426 3778 ad
2475 3720 2720 3776 convivia
2771 3719 3134 3785 describatur,
3189 3719 3319 3773 nihil
3352 3717 3594 3773 refertur
3638 3711 3796 3777 aliud,

2209 3816 2313 3871 nisi
2341 3815 2471 3887 quid
2500 3814 2574 3870 ibi
2613 3814 2829 3882 fecerit,
2862 3813 2989 3884 quid
3022 3811 3293 3878 docuerit,
3348 3821 3485 3866 utet
3532 3808 3797 3864 humilitas

2210 3906 2429 3962 Domini
2485 3906 2664 3961 eundo
2685 3906 2753 3960 ad
2799 3914 3138 3975 peccatores,
3168 3911 3225 3959 et
3266 3902 3508 3973 potentia
3541 3898 3795 3958 doctrina:

2209 4000 2326 4069 ejus
2374 3999 2428 4054 in
2470 4000 2834 4055 conversione
2876 3997 3260 4070 pmnitentium
3305 3995 3794 4051 demonstraretur.

2208 4091 2363 4161 Quod
2397 4099 2576 4146 autem
2629 4091 2916 4162 sequitur:
2977 4088 3394 4144 Misericordiam
3434 4088 3577 4150 volo,
3607 4093 3654 4138 et
3700 4095 3795 4133 non

2209 4182 2523 4251 sacriﬁcium
2562 4179 2715 4251 (Osee
2757 4197 2835 4245 vt,
2877 4178 2956 4250 6).
2985 4180 3097 4234 Et:
3135 4178 3256 4233 Non
3302 4178 3413 4231 veni
3463 4192 3646 4230 vocare
3698 4170 3794 4242 5],

2199 4275 2395 4345 justas,
2430 4273 2520 4328 sed
2540 4282 2855 4343 peccatores,
2901 4271 2969 4325 de
3023 4270 3284 4340 propheta
3310 4267 3600 4338 proferens
3655 4264 3800 4317 testi—

2213 4365 2481 4431 monium,
2513 4363 2735 4433 sugillat
2780 4361 3003 4417 Scribas
3028 4369 3085 4415 et
3113 4360 3443 4419 Pharisaeos.
3490 4357 3585 4428 qui
3624 4355 3797 4425 justus

2211 4470 2270 4511 se
2303 4454 2663 4519 aestimantes,
2688 4461 3034 4523 peccatorum
3057 4461 3111 4507 et
3131 4451 3546 4522 publicanorum
3576 4457 3795 4502 consm-

2133 4525 2186 4586 Β
2212 4549 2287 4604 tia
2325 4546 2691 4604 declinabant.

2278 4639 2462 4712 (Vers.
2498 4638 2612 4709 14.)
2645 4636 2791 4692 Tunc
2807 4635 3220 4691 accesseruntad
3236 4651 3354 4690 eum
3380 4632 3625 4707 discipuli
3635 4628 3795 4684 Joan-

2210 4734 2312 4800 nis,
2343 4734 2569 4787 dicentes
2608 4747 2626 4787 :
2676 4732 2848 4796 Quare
2874 4747 2969 4784 nos
3007 4738 3056 4784 et
3081 4726 3340 4783 Pharisazi
3363 4729 3667 4800 jejunamus
3699 4724 3798 4791 frc-

2208 4837 2443 4899 quenter.
2474 4825 2719 4892 discipuli
2763 4832 2934 4878 autem
2987 4823 3065 4875 tui
3088 4838 3192 4876 non
3228 4823 3471 4893 jejunant
3500 4822 3525 4875 ?
3557 4813 3794 4885 Superba

2207 4915 2583 4987 intermgatio,
2608 4926 2666 4971 et
2692 4916 2852 4985 plena
2883 4914 3183 4987 supercilio
3214 4913 3638 4968 Pharisaeorum.
3670 4904 3796 4961 Cer-

2209 5019 2285 5074 te,
2311 5019 2367 5065 ut
2395 5010 2542 5064 aliud
2571 5023 2679 5063 non
2706 5007 2983 5072 dicamus,
3009 5007 3462 5077 reprehendenda
3487 5000 3677 5076 jejunii
3716 4998 3795 5067 ja-

2211 5106 2432 5161 ctantia.
2462 5102 2573 5158 Nec
2601 5110 2851 5173 poterant
2882 5100 3136 5170 discipuli
3155 5099 3381 5156 Joannis
3411 5115 3517 5154 non
3544 5109 3667 5154 esse
3697 5087 3792 5144 sub

2208 5196 2364 5261 vitio,
2389 5195 2478 5264 qui
2500 5192 2975 5248 calumniabantur
3004 5207 3152 5257 eum,
3201 5206 3362 5261 quem
3394 5191 3639 5247 sciebant
3684 5194 3789 5235 ina-

2208 5288 2364 5358 gistri
2394 5284 2617 5341 vocibus
2658 5282 3037 5353 medicatum,
3092 5292 3147 5338 et
3188 5282 3556 5353 jungebantur
3608 5272 3794 5332 Phari-

2210 5379 2358 5445 szeis,
2382 5391 2519 5448 quos
2548 5391 2578 5430 a
2605 5376 2817 5431 Joanne
2871 5383 3136 5431 noverant
3163 5373 3576 5438 condemnatos,
3604 5368 3633 5408 ι’
3673 5376 3790 5421 eum

2200 5543 2415 5604 tempus
2445 5532 2715 5597 induisse,
2742 5548 2868 5587 cum
2913 5533 2966 5587 in
3004 5532 3088 5587 sui
3136 5545 3356 5604 rapere,
3384 5528 3790 5604 admirationem

2200 5602 2471 5669 homines,
2513 5619 2721 5674 eosque
2769 5605 2870 5674 sibi
2919 5604 3007 5658 vel
3039 5602 3242 5657 invitos
3274 5603 3448 5674 voluit
3471 5602 3787 5670 adjungere.

2199 5676 2324 5733 Vid.
2356 5676 2513 5743 epist.
2546 5673 2645 5743 65,
2667 5674 2732 5728 ad
2765 5673 3119 5743 Principiam,
3147 5687 3298 5727 num.
3329 5673 3360 5727 8
3392 5685 3509 5729 not.

2273 5746 2301 5789 δ
2332 5747 2587 5814 Voculas,
2621 5760 2737 5800 cum
2766 5746 2861 5812 ait,
2897 5744 3240 5800 Martianaeus
3272 5745 3544 5814 reposuit.
