3962 6310
175 284 225 338 iii
660 271 1312 333 COMMENTARIORUM
1350 273 1415 329 IN
1459 272 1909 330 EVANGELIUM
1954 272 2288 329 ΜΑΤΤΙΙᾸΞΙ
2329 271 2454 328 LIB.
2498 272 2541 329 1.
2578 272 2733 329 CAP.
2777 271 2874 328 IX.
3356 269 3427 327 58

184 394 239 449 ait
256 389 444 463 (Supra.
467 403 554 453 tu,
590 389 652 458 7)
687 407 699 442 :
736 388 1011 444 Generalio
1043 388 1363 458 viperarum,
1408 387 1525 458 quis
1556 397 1724 442 osten-
1752 392 1808 451 Α
1831 389 1952 444 alia:
1988 386 2007 427 τ
2049 389 2241 446 sordes
2284 390 2403 461 ejus
2444 405 2564 461 quae
2612 390 2909 447 multorum
2965 389 3177 448 libidini
3242 388 3428 459 subja-

189 488 246 541 dit
268 485 384 538 vobis
406 486 581 554 {agere
608 481 678 535 ab
699 483 781 536 ira
798 490 1011 536 ventura
1032 481 1058 535 ?

245 578 394 651 (Vers.
421 574 531 644 t5.)
561 572 634 628 Et
681 575 755 627 ait
802 573 908 628 illis
951 573 1149 629 Iesus:
1199 571 1469 643 Numquid
1512 581 1728 645 possunt

190 672 265 743 ﬁlii
281 669 431 743 sponsi
452 665 627 737 lugere
648 667 899 735 quamdiu
937 683 1055 720 cum
1081 665 1190 721 illis
1218 676 1292 721 est
1330 666 1598 733 sponsus?
1630 663 1732 718 Ve-

191 768 305 819 nient
328 774 471 817 autem
493 762 598 815 dies
629 776 754 815 cum
774 761 1041 831 auferetur
1068 761 1131 815 ab
1159 762 1233 814 eis
1259 776 1503 832 sponsus,
1529 769 1576 814 et
1606 769 1730 813 tunc

186 855 464 929 jejunabunt.
488 852 737 922 Sponsus
754 850 1006 908 Christus
1037 869 1053 907 :
1102 868 1300 921 sponsa
1344 852 1589 907 Ecclesia
1621 860 1726 907 est.

193 949 257 1005 De
281 950 371 1004 hoc
397 957 562 1002 sancto
588 947 978 1018 spiritualique
1004 948 1300 1011 connubio,
1328 945 1576 1016 Apostoli
1602 953 1733 1000 sunt

192 1042 441 1114 procreati,
467 1039 555 1111 qui
584 1041 778 1111 lugere
808 1048 834 1077 ⁸
865 1055 973 1095 non
1007 1050 1237 1109 possunt
1280 1038 1537 1107 quamdiu
1565 1054 1732 1108 spon-

191 1148 284 1189 sam
304 1134 349 1187 in
376 1130 595 1186 thalamo
623 1130 832 1197 vident,
863 1139 917 1185 et
937 1130 1117 1185 sciunt
1147 1143 1406 1201 sponsum
1447 1143 1570 1184 esse
1604 1143 1729 1183 cum

186 1237 376 1294 sponsa.
400 1222 612 1289 Quando
630 1236 767 1277 vero
795 1222 1109 1277 transierint
1131 1221 1359 1290 nuptiae,
1382 1230 1435 1276 et
1461 1218 1732 1289 passionis

192 1330 243 1369 ac
260 1313 649 1369 resurrectionis
682 1322 900 1382 tempus
924 1312 1231 1378 advenerit,
1262 1322 1389 1366 tunc
1418 1311 1603 1380 sponsi
1636 1310 1731 1365 ﬁlii

188 1403 481 1477 jejunabunt.
500 1403 759 1460 Nonnulli
787 1415 977 1472 putant
998 1403 1203 1459 idcirco
1223 1414 1347 1475 post
1362 1403 1480 1458 dies
1500 1402 1732 1474 quadra-

185 1498 302 1567 ginta
323 1497 601 1564 Passionis,
619 1496 828 1566 jejunia
846 1496 1047 1553 debere
1066 1496 1331 1552 committi
1358 1513 1372 1549 :
1399 1497 1523 1551 licet
1547 1497 1728 1551 statim

186 1589 277 1646 dies
300 1588 629 1644 Pentecostes
649 1598 708 1644 et
726 1589 962 1659 Spiritus
984 1598 1205 1645 sanctus
1234 1589 1553 1653 adveniens,
1587 1586 1614 1626 δ
1644 1589 1729 1642 in.

185 1682 491 1737 dicantnobis
512 1680 887 1737 festivitatem.
914 1682 1060 1738 Etex
1084 1682 1245 1753 hujus
1271 1683 1559 1739 occasione
1580 1682 1732 1737 testi-

185 1774 338 1838 monii,
365 1774 669 1839 Montanus,
693 1774 900 1838 Prisca,
949 1786 1003 1830 et
1048 1774 1343 1830 Maximilla
1390 1774 1555 1830 etiam
1609 1783 1732 1843 post
1762 1782 1809 1842 Β

180 1866 726 1924 Pentecostentaciunt
764 1867 1238 1940 quadragesimam
1291 1884 1305 1924 :
1353 1867 1495 1937 quod
1548 1866 1731 1922 ablato

181 1976 365 2031 sponso,
390 1961 479 2017 lilii
500 1962 687 2029 sponsi
715 1961 953 2016 debeant
976 1962 1243 2031 jejunare.
1270 1961 1525 2016 Ecclesia:
1548 1970 1727 2016 autem

182 2054 475 2110 consuetudo
496 2054 565 2108 ad
597 2053 918 2125 paSsionem
942 2054 1149 2109 Domini
1185 2062 1241 2108 et
1277 2054 1733 2108 resurrectionem

182 2161 260 2217 per
274 2145 606 2201 humilitatem
628 2147 815 2201 carnis
835 2146 998 2209 venit.
1020 2155 1079 2199 ut
1094 2144 1359 2215 spirituali
1378 2145 1576 2215 sagina:
1592 2145 1734 2215 jeju-

181 2239 256 2293 nio
271 2240 496 2311 corporis
519 2253 909 2309 praparemur.
934 2237 1096 2294 Juxta
1123 2249 1146 2277 ε
1173 2239 1528 2308 tropologiam
1551 2249 1731 2294 autem

184 2331 443 2396 sciendum,
466 2332 607 2403 quod
634 2332 891 2403 quamdiu
910 2348 1137 2405 sponsus
1164 2333 1444 2387 nobiscum
1474 2342 1577 2398 est,
1597 2343 1650 2387 et
1677 2333 1731 2387 in

182 2422 332 2479 laetitia
344 2439 541 2494 sumus,
557 2442 656 2481 nec
664 2425 914 2497 jejunare
929 2441 1236 2495 possumus,
1256 2441 1355 2480 nec
1369 2425 1577 2495 lugere.
1596 2425 1732 2479 Cum

182 2526 328 2571 autem
345 2517 431 2574 ille
444 2525 663 2590 propter
681 2527 899 2589 peccata
913 2533 943 2571 a
960 2516 1116 2572 nobis
1129 2518 1415 2572 recesserit
1434 2514 1484 2581 ά,
1503 2525 1631 2570 tunc
1651 2515 1733 2569 in-

181 2608 421 2666 dicendum
440 2612 704 2683 jejunium
731 2626 879 2676 esse,
911 2619 1037 2666 tunc
1062 2610 1236 2665 luctus
1262 2609 1633 2679 recipiendus.

238 2704 391 2773 (l'ers.
431 2704 517 2773 16,
546 2704 663 2775 17.)
706 2703 879 2758 Nemo
926 2714 1097 2757 autem
1146 2702 1377 2756 immittit
1427 2702 1735 2756 commissu-

181 2810 273 2847 ram
302 2798 449 2867 panni
493 2798 639 2851 rudis
669 2798 723 2851 in
756 2796 1111 2852 vestimentum
1150 2805 1291 2850 vetus
1322 2794 1432 2866 [AL
1461 2796 1733 2849 vestimen-

186 2893 226 2937 to
242 2886 407 2959 reteri].
440 2888 599 2943 Tollit
621 2891 758 2943 enim
779 2888 1156 2960 plenitudine»:
1188 2890 1300 2959 ejus
1328 2904 1360 2940 a
1392 2888 1690 2941 vestimento
1716 2929 1731 2953 ,

183 2986 219 3029 et
241 2974 331 3049 52
350 2982 488 3051 pejor
511 2981 740 3036 scissura
772 2981 854 3049 ﬁt.
882 2980 1063 3050 Neque
1089 2981 1299 3035 mittunt
1344 2980 1519 3034 vinum
1546 2996 1733 3034 novum

184 3067 357 3124 intres
380 3082 610 3128 veteres:
633 3073 870 3144 alioquin
907 3082 1225 3141 rumpuntur
1262 3082 1433 3137 utres,
1472 3082 1522 3126 et
1557 3074 1731 3127 vinum

1830 484 2028 540 cuerit.

1906 575 2090 646 (Vers.
2119 576 2208 642 18,
2236 576 2351 647 19.)
2385 576 2518 633 Ecce
2556 578 2797 651 princeps
2832 593 2967 632 unus
3004 577 3216 631 accessit
3244 586 3269 625 Β
3298 619 3312 645 ,
3371 584 3418 630 et

1834 669 2084 725 adorabat
2108 686 2249 735 eum,
2278 670 2454 726 dicens
2486 687 2504 724 :
2538 669 2682 726 Filia
2710 688 2823 726 mea
2856 671 3009 725 modo
3040 671 3285 738 defuncta
3308 678 3385 724 est
3410 684 3430 725 :

1833 762 1926 815 sed
1956 763 2101 829 veni,
2127 764 2335 830 impone
2362 778 2571 816 manum
2601 771 2741 817 tuam
2768 762 2876 834 [ΑΙ.
2904 771 3045 817 tacet
3072 761 3240 833 tuam]
3271 778 3429 831 super

1832 868 1982 918 eam,
2023 861 2070 906 et
2104 855 2256 907 vivet.
2286 851 2355 906 Et
2382 869 2596 923 surgens
2625 852 2777 907 Iesus
2798 895 2813 917 ,
2846 853 3153 921 sequebatur
3196 868 3338 917 eum,
3381 861 3429 906 et

1833 946 2087 1017 discipuli
2117 951 2252 1020 ejus.
2277 946 2538 1002 Octavum
2567 947 2783 1016 signum
2816 954 2921 1012 est,
2954 946 3009 1000 in
3039 958 3147 1014 quo
3176 944 3431 1015 princeps

1833 1039 2088 1097 suscitari
2132 1039 2369 1109 postulat
2400 1038 2566 1093 tiliam
2596 1053 2786 1105 suam,
2832 1038 3022 1094 nolens
3049 1036 3119 1093 de
3165 1037 3429 1109 mysterio

1833 1148 1977 1187 verte
2006 1133 2445 1188 circumcisionis
2471 1131 2734 1196 excludi;
2774 1131 2868 1186 sed
2916 1131 3191 1185 subintrat
3231 1129 3431 1184 mulier

1833 1222 2098 1293 sanguine
2128 1222 2324 1284 ﬂuens.
2358 1231 2412 1277 et
2433 1231 2626 1276 octavo
2651 1230 2875 1276 sanatur
2903 1220 3046 1285 loco,
3078 1231 3133 1275 ut
3165 1220 3428 1289 principis

1841 1314 1951 1368 ﬁlia
1981 1313 2049 1368 de
2073 1315 2176 1368 hoc
2201 1315 2422 1369 exclusa
2450 1329 2681 1369 numero
2711 1314 2893 1368 veniat
2927 1312 2994 1367 ad
3026 1327 3250 1376 nonum,
3273 1312 3428 1380 juxta

1837 1407 1973 1463 illud
2022 1410 2167 1479 quod
2207 1409 2262 1462 in
2305 1409 2524 1478 psalmis
2574 1407 2777 1462 dicitur
2820 1424 2835 1461 :
2885 1405 3159 1477 AE'tItiopia
3199 1403 3325 1476 [AL
3358 1404 3424 1456 de

1834 1497 2145 1572 Ethiopia]
2176 1500 2448 1570 prwveuiel
2477 1515 2663 1553 manus
2686 1500 2798 1567 ejus
2824 1497 2931 1551 Deo
2960 1496 3081 1567 (Ps.
3113 1512 3278 1557 van,
3306 1495 3422 1564 52).

1836 1594 1903 1649 Et
1948 1611 1960 1647 :
2010 1592 2138 1647 Cum
2186 1592 2451 1646 intraverit
2495 1590 2764 1664 plenitudo
2792 1592 3049 1661 gentium,
3095 1596 3217 1642 tune
3260 1589 3427 1641 ontnis

1837 1687 2011 1743 Israel
2050 1686 2223 1742 salvus
2263 1688 2350 1756 ﬁet
2382 1685 2562 1758 (Rom.
2594 1700 2671 1748 at,
2702 1684 2796 1750 25,
2817 1683 2934 1754 26).

1909 1779 2095 1847 (Vers.
2121 1778 2250 1850 20.)
2280 1778 2347 1832 Et
2388 1794 2503 1833 ecce
2530 1778 2715 1832 mulier
2751 1792 2869 1847 qua:
2906 1775 3175 1847 sanguinis
3226 1778 3431 1846 [turum

1834 1873 2129 1946 patiebatur
2177 1871 2448 1925 duodecim
2498 1871 2670 1935 annis,
2703 1870 2921 1923 accessit
2973 1876 3134 1933 retro,
3165 1876 3213 1922 et
3264 1867 3433 1940 tetigit

1836 1965 2091 2034 ﬁmbriam
2118 1964 2401 2018 vestimenti
2422 1967 2554 2035 ejus.
2588 1963 2644 2017 ln
2669 1962 2775 2036 53
2800 1962 3101 2031 Evangelia
3127 1961 3429 2016 secundum

1835 2057 2037 2114 Lucam
2080 2055 2363 2122 scribitur,
2395 2056 2540 2126 quod
2587 2055 2852 2126 principis
2882 2054 2989 2108 ﬁlia
3012 2054 3303 2109 duodecim
3333 2071 3431 2109 an-

1834 2165 1939 2206 nos
1981 2149 2203 2203 haberet
2236 2149 2412 2203 aetatis
2442 2145 2597 2217 (Luc.
2632 2145 2783 2218 vui).
2820 2145 2957 2202 Nota
3003 2161 3137 2216 ergo
3184 2145 3329 2215 quod
3352 2160 3419 2200 eo

1838 2253 2089 2314 tempore
2140 2241 2260 2296 haec
2290 2239 2505 2308 mulier,
2541 2238 2593 2295 id
2638 2248 2743 2306 est,
2774 2239 3018 2310 gentium
3053 2237 3282 2308 populus
3311 2251 3427 2293 em-

1836 2336 1980 2407 perit
2030 2342 2322 2404 aegrotare,
2372 2346 2482 2403 quo
2527 2346 2663 2401 gens
2694 2329 2815 2403 [Αι.
2848 2330 3056 2401 genus]
3110 2329 3420 2385 Judteorum

1833 2427 2161 2484 crediderat.
2194 2424 2309 2481 Nisi
2336 2426 2484 2481 enim
2516 2440 2581 2481 ex
2609 2424 3018 2494 comparatione
3055 2423 3316 2477 virtutum
3347 2422 3430 2475 vi-

1836 2523 1972 2577 tittm
2017 2536 2124 2575 non
2173 2519 2499 2575 ostenditur.
2536 2519 2660 2572 ll:vc
2706 2526 2886 2572 autem
2932 2514 3131 2571 mulier
3170 2515 3431 2585 sanguine

1832 2614 2033 2682 ﬂuens,
2059 2628 2165 2667 non
2208 2614 2261 2666 in
2300 2612 2485 2677 domo,
2518 2628 2622 2665 non
2654 2610 2707 2664 in
2740 2609 2874 2664 urbe
2904 2608 3121 2663 accedit
3145 2607 3212 2661 ad
3243 2606 3433 2660 Domi-

1797 2732 1804 2743 σ
1834 2723 1986 2773 num,
2017 2708 2142 2777 quia
2168 2705 2323 2775 juxta
2348 2705 2544 2775 Legem
2567 2703 2799 2758 urbibus
2819 2699 3211 2756 excludebatur
3241 2696 3428 2770 (Levit.

1832 2817 1925 2867 xv,
1959 2798 2125 2854 Num.
2158 2798 2215 2870 v)
2240 2816 2255 2865 ;
2282 2798 2377 2852 sed
2421 2799 2474 2851 in
2508 2798 2727 2865 itinere,
2752 2794 3066 2851 ambulante
3098 2792 3348 2857 Domino,
3374 2801 3433 2846 ut

1832 2892 1963 2948 dum
2014 2891 2191 2961 pergit
2234 2890 2300 2946 ad
2348 2890 2534 2955 aliam,
2562 2889 2667 2944 alia
2700 2896 3007 2942 curaretur.
3042 2884 3197 2942 Unde
3243 2883 3434 2937 dicunt

1833 2995 1889 3041 et
1912 2984 2144 3056 apostoli
2173 3002 2187 3040 :
2222 2984 2377 3039 Vobis
2398 2984 2605 3049 quidem
2628 2981 2891 3052 oportebat
2923 2979 3200 3050 praedicari
3222 2978 3430 3033 verbum

1836 3077 1972 3145 Dei;
1998 3077 2088 3132 sed
2107 3077 2355 3149 quoniam
2382 3091 2468 3129 vos
2484 3075 2763 3147 judicastis
2790 3074 3034 3143 indignos
3053 3072 3241 3139 salute,
3263 3080 3434 3125 trans-

184 3158 443 3231 eitmditur,
464 3176 514 3220 et
536 3174 676 3219 utres
694 3175 933 3228 pereunt.
966 3164 1074 3219 Sed
1098 3165 1270 3218 vinum
1298 3181 1483 3219 novum
1504 3167 1558 3219 in
1587 3176 1727 3220 utres
1755 3157 1803 3223 C
1837 3170 2100 3244 gredimur
2128 3168 2197 3222 ad
2219 3178 2393 3238 gentes
2420 3168 2563 3237 (Act.
2595 3181 2712 3227 stu.
2740 3166 2858 3235 46).

182 3265 307 3307 novos
340 3258 567 3323 mittunt,
606 3267 656 3313 et
709 3258 860 3312 ambo
906 3268 1294 3311 conservantur.
1349 3257 1481 3312 Haec
1522 3258 1617 3312 illo
1655 3258 1730 3311 lo-

181 3348 413 3411 qmtead
455 3366 563 3404 eos.
586 3348 746 3417 Quod
799 3349 948 3413 dicit,
983 3349 1085 3404 hoc
1106 3357 1195 3406 est
1226 3365 1240 3408 :
1290 3349 1475 3406 Donec
1508 3359 1734 3405 renatus

181 3437 281 3505 quis
304 3438 472 3510 fuerit,
498 3451 554 3497 et
600 3443 778 3498 veteri
808 3442 1032 3497 homine
1063 3441 1335 3512 deposito,
1377 3457 1475 3512 per
1523 3444 1733 3514 passio-

180 3543 281 3583 nem
304 3547 487 3600 meam,
514 3548 718 3589 novum
752 3534 1026 3591 hominem
1069 3534 1307 3590 induerit
1337 3576 1352 3601 ,
1403 3550 1512 3590 non
1557 3545 1735 3605 potest

182 3624 417 3681 severiora
442 3627 636 3698 jejunii
659 3636 717 3682 et
745 3628 1096 3682 continentiae
1118 3627 1398 3683 sustinere
1425 3637 1697 3698 praecepta
1714 3669 1731 3696 ,

180 3729 236 3770 ne
264 3733 351 3787 per
389 3721 763 3777 austeritatem
814 3720 1056 3787 nimiam,
1084 3722 1250 3776 etiam
1284 3732 1308 3760 ο
1346 3721 1731 3777 credulitatem

182 3821 308 3877 quam
353 3827 490 3869 nunc
546 3813 754 3871 habere
799 3813 1041 3880 videtur,
1093 3815 1328 3869 amittat.
1387 3814 1507 3868 Duo
1550 3824 1731 3869 autem

185 3904 391 3973 exempla
419 3906 625 3976 posuit,
658 3913 716 3960 et
745 3906 942 3960 utrium
982 3916 1230 3960 veterum
1261 3915 1315 3960 et
1346 3921 1635 3968 novorum,
1679 3914 1735 3960 et

180 3995 467 4051 vestimenti.
501 3995 738 4052 Veteres
764 4005 913 4052 utres
942 3997 1208 4053 debemus
1244 3996 1553 4068 intelligere
1584 3995 1735 4053 Scri-

180 4083 257 4140 bas
278 4097 325 4142 et
344 4088 665 4145 Pharisaeos.
700 4090 922 4159 Plagula
953 4089 1262 4146 vestimenti
1295 4091 1440 4159 novi,
1466 4099 1522 4145 et
1546 4090 1731 4145 vinum

179 4189 360 4244 novum,
390 4191 655 4252 praecepta
717 4181 1045 4252 Evangelica
1095 4183 1401 4247 sentienda,
1452 4198 1572 4252 qua:
1623 4198 1730 4238 non

182 4280 368 4336 possunt
387 4277 662 4330 sustinere
688 4272 887 4340 Judmi,
911 4290 979 4330 ue
1003 4275 1177 4347 major
1197 4275 1431 4331 scissura
1458 4274 1572 4329 ﬁat.
1599 4275 1732 4330 Tale

182 4366 281 4429 quid
314 4376 364 4423 et
383 4369 591 4426 Galatae
622 4371 808 4425 facere
837 4370 1154 4440 cupiebant,
1186 4380 1242 4424 ut
1275 4384 1398 4425 cum
1434 4369 1731 4440 Evangelia

182 4452 308 4527 Legis
331 4469 599 4533 praecepta
629 4462 944 4528 miscerent,
976 4473 1033 4517 et
1078 4463 1133 4517 in
1186 4462 1399 4516 utribus
1445 4462 1729 4518 veteribus

1909 3261 2089 3333 (Vers.
2114 3221 2244 3329 21.)
2262 3221 2475 3313 Dicebat
2502 3258 2639 3312 enim
2683 3258 2824 3310 intra
2853 3273 2907 3310 se
2934 3272 2952 3309 :
2972 3221 3046 3310 .Si
3076 3254 3292 3323 tetigero
3321 3261 3436 3305 tan-

1838 3365 1946 3411 tum
1968 3353 2326 3408 vestimentum
2353 3354 2484 3422 ejus,
2517 3349 2663 3403 salva
2686 3364 2793 3401 ero.
2827 3347 2891 3400 At
2925 3345 3079 3400 Jesus
3129 3359 3431 3410 conversus,

1837 3457 1885 3503 et
1936 3446 2112 3500 videns
2153 3460 2303 3513 eam,
2354 3443 2508 3497 dixit.
2555 3442 2714 3497 Juxta
2763 3438 2961 3509 Legem
3010 3436 3101 3507 qui
3147 3435 3430 3489 mulierem

1835 3546 2232 3596 menstruatam
2291 3544 2385 3590 aut
2413 3535 2669 3589 ﬂuentem
2702 3530 2965 3601 sattgttine
2998 3526 3268 3597 tetigerit,
3327 3526 3431 3579 im-

1838 3633 2076 3688 mundus
2109 3638 2193 3686 est
2223 3628 2409 3703 (Leuit.
2445 3627 2596 3698 xxv).
2633 3626 2738 3680 Ista
2768 3623 2893 3679 ideo
2922 3621 3088 3692 tangit
3120 3619 3429 3686 Dominum,

1838 3734 1899 3780 ut
1925 3722 2204 3795 sanguinis
2236 3721 2366 3774 vitio
2394 3720 2554 3774 etiam
2580 3717 2696 3785 ipsa
2724 3723 3028 3771 curaretur.

1911 3816 2089 3888 (Vers.
2124 3814 2245 3885 22.)
2276 3812 2512 3881 Conﬁde,
2544 3809 2680 3880 ﬁlia,
2713 3809 2842 3877 ﬁdes
2867 3817 2959 3861 tua
2982 3805 3182 3860 salvam
3208 3812 3255 3858 te
3282 3804 3436 3875 fecit:

1837 3917 1885 3963 et
1912 3909 2056 3961 salva
2083 3911 2223 3973 facta
2243 3915 2315 3959 est
2336 3903 2519 3957 mulier
2547 3918 2610 3956 ea:
2636 3900 2730 3954 illa
2755 3899 2907 3953 liora.
2942 3898 3070 3953 ltleo
3120 3895 3228 3950 ﬁlia
3254 3935 3270 3962 ,
3309 3895 3433 3964 quia

1840 4001 1977 4056 ﬁdes
2004 4009 2089 4053 tua
2122 4008 2174 4053 te
2200 3998 2402 4051 salvam
2434 3992 2584 4049 fecit.
2617 3992 2727 4047 Nec
2752 3991 2909 4055 dixit,
2940 3990 3075 4043 ﬁdes
3107 3997 3197 4042 tua
3241 3998 3293 4042 te
3323 3988 3432 4041 sul-

1838 4109 1958 4149 vam
2005 4093 2207 4146 tactura
2255 4098 2378 4152 est,
2435 4088 2528 4142 sed
2571 4086 2778 4142 salvam
2819 4095 2869 4139 te
2908 4081 3060 4137 fecit.
3102 4080 3159 4135 ln
3186 4094 3254 4136 eo
3283 4080 3432 4135 enim

1836 4187 1984 4258 quod
2013 4184 2325 4247 credidisti,
2354 4181 2467 4252 jam
2490 4182 2635 4234 salva
2673 4179 2809 4233 facta
2844 4192 2922 4232 es.

1910 4278 2089 4351 (Vers.
2117 4275 2233 4346 25.)
2261 4274 2329 4328 Et
2357 4288 2473 4327 cum
2488 4273 2702 4326 venisset
2729 4269 2885 4325 Jesus
2914 4269 2968 4323 in
2996 4269 3208 4322 domum
3229 4266 3435 4336 princi—

1837 4371 1919 4441 pis
1951 4387 1971 4423 :
2005 4379 2052 4422 et
2078 4367 2289 4422 vidisset
2346 4365 2619 4427 tibicines,
2654 4373 2701 4417 et
2744 4360 2950 4415 turbam
2994 4358 3430 4422 tumultuantem,

1836 4463 2057 4517 dicebat.
2088 4460 2275 4531 Usque
2303 4458 2467 4513 hodie
2493 4456 2666 4527 puella
2698 4455 2843 4525 jacet
2884 4454 2936 4508 in
2971 4454 3135 4507 domo
3174 4452 3438 4523 principis

183 4549 415 4609 mitterent
442 4555 633 4610 vinum
665 4568 864 4609 novum
891 4570 906 4619 ;
934 4554 1031 4609 sed
1062 4554 1356 4625 Apostolus
1411 4555 1480 4609 ad
1525 4570 1620 4610 eos
1648 4555 1729 4610 lo-
1756 4547 1809 4607 D
1835 4566 2074 4622 mortua,
2097 4564 2154 4609 et
2187 4553 2280 4623 qui
2306 4551 2560 4608 videntur
2591 4548 2836 4617 magistri
2862 4547 3112 4602 tibicines
3140 4554 3288 4609 sunt,
3317 4560 3438 4600 car-

182 4641 358 4710 quitur:
391 4646 435 4700 0
458 4648 713 4703 insertsali
736 4646 847 4719 [AL
880 4647 1201 4719 insipientes]
1231 4646 1432 4702 Galatae
1457 4649 1478 4702 !
1501 4649 1617 4719 quis
1647 4664 1733 4702 vos

183 4730 406 4802 {ciciuarit
445 4742 655 4796 veritati
686 4757 792 4795 non
826 4740 1035 4795 obedire
1073 4739 1271 4810 (Galat.
1304 4756 1384 4807 ιιι,
1413 4740 1467 4811 1)
1487 4745 1510 4793 'l
1536 4741 1733 4796 Sermo

184 4829 312 4898 igitur
340 4835 695 4907 Evangelicus
724 4834 986 4904 apostolis
1017 4834 1220 4904 potius,
1242 4849 1404 4905 quam
1446 4833 1656 4891 Scribis
1680 4843 1735 4891 et

183 4919 429 4982 Pbarisaris
468 4936 555 4983 est
584 4925 979 4993 infnndendus,
1014 4926 1105 4997 qui
1132 4928 1398 4995 majorum
1424 4927 1735 4983 traditioni-

186 5010 264 5067 bus
283 5016 565 5086 depravati,
580 5018 950 5074 sinceritatem
975 5029 1376 5090 praeceptorum
1391 5018 1595 5076 Christi
1620 5037 1729 5075 non

189 5116 400 5171 poterant
434 5110 732 5166 custodire.
766 5109 886 5164 Alia
912 5120 996 5166 est
1024 5112 1171 5168 enim
1210 5113 1419 5182 puritas
1445 5113 1732 5182 virginalis

186 5195 359 5264 animae,
386 5211 437 5257 et
472 5203 620 5258 nulla
648 5202 851 5273 prioris
876 5202 994 5258 vitii
1039 5207 1363 5275 contagione
1402 5203 1650 5274 pollutae,
1678 5214 1735 5261 et

241 5336 433 5411 fgddit
460 5337 635 5411 Babb.
665 5344 822 5408 atque
846 5340 1111 5411 jejunare.

242 5403 421 5486 ‘fllaud
468 5409 610 5465 bene
655 5403 818 5463 antea
843 5403 1183 5486 _'légeb_a_tur,
1228 5416 1477 5469 indicent.
1526 5413 1727 5470 Recole

194 5471 325 5565 Epist.
352 5482 613 5565 ἰηλῃοξιηι
642 5471 967 5536 recensione
1003 5483 1096 5550 41,
1118 5471 1186 5540 ad
1215 5486 1550 5555 Marcellam,
1584 5503 1641 5540 n.
1671 5487 1726 5549 5.

195 5556 235 5598 et
260 5566 358 5615 qua:
385 5553 451 5607 ibi
486 5552 864 5607 observamus.
1539 5552 1545 5555 ’

198 5689 223 5701 μ’
247 5627 266 5658 °
291 5620 390 5701 [luo
414 5639 574 5701 mss,
613 5620 775 5701 Juxta
815 5623 941 5695 legis
980 5636 1155 5701 autem
1191 5628 1540 5701 trapologiam
1570 5647 1588 5683 :
1612 5645 1729 5684 rec-

197 5693 278 5773 tius
293 5694 390 5773 alii,
412 5693 578 5750 Juxta
605 5693 751 5773 leges
770 5693 943 5773 autem
963 5693 1284 5773 tropologite'
1304 5693 1596 5767 sciendum,
1620 5711 1727 5756 ctc.

252 5758 273 5798 ⁸
295 5765 491 5824 Addunt
519 5776 631 5824 tres
654 5758 889 5824 Palatini
917 5758 1060 5827 mss:
1080 5780 1130 5825 et
1160 5758 1460 5828 a'volaverit.

1838 4666 1961 4705 men
1993 4647 2223 4718 lugubre
2262 4654 2539 4701 canentes.
2584 4641 2769 4697 Turba
2811 4655 3028 4712 qquue
3076 4638 3387 4694 Judmorutu
3415 4679 3431 4703 ,

1836 4760 1946 4800 non
1967 4752 2053 4800 est
2092 4742 2250 4801 turba
2301 4738 2682 4803 credentium,
2741 4736 2838 4791 sed
2888 4734 3041 4789 turba
3099 4732 3433 4787 tumultuan-

1839 4850 2091 5000 “urile”.
2123 4926 2242 4997 24.)
2292 4923 2554 4985 Recedite,
2580 4937 2681 4975 non
2711 4929 2786 4974 est
2815 4919 2951 4972 enim
2994 4925 3201 4971 mortua
3236 4919 3435 4991 puella,

1837 5024 1929 5079 sed
1974 5023 2186 5077 dormit.
2236 5020 2304 5076 Et
2345 5016 2646 5073 deridebant
2695 5030 2835 5069 eum.
2882 5012 3019 5082 Quia
3076 5012 3187 5067 Deo
3244 5013 3435 5067 vivunt

1831 5129 2040 5171 omnia.

1904 5206 2085 5277 (Vera.
2117 5204 2238 5277 25.)
2263 5203 2327 5258 Et
2354 5219 2471 5258 cum
2499 5206 2661 5276 ejecta
2696 5210 2822 5256 esset
2851 5199 3026 5265 turba,
3056 5198 3287 5252 intravit.
3313 5195 3431 5250 Non

1912 5355 1934 5380 θ
1964 5344 2172 5400 Viliuse
2206 5342 2336 5401 lezit
2367 5339 2736 5407 Martianteus,
2764 5338 3142 5393 crudelitatem.

1913 5414 1932 5453 ί
1963 5415 2170 5472 Placuit
2217 5413 2356 5467 banc
2384 5427 2515 5469 mss.
2542 5404 2786 5466 omnium
2845 5420 2952 5461 tam
2997 5420 3209 5466 eorum.
3236 5404 3430 5462 nuihus

1839 5503 1959 5551 nos,
1990 5502 2152 5557 quam
2203 5483 2398 5557 quibus
2428 5482 2771 5557 Martianaius
2815 5489 3101 5557 u_sus_est..
3133 5476 3426 5557 lectionem

1838 5548 2103 5629 prmferre
2149 5548 2274 5610 huic
2312 5553 2495 5629 alteri,
2524 5570 2645 5621 qum
2685 5554 2738 5629 in
2768 5550 3006 5629 vulgatis
3049 5548 3429 5629 obtinelrttnet

1838 5618 1947 5685 alia
1971 5632 2107 5702 ejus,
2139 5645 2255 5701 qua:
2282 5618 2563 5702 multarunt
2598 5624 2828 5702 sardium
2853 5620 3058 5675 libidini
3089 5618 3428 5701 subjaeuerit.

1912 5712 1937 5750 8
1968 5692 2186 5757 A'dduu't
2215 5697 2387 5754 nostri
2420 5713 2549 5752 mss.
2586 5696 2654 5750 ad
2680 5694 2864 5750 Iesum
2892 5702 3121 5762 :eslqtte
3158 5706 3344 5745 revera
3374 5692 3434 5758 in

1835 5773 2045 5845 aliquot
2083 5771 2287 5841 Graecis
2329 5768 2752 5840 exemplaribus,
2784 5764 3078 5847 προσελθὼν
3107 5770 3183 5841 τῷ
3222 5762 3416 5824 Ἰησοῦ.
