3962 6308
454 219 525 278 59
1684 219 1767 276 _s.
1813 216 2087 276 unseen
2129 217 2514 277 HIERONYMI
3375 285 3380 289 ,
3692 227 3776 287 co

459 335 605 393 enim
635 343 796 391 erant
824 333 996 406 digni,
1026 342 1083 389 ut
1112 331 1359 388 viderent
1390 330 1706 403 mysterium
1753 347 2042 404 resurgen-
2076 331 2127 396 Α
2152 333 2313 403 eiecto
2343 335 2622 403 daemonio,
2648 335 2857 398 locutus
2883 345 2957 394 est
2981 348 3174 395 mutus.
3201 339 3537 398 Undecimus
3568 352 3775 400 mutus

458 427 552 492 tis,
581 426 672 498 qui
722 425 1136 482 resuscitantem
1185 422 1420 492 indignis
1461 423 1807 478 contumeliis
1833 423 2049 482 deride-

465 517 616 576 bant.

531 609 715 683 (Vers.
747 608 865 680 26.)
896 608 964 663 Et
992 609 1155 663 tenuit
1181 624 1388 662 manum
1409 609 1540 680 ejus.
1562 605 1629 664 Et
1656 609 1882 664 surrexit
1909 609 2050 682 puel-

461 700 626 758 la:lt.'t
651 701 777 756 exiit
807 705 950 771 fama
979 701 1092 756 Ιιωε
1121 702 1174 756 in
1204 701 1495 756 universam
1520 711 1712 757 terram
1745 702 1910 757 illam.
1937 701 2048 760 Nisi

461 794 608 866 prius
642 791 918 848 mundata:
942 792 1146 848 fuerint
1175 808 1367 848 manus
1397 793 1706 848 Judmorum
1735 837 1748 861 ,
1777 809 1896 865 qua:
1925 810 2052 852 san-

456 889 620 960 guine
651 887 825 958 pleno:
851 895 999 955 sunt,
1027 903 1301 964 synagoga
1332 903 1520 943 eorum
1560 897 1770 943 mortua
1812 903 1918 946 non
1963 904 2051 948 re-

457 989 661 1052 surget.

533 1073 715 1145 (Vers.
752 1073 872 1146 27.)
919 1073 984 1130 Et
1022 1083 1321 1129 transeunte
1353 1074 1474 1128 inde
1515 1073 1676 1142 Iesu,
1722 1075 1886 1129 secuti
1931 1082 2052 1130 sunt

457 1185 576 1223 eum
600 1168 706 1222 duo
735 1165 881 1229 cwci,
917 1165 1206 1222 clamantes
1234 1207 1248 1232 ,
1279 1174 1326 1222 et
1375 1167 1605 1222 dicentes
1629 1175 1677 1221 ει.
1708 1166 2052 1226 Transeunte

460 1275 560 1332 per
582 1260 807 1314 domum
837 1259 1101 1330 principis
1125 1260 1356 1315 Domino
1381 1261 1491 1333 54
1516 1262 1666 1328 Jesu,
1699 1270 1754 1318 et
1795 1272 2054 1333 pergente

462 1353 532 1407 ad
564 1353 785 1408 domum
811 1367 1000 1420 sitam,
1052 1354 1192 1408 sicut
1232 1369 1397 1424 supra
1449 1354 1679 1424 legimus
1713 1371 1726 1409 :
1757 1357 2054 1414 Ascendens

466 1446 784 1513 nat-iculum,
840 1446 1185 1516 transfretauit
1216 1454 1265 1500 (ε
1294 1448 1426 1502 venit
1470 1448 1524 1501 in
1573 1447 1827 1502 civitatem
1867 1463 2051 1519 suam,

464 1537 774 1592 clamabant
803 1538 913 1594 duo
937 1538 1090 1606 θεῖοί,
1118 1537 1363 1594 dicentes
1399 1555 1412 1592 :
1445 1537 1691 1594 Miserere
1738 1541 1934 1606 nostri,
1974 1539 2055 1607 ﬁli

469 1628 642 1684 David
676 1639 973 1686 :cttamen
1005 1646 1113 1686 non
1145 1641 1406 1686 curantur
1433 1631 1485 1687 in
1508 1631 1724 1698 itinere,
1741 1647 1850 1686 non
1875 1640 2055 1687 trans-

2153 424 2390 496 linguam
2421 428 2609 498 recipit
2648 429 2714 484 ad
2747 429 3105 502 loquendum.
3139 431 3296 499 QIIOd
3325 442 3513 490 aulam
3552 433 3769 494 Grmce

2153 516 2351 574 dicitur
2377 521 2574 593 κωφὸν,
2606 521 2779 593 magis
2819 525 3006 580 tritum
3038 533 3123 582 est
3153 538 3408 582 sermone
3437 530 3763 600 communi,

2154 622 2213 668 ut
2233 615 2426 670 surdus
2457 614 2631 685 magis
2660 630 2824 686 quam
2857 628 3029 674 mutus
3060 618 3423 690 intelligatur.
3450 619 3559 675 Sed
3583 622 3774 679 moris

2153 713 2239 760 est
2261 704 2666 777 Scriptttrarum
2697 708 2853 782 κωφὸν
2879 709 3278 779 indifferenter,
3314 710 3400 766 vel
3436 719 3643 766 mutum
3677 713 3773 772 vel

2153 798 2368 852 surdum
2398 797 2604 854 dicere.
2630 799 2996 870 Spiritualiter
3018 812 3200 858 autem
3232 803 3374 858 sicut
3401 804 3537 859 caeci
3561 805 3765 862 lumen

2156 891 2426 961 recipiunt
2451 908 2464 948 :
2492 892 2569 947 sic
2597 902 2652 948 et
2677 893 2812 949 muti
2832 893 2897 950 ad
2926 893 3257 970 loquendum
3286 895 3472 966 lingua
3512 896 3770 965 laxatur,

2153 994 2212 1042 ut
2239 985 2570 1043 conﬁteatur
2595 1002 2742 1056 eum,
2776 1003 2936 1058 quem
2965 997 3127 1047 antea
3165 988 3491 1059 denegabat.

2228 1078 2410 1151 (Vers.
2441 1080 2666 1151 55,54.)
2700 1080 2767 1136 Et
2798 1081 3004 1136 mirata:
3049 1090 3171 1137 sunt
3222 1080 3425 1148 turbat,
3471 1082 3720 1138 dicentes
3755 1097 3776 1138 :

2156 1171 2460 1245 Numquam
2495 1174 2737 1246 apparuit
2758 1174 2834 1229 sic
2861 1174 2916 1228 in
2945 1171 3136 1229 Israel.
3176 1171 3434 1229 Pharisa’i
3469 1183 3651 1228 autem
3680 1175 3776 1230 di-

2156 1265 2336 1318 cebant
2390 1284 2402 1319 :
2454 1265 2523 1318 In
2580 1266 2816 1338 principe
2856 1266 3235 1321 dtemoniorum
3279 1267 3418 1337 ejicit
3467 1265 3772 1322 daemones.

2156 1356 2338 1414 Turba
2361 1356 2457 1412 Dei
2488 1371 2652 1426 opera
2685 1357 2982 1414 conﬁtetur
3002 1398 3017 1426 ,
3052 1367 3106 1412 et
3135 1357 3268 1412 dicit
3294 1375 3307 1412 :
3336 1357 3652 1428 Numquam
3692 1359 3779 1416 sio

2156 1452 2400 1522 apparuit
2429 1452 2483 1506 in
2511 1449 2703 1506 Israel.
2735 1452 2793 1507 ln
2837 1452 2996 1507 turba
3027 1451 3306 1508 confessio
3337 1451 3628 1507 nationum
3655 1462 3778 1512 est.

2158 1542 2420 1600 Pharisaei
2449 1552 2629 1599 autem
2655 1544 2780 1614 quia
2806 1545 3066 1600 virtutem
3111 1544 3209 1600 Dei
3233 1557 3431 1612 negare
3458 1559 3568 1600 non
3597 1554 3779 1615 pote.

2158 1642 2301 1700 rant,
2336 1649 2499 1705 opera
2522 1635 2926 1692 calumniantur
2954 1647 3007 1691 et
3029 1635 3264 1692 dicunt:
3295 1634 3359 1689 In
3385 1637 3628 1708 principe
3659 1639 3783 1694 (ια’-

466 1723 661 1793 itorie,
691 1732 751 1779 ut
783 1724 1079 1794 putabant;
1123 1724 1218 1779 sed
1252 1733 1538 1794 postquam
1571 1724 1720 1778 venit
1751 1723 1802 1780 in
1832 1723 2051 1780 domum
2084 1726 2133 1790 B
2161 1728 2450 1782 moniorum
2508 1728 2648 1798 ejicit
2702 1727 2965 1783 dwmones
3011 1746 3030 1784 :
3076 1743 3176 1799 per
3226 1743 3378 1784 suam
3423 1730 3782 1786 calumniam

467 1831 647 1881 suam,
681 1817 950 1872 accedunt
988 1816 1054 1870 ad
1077 1832 1200 1873 cum
1231 1857 1245 1882 ,
1289 1826 1342 1872 et
1375 1818 1653 1874 introeunt
1691 1833 1703 1870 :
1737 1823 1792 1871 et
1821 1816 2056 1886 primum

465 1920 656 1962 eorum
681 1907 970 1962 discutitur
1001 1906 1157 1972 ﬁdes,
1193 1916 1248 1962 ut
1289 1908 1370 1962 sic
1392 1922 1537 1962 verte
1564 1906 1692 1962 ﬁdei
1723 1907 1908 1964 lumen
1960 1923 2055 1964 ac-

466 1999 690 2072 cipiant.
714 2001 887 2057 Priori
914 2003 1070 2072 signo
1094 2001 1238 2074 quod
1270 2001 1628 2072 exposuimus
1667 2000 1737 2057 de
1788 2000 2056 2072 principis

469 2094 610 2164 ﬁlia,
658 2104 712 2151 ct
755 2095 823 2151 de
876 2095 1289 2152 hmmorrbousa
1319 2094 1428 2167 [Αι.
1472 2093 1754 2167 morbosa]
1786 2095 2052 2164 muliere,

464 2188 866 2259 consequenter
890 2187 992 2245 hoc
1016 2189 1268 2259 jungitur
1299 2207 1310 2242 :
1343 2197 1400 2243 ut
1433 2187 1576 2258 quod
1609 2187 1682 2242 ibi
1714 2201 1862 2244 mors
1889 2197 1944 2244 el
1971 2187 2058 2244 de-

466 2280 667 2348 bilitas,
701 2281 788 2338 hic
811 2283 1030 2338 caecitas
1061 2282 1486 2338 demonstraret.
1525 2280 1761 2351 Uterque
1784 2281 1928 2336 enim
1963 2295 2061 2352 po-

473 2375 632 2446 pulus
657 2391 834 2432 ctecus
864 2385 1009 2442 crat,
1037 2377 1274 2431 Domino
1307 2391 1402 2445 per
1442 2375 1548 2433 hoc
1587 2375 1846 2430 smculum
1879 2384 2059 2431 trans-

469 2477 671 2537 eunte,
721 2477 776 2525 et
812 2469 1067 2539 cupiente
1108 2469 1307 2524 reverti
1353 2467 1419 2522 ad
1466 2467 1686 2523 domum
1733 2481 1908 2523 suam.
1953 2466 2058 2534 Qui

469 2560 572 2615 nisi
603 2559 837 2617 confessi
865 2560 1093 2627 fuerint,
1137 2571 1192 2616 et
1235 2558 1515 2615 dixerint:
1543 2558 1796 2614 Miserere
1848 2559 2010 2613 nostri
2038 2601 2054 2629 ,

466 2655 546 2725 ﬁli
574 2651 774 2719 David;
803 2663 857 2710 et
886 2655 1258 2724 interrogante
1281 2653 1432 2720 Jesu,
1465 2651 1685 2708 Creditis
1701 2653 1824 2723 quia
1848 2666 2059 2724 possum

469 2745 567 2799 hoc
595 2746 802 2816 facere?
851 2743 1230 2814 responderint
1276 2744 1322 2799 ei
1354 2761 1367 2796 :
1401 2743 1592 2813 Utique
1617 2784 1631 2809 ,
1666 2741 1919 2811 Domine,
1977 2743 2060 2798 lu-

473 2852 598 2894 men
631 2838 922 2908 pristinum
952 2853 1060 2892 non
1082 2837 1366 2908 recipient.
1417 2837 1473 2892 ln
1512 2837 1622 2891 alio
1660 2835 2012 2907 Evangelista
2037 2877 2054 2906 ,

474 2946 614 2988 unus
644 2946 822 2988 caecus
849 2931 1126 2999 scribitur,
1158 2931 1349 2987 scissis
1379 2930 1645 2996 vestibus,
1673 2943 1729 2985 et
1753 2932 1804 2986 in
1827 2931 2058 2987 Iericho

469 3025 692 3092 sedens,
721 3025 813 3096 qui
854 3024 921 3080 ab
967 3024 1232 3094 apostolis
1273 3023 1594 3095 prohibetur
1638 3024 1905 3090 clamare;
1959 3023 2057 3080 sed

2162 1834 2334 1891 usque
2364 1819 2524 1876 hodie
2545 1819 2858 1876 Judmorum
2885 1819 3263 1876 inﬁdelitatem
3284 1821 3782 1878 demonstrantes.

2232 1911 2416 1982 (Vera.
2446 1911 2562 1984 55.)
2591 1910 2657 1965 Et
2682 1912 2936 1968 circuibat
2954 1910 3108 1967 Iesus
3131 1929 3308 1968 omnes
3336 1913 3571 1968 civitates
3599 1922 3655 1967 et
3682 1931 3783 1968 ca-

2160 2005 2310 2062 stella
2342 2004 2529 2060 docens
2561 2005 2616 2060 in
2641 2006 2922 2079 synagogis
2951 2021 3152 2070 eorum,
3175 2015 3225 2060 et
3255 2005 3550 2076 prmdicans
3579 2005 3786 2062 Evan-

2160 2097 2356 2170 gelium
2383 2099 2550 2167 regni,
2587 2105 2633 2151 et
2667 2113 2859 2152 curans
2899 2114 3098 2153 omnem
3131 2099 3434 2168 languorem
3470 2106 3520 2153 et
3553 2113 3786 2155 omnem

2160 2190 2534 2260 inﬁrmitatem.
2566 2187 2763 2246 Cernis
2805 2190 2945 2259 quod
2976 2190 3262 2261 aequaliter
3287 2200 3342 2247 et
3372 2191 3515 2245 villis
3538 2235 3554 2262 ,
3585 2201 3650 2247 et
3682 2209 3787 2249 ur-

2162 2283 2346 2349 bibus,
2372 2291 2425 2338 et
2450 2282 2704 2348 castellis,
2740 2282 2789 2336 id
2823 2291 2926 2347 est,
2961 2293 3015 2337 et
3047 2283 3258 2352 magnis
3286 2291 3343 2339 et
3364 2283 3547 2351 parvis
3578 2284 3786 2342 Evan-

2160 2376 2356 2447 gelinm
2385 2377 2790 2445 prmdicavcrit,
2819 2387 2878 2432 ιιι
2916 2392 3023 2432 non
3056 2376 3441 2433 consideraret
3487 2378 3786 2438 nobilium

2163 2472 2486 2541 potentiam,
2544 2471 2639 2527 sed
2681 2471 2912 2527 salutem
2948 2469 3313 2526 credentium.
3345 2470 3637 2526 Circuibat
3697 2475 3785 2529 ci-

2161 2566 2380 2630 vitates,
2418 2565 2519 2620 hoc
2549 2563 2756 2620 habens
2784 2564 2970 2636 operis
3001 2563 3144 2634 quod
3171 2563 3529 2620 mandaverat
3562 2563 3784 2625 Pater:

2160 2667 2214 2713 et
2245 2657 2385 2712 [nunc
2414 2657 2676 2723 esuriem,
2705 2665 2763 2712 ut
2783 2657 3033 2712 doctrina
3059 2671 3153 2710 sua
3179 2657 3359 2712 salvos
3389 2654 3606 2714 iaceret
3635 2659 3775 2714 inﬁ-

2161 2747 2334 2804 deles.
2364 2747 2606 2802 Docebat
2633 2755 2812 2804 autem
2837 2748 2888 2802 itt
2919 2747 3209 2817 synagogis
3239 2757 3293 2802 ct
3319 2746 3468 2803 villis
3501 2748 3786 2822 Evange-

2162 2841 2292 2896 lium
2315 2841 2464 2912 regni
2494 2857 2506 2895 :
2540 2851 2594 2895 et
2621 2849 2744 2912 post
2769 2840 3214 2910 praedicationem
3249 2850 3413 2911 atque
3440 2839 3781 2900 doctrinam

2162 2935 2392 2991 curabat
2414 2949 2630 2990 omnem
2659 2935 3000 3005 languorem,
3024 2942 3079 2989 et
3101 2948 3320 2988 omnem
3349 2932 3783 3002 inﬁrmitatem;

2164 3038 2222 3084 ut
2246 3028 2444 3099 quibus
2467 3042 2648 3082 sermo
2673 3041 2782 3082 non
2807 3034 3092 3091 suaserat,
3132 3039 3295 3096 opera
3341 3025 3784 3095 persuaderent.

470 3134 568 3191 per
615 3118 1003 3190 impudentiam
1058 3118 1250 3188 recipit
1290 3117 1576 3174 sanitatem
1617 3116 1815 3188 (Marc.
1843 3114 1919 3189 Χ).
1956 3117 2059 3186 Qui
2083 3114 2130 3180 C
2165 3122 2240 3176 De
2269 3121 2499 3176 Domino
2527 3121 2746 3190 proprie
2770 3119 3005 3175 dicitur:
3037 3118 3248 3174 Curans
3285 3134 3501 3175 omnem
3536 3121 3790 3191 languo-

470 3211 627 3268 locus
659 3212 877 3281 pr0prie
905 3213 970 3266 ad
1000 3211 1243 3282 gentium
1278 3209 1534 3281 populum
1582 3209 1859 3280 pertinet,
1905 3220 1958 3272 et
2005 3211 2059 3266 in

476 3319 577 3362 suo
603 3304 956 3375 exponendus
978 3313 1064 3361 est
1086 3304 1377 3360 volumine.

541 3399 725 3470 (Vers.
757 3398 850 3466 9.8,
880 3398 1001 3472 29.)
1033 3399 1278 3456 Miserere
1303 3400 1492 3463 nostri,
1524 3399 1603 3469 [ili
1632 3397 1824 3456 David.
1861 3396 1890 3437 δ
1931 3396 2060 3454 Cum

472 3501 646 3546 autem
674 3493 886 3546 venisset
914 3493 967 3545 in
997 3493 1228 3556 domum,
1255 3501 1580 3546 accesserunt
1601 3491 1668 3543 ad
1691 3507 1804 3548 eum
1835 3491 1982 3556 caci,
2017 3500 2064 3546 et

472 3585 605 3638 dixit
634 3585 707 3638 eis
728 3582 885 3638 Iesus
917 3602 928 3636 :
963 3581 1203 3649 Creditis,
1229 3583 1352 3654 quia
1389 3581 1488 3635 hoc
1519 3597 1727 3652 possum
1764 3581 1937 3652 facere
1978 3598 2066 3637 ro-

475 3676 594 3730 bis?
624 3674 817 3729 Dicunt
848 3675 893 3728 ei
921 3691 940 3730 :
968 3673 1183 3744 Utique,
1217 3673 1460 3729 Domine.
1501 3673 1647 3729 Tunc
1687 3675 1853 3746 tetigit
1885 3674 2066 3735 oculos

470 3783 670 3832 eorum,
703 3767 876 3821 dicens
906 3782 924 3820 :
949 3765 1247 3821 Secundum
1277 3768 1434 3837 ﬁdem
1478 3777 1696 3822 uestram
1737 3769 1832 3838 ﬁat
1885 3768 2050 3824 nobis.

476 3857 547 3912 Et
573 3858 737 3926 aperti
763 3867 886 3913 sunt
920 3859 1058 3912 oculi
1088 3874 1282 3912 eorum.
1319 3857 1554 3914 Audiant
1601 3858 1837 3914 Marcion
1869 3868 1927 3914 et
1956 3860 2067 3916 Ma-

481 3950 748 4016 niclncus,
782 3959 836 4004 et
867 3951 1052 4008 cteteri
1087 3950 1364 4015 Inrretici,
1419 3951 1510 4020 qui
1541 3960 1694 4007 vetus
1737 3953 1940 4008 laniant
1972 3953 2066 4010 ln-

477 4051 840 4098 strumentum
872 4061 887 4099 :
923 4052 977 4098 et
1005 4043 1572 4101 discantSalvatorem
1599 4046 1865 4116 appellari
1894 4047 2065 4104 ﬁlium

477 4135 687 4201 David;
723 4138 766 4191 si
799 4135 941 4191 enim
975 4151 1080 4192 non
1125 4146 1208 4194 est
1239 4147 1397 4193 natus
1444 4137 1498 4194 in
1534 4152 1702 4194 carne
1727 4179 1743 4207 ,
1791 4139 2067 4210 quomodo

472 4239 699 4285 vocatur
730 4229 872 4285 ﬁlius
898 4231 1064 4285 David
1089 4232 1113 4285 ?

549 4323 731 4389 (Vera.
768 4323 860 4390 50,
890 4323 1006 4392 5i.)
1037 4323 1102 4378 Et
1131 4326 1472 4380 comminatus
1519 4334 1591 4381 est
1627 4324 1734 4380 illis
1759 4324 1948 4393 Iesus,
1987 4328 2069 4383 di-

474 4431 594 4470 cens
619 4429 638 4469 :
670 4414 850 4469 Videte
876 4431 938 4470 ne
963 4417 1079 4486 quis
1107 4416 1254 4470 sciat.
1289 4413 1384 4470 Illi
1411 4427 1583 4471 autem
1603 4424 1842 4473 exeuntes
1860 4459 1876 4484 ,
1906 4418 2068 4485 ditia-

2166 3229 2278 3269 rem
2311 3223 2368 3270 et
2405 3227 2620 3268 omnem
2653 3211 3025 3268 inﬁrmitatem
3048 3251 3062 3277 ,
3089 3209 3225 3266 nihil
3253 3211 3455 3281 quippe
3475 3211 3523 3265 ei
3559 3211 3789 3283 impos-

2165 3307 2324 3364 sibile
2355 3315 2459 3363 est.

2237 3400 2423 3473 (Vers.
2453 3400 2573 3470 56.)
2634 3399 2822 3454 Videns
2844 3408 3018 3453 autem
3042 3397 3253 3464 turbas,
3276 3399 3518 3452 misertus
3549 3408 3629 3453 est
3677 3402 3788 3472 eis,

2164 3496 2287 3565 quia
2307 3501 2453 3547 erant
2473 3492 2660 3557 vexati,
2710 3498 2758 3546 et
2778 3494 3018 3563 jacentes
3050 3491 3180 3544 sicut
3211 3505 3326 3543 oves
3365 3506 3466 3543 non
3506 3488 3784 3550 habentes

2165 3592 2442 3656 pastorem.
2474 3582 2623 3637 Tune
2647 3583 2773 3637 dicit
2801 3581 3075 3654 discipulis
3111 3582 3243 3636 suis.
3296 3580 3522 3636 Vexatio
3578 3584 3791 3656 gregis

2165 3687 2221 3732 et
2246 3677 2426 3733 ovium
2443 3686 2605 3747 atque
2626 3677 2930 3743 turbarum,
2969 3684 3248 3746 pastorum
3273 3674 3452 3745 culpa,
3477 3687 3533 3730 et
3569 3678 3792 3737 vitium

2167 3772 2547 3842 magistrorum
2581 3778 2684 3826 est.
2723 3769 2877 3826 Unde
2911 3769 3178 3839 sequitur.

2238 3863 2419 3935 (Vera.
2455 3864 2545 3930 57,
2575 3861 2693 3934 38.)
2725 3860 2909 3917 Messis
2939 3863 3146 3933 quidem
3171 3862 3358 3928 multa,
3401 3865 3638 3934 operarii
3674 3883 3794 3924 au-

2167 3965 2267 4011 tem
2297 3957 2471 4028 pauci.
2512 3954 2713 4026 Rogato
2753 3970 2873 4026 ergo
2915 3954 3194 4009 Dominum
3245 3955 3420 4010 messis
3447 3995 3461 4018 ,
3505 3959 3796 4017 ut-miuat

2168 4049 2434 4121 operarios
2473 4048 2525 4102 itt
2549 4063 2764 4102 messem
2790 4063 2960 4102 suam.
2987 4046 3179 4102 Messis
3207 4046 3374 4101 multa
3435 4048 3797 4117 pepulorum

2169 4139 2440 4211 signiﬁcat
2469 4139 2877 4195 multitudinem
2910 4157 2924 4195 :
2952 4140 3062 4212 56
3085 4138 3322 4209 operarii
3365 4139 3546 4208 pauci,
3597 4156 3800 4210 penu-

2137 4233 2306 4307 uriam
2338 4231 2744 4299 magistrorum.
2776 4230 2844 4286 Et
2885 4231 3120 4300 imperat
3147 4238 3203 4284 ut
3241 4238 3431 4299 rogent
3468 4229 3796 4293 Dominum

2169 4327 2386 4392 messis,
2433 4333 2540 4381 utﬁ
2565 4325 2742 4381 mittat
2769 4325 3052 4394 operarios
3093 4324 3148 4380 in
3182 4338 3413 4380 messem
3463 4339 3646 4382 suam.
3681 4329 3795 4391 Isti

2171 4429 2298 4477 sunt
2328 4420 2590 4491 operarii,
2613 4418 2684 4475 de
2699 4419 2901 4490 quibus
2930 4420 3173 4490 loquitur
3195 4418 3507 4485 Psalmista,
3526 4420 3742 4481 dicens
3774 4445 3790 4482 :

478 4516 744 4562 mauerunt
771 4523 886 4560 eum
908 4509 960 4561 in
986 4515 1092 4562 tota
1119 4518 1258 4564 terra
1293 4510 1406 4564 illa.
1441 4509 1511 4565 Et
1542 4510 1807 4566 Dominus
1838 4521 2064 4583 propter
2091 4503 2146 4564 Ι)
2173 4512 2276 4580 Qui
2295 4512 2552 4567 seminam
2581 4511 2635 4565 in
2663 4511 2940 4583 lacrumis,
2967 4511 3022 4566 in
3053 4510 3248 4581 gaudio
3289 4518 3498 4564 metent.
3545 4509 3793 4586 Euntes,

480 4600 840 4656 humilitatem
865 4600 1075 4673 fugiens
1087 4603 1364 4671 jactantla:
1383 4602 1638 4674 gloriam,
1663 4602 1765 4659 hoc
1788 4618 2069 4674 pracepe-

480 4703 571 4750 rat
607 4712 620 4748 :
655 4703 711 4750 et
737 4693 816 4749 illi
851 4703 1076 4767 propter
1101 4695 1418 4751 memoriam
1467 4697 1656 4768 gratia:
1693 4711 1802 4752 non
1836 4707 2069 4768 possunt

475 4795 660 4846 tacere
686 4789 1032 4846 beneﬁcium.
1062 4789 1194 4845 Nota
1225 4805 1355 4862 ergo
1395 4791 1598 4862 aliquid
1627 4791 1769 4847 inter
1810 4805 1871 4848 se
1908 4803 1929 4830 ε
1953 4791 2072 4862 jus-

481 4899 602 4940 sum
634 4899 758 4942 esse
779 4885 1138 4942 contrarium.
1159 4884 1302 4942 Cmci
1344 4886 1429 4942 isti
1463 4887 1515 4942 in
1549 4883 1768 4942 decimo
1797 4895 2068 4943 curantur

475 4975 618 5035 loco.

552 5068 734 5139 (Vers.
767 5067 886 5139 5i.)
914 5070 1148 5142 Egressis
1171 5081 1343 5125 autem
1369 5071 1477 5126 illis
1497 5113 1510 5136 ,
1553 5086 1668 5126 ecce
1704 5071 1999 5128 obtulerunt
2022 5075 2072 5130 ei

479 5165 735 5218 hominem
787 5175 989 5219 mutum
1031 5163 1091 5232 ά,
1143 5167 1456 5221 daemonium
1501 5168 1770 5222 habentem
1811 5184 1832 5223 :
1873 5179 1920 5223 et
1965 5169 2072 5241 55

555 5296 877 5372 I"Supplent
922 5298 1044 5372 pari
1092 5313 1367 5353 consensu
1389 5312 1529 5372 mss.
1564 5300 1749 5372 nostri
1791 5301 2066 5372 reliquum

478 5369 833 5434 versiculum,
861 5370 1104 5424 miserere
1153 5373 1332 5434 nostri,
1365 5371 1441 5438 ﬁli
1482 5369 1667 5424 David.
1709 5370 1840 5426 Cum
1889 5369 2065 5425 autem

481 5439 698 5493 uenisset
728 5441 959 5506 domum,
981 5450 1308 5496 accesserunt
1329 5441 1398 5494 ad
1423 5459 1536 5496 eunt
1555 5443 1705 5497 caeci.

553 5507 582 5548 δ
630 5510 726 5565 Hic
772 5526 911 5584 vero
948 5520 1141 5577 totam,
1191 5529 1310 5581 (μω
1359 5513 1484 5568 hinc
1525 5513 1899 5584 subsequitur,
1935 5511 2069 5568 Cum

487 5583 905 5652 autem'renisset,
932 5594 1066 5651 etc,
1089 5584 1388 5655 Scriptura:
1401 5583 1727 5656 pericOpem’
1746 5585 1910 5640 iident
1932 5598 2067 5640 mss.

482 5660 683 5707 tacent.

572 5733 593 5762 ε
627 5722 732 5783 Pro
756 5729 962 5804 jussum
984 5771 999 5798 ,
1038 5738 1147 5787 tres
1175 5741 1307 5786 mss.
1329 5729 1537 5802 justum
1590 5726 1819 5800 legunt,
1878 5725 2073 5800 sicque

2169 4605 2334 4670 ibant,
2365 4613 2416 4660 et
2449 4603 2660 4674 ﬂebant,
2696 4612 2963 4673 portantes
2987 4604 3188 4658 semina
3219 4619 3336 4658 sua.
3369 4603 3650 4660 Venientes
3683 4626 3800 4665 ars-

2171 4711 2271 4754 tem
2318 4698 2518 4752 uenient
2561 4713 2677 4751 cum
2714 4698 3098 4763 exsultatione,
3161 4705 3423 4766 portantes
3477 4701 3800 4769 manipulos

2171 4811 2293 4849 suos
2321 4793 2495 4867 (Psal.
2527 4807 2693 4858 cxxv,
2721 4793 2775 4858 7,
2807 4793 2884 4862 8).
2914 4792 2982 4846 Et
3009 4801 3068 4847 ut
3096 4791 3343 4862 apertius,
3379 4790 3596 4862 loquar,
3625 4809 3801 4852 mes-

2171 4888 2246 4943 sis
2277 4886 2464 4953 multa,
2499 4887 2680 4941 omnis
2711 4886 2868 4942 turba
2898 4885 3238 4941 credentium
3263 4892 3369 4938 est.
3393 4882 3648 4952 Operarii
3685 4902 3805 4946 au-

2179 4990 2286 5036 tom
2317 4979 2500 5051 pauci,
2532 4989 2587 5036 et
2633 4978 2898 5047 apostoli,
2957 4986 3015 5034 et
3069 4978 3374 5032 imitatores
3423 4990 3615 5032 eorum
3687 4985 3800 5050 qui

2179 5075 2470 5132 mittuntur
2495 5072 2564 5128 ad
2595 5087 2854 5128 messem.

2255 5167 2410 5238 (Cap.
2437 5164 2742 5222 X.—-Vers.
2776 5163 2856 5234 l.)
2897 5163 2960 5218 Et
2984 5163 3278 5219 convocatis
3309 5161 3585 5217 duodecim
3611 5165 3802 5224 disci-

2176 5298 2534 5354 thabbanus.

2246 5368 2271 5407 ἀ
2348 5368 2772 5426 Vetustissimus
2833 5368 3164 5426 Veronensis
3223 5366 3582 5424 Bibliotheca:
3633 5369 3802 5432 liber

2175 5442 2600 5511 Evangeliorum
2631 5441 2811 5508 addit,
2847 5450 2895 5496 et
2926 5441 3189 5496 surdum:
3220 5449 3514 5508 utramque
3559 5443 3803 5504 scilicet

2174 5515 2325 5585 vocis
2349 5519 2518 5585 κωφοῦ
2547 5513 3082 5585 interpretationem.

2251 5594 2274 5622 θ
2302 5583 2821 5658 Βυρήιεε.,ο]ἱοὶιιι,
2847 5599 2946 5654 pro
2978 5584 3190 5658 mittat;
3221 5585 3411 5658 sicque
3439 5583 3601 5658 paulo
3625 5599 3792 5658 post,

2177 5657 2230 5710 in
2261 5656 2608 5710 exsultatione
2632 5653 2972 5726 metcnt,’pro
2999 5654 3214 5726 gaudio.
3246 5653 3315 5708 Et
3333 5666 3486 5722 mox,
3513 5653 3801 5720 mittentes

2180 5727 2394 5798 sentina,
2429 5742 2530 5801 pro
2557 5735 2843 5800 portantes.
