3962 6292
203 223 254 278 6|
698 211 1354 273 COMMENTARIORUM
1392 212 1458 269 IN
1498 211 1751 270 IVANGI

1864 215 1951 275 Ubi
1991 216 2330 278 ΜΔΤΤΗΛΕΙ
2369 218 2498 276 LIB.
2541 221 2580 278 l.
2624 219 2779 278 CAP.
2821 220 2890 278 Χ.
3376 223 3447 282 6%

199 335 316 405 palis
344 334 462 399 suis,
496 333 634 388 dedit
662 333 776 388 illis
805 342 1105 412 potestatem
1147 331 1428 403 spirituum
1449 331 1747 385 immundo-
1776 335 1830 395 Α
1853 333 1963 407 ges]
1995 373 2010 404 ,
2043 350 2110 394 ex
2163 335 2421 396 ﬁrmitate
2464 347 2520 395 et
2569 339 2940 412 magnitudine
2997 337 3122 397 ﬁdei
3183 339 3447 398 nominati

196 445 314 494 rum,
336 437 387 482 ut
409 427 644 498 ejicerent
669 442 777 494 eos,
828 437 876 481 et
910 436 1152 481 curarent
1208 441 1406 480 omnem
1449 425 1756 497 languorem

197 535 237 578 et
277 538 459 577 onmem
503 523 876 592 inﬁrmitatem.
914 521 1186 592 Benignus
1215 529 1269 577 et
1297 521 1542 578 clemens
1574 519 1755 575 Domi-

195 631 282 672 nus
307 630 364 670 ac
388 614 665 685 magister,
701 630 809 669 non
839 614 1245 670 iuvidetservis
1273 622 1434 684 alque
1471 611 1753 683 discipulis

195 709 395 764 virtutes
413 721 558 762 suas.
587 707 651 761 Et
682 708 827 762 sicut
874 707 990 778 ipse
1040 716 1324 762 curaverat
1369 719 1587 760 omnem
1637 705 1755 759 lan-

193 815 390 872 guorem
417 810 468 855 et
495 814 715 855 omnem
772 798 1147 854 inﬁrmitatem
1173 841 1188 866 ,
1232 798 1493 868 apostolis
1532 812 1754 868 quoque

195 894 293 948 suis
318 892 490 947 tribuit
517 900 872 963 potestatem,
906 900 962 947 ut
990 900 1253 948 curarent
1281 905 1495 946 omnem
1529 892 1754 960 languoo

199 1004 302 1045 rem
323 1030 336 1054 ,
379 996 428 1042 et
472 1001 688 1042 omnem
721 986 1097 1042 inﬁrmitatem
1143 986 1197 1040 in
1227 985 1404 1056 plebe.
1441 985 1549 1042 Sed
1581 984 1752 1040 multa

195 1082 421 1138 distantia
446 1090 526 1135 est
551 1082 695 1135 inter
724 1080 927 1136 habere
943 1077 1009 1135 'et
1041 1080 1286 1134 tribucre
1307 1123 1321 1146 ,
1357 1079 1562 1133 donare
1588 1087 1640 1132 et
1663 1092 1753 1132 ac-

193 1179 373 1246 cipere.
418 1172 520 1230 iste
570 1174 958 1244 quodcumque
1012 1174 1118 1242 agit
1149 1211 1164 1234 ,
1220 1179 1488 1242 patestate
1536 1170 1754 1226 Domini

191 1271 319 1340 agit:
351 1268 504 1336 illi,si
527 1267 658 1338 quid
681 1266 913 1336 iaciunt,
939 1266 1370 1322 imbecillitatem
1389 1279 1542 1321 suam
1568 1273 1623 1319 et
1642 1266 1753 1319 vir-

192 1372 336 1418 tutem
367 1359 577 1416 Domini
597 1361 952 1426 conﬁtentur,
981 1359 1229 1414 dicentes
1259 1377 1272 1414 :
1309 1357 1371 1411 ιη
1397 1362 1601 1412 nomine
1625 1358 1753 1412 Jesu

191 1471 341 1525 surge,
367 1463 411 1510 et
433 1457 642 1509 ambula
663 1456 799 1526 (Act.
835 1469 915 1518 nt,
943 1454 1022 1526 6).
1055 1453 1364 1509 Notandum
1393 1463 1572 1508 autem
1605 1452 1752 1522 quod

194 1548 236 1602 in
255 1547 561 1604 duodecimo
590 1548 733 1612 loco,
759 1556 1004 1617 potestas
1031 1548 1310 1617 signorum
1338 1544 1605 1616 apostolis
1625 1559 1754 1599 con-

191 1639 404 1694 cedatur.

1856 440 2004 486 sunt.

1927 524 1997 579 Et
2022 525 2189 581 Judas
2219 526 2532 584 Ischariotes
2559 538 2607 597 ο,
2639 529 2727 599 qui
2757 537 2805 584 et
2829 530 3044 584 tradidit
3081 543 3216 584 suun
3268 527 3367 586 Vel
3414 542 3446 585 a

1856 617 1975 674 vico
2005 629 2099 674 aut
2126 620 2264 676 urbe
2293 621 2349 676 in
2375 635 2487 690 quo
2516 630 2672 676 ortus
2702 631 2808 688 est,
2837 621 2921 678 vel
2947 635 3014 677 ex
3048 617 3193 677 tribu
3225 620 3444 678 lsachar

1855 712 2174 767 vocabulum
2201 715 2480 784 sumpsit:
2516 725 2573 768 ut
2601 715 2838 785 quodam
2895 715 3149 771 vaticinia
3203 715 3255 770 in
3307 729 3444 770 con-

1855 804 2241 860 demnationen
2274 806 2357 861 sui
2387 815 2548 861 natus
2577 807 2670 862 sit.
2714 806 2930 862 lsachar
2975 808 3122 862 enim
3172 807 3450 877 interpre-

1858 904 2000 950 tatur
2028 913 2240 961 merces,
2276 908 2334 952 ut
2361 897 2700 968 signiﬁcetur
2729 899 2961 968 pretium
2992 898 3308 969 proditoris.

1927 987 2111 1060 (Vers.
2142 990 2195 1056 5,
2232 990 2313 1060 6.)
2372 989 2438 1045 In
2477 991 2613 1045 uiam
2643 993 2868 1062 gentium
2899 1007 2962 1045 ne
2985 991 3212 1046 obieritis
3243 1007 3262 1049 .'
3291 999 3337 1045 et
3389 991 3444 1048 in

1857 1082 2080 1137 civitates
2103 1082 2557 1138 Samaritanorum
2595 1100 2659 1138 ne
2694 1083 3004 1138 intraueritis
3028 1100 3047 1139 :
3070 1085 3158 1138 sed
3183 1084 3355 1156 potius
3378 1083 3447 1138 ito

1857 1174 1926 1228 ad
1956 1191 2068 1230 oves
2098 1189 2214 1245 qua:
2241 1177 2506 1245 perierunt
2535 1178 2720 1232 domus
2751 1176 2940 1232 Israel.
2963 1177 3080 1232 Non
3108 1187 3192 1232 est
3221 1187 3446 1233 contra-

1856 1267 1970 1322 rius
2012 1267 2164 1322 locus
2205 1269 2307 1324 iste
2347 1269 2398 1324 ci
2441 1281 2712 1340 praecepto
2763 1270 2907 1340 quod
2966 1281 3153 1339 postea
3203 1269 3447 1327 dicitur:

1859 1359 2053 1414 Euntrs
2081 1363 2257 1415 docete
2278 1377 2453 1416 omnes
2481 1370 2678 1431 gentes,
2706 1362 3022 1431 baptizontes
3048 1379 3134 1416 eos
3156 1363 3208 1415 in
3234 1362 3444 1416 nomine

1864 1455 2055 1520 Putris,
2081 1465 2128 1510 et
2150 1455 2301 1522 Filii,
2340 1467 2387 1511 et
2410 1456 2642 1526 Spiritus
2667 1458 2835 1512 sancti
2895 1456 3056 1528 (.ilat.
3103 1471 3292 1523 xxvnt,
3329 1455 3446 1524 i9).

1856 1549 1988 1616 Quia
2040 1548 2141 1604 hoc
2183 1558 2308 1606 ante
2338 1550 2816 1614 resurrectionem,
2851 1549 2983 1604 illud
3031 1559 3152 1620 post
3200 1559 3451 1603 resurre-

1858 1643 2096 1699 ctionem
2126 1640 2153 1679 ιι
2190 1651 2517 1715 praeceptum
2544 1652 2646 1699 est.
2677 1643 2750 1698 Et
2770 1641 3055 1711 oportebat
3085 1641 3320 1711 primum
3352 1638 3452 1694 ad-

253 1729 419 1800 (Vers.
450 1731 530 1801 2.)
575 1731 866 1787 Duodecim
907 1739 1078 1786 autem
1123 1728 1487 1800 apostolorum
1534 1727 1746 1782 nomina

1864 1749 2074 1796 rentum
2106 1738 2308 1794 Christi
2334 1739 2588 1793 nuntiare
2607 1737 2832 1802 Judmis,
2860 1751 2927 1790 ne
2950 1736 3151 1805 justam
3182 1733 3448 1789 haberent

192 1833 290 1876 sunt
323 1823 444 1878 hinc.
472 1822 767 1895 Catalogus
789 1825 1166 1894 apostolorum
1209 1825 1451 1893 ponitur,
1491 1832 1546 1875 ut
1596 1829 1752 1877 extra

194 1917 378 1987 hosqui
401 1917 847 1988 pseudoapostoli
878 1917 1043 1972 futuri
1069 1926 1215 1982 sunt,
1261 1916 1641 1972 excludantur.

247 2007 408 2078 (νει-ε.
440 2008 519 2080 5.)
546 2007 763 2063 Primus
789 2009 975 2065 Simon
997 2051 1012 2076 ,
1057 2010 1146 2080 qui
1190 2009 1382 2063 dicitur
1428 2006 1618 2062 Petrus
1645 2048 1660 2074 ,
1703 2017 1752 2063 et

194 2101 395 2156 Andreas
434 2106 597 2173 frater
625 2107 738 2175 ejus
775 2117 795 2158 :
824 2102 1052 2158 Jacobus
1104 2103 1381 2169 Zebedtei,
1430 2113 1476 2157 et
1522 2101 1752 2158 Joannes

195 2201 329 2265 frater
355 2198 462 2266 ejus
490 2213 510 2251 :
533 2197 823 2269 Philippus
854 2208 902 2252 et
943 2197 1358 2253 Bartholomteus
1387 2237 1402 2264 ,
1451 2196 1674 2252 Thomas
1703 2206 1752 2251 et

200 2286 437 2344 Hatthtcus
453 2288 790 2360 publicanus,
807 2301 854 2344 et
877 2289 1104 2345 Iacobus
1124 2291 1348 2360 Alphaei,
1364 2301 1410 2344 et
1436 2289 1750 2346 Thaddwus.

195 2379 418 2437 Ordinem
447 2384 826 2452 apostolorum
856 2393 912 2439 et
940 2387 1191 2440 meritum
1217 2385 1664 2455 uniuscujusque,
1698 2385 1756 2439 il-

195 2473 283 2529 lius
306 2473 768 2544 iuitdistribuere,
798 2479 890 2549 qui
920 2478 1100 2534 cordis
1127 2494 1324 2534 arcana
1353 2479 1603 2534 rimatur.
1636 2479 1754 2534 Pri-

196 2579 296 2620 mus
315 2568 568 2624 scribitur
597 2568 789 2625 Simon
816 2611 833 2638 ,
891 2579 1256 2640 cognomento
1293 2571 1516 2636 Petrus;
1572 2570 1638 2625 ad
1672 2571 1752 2626 di-

196 2658 504 2716 stinctionem
532 2660 758 2717 alterius
791 2662 1055 2730 Simonis,
1088 2664 1177 2734 qui
1204 2663 1508 2734 appellatur
1537 2661 1752 2716 Chana-

199 2767 345 2818 nazus,
367 2753 428 2808 de
455 2754 579 2809 vico
604 2752 793 2810 Chana
819 2756 1060 2812 Galilaete
1078 2797 1092 2820 ,
1129 2757 1218 2811 ubi
1249 2772 1441 2827 aquam
1485 2757 1752 2812 Dominus

201 2846 329 2899 vertit
360 2845 407 2900 in
437 2848 624 2901 vinum
656 2844 844 2918 (Joan.
887 2848 968 2919 tt).
1009 2849 1271 2904 Jacobnm
1319 2864 1535 2919 quoque
1566 2851 1752 2918 appel-

199 2933 258 2989 lat
279 2935 536 3003 Zebedaai,
564 2941 685 3010 quia
711 2950 768 2996 et
793 2940 932 2995 alius
961 2942 1212 3010 sequitur
1250 2940 1491 2996 Jacobus
1515 2941 1749 3011 Alphrei.

199 3025 252 3081 Et
282 3030 634 3099 apostolorum
672 3033 823 3102 paria
860 3032 986 3104 juga
1016 3042 1043 3069 ⁸
1073 3033 1374 3088 consociat.
1422 3032 1607 3102 Jungit
1653 3033 1752 3087 Po-

1854 1833 2290 1892 excusationem,
2314 1831 2563 1886 dicentes
2586 1830 2711 1888 ideo
2739 1845 2800 1884 se
2833 1831 3117 1884 Dominum
3149 1827 3447 1898 rejecisse;

1855 1929 1978 1998 quia
2012 1927 2078 1982 ad
2107 1937 2298 1996 gentes
2326 1935 2381 1980 et
2408 1925 2474 1979 ad
2503 1925 2873 1980 Samaritanos
2901 1923 3181 1994 apostolos
3210 1921 3441 1977 miserit.

1853 2023 2012 2078 Juxta
2045 2021 2399 2092 tropologiam
2432 2034 2564 2075 vero
2593 2019 2909 2090 praecipitur
2939 2017 3095 2072 nobis
3125 2019 3216 2086 qui
3245 2015 3446 2072 Christi

1855 2130 2141 2170 censemur
2167 2114 2406 2180 nomine,
2442 2129 2509 2168 ne
2532 2113 2584 2167 in
2607 2113 2692 2167 via
2715 2113 2956 2183 gentium
2980 2119 3034 2166 et
3064 2110 3445 2166 haereticorum

1854 2210 2195 2266 ambulemus
2225 2223 2440 2273 errore,
2474 2216 2528 2262 ut
2566 2221 2798 2279 quorum
2831 2207 3024 2278 religio
3061 2214 3308 2276 separata
3337 2212 3444 2270 est,

1854 2313 2136 2374 separetur
2161 2312 2216 2359 et
2244 2303 2374 2357 vita.

1926 2397 2106 2466 (Vers.
2140 2396 2195 2461 7,
2242 2395 2323 2467 8.)
2374 2393 2568 2454 Eumer
2608 2403 2780 2448 autem
2827 2392 3128 2464 pradicate,
3182 2389 3448 2446 dicentes:

1853 2491 1974 2561 quia
2004 2486 2438 2560 appropinquavit
2480 2502 2699 2557 regnum
2739 2486 3006 2550 cmlorum,
3059 2483 3292 2552 inﬁrmos
3337 2480 3449 2553 58

1856 2590 2053 2647 curate,
2077 2590 2306 2635 mortuos
2329 2581 2591 2646 suscitato,
2624 2579 2853 2648 leprosos
2883 2576 3151 2640 inundate,
3186 2576 3447 2628 dwmones

1854 2673 2145 2746 ejicite.Nc
2185 2672 2502 2728 hominibus
2542 2670 2838 2727 rusticanis
2885 2677 2938 2724 et
2987 2669 3194 2738 absque
3242 2665 3446 2735 eloquii

1856 2776 2140 2822 venustate
2172 2765 2400 2820 indoctis
2425 2773 2478 2820 et
2509 2763 2804 2820 illitteratis
2833 2775 2994 2817 nemo
3020 2758 3292 2818 crederet.
3323 2757 3447 2826 pol-

1855 2859 2142 2916 licentibus
2171 2874 2332 2929 regna
2379 2857 2670 2923 cmlorum,
2703 2856 2798 2911 dat
2836 2862 3162 2926 potestatem
3202 2851 3451 2906 inﬁrmos

1856 2968 2070 3017 curare,
2095 2953 2345 3023 leprosos
2375 2949 2660 3016 mundare,
2691 2948 2966 3004 dmmones
2991 2945 3215 3016 ejicere,
3246 2951 3305 2998 ut
3332 2957 3448 2997 ma-

1854 3045 2191 3117 gnitudinem
2225 3044 2618 3112 promissorum
2668 3042 2860 3112 probet
2903 3039 3221 3110 magnitudo
3263 3040 3446 3109 siguoo

199 3128 317 3175 trum
365 3133 414 3178 et
473 3123 747 3179 Andream
807 3124 1034 3190 fratres,
1091 3141 1196 3180 non
1231 3133 1336 3180 tam
1370 3141 1536 3181 carne
1587 3140 1746 3194 quam

1864 3157 1999 3198 riun.
2033 3140 2100 3196 Et
2147 3140 2274 3210 iptio
2305 3153 2523 3207 semper
2576 3137 2716 3192 dona
2767 3133 3066 3204 spiritualia
3122 3132 3190 3205 (si
3236 3146 3450 3186 merces

199 3215 282 3289 57
308 3218 516 3286 spiritu.
547 3217 810 3275 Jacobum
841 3227 898 3274 et
923 3221 1188 3274 Joannem
1211 3261 1224 3284 ,
1253 3220 1344 3290 qui
1379 3235 1572 3289 panem
1629 3233 1751 3273 cor-

198 3309 322 3375 poris
370 3311 783 3382 relinquentes,
841 3329 1033 3367 verum
1088 3313 1306 3369 Patrem
1366 3314 1541 3368 secuti
1601 3323 1751 3368 sum.

197 3397 479 3472 Philippum
510 3413 562 3459 et
592 3404 1060 3460 Bartholomteum
1084 3446 1100 3472 ,
1135 3405 1398 3460 Thomam
1446 3420 1668 3477 quoque
1697 3414 1752 3460 et

192 3492 478 3551 blattbteum
512 3498 884 3568 publicanum.
915 3498 1118 3554 Crateri
1149 3499 1502 3569 evangelium
1546 3500 1598 3554 in
1621 3515 1754 3554 con-

191 3584 448 3654 iunctione
468 3591 772 3657 nominum,
805 3591 1044 3663 primum
1072 3602 1281 3662 ponunt
1313 3592 1661 3658 Manlianum;
1694 3599 1751 3647 et

193 3689 349 3746 postea
385 3682 690 3752 Thomam,
735 3699 835 3739 nec
888 3684 1162 3755 publicani
1211 3699 1411 3740 nomen
1467 3686 1754 3740 ascribunt

191 3769 650 3849 [ALascribitur],
679 3792 750 3833 ne
799 3778 1034 3849 antiqua:
1079 3779 1515 3834 conversationis
1564 3793 1752 3834 recor-

192 3862 358 3922 dantes
381 3867 645 3938 sugillare
676 3869 1093 3940 Evangelistam
1125 3872 1461 3925 viderentur.
1481 3870 1586 3925 Iste
1616 3885 1752 3926 vero

192 3954 258 4025 (ut
284 3971 440 4029 supra
462 3960 723 4032 diximus)
752 3970 809 4015 et
837 3972 961 4031 post
984 3962 1252 4018 Thomam
1286 3979 1345 4019 se
1374 3965 1548 4033 ponit,
1577 3974 1628 4018 et
1652 3979 1751 4034 pu-

191 4044 437 4106 blicanum
459 4053 722 4123 appellat,
753 4063 815 4109 ut
836 4054 923 4109 ubi
943 4056 1222 4110 abundarit
1253 4057 1526 4128 iniquitas,
1561 4073 1749 4127 super-

191 4141 388 4200 abuudet
407 4154 451 4199 et
477 4146 643 4217 gratia
671 4146 854 4218 (Rom.
889 4161 941 4214 ν,
970 4148 1087 4219 20).

249 4236 419 4309 (Vera.
448 4241 528 4310 4.)
559 4240 745 4296 Simon
787 4243 1115 4297 chananceus.
1159 4243 1278 4312 Ipse
1308 4255 1388 4299 est
1429 4245 1523 4316 qui
1564 4246 1616 4299 in
1633 4246 1748 4304 alio

193 4327 498 4402 Evangeiista
516 4333 623 4406 [Αι.
643 4334 959 4407 Evangeiio]
975 4337 1233 4391 scribitur
1254 4336 1456 4392 Zelotes
1479 4337 1741 4411 (Luem).

195 4417 348 4477 Charta
358 4425 569 4496 quippe,
582 4428 726 4484 zelus
755 4429 1161 4498 interpretatur.
1177 4429 1511 4485 Thadtizeum
1527 4441 1746 4503 aposto-

193 4509 306 4581 lum,
322 4516 692 4575 Ecclesiastica
718 4519 881 4575 tradit
898 4520 1123 4576 historia
1138 4523 1360 4577 missum
1378 4523 1618 4580 Edessam
1634 4523 1661 4563 δ
1675 4526 1742 4581 ad
1774 4514 1826 4576 D

191 4603 430 4677 Abgarum
461 4626 636 4683 regem
669 4611 950 4678 Osroenre,
979 4615 1070 4684 qui
1115 4614 1184 4668 ab
1233 4617 1564 4685 evangelista
1598 4617 1742 4674 Luca

191 4696 332 4756 ludas
375 4703 555 4760 Jacobi
597 4705 798 4761 dicitur
837 4724 850 4758 :
890 4716 944 4761 et
1002 4705 1133 4761 alibi
1186 4708 1489 4778 appellatur
1533 4709 1747 4766 Lebteus

195 4791 309 4860 (Act.
350 4795 430 4867 t),'
464 4799 607 4870 quod
636 4801 1030 4870 interpretatur
1061 4803 1345 4856 corculum.
1376 4801 1748 4861 Credendum-

193 4899 280 4955 que
306 4899 379 4946 est
406 4908 522 4947 eum
552 4893 724 4949 fuisse
749 4895 1062 4950 trinomium
1094 4912 1107 4949 :
1137 4895 1287 4952 Sicut
1311 4897 1523 4967 Simon,
1559 4899 1748 4957 Petrus

197 4981 360 5052 (Marc.
385 4988 488 5059 tu);
537 4998 594 5046 et
619 4989 740 5045 Filii
771 4989 1047 5059 Zebedtei,
1082 4990 1379 5065 Boanerges
1405 4993 1515 5066 [ΑΙ.
1551 4996 1750 5053 Bauer-

251 5180 274 5207 ⁸
299 5173 452 5229 Antea
481 5183 629 5240 erat,
647 5175 888 5298 gagaque
919 5191 933 5228 :
976 5175 1032 5229 in
1061 5190 1174 5231 uno
1201 5177 1442 5232 alterove
1491 5194 1623 5235 mss.
1646 5184 1740 5255 ju-

251 5259 254 5290 ι
280 5261 488 5298 auaume.
523 5246 638 5298 Rha
683 5248 772 5298 b..
803 5247 950 5298 naria
979 5257 1196 5298 utroque
1235 5251 1517 5298 consociat.

202 5256 254 5311 ga
280 5261 488 5318 qumque.
523 5246 772 5311 Rhabb.,
803 5247 950 5312 paria
979 5257 1196 5318 utroque
1235 5251 1517 5303 consociat.
1646 5246 1664 5255 ⁷

256 5311 280 5350 δ
306 5314 354 5370 in
381 5317 693 5372 Erasmiana
731 5317 973 5373 editione
1011 5320 1308 5378 denravate
1357 5321 1609 5378 legimus.
1663 5324 1741 5378 Ad

256 5335 280 5350 ν
306 5335 354 5370 ιη
384 5335 693 5372 erasmtana
731 5335 973 5373 eutuone
1011 5335 1308 5389 depravare
1357 5335 1609 5387 tegimus,
1663 5335 1739 5378 Λα

197 5381 451 5461 ᾼριιςᾳηηη
469 5403 639 5460 regem
659 5388 1036 5461 Chosdroente;
1067 5393 1120 5444 in
1147 5391 1433 5447 Marianma
1452 5393 1706 5450 similiter
1723 5437 1739 5461 ,

200 5453 261 5506 Ad
279 5453 546 5530 Magorum
564 5475 736 5529 regem
759 5453 1085 5515 Chosidenae.
1118 5463 1380 5518 Neutrum
1405 5479 1594 5519 verum
1623 5453 1738 5531 est;

199 5531 391 5609 acescio
416 5531 688 5609 quodnam
711 5531 889 5609 fuerit
915 5547 1142 5609 regnum
1177 5533 1622 5602 Chosdroenum,
1656 5537 1743 5592 vel

198 5593 504 5674 chosidenum.
538 5602 679 5674 Vera
711 5603 896 5672 itaque
924 5593 1084 5674 lectio
1105 5604 1221 5660 haec
1241 5617 1324 5660 est
1351 5622 1511 5674 quam
1553 5593 1744 5663 omnes

200 5678 304 5748 125s.
325 5673 536 5748 codices
554 5673 800 5729 retinent
824 5690 846 5748 _:
879 5672 1245 5748 atlfzibgaram
1273 5672 1445 5748 regem
1472 5677 1738 5733 Usroenw.

206 5731 306 5796 Erat
331 5758 483 5814 porro
497 5745 726 5800 (Ismene
756 5744 840 5801 vel
871 5731 1156 5818 θεώ-θεῖτε,
1187 5731 1532 5822 ταεὶᾶδγιήω
1555 5731 1743 5812 inibis?

1857 3236 2034 3293 media
2057 3235 2146 3305 sit)
2169 3234 2365 3288 vilicm
2397 3232 2553 3296 ﬁunt,
2578 3229 2891 3300 adiungitur
2917 3227 3160 3281 avaritiae
3184 3225 3446 3280 condem-

1858 3331 2026 3384 natio.

1925 3421 2100 3477 Gratis
2125 3417 2417 3488 occepistis,
2440 3415 2604 3488 gratis
2631 3413 2772 3467 date.
2808 3411 2920 3482 Ego
2949 3409 3206 3481 magister
3249 3418 3305 3463 et
3334 3407 3444 3462 Do-

1855 3515 2032 3569 minus
2060 3512 2262 3582 absque
2287 3510 2465 3580 pretio
2514 3508 2617 3562 hoc
2649 3506 2802 3562 vobis
2841 3503 3033 3570 tribui,
3083 3511 3138 3555 et
3182 3515 3280 3555 vos
3327 3499 3447 3554 sine

1855 3605 2026 3676 pretio
2055 3604 2207 3669 date,
2241 3616 2310 3656 ne
2348 3599 2624 3669 Evangelii
2657 3595 2830 3668 gratia
2853 3602 3252 3663 corrumpatur.

1924 3700 2104 3771 (Vers.
2138 3698 2193 3766 9,
2227 3697 2340 3766 10.)
2415 3691 2596 3749 Nolite
2625 3692 2887 3766 possidere
2915 3703 3123 3752 aurum.
3156 3700 3318 3756 neque
3358 3699 3446 3738 ar-

1852 3804 2080 3866 gentum,
2107 3807 2264 3862 neque
2287 3788 2554 3861 pecuniam
2576 3787 2626 3840 in
2651 3786 2796 3840 zonis
2821 3781 3020 3838 uestris.
3046 3779 3170 3834 Non
3192 3794 3366 3849 peram
3390 3778 3444 3831 in

1853 3888 1954 3955 ria,
1988 3899 2147 3956 neque
2174 3884 2305 3937 duas
2330 3882 2552 3945 tunicas,
2583 3893 2740 3948 neque
2770 3875 3130 3937 calciamenta,
3156 3887 3317 3940 neque
3345 3871 3448 3923 vir-

1851 3997 1970 4052 gam
1998 3989 2042 4032 ο.
2079 3977 2278 4046 Dignus
2298 3984 2372 4030 est
2409 3974 2545 4028 enim
2590 3969 2856 4040 operarius
2911 3965 3024 4021 cibo
3077 3981 3192 4020 suo.
3239 3963 3447 4018 Conse-

1851 4079 2081 4142 quenter
2109 4069 2225 4122 haec
2249 4065 2341 4120 dat
2369 4071 2644 4134 pratcepta
2683 4055 3210 4129 evangelizatoribus
3239 4053 3441 4108 verita-

1853 4167 1946 4232 tis,
1980 4163 2181 4235 quibus
2212 4171 2337 4214 antc
2365 4157 2579 4213 dixerat
2633 4174 2645 4208 :
2701 4153 2878 4206 Gratis
2931 4149 3222 4216 accepistis,
3279 4147 3442 4217 gratis

1852 4259 1991 4313 date.
2017 4257 2073 4312 Si
2104 4255 2250 4311 enim
2282 4252 2360 4306 sic
2391 4249 2710 4320 praedicant,
2735 4253 2798 4300 ut
2840 4242 3076 4316 pretium
3130 4254 3243 4296 non
3295 4239 3440 4294 acci-

1851 4355 2024 4424 piant,
2055 4345 2334 4421 superﬁua
2364 4354 2448 4400 est
2479 4341 2599 4400 auri
2638 4339 2960 4410 argentique
3003 4345 3058 4391 et
3095 4344 3442 4390 nummorum

1853 4444 2150 4515 possessio.
2178 4439 2312 4495 Nam
2344 4439 2391 4492 si
2419 4435 2744 4491 habuissent
2783 4445 2974 4485 aurum
3019 4439 3078 4484 et
3131 4435 3440 4498 argentum,

1852 4535 2174 4591 videbantur
2202 4543 2310 4586 non
2338 4541 2503 4584 causa
2545 4526 2738 4580 salutis
2783 4523 3088 4588 hominum,
3136 4517 3230 4574 sed
3275 4530 3444 4572 causa

1851 4628 1987 4684 lucri
2028 4624 2346 4694 praedicare.
2372 4619 2554 4691 Neque
2594 4635 2665 4674 tes
2697 4619 2751 4671 in
2788 4616 3033 4670 sacculis.
3073 4611 3176 4680 Qui
3227 4609 3446 4665 divitias

1850 4720 2201 4776 detruncarat
2227 4715 2336 4786 [ΑΙ.
2367 4712 2696 4783 detruncat],
2728 4706 3126 4781 propemodum
3159 4713 3214 4760 et
3244 4716 3440 4759 neces-

1851 4812 1995 4868 saria
2025 4809 2148 4865 vita:
2178 4812 2446 4875 amputat,
2469 4813 2530 4857 ut
2563 4801 2798 4872 apostoli
2821 4800 3080 4855 doctores
3130 4809 3274 4850 verte
3316 4792 3446 4848 reli-

1852 4906 2054 4978 gionis,
2077 4903 2167 4974 qui
2196 4897 2552 4957 inStituebant
2571 4896 2681 4970 [ΑΙ.
2706 4889 3072 4961 instruebant]
3107 4886 3289 4942 omnia
3320 4899 3447 4978 pro-

1853 4976 2088 5051 videntia
2139 4993 2234 5048 Dei
2286 4988 2609 5062 gubernari,
2643 4988 2855 5057 seipsos
2900 4980 3256 5040 ostenderent
3308 4976 3444 5032 nihil

1849 5180 2167 5247 sopotamizc
2194 5173 2433 5247 conﬁnio
2460 5189 2473 5226 :
2504 5169 2558 5227 in
2584 5185 2689 5247 qua
2719 5168 2925 5247 Edes_s_a
2954 5175 3010 5247 et
3053 5157 3443 5247 Nicephprium

1850 5229 2218 5319 itiiiééj'jiiim'
2236 5229 2573 5319 Euphratem
2599 5229 2832 5319 ﬁumen.
2854 5239 3013 5319 Unde
3035 5229 3447 5319 populiﬂOst'atrti

1850 5323 1992 5390 apud
2025 5310 2408 5392 Stephanum.
2448 5315 2630 5392 Manu.
2655 5343 2727 5356 -—
2751 5314 2918 5392 Olim,
2951 5310 3248 5378 Abagarum
3271 5316 3444 5371 regem

1853 5383 2162 5449 (Iliosidene:
2189 5390 2311 5444 Vid.
2346 5386 2545 5443 Euseb.
2572 5388 2609 5440 Ι.
2643 5402 2681 5453 1,
2710 5399 2759 5440 c.
2796 5383 2883 5438 i5.
3122 5448 3148 5453 _
3191 5449 3202 5453 _
3288 5444 3298 5453 I

1924 5477 1944 5503 ε
1979 5461 2313 5518 Concinuius
2343 5459 2512 5514 nostri
2539 5448 2697 5520 mss...
2725 5455 2870 5509 Inda
2901 5457 3078 5506 autem
3110 5448 3438 5512 Schariotcs,

1849 5536 1928 5591 vel
1957 5552 1988 5588 a
2017 5537 2148 5600 vico,
2179 5533 2232 5586 in
2262 5546 2365 5602 quo
2395 5540 2540 5602 ortus
2566 5537 2661 5594 est,
2697 5528 2775 5581 vel
2806 5542 2868 5581 ea:
2898 5525 3056 5590 tribu,
3087 5526 3198 5577 etc.

1923 5606 1950 5645 ιι
1984 5601 2492 5662 νίειοτίιιςοωίιιίι
2521 5614 2733 5669 vocem,
2767 5603 3101 5671 praaceptum.

1928 5689 1950 5715 θ
1979 5678 2198 5733 Addunt
2223 5672 2444 5745 quidam
2474 5685 2608 5729 mss.
2629 5673 2683 5726 in
2703 5667 2883 5727 manu.
2906 5667 3042 5726 Tum
3070 5673 3449 5743 mercenarius,

1855 5765 1954 5822 pro
1987 5748 2281 5823 operarius,
2304 5745 2512 5817 legunt.
