3966 6352
440 244 512 301 63
1698 242 1753 299 S.
1797 234 2071 299 EUSEBH
2107 240 2492 300 HIERONYMI
3656 250 3743 308 64

438 364 685 434 cogitare
708 362 775 420 de
801 363 1068 418 craStino.
1097 360 1221 415 Non
1243 375 1420 430 peram
1447 358 1502 412 in
1527 361 1630 413 via.
1656 357 1736 412 Ex
1762 357 1868 413 hoc
1896 373 2039 428 praa-
2063 361 2114 421 Α
2143 373 2433 415 mansurus
2465 370 2570 431 est,
2601 363 2696 418 sed
2725 363 3029 434 accipiens,
3057 364 3159 420 hoc
3188 364 3335 420 enim
3359 363 3579 433 dicitur,
3610 366 3744 435 quis

439 465 599 526 cepto
648 455 824 526 arguit
867 452 1225 524 philos0pbos
1258 492 1275 517 ,
1334 450 1427 521 qui
1475 450 1637 519 vulgo
1696 449 2039 519 appellantur

445 554 474 585 ι
496 546 905 617 Bactroperitte,
935 543 1078 616 quod
1108 551 1519 610 contemptores
1566 541 1749 597 saeculi
1777 552 1832 598 et
1857 541 2039 597 omnia

444 655 545 711 pro
568 640 742 696 nihilo
765 639 1048 703 ducentes,
1071 634 1356 693 cellarium
1383 650 1571 692 secum
1599 635 1894 690 vehebant.
1932 634 2040 688 Ne-

445 748 542 803 que
570 732 702 786 duas
731 731 955 785 tunicas.
976 729 1036 784 In
1059 729 1272 784 duabus
1298 728 1497 783 tunicis
1521 727 1742 783 videtur
1780 726 1912 782 mihi
1942 726 2041 781 du-

448 824 572 895 plex
603 823 899 878 ostendere
928 822 1339 876 vestimentum.
1372 819 1494 874 Non
1524 834 1634 890 quo
1663 818 1716 874 in
1748 819 1882 873 locis
1909 816 2044 888 Scy-

450 917 579 974 thia:
608 925 662 973 et
686 916 898 988 glaciali
932 916 1054 971 nive
1080 915 1387 985 rigentibus
1417 928 1522 968 una
1552 914 1673 983 quis
1718 913 1896 969 tunica
1945 913 2043 967 de-

443 1008 570 1064 beat
597 1022 724 1063 esse
744 1016 1038 1063 contentus
1066 1026 1078 1061 :
1109 1007 1204 1062 sed
1226 1022 1336 1078 quo
1360 1006 1413 1060 in
1441 1007 1623 1060 tunica
1645 1006 2035 1060 vestimentum

445 1098 816 1168 intelligamus
851 1116 864 1153 :
895 1114 964 1153 ne
994 1098 1101 1152 alio
1133 1098 1507 1165 vestiti,aliud
1539 1098 1701 1153 nobis
1729 1097 2034 1152 futurorum

446 1192 645 1246 timore
668 1206 969 1246 servemus.
998 1189 1184 1262 Neque
1210 1190 1567 1244 calciamenta.
1603 1189 1670 1245 Et
1716 1189 1868 1244 Plato
1897 1204 2037 1257 prte-

445 1286 591 1354 cepit
618 1284 755 1340 duas
781 1284 1036 1353 corporis
1061 1285 1406 1340 summitates
1436 1298 1545 1339 non
1587 1299 1711 1340 esse
1759 1283 2042 1347 velandus,

446 1388 550 1430 nec
572 1376 857 1431 assuelieri
880 1375 1080 1431 debere
1104 1376 1349 1430 mollitiei
1376 1376 1570 1445 capitis
1590 1383 1649 1431 et
1671 1376 1887 1444 pedum.
1907 1373 2042 1432 Cum

453 1471 573 1524 ιιωο
602 1469 747 1524 enim
782 1469 1072 1524 habuerint
1106 1467 1440 1534 ﬁrmitatem,
1494 1477 1691 1524 caetera
1738 1469 2045 1525 robustiora

453 1574 601 1617 sunt.
640 1562 820 1634 Neque
840 1563 1037 1634 virgam
1062 1561 1203 1629 :Qui
1227 1562 1443 1616 Domini
1468 1561 1732 1617 habemus
1757 1561 2044 1628 auxilium,

454 1656 637 1711 baculi
669 1656 984 1727 praesidium
1016 1670 1115 1711 cur
1139 1656 1484 1725 quaeramus?
1507 1658 1614 1728 59
1642 1656 1711 1710 Et
1742 1658 1863 1725 quia
1912 1671 2047 1726 quo-

2139 450 2195 506 in
2226 466 2287 508 ea
2313 452 2506 524 dignus
2534 467 2617 509 est
2640 452 2747 527 [Αι.
2773 454 2942 528 fit],ut
2966 456 3135 528 tnagis
3156 471 3217 513 se
3242 457 3457 512 noverit
3483 456 3744 527 accipere

2140 547 2393 615 gratiam,
2425 564 2585 617 quam
2617 549 2771 605 dare.

2214 636 2395 707 (Vers.
2428 638 2516 699 i2.
2551 637 2666 710 15.)
2729 639 2989 696 latrantes
3007 652 3179 696 autem
3222 643 3454 709 domum,
3508 643 3746 699 salutate

2139 746 2274 784 eam.
2306 730 2371 783 Et
2392 731 2649 801 siquidem
2679 735 2838 805 fuerit
2865 734 3048 788 domus
3077 734 3175 789 illa
3203 736 3384 808 digna,
3429 736 3596 789 veniet
3621 752 3734 807 pax

2144 831 2326 876 nostra
2355 839 2509 893 super
2535 841 2646 878 eam
2676 826 2797 879 :sin
2822 834 2994 880 autem
3046 841 3149 880 non
3189 827 3299 897 ϐο
3346 827 3503 897 fuerit
3549 827 3743 898 digna,

2143 934 2248 989 pax
2275 929 2441 972 vestra
2483 918 2552 971 ad
2589 935 2677 973 vos
2724 928 3021 974 revertetur.
3078 920 3307 975 Occulte
3350 920 3746 974 salutationem

2145 1008 2359 1063 Hebrzni
2423 1024 2486 1064 ac
2531 1010 2655 1082 Syri
2706 1011 2976 1065 sermonis
3027 1012 3317 1078 expressit.
3366 1010 3521 1077 Quod
3589 1012 3746 1066 enim

2146 1099 2337 1156 Graece
2358 1100 2576 1167 dicitur,
2611 1111 2796 1180 χαῖρε,
2829 1114 2881 1157 ct
2917 1102 3130 1170 Latine,
3165 1119 3288 1169 ave,
3337 1103 3440 1157 hoc
3471 1104 3749 1180 Hebraico

2145 1196 2392 1266 Syroque
2421 1210 2674 1251 sermone
2714 1178 3220 1279 appellatttrsuou
3258 1211 3395 1251 Lacu
3445 1178 3741 1279 (15:51527)

2148 1285 2262 1340 sive
2298 1296 2320 1324 ε
2351 1301 2520 1342 sucu
2551 1302 2767 1341 suuacu
2791 1288 2954 1370 (πω
2975 1271 3173 1355 ΩἾΒΨ),
3200 1287 3251 1340 id
3281 1294 3383 1350 est,
3415 1271 3518 1357 paa:
3547 1295 3745 1341 tecum.

2148 1379 2301 1448 Quod
2332 1388 2508 1433 autem
2535 1381 2797 1449 praecipit,
2837 1380 2946 1433 tale
2982 1389 3093 1432 est:
3125 1380 3465 1433 lntroeuntes
3493 1379 3749 1445 domum,

2149 1488 2336 1544 pacem
2370 1473 2748 1542 imprecamini
2796 1472 3025 1542 hospiti,
3068 1482 3123 1526 et
3171 1481 3429 1543 quantum
3476 1473 3529 1527 in
3587 1472 3753 1529 vobis

2149 1573 2251 1631 est,
2286 1562 2575 1618 discordiae
2616 1563 2757 1618 bella
2782 1562 2986 1618 sedate.
3034 1563 3128 1618 Sin
3179 1572 3361 1616 autem
3409 1571 3527 1616 orta
3581 1561 3757 1616 fuerit

2148 1655 2630 1719 contradictio,vos
2652 1654 2957 1709 mercedem
2985 1653 3261 1709 habebitis
3284 1654 3351 1708 de
3373 1653 3555 1707 oblata
3576 1668 3714 1722 pace
3734 1671 3752 1706 :

452 1747 749 1803 dummodo
775 1748 949 1803 nudos
974 1759 1029 1805 et
1058 1748 1344 1819 expeditos
1374 1749 1438 1803 ad
1469 1748 1871 1818 praedicandum
1914 1764 2045 1820 apo—
2079 1740 2125 1800 Β
2152 1748 2228 1802 illi
2258 1748 2487 1814 bellum,
2521 1748 2612 1818 qui
2643 1745 2750 1819 [ΑΙ.
2783 1745 2949 1817 quod]
2982 1745 3181 1803 habere
3220 1747 3517 1815 voluerint,
3553 1746 3745 1816 possi—

449 1842 620 1897 stolos
651 1842 901 1909 miserat,
927 1852 982 1898 et
1011 1844 1146 1898 dura
1179 1842 1471 1899 videbatur
1502 1858 1624 1900 esse
1653 1844 1895 1899 conditio
1927 1860 2044 1899 ma-

448 1936 767 2006 gistrorum,
798 1939 1150 1995 severitatem
1186 1939 1445 2008 praecepti
1477 1940 1723 2009 sequenti
1774 1941 2042 1995 sententia

460 2030 805 2097 temperavit,
847 2030 1040 2085 dicens
1075 2048 1087 2084 :
1124 2029 1320 2101 Dignus
1350 2042 1422 2085 est
1468 2032 1735 2100 operarius
1782 2032 1893 2086 cibo
1931 2050 2042 2087 suo.

451 2120 707 2186 Tantum,
738 2122 928 2194 inquit,
956 2123 1210 2193 accipite,
1235 2134 1501 2192 quantum
1534 2123 1587 2177 in
1613 2123 1756 2178 victu
1775 2135 1829 2179 et
1852 2125 2045 2179 veSIitu

450 2212 608 2267 vobis
641 2215 1014 2270 necessarium
1046 2222 1149 2269 est.
1178 2213 1335 2270 Unde
1360 2224 1419 2270 et
1450 2215 1745 2284 Apostolus
1771 2217 2005 2285 replicat
2030 2235 2045 2273 :

457 2303 718 2359 Habentes
736 2306 928 2358 victum
956 2315 1003 2359 et
1018 2306 1280 2369 vestitum,
1300 2304 1382 2359 his
1404 2308 1629 2362 contenti
1652 2308 1813 2361 simus
1836 2306 1878 2378 (Ι
1905 2307 2044 2362 Tim.

451 2410 524 2461 Vt,
554 2396 636 2466 8).
672 2396 740 2451 Et
802 2397 851 2450 in
895 2397 1003 2452 alio
1051 2397 1174 2451 loco
1210 2415 1223 2451 :
1255 2396 1605 2452 Communicet
1650 2408 1822 2454 autent
1867 2402 1910 2454 is
1961 2402 2050 2471 qui

458 2487 814 2543 catechizatur
833 2486 861 2526 δ
890 2488 1045 2544 verbo
1067 2490 1114 2544 ei
1134 2490 1225 2559 qui
1262 2507 1316 2545 se
1341 2490 1628 2544 calechizat
1651 2492 1705 2545 in
1733 2494 1871 2545 omni
1915 2492 2049 2547 bona

453 2577 655 2650 (Galat.
681 2594 756 2644 Vl,
789 2577 847 2649 6)
873 2596 887 2634 :
920 2590 976 2634 ut
1002 2596 1231 2650 quorum
1276 2581 1529 2651 discipuli
1557 2593 1768 2638 metunt
1798 2584 2048 2652 Spiriiua-

449 2670 544 2740 lla,
577 2682 867 2728 consortes
890 2688 989 2728 eos
1014 2674 1211 2749 faciant
1245 2675 1544 2731 carnalium
1572 2691 1794 2732 suorum
1822 2696 1834 2731 :
1859 2696 1965 2734 non
1992 2681 2044 2734 in

451 2766 697 2833 avaritia,
732 2766 828 2822 sed
862 2767 915 2822 in
949 2769 1304 2823 necessitate.
1330 2770 1460 2825 Ilaec
1492 2771 1754 2826 liiStorice
1786 2772 2044 2827 diximus.

448 2859 720 2915 Cmternm
749 2859 1051 2915 secundum
1093 2876 1397 2932 anagogen,
1430 2879 1537 2917 non
1589 2862 1721 2918 licet
1767 2864 2042 2934 magistris

451 2968 643 3009 aurum
672 2960 726 3008 et
755 2963 1064 3022 argentum,
1096 2963 1151 3010 et
1184 2957 1469 3025 pecuniam
1511 2971 1632 3025 qua:
1656 2956 1708 3010 in
1736 2958 1890 3010 zonis
1940 2966 2040 3022 est,

453 3050 754 3117 possidere.
786 3051 993 3107 Aurum
1022 3068 1170 3123 saepe
1200 3055 1447 3124 legimus,
1485 3069 1581 3123 pro
1608 3069 1808 3120 sensu;
1843 3069 2043 3125 argen-

2150 1843 2346 1898 debunt
2362 1884 2374 1897 .

2223 1934 2403 2004 (Vers.
2435 1932 2548 2004 M.)
2578 1932 2647 1986 Et
2676 1934 2979 2004 quicumque
3024 1949 3126 1988 non
3154 1933 3398 2001 receperit
3426 1948 3533 2000 vos,
3564 1948 3739 2003 neque

2148 2026 2375 2080 audierit
2402 2041 2662 2079 sermones
2691 2036 2903 2091 vestros,
2937 2034 3173 2079 exeuntes
3216 2025 3358 2093 [oras
3379 2024 3443 2078 de
3463 2025 3636 2083 domo,
3660 2024 3750 2079 vel

2150 2120 2371 2183 civitate,
2397 2119 2621 2173 excutite
2647 2119 2905 2187 pulverem
2936 2118 2999 2170 de
3029 2117 3245 2189 pedibus
3290 2119 3492 2171 vestris.
3551 2116 3747 2172 Pttlvis

2150 2215 2424 2268 excutitur
2450 2215 2517 2268 de
2556 2212 2801 2282 pedibus.
2853 2213 2906 2267 in
2958 2212 3329 2267 testimonium
3389 2213 3593 2267 laboris
3636 2214 3755 2278 sui,

2151 2305 2293 2372 quod
2329 2304 2558 2374 ingressi
2591 2306 2703 2359 sint
2743 2305 3043 2367 civitatem,
3073 2313 3130 2359 et
3154 2304 3467 2373 praedicatio
3508 2315 3741 2374 aposto-

2152 2398 2254 2452 lica
2282 2398 2349 2451 ad
2381 2397 2502 2452 illos
2534 2413 2705 2467 usque
2726 2397 3060 2468 pervenerit.
3095 2397 3222 2451 Sive
3248 2399 3518 2451 excutitur
3542 2397 3745 2465 pulvis,

2153 2504 2210 2549 ut
2235 2494 2366 2547 nihil
2392 2494 2461 2548 ab
2482 2493 2563 2548 eis
2588 2493 2873 2560 recipiant,
2925 2508 2991 2546 ne
3031 2492 3097 2546 ad
3126 2492 3334 2545 victum
3378 2491 3599 2561 quidem
3649 2506 3757 2548 ne-

2152 2585 2473 2654 cessarium,
2505 2585 2595 2653 qui
2630 2583 2987 2652 Evangelium
3018 2583 3354 2652 spreverint.

2226 2676 2411 2749 (Vers.
2635 2675 2799 2730 Amen
2863 2675 2979 2728 dico
3030 2673 3172 2727 vobis
3207 2718 3222 2743 ,
3275 2672 3610 2728 tolerabilius
3646 2674 3755 2729 erit

2159 2779 2311 2823 terra:
2339 2768 2684 2822 Sodomorum
2729 2778 2776 2823 et
2806 2765 3263 2821 Gomorrhworum
3292 2768 3349 2821 in
3395 2767 3479 2820 die
3522 2766 3754 2839 judicii,

2150 2877 2308 2931 quam
2328 2859 2411 2913 illi
2432 2860 2647 2913 civitati.
2679 2859 2733 2915 Si
2766 2858 3102 2913 tolerabilius
3148 2859 3249 2912 erit
3278 2868 3437 2913 terrm
3470 2858 3751 2915 Sodomo-

2151 2968 2270 3007 rum
2299 2964 2353 3007 et
2382 2951 2861 3008 Gomorrhmorum
2897 2950 3002 3022 [AL
3047 2948 3427 3023 Gomorrheis]
3467 2966 3627 3021 quam
3667 2952 3752 3006 illi

2151 3043 2356 3099 civitati
2389 3058 2509 3110 quae
2551 3058 2660 3098 non
2694 3044 2964 3113 receperit
3014 3043 3393 3112 Evangelium,
3446 3054 3503 3098 et
3540 3044 3759 3100 idcirco

453 3148 589 3203 tum,
622 3156 720 3211 pro
752 3156 1040 3209 sermone;
1091 3160 1186 3208 ωε,
1232 3160 1331 3214 pro
1371 3160 1538 3211 voce;
1572 3144 1690 3201 hagc
1735 3146 1894 3200 nobis
1939 3162 2047 3200 non
2078 3128 2121 3190 Ο
2157 3135 2519 3201 tolerabilius,
2554 3136 2680 3206 quia
2730 3135 2983 3191 Sodomis
3024 3145 3078 3190 et
3125 3135 3446 3191 Gomorrhis
3483 3151 3588 3191 n0n
3643 3138 3755 3194 fuit

451 3231 581 3287 licet
609 3234 676 3289 ab
704 3234 826 3289 aliis
854 3237 1131 3306 accipere,
1157 3238 1251 3294 sed
1274 3238 1402 3293 data
1428 3255 1458 3293 a
1488 3239 1716 3293 Domino
1742 3241 2049 3310 possidere.

456 3322 644 3394 Neque
674 3323 1057 3383 haereticorum
1090 3337 1146 3386 et
1175 3329 1630 3400 philosophorum
1663 3347 2044 3401 perversaeque

453 3414 720 3473 doctrinm
746 3422 1028 3490 suscipere
1049 3421 1394 3492 disciplinas,
1428 3438 1535 3478 non
1581 3424 1769 3477 saeculi
1810 3424 2051 3493 pondere

453 3511 666 3580 premi,
703 3528 879 3582 neque
906 3514 1111 3584 duplici
1139 3530 1261 3571 esse
1284 3516 1490 3582 animo,
1522 3532 1700 3586 neque
1746 3518 1911 3587 pedes
1950 3534 2050 3571 no-

450 3610 596 3655 stros
620 3603 919 3661 mortiferis
945 3607 1180 3661 vinculis
1195 3607 1431 3677 alligari,
1458 3608 1553 3663 sed
1576 3618 1821 3664 sanctam
1853 3619 2050 3665 terram

452 3693 852 3764 ingredientes,
884 3711 1007 3751 esse
1037 3697 1245 3763 nudos;
1271 3714 1447 3769 neque
1474 3699 1679 3756 habere
1704 3703 1909 3772 virgam
1934 3720 2053 3771 quae

456 3796 702 3840 vertatur
736 3787 786 3839 in
813 3787 1125 3854 colubrum,
1164 3805 1341 3859 neque
1373 3791 1427 3845 in
1456 3793 1638 3861 aliquo
1667 3795 1920 3864 praesidio
1945 3812 2054 3851 car-

459 3876 544 3931 nis
586 3878 740 3932 inniti
766 3879 964 3950 (Exod.
1000 3897 1072 3947 ιν,
1111 3883 1171 3947 7;
1205 3882 1273 3937 IV
1318 3883 1445 3956 Reg.
1506 3891 1684 3955 1V1"),
1736 3889 1858 3957 quia
1895 3890 2049 3944 istius

459 3970 605 4023 modi
640 3970 789 4040 virga
835 3980 893 4029 et
943 3973 1175 4029 baculus
1212 3977 1548 4033 arnndineus
1573 3987 1657 4033 est
1676 3978 2050 4053 (laniatum),

455 4077 615 4132 quem
646 4063 691 4118 si
725 4065 1001 4132 paululum
1049 4069 1341 4136 presseris,
1389 4068 1675 4142 frangitur,
1718 4082 1774 4129 et
1831 4090 2051 4129 manum

455 4153 756 4210 transforat
780 4156 1166 4215 incumbentis.

534 4247 718 4315 (Vers.
756 4248 873 4321 li.)
926 4250 995 4305 In
1055 4269 1430 4323 quamcumque
1474 4257 1613 4311 enim
1659 4258 1917 4312 civitatem
1965 4270 2057 4314 aut

458 4340 731 4395 castellum
761 4342 1104 4407 intraveritis,
1133 4345 1449 4417 interrogate
1493 4350 1610 4418 quis
1662 4349 1717 4403 in
1758 4367 1819 4403 ea
1866 4352 2056 4425 dignus

458 4434 546 4497 sit,
570 4443 617 4486 et
662 4435 731 4488 ibi
775 4447 998 4504 manete,
1029 4438 1195 4493 donec
1220 4443 1432 4494 excutis.
1481 4440 1659 4510 Super
1715 4443 2054 4500 ordinatione

2156 3231 2537 3302 praedicatum,
2569 3230 2697 3285 huic
2736 3243 2911 3285 autem
2947 3230 3299 3299 praedicatum
3343 3232 3435 3296 sit,
3464 3240 3520 3286 et
3562 3242 3756 3288 tamen

2154 3339 2262 3378 non
2282 3324 2547 3394 receperit
2579 3323 2926 3393 Evangelium
2952 3340 2963 3376 :
2996 3336 3129 3393 ergo
3156 3322 3299 3378 inter
3319 3333 3635 3392 peccatores
3666 3325 3759 3380 di-

2156 3431 2319 3473 versa
2350 3416 2612 3485 supplicia
2653 3424 2797 3470 sunt.

2227 3509 2411 3581 (Vers.
2440 3505 2553 3577 16.)
2612 3505 2746 3560 Ecce
2766 3524 2861 3577 ego
2892 3508 3040 3560 ntitto
3068 3522 3155 3561 vos
3183 3507 3315 3561 sicut
3353 3524 3471 3561 oves
3501 3510 3553 3561 in
3577 3511 3759 3564 medio

2157 3599 2417 3666 luporum.
2449 3598 2653 3666 Lupos,
2693 3597 2914 3653 Scribas
2962 3607 3017 3653 et
3061 3597 3366 3654 Pharismos
3411 3610 3592 3666 vocat,
3654 3603 3757 3671 qui

2156 3702 2283 3746 sunt
2313 3691 2499 3745 clerici
2529 3690 2868 3746 Judmorum.

2235 3785 2413 3857 (Vers.
2450 3788 2536 3851 Π,
2574 3784 2707 3856 18.).
2754 3784 2932 3840 Estote
2961 3801 3081 3858 ergo
3125 3788 3413 3856 prudentes
3459 3789 3588 3841 sicut
3642 3807 3763 3843 ser-

2160 3887 2359 3948 pentes,
2392 3888 2440 3931 et
2483 3879 2741 3948 simplices
2780 3880 2911 3932 sicut
2934 3878 3201 3933 columbae.
3244 3879 3428 3934 Cavete
3470 3891 3641 3933 autem
3687 3884 3761 3935 ab

2157 3969 2452 4024 hominibus
2479 3986 2497 4023 :
2520 3969 2726 4023 tradent
2753 3972 2889 4023 enim
2914 3986 2999 4025 vos
3030 3971 3083 4024 in
3122 3972 3378 4037 conciliis,
3410 3980 3458 4023 et
3493 3972 3547 4024 in
3593 3989 3762 4043 syna-

2158 4064 2302 4132 gogis
2329 4062 2435 4115 suis
2455 4061 2795 4131 ﬂagellabant
2826 4078 2934 4126 vos,
2991 4072 3040 4116 et
3087 4062 3155 4117 ad
3198 4063 3446 4130 pra'sides
3499 4075 3545 4115 et
3601 4080 3762 4137 reges

2159 4153 2418 4206 ducemini
2446 4165 2659 4222 propter
2684 4170 2786 4219 me,
2816 4154 2869 4208 in
2898 4155 3245 4209 testimonium
3279 4155 3385 4209 illis
3414 4163 3459 4209 et
3486 4158 3760 4227 gentibus.

2159 4246 2231 4303 Ut
2261 4263 2360 4317 per
2382 4247 2720 4317 prudentiam
2751 4248 3000 4304 devitent
3029 4249 3274 4318 insidias,
3307 4264 3404 4319 per
3430 4251 3765 4321 simplicita-

2163 4350 2270 4395 tem
2296 4355 2401 4395 non
2432 4339 2626 4395 faciant
2651 4338 2679 4377 ἀ
2707 4340 2932 4395 malum.
2967 4341 3254 4411 Serpentis
3288 4342 3489 4396 astutia
3530 4345 3768 4412 ponitur

2163 4437 2215 4491 in
2250 4437 2557 4504 exemplum
2590 4452 2603 4488 :
2634 4436 2756 4505 quia
2810 4444 2923 4491 toto
2950 4446 2973 4473 ο
2999 4452 3228 4505 corpore
3270 4438 3511 4492 occultat
3568 4452 3765 4507 caput,

461 4526 701 4595 episc0pi
734 4538 786 4581 et
818 4527 1033 4583 diaconi
1061 4530 1261 4586 Paulus
1293 4532 1535 4601 loquitur
1569 4579 1582 4601 ,
1620 4534 1836 4606 Oportet
1882 4547 2047 4594 autem

2165 4538 2217 4585 et
2245 4528 2375 4582 illud
2403 4528 2452 4581 in
2482 4542 2588 4594 quo
2613 4527 2724 4583 vita
2750 4537 2857 4593 est,
2885 4530 3145 4598 protegit.
3179 4529 3253 4583 Ita
3286 4539 3341 4583 et
3370 4544 3473 4583 nos
3502 4537 3618 4585 toto
3653 4548 3764 4601 pe-

461 4634 549 4672 eos
579 4627 625 4671 et
650 4621 1002 4675 testimonium
1023 4621 1207 4677 habere
1228 4623 1415 4676 bonum
1435 4624 1499 4677 ab
1531 4625 1611 4679 his
1636 4628 1727 4697 qui
1756 4628 1884 4697 foris
1912 4638 2051 4682 sunt.

461 4708 505 4783 (1
533 4709 668 4763 'l‘im.
705 4726 785 4779 ιιι,
824 4710 901 4781 7).
936 4714 1181 4782 Apostoli
1225 4731 1417 4769 novam
1448 4715 1792 4773 introeuntes
1836 4720 2053 4785 urbem,

461 4802 606 4856 scire
630 4817 737 4856 non
772 4812 1025 4869 poterant
1049 4805 1174 4876 quis
1201 4807 1387 4872 qualis
1424 4818 1591 4863 esset.
1652 4810 1797 4880 Ergo
1852 4811 2054 4880 hospes

460 4894 602 4949 fama
632 4894 917 4965 eligendus
946 4908 1026 4952 est
1055 4900 1270 4970 populi,
1299 4910 1352 4956 et
1379 4900 1585 4970 judicio
1615 4904 1942 4970 vicinorum,
1988 4920 2055 4959 ne

464 4988 867 5059 praedicationis
890 4990 1126 5060 dignitas
1149 4994 1499 5063 suscipientis
1528 4995 1749 5050 infamia
1794 4996 2053 5066 detnrpe-

466 5090 573 5135 tur.
603 5078 737 5134 Cum
768 5082 1044 5138 universis
1071 5085 1304 5140 debeant
1336 5087 1655 5156 prmdicare,
1691 5088 1889 5158 hospes
1919 5104 2057 5143 unus

461 5172 703 5245 eligitur,
762 5189 869 5227 non
921 5174 1170 5231 tribuens
1208 5178 1531 5232 beneficium
1571 5180 1618 5234 ei
1668 5181 1756 5247 qui
1809 5179 1947 5249 apud
1998 5195 2057 5235 se

538 5319 565 5348 ιι
594 5310 802 5365 Vitiose
831 5326 997 5380 penes
1033 5311 1354 5377 Victoriam,
1387 5311 1796 5381 Bactroperatw.
1850 5314 2056 5369 Numen

466 5396 497 5436 a
529 5381 722 5452 baculo
753 5391 808 5436 et
839 5397 970 5452 pera
998 5384 1179 5437 sortiti
1211 5393 1358 5438 sunt.
1394 5384 1724 5439 Paschasius
1765 5384 2059 5440 Rtllllel‘llls

468 5454 611 5526 hunc
635 5451 747 5508 fere
777 5451 952 5526 locum
983 5470 1048 5509 ex
1082 5456 1416 5526 Hieronymo
1461 5458 1810 5520 exscribens,
1838 5455 2054 5521 Gutum,

469 5524 667 5599 inquit,
705 5524 930 5599 cohibet,
969 5535 1016 5578 et
1060 5526 1232 5599 arguit
1267 5524 1625 5597 philosophos,
1675 5528 1765 5598 qui
1814 5528 2059 5599 dicuntur

470 5593 954 5670 BachnionitteMl.
981 5596 1102 5651 cod.
1124 5593 1535 5665 BactrOperitiv)
1557 5599 1646 5670 qui
1674 5593 1850 5651 omnia
1881 5596 2061 5650 ntuudi

470 5680 564 5740 pro
594 5665 760 5740 nihilo
786 5666 1025 5722 ducentes
1055 5669 1268 5724 cellaria
1295 5686 1463 5725 secum
1490 5665 1741 5740 ferebant.

539 5734 567 5774 δ
597 5736 847 5793 Martian.
871 5753 1061 5796 vocem
1092 5740 1245 5795 verbo
1272 5734 1721 5812 praetermiserat.

2160 4624 2334 4680 ricnlo
2363 4624 2614 4692 corporis
2660 4634 2822 4689 caput
2869 4631 3133 4687 nostrum,
3193 4623 3284 4690 qui
3338 4622 3593 4677 Christus
3645 4637 3763 4692 est,

2155 4716 2549 4770 custodiamus.
2582 4713 2910 4782 Simplicitas
2950 4714 3323 4768 columbarum
3377 4730 3445 4769 ex
3516 4715 3765 4785 Spiritus

2156 4810 2331 4866 sancti
2364 4810 2547 4877 specie
2574 4808 3007 4863 demonstratur.
3070 4806 3226 4863 Unde
3253 4808 3387 4863 dicit
3434 4818 3490 4864 et
3519 4812 3766 4878 Aposto-

2155 4903 2274 4958 lus:
2309 4901 2514 4955 Malitia
2541 4901 2747 4973 parvuli
2774 4909 2929 4955 estote
2954 4902 2997 4970 (l
3015 4899 3133 4956 Cor.
3170 4916 3278 4963 xiv,
3299 4901 3416 4970 20).

2232 4994 2414 5059 (Vers.
2441 4991 2529 5058 i9,
2556 4992 2676 5062 20.)
2737 4991 2867 5046 Cum
2892 5003 3064 5047 autem
3094 4993 3294 5046 tradent
3333 5010 3441 5059 vos,
3484 4993 3644 5049 nolite
3670 5012 3769 5051 co-

2163 5088 2330 5158 gitare
2354 5086 2458 5157 61
2489 5086 2747 5155 quomodo
2776 5097 2866 5138 aut
2886 5086 3011 5156 quid
3043 5087 3350 5155 loquamini.
3379 5086 3595 5141 Dabitur
3620 5090 3766 5144 enim

2163 5179 2304 5234 vobis
2331 5179 2384 5232 in
2408 5178 2505 5231 illa
2530 5180 2658 5231 liora
2683 5175 2809 5245 quid
2830 5176 3134 5245 loquamini.
3192 5176 3314 5231 Non
3357 5179 3493 5234 enim
3517 5179 3640 5233 estis
3662 5197 3763 5236 vos

2243 5321 2265 5349 c
2296 5309 2414 5365 Non
2447 5309 2818 5378 improbarim,
2860 5310 3001 5375 quod
3051 5312 3221 5365 nnatri
3282 5312 3574 5378 prmferuut
3623 5330 3766 5371 mss.

2167 5380 2526 5441 Salamalach,
2557 5380 3011 5445 quemadmodum
3045 5392 3097 5435 et
3138 5382 3193 5434 in
3244 5398 3352 5436 uno
3403 5384 3572 5447 Regio
3622 5387 3762 5443 “240.

2164 5452 2376 5508 Latinis
2408 5452 2595 5505 itidem
2627 5452 2885 5515 scriptum
2918 5452 3113 5505 litteris
3143 5452 3455 5509 Cotelerins
3488 5455 3722 5509 invenit.

2197 5520 2266 5647 .dd.
2285 5523 2509 5577 Rectius
2561 5532 2703 5577 tacet
2747 5522 2958 5579 Bhabb.
3015 5522 3229 5586 malum,
3257 5523 3533 5593 refertque
3581 5527 3647 5578 ad
3676 5530 3762 5583 in-

2197 5614 2204 5647 l
2250 5612 2346 5647 tas.

2268 5612 2346 5648 αδ.

2163 5613 2643 5724 “ciuiliter-serunt
2663 5665 2772 5722 duo
2794 5680 2927 5723 mss.
2954 5662 3184 5721 Palatini
3215 5664 3563 5735 periclitante.
