3962 6292
155 279 215 331 65
688 275 1337 335 ΟΟΜΜΕΝΤΔΒΙΟΒΗΜ
1377 278 1440 334 ιδ(
1485 278 1933 337 ιίνΑΝςειιωι
1973 280 2305 341 ΜΑΤἸΊΙᾸΞΙ
2347 283 2478 342 LIB.
2522 285 2563 340 I.
2603 285 2762 344 CAP.
2804 285 2874 343 Χ.
3355 293 3425 348 66

149 393 227 463 qui
254 392 540 462 loquimini,
565 395 662 449 scd
684 396 916 464 Spiritus
934 396 1106 451 Patris
1128 398 1279 452 vestri
1303 398 1393 469 qui
1415 398 1643 464 loquitur
1663 399 1716 452 in
1742 400 1797 460 Α
1823 403 1950 469 quia
1977 402 2161 459 veniet
2191 403 2310 459 dies
2335 404 2552 475 judicii,
2603 405 2657 459 iu
2683 420 2792 475 quo
2841 414 2897 459 ct
2929 416 3109 462 vestra
3141 407 3339 476 virtus,
3372 416 3428 464 et

149 487 279 539 vobis
338 487 504 556 Supra
542 488 761 543 dixerat
787 505 805 540 :
854 489 1079 545 Tradent
1107 492 1242 545 enim
1267 508 1353 546 vos
1384 495 1435 546 in
1462 494 1716 563 conciliis,

152 585 193 631 et
220 580 265 630 in
289 580 560 652 synagoyis
584 582 697 634 suis
738 582 1076 654 ﬂagellabunt
1099 600 1185 637 vos
1203 627 1218 653 ,
1246 593 1295 637 et
1317 585 1386 637 ad
1409 586 1653 654 prtesides
1671 595 1720 639 et

148 686 279 740 reges
304 671 561 723 ducemini
604 682 817 743 propter
858 690 955 727 me.
998 674 1132 729 Cum
1168 689 1299 742 ergo
1323 684 1540 745 propter
1561 676 1721 733 Chri-

150 772 277 818 stum
304 763 561 818 ducamur
600 764 672 819 ad
709 765 955 835 judices,
1001 767 1333 823 voluntatem
1366 778 1576 825 tantum
1616 786 1718 825 no-

151 867 302 912 stram
347 874 446 928 pro
486 859 710 912 Christo
749 859 1013 914 debemus
1041 860 1260 915 olferre.
1302 862 1574 917 Caeterum
1604 863 1719 933 ipse

153 950 376 1005 Christus
394 950 476 1020 qui
500 951 557 1004 in
584 950 745 1005 nobis
768 949 999 1019 habitat,
1025 952 1277 1023 loquetur
1302 969 1401 1024 pro
1418 970 1499 1021 se,
1524 965 1578 1010 et
1600 956 1719 1025 Spi-

154 1049 281 1104 ritus
306 1050 460 1104 sancti
488 1050 665 1120 gratia
695 1052 746 1105 in
775 1051 1161 1120 respondendo
1193 1051 1609 1107 ministrabitur.

216 1141 380 1211 (Vers.
408 1141 523 1213 21.)
560 1142 753 1197 Tradat
783 1154 956 1198 autem
977 1146 1140 1215 frater
1163 1146 1374 1216 fratrem
1395 1144 1450 1197 in
1476 1150 1717 1209 mortem,

151 1244 191 1289 et
215 1245 351 1305 pater
383 1237 569 1305 filium,
599 1248 651 1291 et
680 1239 946 1311 insurgent
973 1239 1071 1307 ﬁlii
1112 1239 1166 1292 in
1197 1246 1456 1307 parentes,
1488 1246 1535 1291 et
1558 1243 1720 1290 morte

148 1346 225 1384 eos
263 1331 502 1404 officient.
532 1330 603 1385 Et
647 1333 792 1385 eritis
835 1334 957 1387 odio
1004 1334 1241 1388 omnibus
1292 1341 1500 1404 propter
1533 1346 1721 1385 nomen

152 1440 318 1479 meum.
345 1402 452 1480 Hoc
483 1425 535 1478 in
567 1428 1044 1493 persecutionibus
1068 1427 1182 1480 ﬁeri
1212 1426 1411 1481 crebro
1432 1425 1715 1479 videmus:

153 1530 242 1569 nec
270 1516 400 1569 ullus
428 1526 510 1571 est
527 1516 674 1572 inter
693 1532 791 1572 eos
814 1517 950 1573 fidus
975 1517 1227 1583 aﬂectus,
1244 1534 1476 1588 quorum
1504 1517 1720 1571 diversa

152 1605 269 1660 ﬁdes
294 1618 392 1660 est.

210 1698 372 1769 (Vers.
391 1699 509 1767 22.)
528 1699 633 1766 Qui
658 1710 830 1755 autem
857 1702 1250 1771 perseveraverit
1272 1717 1435 1770 usque
1456 1700 1509 1752 in
1536 1700 1716 1768 finem,

1829 508 2020 549 eorum
2054 498 2292 565 nequitia
2325 497 2813 552 denionstrahitur.

1894 584 2078 655 (Vers.
2108 587 2230 657 27.)
2246 589 2399 654 Quod
2428 589 2544 642 dico
2574 589 2713 642 vobis
2738 589 2791 641 in
2816 589 3057 657 tenebris,
3076 591 3230 645 dicite
3249 591 3304 645 in
3331 592 3420 646 lu-

1822 677 1994 741 mine;
2014 687 2064 732 et
2083 679 2221 748 quod
2249 682 2302 733 in
2352 696 2481 734 aure
2508 680 2727 749 auditis,
2760 681 3040 750 praedicare
3078 699 3231 753 super
3261 691 3414 738 tecta.

1822 769 1978 836 Quod
2009 772 2242 826 audistis
2273 772 2325 826 in
2354 773 2642 843 mysterio,
2668 774 2911 842 apertius
2934 774 3254 844 pra-dicate:
3280 775 3423 844 quod

1820 860 2098 918 didicistis
2128 863 2445 918 abscondite
2476 861 2586 935 [Al.
2620 862 2937 936 absconse],
2983 867 3202 934 publice
3249 867 3427 938 loqui-

1821 955 1952 1009 mini
1985 956 2166 1024 :quod
2196 971 2293 1011 vos
2321 957 2531 1011 erudivi
2575 957 2628 1011 in
2681 959 2917 1027 parvulo
2943 957 3147 1015 Judzcte
3186 961 3331 1027 loco,
3367 962 3421 1016 in

1820 1046 2092 1102 universis
2119 1048 2366 1115 urbibus,
2398 1058 2453 1104 et
2472 1049 2527 1103 in
2558 1058 2674 1105 toto
2703 1050 2909 1106 mundo
2929 1054 3196 1108 audacter
3224 1053 3426 1110 edicite

1823 1140 1930 1214 [AL
1965 1140 2175 1214 dicite].

1894 1235 2080 1307 (Vers.
2112 1236 2230 1305 ‘28.)
2255 1236 2319 1290 Et
2350 1238 2512 1291 nolite
2537 1238 2716 1292 timere
2731 1253 2817 1292 eos
2838 1238 2928 1307 qui
2949 1238 3188 1292 occidunt
3210 1255 3421 1311 corpus,

1822 1327 2056 1381 animam
2094 1337 2269 1382 autem
2321 1346 2425 1383 non
2453 1338 2669 1399 possunt
2718 1330 2973 1384 occidere.
3015 1331 3071 1386 Si
3110 1333 3200 1401 qui
3226 1346 3426 1401 corpus

1820 1419 2092 1483 occidunt,
2118 1421 2352 1474 animam
2377 1436 2485 1474 non
2513 1430 2740 1489 possunt
2764 1421 3017 1476 occidere
3047 1439 3060 1474 :
3088 1438 3217 1492 ergo
3239 1424 3421 1478 anima

1821 1511 2110 1567 invisibilis
2140 1522 2196 1568 et
2234 1513 2594 1582 incorporalis
2621 1523 2726 1579 est,
2758 1513 3058 1571 secundum
3089 1518 3420 1573 crassiorem

1821 1602 1947 1657 dico
1980 1604 2153 1657 n0stri
2180 1606 2433 1672 corporis
2458 1605 2847 1661 substantiam.
2880 1605 2979 1661 Vel
3002 1622 3068 1661 eo
3100 1619 3249 1664 certe
3281 1618 3418 1664 tem-

1824 1708 1959 1764 pore
1991 1695 2265 1765 punietur,
2298 1706 2353 1750 et
2397 1696 2662 1766 supplicia
2713 1699 2935 1767 sentiet,
2968 1699 3188 1769 quando
3238 1701 3426 1771 pristi-

151 1792 222 1847 iir
245 1793 408 1847 saluus
436 1794 551 1847 erit.
576 1793 695 1849 Non
717 1795 863 1849 enim
888 1795 1144 1864 coepisse,
1162 1793 1257 1848 sed
1280 1792 1578 1864 perfecisse
1609 1793 1719 1846 vir-
1749 1784 1799 1845 B
1827 1804 1954 1843 num
1984 1804 2186 1858 corpus
2216 1791 2514 1859 receperit,
2562 1799 2624 1845 ut
2669 1806 2793 1846 cum
2843 1807 2955 1862 quo
3001 1795 3271 1864 peccavit,
3300 1812 3427 1854 cum

150 1887 261 1940 tutis
288 1898 386 1941 est.

208 1977 371 2047 (Vers.
398 1979 492 2041 23,
521 1979 645 2051 9.4.)
671 1980 803 2034 Cum
847 1988 1020 2035 autem
1056 1990 1423 2052 persequentur
1444 1996 1532 2035 vos
1560 1981 1614 2034 in
1651 1982 1724 2033 ci-

147 2074 279 2126 vitate
303 2075 415 2139 ista,
454 2076 620 2146 fugite
647 2076 699 2128 in
715 2076 894 2129 aliam.
927 2074 1091 2130 Amen
1121 2078 1240 2130 dico
1267 2075 1428 2142 vobis,
1460 2093 1567 2130 non
1600 2091 1723 2129 con-

146 2169 437 2222 summabilis
472 2170 705 2224 civitates
743 2168 932 2237 Israel,
975 2170 1136 2225 donec
1165 2171 1333 2224 veniat
1365 2171 1508 2239 ﬁlius
1553 2171 1719 2224 homi-

148 2259 234 2311 nis.
261 2258 373 2313 Non
416 2269 501 2315 est
538 2260 830 2332 discipulus
877 2279 1037 2333 supra
1062 2263 1389 2334 magistrum,
1433 2279 1525 2316 nec
1546 2279 1722 2317 servus

146 2366 280 2421 super
298 2352 563 2408 dominum
612 2371 783 2408 suum.
813 2354 1025 2426 Sufﬁcit
1073 2354 1329 2425 discipulo
1374 2364 1431 2409 ut
1480 2356 1545 2409 sit
1592 2356 1722 2409 sicut

148 2446 364 2512 magister
390 2450 548 2517 ejus;
577 2456 626 2500 et
655 2463 821 2507 servo,
871 2449 1004 2501 sicut
1056 2449 1296 2502 dominus
1326 2451 1457 2519 ejus.
1497 2449 1608 2504 lloc
1655 2449 1721 2505 ad

151 2534 265 2590 illud
294 2547 505 2607 tempus
550 2538 897 2595 referendum
937 2550 1040 2603 est,
1082 2555 1202 2595 cum
1244 2541 1311 2593 ad
1370 2539 1722 2610 praedicatio-

150 2642 254 2680 nem
308 2630 538 2698 apostoli
591 2631 970 2697 mittebantur,
1004 2631 1200 2698 quibus
1226 2642 1280 2688 et
1330 2632 1555 2701 proprie
1583 2633 1721 2687 dici-

153 2730 227 2775 tur
255 2743 267 2778 :
297 2722 357 2777 In
379 2726 515 2778 riam
541 2727 774 2795 gentium
802 2743 867 2780 ne
894 2726 1148 2793 abieritis,
1177 2738 1226 2781 et
1265 2730 1318 2781 in
1362 2729 1595 2783 civitates
1628 2727 1726 2783 Sa‘

153 2819 507 2872 maritauorum
567 2836 631 2873 ne
686 2821 1001 2875 intraveritis
1061 2821 1286 2888 (Supra,
1330 2822 1475 2891 eod.)
1512 2866 1527 2887 ,
1579 2821 1721 2891 quod

155 2910 566 2975 persecutionem
600 2912 793 2965 timere
821 2927 929 2966 non
959 2912 1189 2967 debeant
1224 2912 1330 2985 [AL
1364 2922 1419 2968 et
1444 2912 1721 2983 debeant].

155 2998 235 3050 sed
259 2998 544 3055 declinare.
578 2999 733 3067 Quod
761 3001 978 3071 quidem
1018 3002 1266 3056 videmus
1320 3002 1428 3074 [AL
1467 2999 1722 3072 vidimus]

158 3088 204 3141 in
226 3092 474 3159 principio
522 3092 717 3147 fecisse
747 3095 1037 3150 credentes
1064 3112 1079 3149 :
1109 3095 1327 3165 quando
1356 3104 1473 3151 orta
1502 3096 1722 3151 Jeroso-

157 3180 289 3251 lymis
319 3188 719 3252 persecutione,
747 3186 982 3257 dispersi
1013 3198 1140 3242 sunt
1194 3190 1245 3243 in
1291 3189 1598 3245 universam
1631 3190 1721 3245 Juo
1752 3171 1799 3235 (ἶ

158 3273 323 3343 daaam,
349 3289 403 3333 ut
424 3278 800 3334 tribulationis
824 3282 1043 3335 occasio
1068 3280 1224 3335 ﬁeret
1256 3281 1536 3350 Evangelii
1566 3285 1729 3337 semi-

159 3370 358 3426 narium.
389 3373 762 3442 Spiritualiter
783 3383 965 3429 autem
998 3389 1289 3444 possumus
1334 3374 1515 3430 dicere
1547 3393 1560 3431 :
1590 3376 1726 3430 Cum

158 3469 395 3531 persecuti
425 3482 531 3521 nos
552 3467 760 3523 fuerint
780 3468 834 3523 in
864 3484 966 3522 una
992 3470 1237 3533 civitate,
1271 3470 1372 3523 hoc
1401 3478 1504 3533 est,
1536 3470 1589 3522 in
1624 3485 1730 3524 uno

158 3554 536 3623 Scripturarum
566 3559 706 3613 libro
745 3559 831 3614 vel
864 3559 1199 3625 tesumonin,
1235 3575 1331 3614 nos
1370 3559 1638 3628 fugiamus
1662 3560 1729 3615 ad

160 3645 275 3701 alias
299 3650 636 3719 civitates,id
665 3660 769 3713 est,
800 3651 867 3704 ad
890 3650 994 3706 alia
1021 3651 1732 3718 volumina.Quamviscon—

160 3742 393 3797 tentiosus
431 3743 600 3797 luerit
633 3753 979 3813 persecutor,
1008 3754 1135 3799 ante
1188 3744 1506 3813 praesidium
1538 3745 1730 3800 Salva-

165 3834 274 3887 toris
297 3836 567 3900 adveniet,
592 3853 754 3907 quam
778 3838 1108 3893 adversariis
1126 3838 1357 3893 victoria
1375 3838 1730 3893 concedatur.

222 3926 379 3995 (Vers.
402 3929 527 4000 9.5.)
556 3930 617 3985 Si
646 3932 1071 4001 patremfamilias
1097 3930 1383 3987 Beelzebub
1397 3940 1730 3998 vocaverunt,

162 4032 326 4087 quanto
353 4024 519 4093 magis
539 4022 845 4077 domesticos
885 4027 995 4095 ejus
1020 4025 1042 4077 .'
1072 4024 1157 4078 Ne
1179 4041 1298 4097 ergo
1321 4026 1594 4079 timueritis
1623 4041 1730 4080 eos.

163 4109 457 4179 Beelzebub,
493 4114 697 4170 idolum
722 4124 808 4170 est
851 4114 1088 4183 Acaron,
1116 4115 1262 4187 quod
1304 4125 1530 4172 vocatur
1552 4115 1606 4172 in
1629 4116 1735 4173 Re—

166 4215 269 4270 gum
292 4207 562 4262 volumine
606 4206 806 4261 idolum
838 4223 1026 4263 musca:
1051 4208 1142 4277 (IV
1169 4207 1302 4280 Reg.
1333 4212 1397 4277 ι).
1430 4209 1582 4274 Beel,
1614 4209 1734 4276 ipse

168 4302 238 4347 est
280 4294 380 4363 Bel,
412 4297 533 4353 sive
554 4297 690 4353 Baal
718 4314 738 4351 :
767 4297 942 4353 Zebub
971 4309 1151 4354 autem
1182 4317 1362 4354 musca
1406 4299 1735 4373 dicitur.”

168 4382 439 4457 Principem
469 4404 607 4460 ergo
658 4388 1054 4445 daemoniorum
1108 4406 1175 4446 ex
1206 4392 1542 4461 spurcissimi
1601 4392 1732 4447 idoli

170 4480 477 4547 appellabant
495 4484 1086 4553 vocabulo,quimnsca
1121 4483 1337 4550 dicitur,
1389 4494 1609 4553 propter
1632 4484 1732 4538 im-

1831 1882 1952 1950 ipso
1982 1891 2036 1935 et
2070 1881 2349 1951 puniatur.

1899 1967 2006 2028 Sed
2030 1976 2203 2046 potius
2221 1976 2392 2029 timete
2418 1993 2534 2030 eum
2567 1978 2656 2042 qui
2678 1987 2844 2049 potest
2871 1988 2920 2034 et
2958 1982 3208 2048 animam,
3229 1993 3278 2039 et
3310 2002 3430 2040 cor-

1825 2084 1922 2137 pus
1952 2069 2163 2139 perdere
2188 2069 2241 2123 in
2262 2068 2569 2140 gehennam.
2602 2069 2810 2126 Nomen
2850 2071 3114 2142 gebeunte,
3146 2076 3200 2130 in
3230 2080 3431 2134 veteri-

1826 2159 1926 2215 bus
1955 2162 2109 2215 libris
2158 2176 2266 2215 non
2313 2162 2609 2231 invenitur,
2640 2162 2739 2218 sed
2796 2163 3030 2233 primum
3080 2182 3108 2219 a
3141 2166 3428 2226 Salvatore

1826 2254 2067 2322 ponitur.
2096 2253 2416 2321 Quieramus
2438 2269 2568 2325 ergo
2591 2271 2713 2326 quae
2742 2257 2811 2312 sit
2840 2262 3116 2314 sermonis
3147 2260 3309 2331 hujus
3332 2278 3426 2319 oc-

1825 2348 1994 2401 casio.
2027 2346 2230 2401 Idolum
2267 2347 2394 2401 Baal
2423 2348 2591 2404 fuisse
2609 2349 2760 2418 juxta
2784 2349 3092 2407 Jerusalem
3114 2352 3183 2407 ad
3214 2353 3430 2411 radices

1827 2441 2032 2495 montis
2053 2439 2243 2502 Moria,
2290 2441 2343 2496 in
2374 2441 2574 2511 quibus
2603 2441 2754 2499 Siloe
2782 2442 2922 2510 nuit,
2953 2461 3061 2500 non
3091 2447 3265 2502 semel
3285 2447 3427 2517 legi-

1826 2548 1948 2587 mus
1972 2533 2061 2605 (lll
2081 2532 2317 2605 Regm).
2336 2532 2464 2589 Haec
2481 2535 2638 2589 vallis
2655 2532 2682 2573 δ
2697 2545 2752 2590 et
2771 2537 2922 2605 parvi
2944 2538 3123 2607 campi
3153 2539 3432 2608 planities,

1827 2625 2040 2697 irrigua
2087 2637 2206 2682 erat
2234 2638 2288 2682 et
2318 2643 2628 2695 nemorosa,
2683 2629 2949 2700 plenaque
3005 2630 3242 2702 deliciis,
3272 2641 3327 2688 et
3353 2634 3437 2689 lu-

1825 2736 1925 2776 cus
1945 2722 1998 2775 in
2022 2736 2088 2776 ea
2119 2720 2266 2775 idolo
2306 2732 2678 2777 consecratus.
2726 2722 2784 2777 lu
2841 2732 3043 2778 tantam
3099 2734 3282 2781 autem
3331 2726 3436 2782 de-

1828 2815 2086 2869 mentiam
2132 2815 2361 2884 populus
2412 2814 2579 2870 Israel
2628 2826 2879 2883 venerat,
2908 2826 2967 2873 ut
2990 2818 3209 2876 deserta
3242 2821 3434 2892 templi

1828 2908 2027 2963 vicinia
2052 2908 2123 2963 ibi
2162 2909 2370 2963 hostias
2401 2909 2730 2979 immolaret,
2761 2923 2815 2965 et
2862 2912 3097 2982 rigorem
3148 2915 3438 2986 religionis

1828 2998 2035 3054 deliciae
2052 2999 2362 3065 vincerent,
2397 3000 2646 3071 liliosque
2689 3017 2816 3058 suos
2844 3002 3131 3060 daemoniis
3171 3006 3432 3064 incende.

1831 3106 1960 3151 rent
1987 3096 2072 3150 vel
2120 3096 2419 3151 initiarent.
2453 3097 2520 3152 Et
2549 3097 2925 3168 appellabatur
2952 3100 3105 3156 locus
3131 3102 3225 3157 ille
3244 3103 3441 3174 gehen-

1833 3206 1974 3255 nam,
2002 3190 2053 3243 id
2084 3200 2188 3254 est,
2222 3190 2372 3243 vallis
2418 3189 2653 3243 ﬁliorum
2706 3190 2823 3262 [AL
2856 3191 2988 3264 lilii]
3022 3193 3284 3249 Hennam.
3319 3196 3434 3253 Hoc

1831 3279 2041 3350 Regum
2074 3280 2325 3334 volumen
2378 3279 2470 3349 (IV
2503 3280 2637 3353 Reg.
2669 3280 2850 3351 χχιιι),
2884 3292 2940 3337 et
2981 3284 3439 3356 Paralipomenon

1832 3372 1898 3440 (ll
1933 3370 2064 3424 Par.
2099 3369 2316 3442 xxviii),
2345 3378 2401 3425 et
2425 3370 2695 3427 Jereniias
2730 3371 2867 3445 (Jer.
2899 3389 2995 3440 vu,
3035 3391 3127 3431 XIX
3170 3387 3221 3431 et
3264 3380 3441 3451 xxxii)

1832 3466 2076 3521 scribunt
2097 3466 2438 3535 plenissime.
2471 3465 2541 3521 Et
2584 3468 2951 3522 comminatur
2979 3470 3123 3523 Deus
3168 3485 3229 3525 se
3256 3470 3440 3529 locum

1833 3558 2010 3628 ipsum
2042 3556 2394 3625 impleturum
2452 3558 2811 3614 cadaveribus
2838 3559 2948 3632 63
2977 3572 3346 3631 mortuorum,
3380 3575 3442 3621 ut

1836 3663 2177 3718 nequaquam
2232 3660 2461 3703 vocetur
2510 3649 2724 3720 Tophet
2764 3660 2820 3706 et
2850 3650 2977 3706 Baal
3009 3668 3024 3718 ;
3064 3653 3163 3709 sed
3214 3664 3442 3714 vocetur

1837 3739 2220 3812 Polyandrium
2250 3783 2264 3807 ,
2315 3740 2364 3795 id
2395 3751 2502 3807 est,
2537 3740 2771 3796 tumulus
2829 3753 3170 3799 mortuorum.
3232 3745 3440 3806 Futura

1835 3846 1968 3901 ergo
1994 3832 2261 3901 supplicia
2282 3842 2336 3886 et
2358 3846 2532 3901 poena:
2562 3841 2860 3904 perpetuae,
2890 3836 3088 3905 quibus
3111 3849 3438 3907 peccatores

1836 3924 2114 3978 cruciandi
2144 3933 2294 3991 sunt,
2321 3923 2479 3993 hujus
2509 3923 2614 3980 loci
2647 3925 2919 3982 vocabulo
2947 3926 3300 3985 deuotantur.
3331 3931 3440 3987 Du-

1838 4016 2033 4086 plicem
2071 4027 2251 4072 autem
2284 4030 2405 4072 esse
2440 4016 2772 4087 gehennam,
2800 4019 2953 4074 nimii
2991 4020 3133 4091 ignis
3161 4031 3217 4078 et
3267 4024 3438 4095 frigo-

1840 4111 1939 4177 ris,
1968 4111 2020 4164 in
2043 4109 2147 4165 Job
2178 4110 2498 4179 plenissime
2533 4111 2767 4181 legimus
2794 4109 2939 4183 (Job.
2968 4113 3137 4186 sxw).

1909 4201 2094 4273 (Vers.
2126 4202 2198 4258 29
2243 4217 2400 4273 seqq.
2434 4201 2628 4257 Nonne
2655 4204 2759 4258 duo
2792 4222 3029 4276 passeres
3061 4225 3177 4263 asse
3203 4223 3439 4284 reneunt,

1837 4302 1887 4348 et
1918 4310 2052 4348 unus
2077 4311 2141 4349 ea:
2167 4294 2273 4349 illis
2300 4310 2404 4348 non
2435 4295 2763 4365 cadetsuper
2784 4306 2977 4351 terram
3013 4299 3124 4355 sine
3159 4298 3326 4357 Patre
3352 4320 3440 4359 ve-

1838 4386 1986 4440 stro?
2021 4384 2192 4440 Vestri
2236 4393 2411 4440 autem
2456 4395 2507 4441 et
2533 4385 2716 4459 capilli
2741 4389 2922 4460 capitis
2971 4407 3152 4447 omnes
3180 4398 3441 4451 numerati

1839 4486 1982 4533 sunt.
2020 4477 2199 4533 Nolite
2226 4494 2350 4549 ergo
2378 4479 2586 4547 timere,
2629 4481 2806 4534 multis
2842 4483 3144 4551 passeribus
3197 4488 3438 4545 meliores

175 4575 611 4647 munditiam,quaz
642 4577 968 4631 exterminat
989 4576 1311 4630 suavitatem
1337 4574 1619 4646 olei(Eccl.
1646 4574 1726 4645 x).
1757 4557 1809 4617 Ῑ)
1836 4571 1960 4625 estis
1984 4586 2092 4623 vos.
2113 4568 2292 4625 Omnis
2314 4572 2535 4643 ergoqui
2566 4573 2900 4642 confitebitur
2913 4592 2992 4630 me
3008 4593 3180 4632 coram
3204 4579 3433 4636 homini-

232 4664 391 4731 (Vers.
418 4668 544 4739 26.)
571 4666 723 4721 Nihil
752 4669 891 4722 enim
928 4677 1164 4739 apertum
1204 4676 1277 4722 est
1306 4669 1445 4737 quod
1468 4683 1572 4721 non
1590 4682 1733 4721 reve-

174 4753 354 4824 labitur,
374 4770 422 4813 et
445 4761 707 4815 occultum
737 4761 876 4831 quod
901 4777 1006 4815 non
1033 4762 1240 4814 scietur.
1273 4759 1343 4815 Et
1380 4760 1653 4831 quomodo
1676 4759 1729 4814 in

176 4852 394 4913 praesenti
434 4853 633 4908 sarculo
664 4854 959 4907 multorum
990 4853 1117 4906 vitia
1153 4852 1507 4907 nesciuntur?
1530 4851 1638 4909 Sed
1664 4851 1734 4907 de

176 4934 386 5003 luturo.a
417 4951 664 5015 tempore
693 4943 803 5015 [AL
836 4941 1061 5015 saeculo]
1101 4941 1378 5011 scribitur,
1398 4943 1615 5014 quando
1650 4943 1736 5013 ju-

177 5027 348 5089 dicabit
376 5036 515 5092 Deus
542 5038 755 5093 occulta
807 5037 916 5108 [AL
964 5034 1304 5109 abscondita]
1335 5035 1641 5103 hominum,
1682 5044 1740 5091 et

178 5121 477 5184 illuminabit
499 5129 737 5186 latebras
768 5129 1135 5190 tenebrarum,
1170 5137 1229 5183 et
1260 5128 1547 5183 manifesta
1574 5128 1739 5183 faciet

180 5220 372 5275 consilia
400 5224 667 5279 cordium.
713 5224 778 5278 Et
804 5232 887 5278 est
916 5237 1152 5278 sensus:
1185 5221 1369 5277 Nolite
1398 5222 1591 5277 timere
1616 5236 1742 5292 per-

181 5322 459 5371 secutorum
489 5317 776 5382 saevitiam,
835 5326 892 5372 et
943 5315 1441 5387 blasphemantium
1500 5315 1732 5385 rabiem,

252 5501 272 5529 δ
291 5494 357 5576 ita
380 5498 559 5569 legunt
580 5499 797 5576 codices
826 5512 970 5576 mss.
987 5491 1436 5576 quamplures,_id
1466 5501 1572 5576 est,
1597 5490 1733 5546 Beeo

194 5567 342 5621 censis
371 5566 674 5627 monasterii
730 5586 892 5635 unus,
924 5570 1059 5623 alter
1113 5566 1566 5635 Sylva-Majoris,
1599 5578 1737 5617 unus

191 5641 470 5708 monasterii
511 5642 685 5698 Beata:
742 5642 925 5697 Maria:
965 5653 1126 5708 super
1152 5638 1367 5701 Divam,
1418 5647 1473 5690 el
1511 5646 1737 5708 quartus

190 5703 411 5787 Ecclesiae
429 5712 808 5787 Narbonensis.
827 5703 1195 5787 Editi__légunl,
1218 5709 1281 5763 άε
1311 5709 1489 5787 Ιιξιιινρ
1517 5703 1731 5787 5“.“‘0’

189 5783 237 5829 ει
259 5791 428 5848 pOStea
474 5785 709 5843 retinent
749 5776 1069 5840 abscondita'
1087 5794 1187 5852 pro
1224 5776 1423 5836 occulta
1449 5776 1736 5842 hominum,

1838 4664 1951 4732 bus,
1982 4665 2317 4733 confitcboret
2337 4682 2431 4739 ego
2452 4682 2569 4720 eum
2600 4683 2775 4722 coram
2803 4666 2965 4723 Patre
2989 4687 3102 4725 meo
3118 4672 3209 4741 qui
3225 4674 3278 4727 in
3300 4675 3439 4729 cretis

1836 4764 1932 4810 est.
2004 4754 2105 4822 Qui
2164 4764 2334 4809 autem
2400 4757 2659 4829 negaverit
2734 4774 2815 4812 me
2874 4775 3048 4813 coram
3119 4761 3436 4832 hominibus,

1837 4848 2030 4919 negabo
2082 4855 2130 4901 et
2192 4864 2285 4920 ego
2307 4864 2425 4903 eum
2481 4865 2657 4903 coram
2687 4848 2847 4904 Patre
2905 4868 3018 4905 meo
3069 4854 3156 4921 qui
3188 4855 3242 4908 in
3299 4857 3442 4912 ctelis

1839 4948 1934 4995 est.
1971 4938 2152 4995 llmret
2196 4938 2300 4994 sibi
2343 4954 2527 4996 sermo
2557 4939 2895 5008 Dominicus,
2918 4950 2972 4998 et
2993 4945 3280 5013 sequentia
3306 4960 3443 5015 pen-

1841 5031 1967 5087 dent
1998 5045 2064 5086 ex
2108 5031 2503 5101 superioribus.
2549 5030 2795 5087 Prudens
2819 5033 3013 5103 lector,
3038 5048 3175 5091 cave
3218 5049 3441 5105 semper

1842 5124 2283 5193 superstitiosam
2304 5123 2713 5195 intelligentiam
2738 5139 2755 5191 ;
2785 5134 2844 5180 ut
2872 5141 2981 5181 non
3016 5136 3115 5182 tuo
3140 5127 3331 5183 sensui
3362 5136 3446 5182 at-

1845 5230 2116 5288 temperes
2162 5218 2500 5289 Scripturas,
2531 5219 2626 5276 sed
2656 5221 3176 5292 Scripturisjungas
3220 5237 3441 5279 sensum

1843 5321 2018 5378 tuum,
2051 5322 2104 5367 et
2131 5311 2400 5383 intelligas
2444 5312 2575 5383 quid
2615 5322 2897 5383 sequatur.
2940 5312 3119 5383 Supra
3175 5312 3437 5373 dixerat:

1844 5498 1899 5545 et
1920 5488 2275 5561 manifestabit
2305 5502 2407 5558 pro
2439 5487 2720 5561 manifesta
2744 5488 2917 5561 faciet.
2946 5486 3122 5561 Mans.

1916 5560 1943 5600 ιι
1973 5558 2157 5616 Nostri
2186 5573 2316 5613 mss.
2346 5566 2404 5614 et
2422 5558 2638 5627 quidam
2668 5558 2835 5628 penes
2857 5558 3250 5627 Martianzeum,
3277 5559 3439 5617 olim-

1844 5647 1949 5703 que
1979 5632 2112 5686 editi
2138 5630 2285 5697 libri,
2308 5638 2356 5683 et
2400 5645 2563 5701 parva
2587 5632 2756 5703 campi
2784 5629 3026 5703 planities
3060 5646 3079 5685 :
3112 5638 3224 5686 tum
3262 5648 3446 5688 nume~

1846 5700 1967 5758 rosa
1992 5718 2091 5775 pro
2120 5700 2408 5758 nemorosa
2432 5714 2601 5771 penes
2624 5700 2941 5759 Victoriam.
