3962 6298
468 265 537 327 67
1708 264 1769 325 Β.
1808 260 2086 325 EL'SEBII
2123 261 2503 327 HIERONYMI

3708 265 3792 325 68

470 383 655 441 Nolite
681 385 857 440 timere
884 399 973 439 eos
997 383 1088 456 qui
1113 382 1353 438 occidunt
1381 396 1592 451 corpus,
1629 383 1863 437 animam
1888 391 2056 437 autem
2084 437 2085 443 η

2193 395 2360 442 latrem
2396 401 2571 453 suum,
2602 392 2652 439 et
2689 382 2856 454 ﬁliam
2875 382 3121 439 adversus
3140 390 3355 437 matrem
3388 396 3561 446 suam,
3585 388 3638 434 et
3670 397 3791 432 nu-

471 494 574 533 non
597 486 809 550 possunt
855 476 1087 532 occidere
1123 492 1144 531 :
1177 490 1323 531 nunc
1369 474 1615 548 loquitur
1634 484 2061 547 consequenter,
2166 494 2283 534 rum
2301 478 2550 533 adversus
2570 492 2774 532 socrum
2801 491 2985 543 suam;
3007 484 3055 530 et
3077 474 3274 529 inimici
3301 472 3549 541 hominis,
3577 471 3773 525 dome-

471 571 664 628 Nonne
687 573 789 626 duo
808 585 1041 643 passeres
1067 584 1181 626 asse
1205 577 1446 639 veneunt,
1479 577 1525 623 et
1553 585 1689 624 unus
1729 584 1794 624 ex
1816 568 1923 623 illis
1961 584 2064 622 non
2165 568 2286 625 stici
2312 572 2444 643 ejus.
2471 568 2571 624 Hic
2597 567 2754 624 locus
2781 580 2947 638 prope
2994 564 3200 622 eisdem
3234 564 3420 621 verbis
3452 564 3507 620 in
3539 561 3790 619 Michaaa

469 663 620 718 cadet
640 677 799 734 super
833 669 1027 716 terram
1053 661 1164 717 sine
1187 658 1350 716 Patre
1366 669 1532 717 vestro
1560 660 1584 715 ?
1613 660 1682 715 Et
1710 671 1794 716 est
1824 674 2020 717 sensus
2047 676 2061 711 :

471 755 531 814 Si
567 770 728 827 parva
776 753 1030 811 animalia
1074 765 1129 810 et
1157 753 1286 809 vilia
1316 754 1522 824 absque
1556 754 1671 810 Deo
1704 762 1929 809 auctore
1959 767 2066 807 non

469 848 746 918 decidunt,
776 856 833 904 et
882 848 937 904 in
960 848 1217 904 omnibus
1245 854 1331 905 est
1362 847 1729 920 providentia,
1764 854 1819 903 et
1863 861 1985 919 quae
2013 846 2066 900 in

470 939 559 996 his
589 939 831 1012 peritura
861 949 1012 1008 sunt,
1044 941 1166 997 sine
1200 941 1293 997 Dei
1320 942 1603 997 voluntate
1648 955 1757 997 non
1787 947 2017 1011 pereunt
2052 955 2066 993 :

467 1046 566 1091 vos
585 1032 681 1105 qui
708 1032 905 1090 alterni
929 1033 1084 1099 estis,
1118 1048 1227 1089 non
1241 1033 1455 1091 debetis
1480 1034 1673 1090 timere
1691 1031 1840 1105 quod
1865 1032 2071 1104 absque

468 1127 568 1185 Dei
595 1127 793 1183 vivatis
826 1127 1198 1194 providentia.
1228 1128 1337 1185 Iste
1376 1143 1573 1185 sensus
1616 1136 1673 1184 et
1703 1142 1866 1198 supra
1892 1126 2073 1183 dictus

468 1229 554 1278 est
578 1237 592 1276 :
620 1218 885 1290 Respicite
912 1220 1149 1275 volatilia
1173 1219 1309 1286 cali,
1336 1222 1581 1291 quoniam
1610 1235 1715 1275 nou
1750 1226 1949 1287 serunt,
1977 1234 2072 1272 ne-

469 1329 570 1386 que
593 1322 812 1381 metunt,
834 1328 1002 1385 neque
1023 1322 1342 1387 congregant
1363 1313 1417 1366 in
1433 1312 1622 1368 horrea
1638 1327 1656 1375 ;
1678 1320 1725 1367 et
1739 1310 1903 1367 Pater
1913 1321 2075 1365 vester

470 1404 690 1460 ctelestis
718 1405 888 1478 pascit
907 1403 1025 1460 illa.
1076 1402 1267 1460 Nonne
1286 1420 1374 1462 vos
1412 1415 1440 1443 ⁸
1473 1405 1640 1475 pluris
1662 1404 1783 1460 estis
1818 1404 1973 1458 illis?
1996 1400 2075 1459 Ac

470 1497 731 1570 deinceps
763 1515 778 1553 :
810 1498 1147 1556 Considerate
1173 1500 1285 1555 lilia
1316 1500 1429 1572 agri
1453 1499 1713 1570 quamodo
1733 1506 1991 1567 crescunt,
2020 1504 2078 1552 et

472 1592 707 1663 reliqua.
741 1592 804 1649 Si
830 1605 1002 1649 autem
1050 1594 1228 1666 fenum
1266 1593 1380 1665 agri
1405 1594 1545 1664 quod
1584 1592 1741 1649 hodie
1761 1602 1857 1661 est,
1886 1601 1933 1647 et
1961 1606 2077 1646 cras

474 1685 530 1742 in
549 1687 813 1742 clibantmr
836 1688 1078 1755 mittitur,
1103 1684 1247 1742 Deus
1274 1687 1348 1742 sic
1368 1688 1538 1755 vestit,
1562 1694 1754 1757 quanto
1782 1684 1945 1755 magis
1964 1699 2073 1751 vos,

2166 658 2434 731 propheta
2480 660 2744 718 scribitur
2793 657 2984 733 (Mich.
3028 657 3148 730 vn).
3184 657 3253 714 Et
3306 655 3612 713 notandum
3646 654 3792 710 ubi-

2169 770 2405 827 cumque
2466 755 2536 812 de
2598 756 2772 813 veteri
2813 754 3166 812 Testamento
3233 750 3610 808 testimonium
3678 762 3795 820 po-

2170 850 2338 918 nitur,
2366 858 2548 906 ulrum
2589 862 2785 906 sensus
2812 855 3041 916 tantum,
3085 862 3153 901 an
3187 852 3245 902 et
3270 842 3299 884 ι’
3321 857 3505 900 sermo
3533 856 3795 900 consen-

2170 940 2291 999 tiat.

2243 1035 2427 1108 (Vera.
2453 1032 2571 1107 '57.)
2588 1034 2691 1102 Qui
2713 1042 2854 1090 amat
2873 1041 3077 1105 patrem
3103 1042 3197 1086 aut
3216 1040 3433 1087 matrem
3466 1030 3589 1103 plus
3616 1045 3793 1096 quam

2171 1146 2274 1198 me,
2308 1146 2415 1185 non
2442 1139 2515 1186 est
2544 1146 2626 1185 me
2654 1128 2868 1201 dignus.
2896 1127 2967 1183 Et
2986 1128 3077 1200 qui
3105 1135 3248 1182 amat
3268 1125 3441 1197 ﬁlium
3484 1132 3579 1179 aut
3603 1123 3794 1189 ﬁliam

2173 1238 2332 1294 super
2357 1238 2461 1291 me,
2485 1238 2593 1278 non
2616 1232 2693 1277 est
2718 1238 2801 1277 me
2830 1221 3045 1293 dignus.
3069 1220 3174 1289 Qui
3206 1230 3229 1260 ο
3254 1225 3381 1275 ante
3402 1216 3793 1289 praemiserat:

2176 1313 2301 1370 Non
2350 1316 2464 1371 veni
2515 1330 2693 1386 pacem
2725 1314 2947 1382 mittere,
2980 1313 3071 1368 sed
3115 1310 3354 1383 gladium
3382 1316 3485 1385 ;et
3527 1306 3801 1365 dividere

2176 1407 2430 1465 homines
2459 1408 2743 1465 adversum
2778 1416 2988 1478 patrem
3031 1413 3089 1462 et
3118 1413 3372 1471 matrem,
3421 1412 3478 1459 et
3523 1415 3795 1473 socrum,

2178 1516 2247 1557 ne
2271 1500 2392 1572 quis
2419 1502 2677 1572 pietatem
2698 1497 2948 1571 religioni
2979 1497 3297 1565 anteferret,
3315 1494 3800 1566 subjecitdicens,

2182 1597 2286 1664 Qui
2308 1607 2449 1650 autat
2474 1597 2582 1669 65
2622 1606 2821 1668 patrem
2853 1603 2945 1647 aut
2994 1600 3210 1647 matrem
3239 1591 3356 1663 plus
3386 1606 3543 1661 quam
3578 1605 3687 1644 me.
3726 1587 3804 1643 Et

2180 1688 2235 1744 in
2268 1688 2496 1744 Cantica
2545 1689 2776 1758 legimus
2839 1686 3189 1743 Canticorum
3241 1683 3555 1739 :Ordinate
3608 1682 3673 1737 in
3712 1698 3805 1736 me

477 1779 835 1850 modicwﬁdei
861 1780 883 1836 l
907 1779 1141 1850 Quidam
1163 1789 1354 1836 coacte
1380 1779 1522 1836 duos
1552 1777 2075 1850 passeres,animam
2106 1763 2156 1828 Β
2182 1779 2485 1837 charitatem
2512 1779 2691 1855 (Cant.
2719 1799 2780 1849 ιι,
2812 1780 2894 1851 4).
2921 1779 3021 1835 Hic
3044 1779 3180 1836 ordo
3203 1780 3254 1834 in
3283 1777 3432 1835 omni
3458 1775 3669 1833 affectu
3703 1791 3807 1833 ne-

477 1880 535 1930 et
555 1886 760 1944 corpus
782 1872 1234 1943 interpretantur.
1268 1873 1523 1943 Quinque
1549 1885 1767 1943 quoque
1797 1884 2075 1942 passeres,

474 1965 776 2023 secundum
801 1966 1005 2022 Lucam
1035 1965 1190 2039 (Luc.
1217 1968 1340 2039 xn),
1364 1965 1457 2038 qui
1494 1965 1706 2023 duobus
1745 1965 1957 2022 assibus
1984 1980 2077 2021 ve-

475 2067 667 2129 neunt,
697 2059 765 2116 ad
797 2074 990 2117 sensus
1041 2060 1306 2117 referunt.
1335 2061 1446 2117 Sed
1472 2059 1749 2131 quomodo
1779 2058 1875 2114 illa
1905 2059 2069 2115 intel-

476 2152 704 2225 ligentia
737 2162 855 2209 toto
882 2152 1197 2223 Evangelici
1218 2152 1488 2209 sermonis
1511 2152 1729 2222 corpori
1758 2159 2073 2221 coaptctur,

478 2260 589 2303 non
618 2261 803 2317 parva:
831 2244 1170 2301 difﬁcultatis
1197 2253 1302 2301 est.
1341 2242 1514 2299 Vestri
1542 2252 1774 2299 autemet
1795 2243 1976 2315 capilli
1992 2259 2081 2298 ca-

474 2338 598 2412 pitis
622 2353 798 2393 omnes
819 2338 1079 2394 numerati
1116 2346 1260 2394 sunt.
1291 2337 1471 2393 Nolite
1495 2338 1637 2411 ergo}
1650 2340 1831 2393 timere
1847 2353 1869 2404 ;
1902 2337 2079 2393 multis

481 2430 779 2503 passeribus
800 2431 1039 2485 meliores
1050 2431 1172 2485 estis
1193 2445 1301 2485 vos.
1320 2428 1663 2486 Manifestius
1707 2430 1960 2502 superior
1981 2444 2082 2486 no-

482 2529 614 2578 stris
643 2522 1006 2594 expositionis
1034 2534 1230 2579 sensus
1242 2535 1538 2594 expressus
1568 2530 1655 2579 est
1678 2541 1691 2578 :
1715 2521 1861 2595 quod
1886 2522 2081 2580 timere

480 2628 592 2671 non
615 2613 730 2688 64
774 2614 1014 2672 debeant
1060 2628 1158 2673 eos
1187 2615 1277 2687 qui
1303 2626 1532 2688 possunt
1572 2617 1827 2674 occidere
1854 2631 2075 2688 corpus,

479 2714 536 2764 et
555 2708 795 2763 animam
824 2720 931 2763 non
952 2717 1205 2779 possunt,
1234 2711 1494 2781 quoniam
1524 2710 1572 2767 si
1587 2709 1706 2767 sine
1732 2710 1827 2766 Dei
1851 2710 2081 2767 scientia

483 2811 656 2870 parva
678 2814 900 2871 quoque
942 2800 1202 2857 animalia
1231 2816 1338 2858 non
1368 2801 1650 2872 decidunt,
1684 2809 1887 2874 quanto
1910 2801 2081 2873 magis

483 2888 673 2962 homo,
704 2893 800 2964 qui
820 2894 1119 2964 apostolica
1161 2894 1326 2951 fultus
1357 2896 1431 2951 sit
1455 2895 1719 2967 dignitate
1745 2896 1758 2950 ι
1783 2893 1940 2965 Quod
1984 2910 2083 2952 au-

484 2993 596 3042 tem
621 2985 701 3041 ait
733 3003 746 3039 :
780 2988 932 3041 vestri
950 2997 1123 3042 autem
1143 2998 1191 3043 et
1209 2987 1388 3061 capilli
1417 2990 1599 3061 capitis
1629 3003 1804 3043 omnes
1824 2988 2082 3043 numerati

481 3085 626 3143 sunt,
646 3077 968 3134 immensam
1016 3077 1116 3135 Dei
1154 3092 1287 3151 erga
1328 3080 1579 3136 homines
1625 3079 1871 3136 ostendit
1899 3078 2083 3152 provi-

2180 1874 2459 1931 cessarius
2485 1877 2737 1931 est.Atna
2767 1883 2893 1946 post
2916 1873 3085 1929 Deum
3114 1882 3346 1943 patrem,
3376 1885 3500 1925 ama
3522 1877 3801 1936 matrem,

2179 1982 2301 2025 ama
2324 1969 2486 2025 ﬁlios.
2515 1966 2574 2026 Si
2604 1977 2783 2024 autem
2825 1967 3129 2024 necessitas
3150 1965 3381 2032 venerit,
3410 1973 3472 2020 ut
3496 1978 3667 2020 amor
3698 1978 3808 2034 pa-

2180 2070 2398 2118 rentum
2427 2076 2491 2118 ac
2522 2060 2759 2118 ﬁliorum
2811 2061 2907 2118 Dei
2937 2060 3109 2117 amori
3161 2066 3531 2128 comparetur,
3565 2064 3623 2112 et
3682 2070 3806 2113 non

2181 2156 2353 2228 possit
2393 2166 2687 2227 utrumque
2734 2155 2963 2222 servari,
3007 2153 3191 2209 odium
3240 2153 3293 2207 in
3347 2163 3498 2218 suos,
3522 2153 3713 2221 pietas
3747 2152 3806 2206 in

2183 2250 2355 2307 Deum
2384 2251 2456 2306 sit
2473 2248 2582 2323 [Αι.
2608 2247 2737 2323 est].
2754 2248 2871 2303 Non
2903 2261 3033 2319 ergo
3065 2245 3343 2317 prohibuit
3362 2258 3548 2299 aniare
3572 2252 3810 2315 patrem

2180 2351 2273 2418 aut
2299 2351 2552 2409 matrem,
2578 2341 2675 2398 sed
2698 2341 2979 2412 signanter
3000 2337 3237 2395 addidit:
3268 2337 3371 2406 Qui
3396 2344 3536 2392 autat
3565 2345 3793 2406 patrem

2181 2443 2275 2490 aut
2298 2443 2516 2490 matrem
2546 2434 2666 2506 plus
2692 2449 2849 2505 quam
2878 2448 2979 2488 me.

2255 2527 2439 2602 (Vers.
2471 2528 2563 2596 58,
2592 2526 2710 2598 ‘59.)
2749 2524 2819 2580 Et
2852 2525 2944 2598 qui
2974 2540 3079 2580 non
3121 2525 3309 2596 accipit
3330 2537 3531 2579 crucem
3563 2538 3729 2576 suam
3754 2533 3808 2578 et

2182 2624 2413 2695 sequitur
2440 2640 2539 2691 me,
2575 2637 2677 2676 non
2709 2628 2783 2676 est
2810 2636 2891 2676 me
2919 2621 3129 2692 dignus.
3154 2618 3258 2686 Qui
3285 2616 3535 2673 invenerit
3558 2614 3686 2689 [AL
3720 2618 3812 2672 in-

2181 2715 2339 2789 venit]
2369 2716 2596 2772 animam
2623 2731 2792 2781 suam,
2835 2713 3016 2787 perdet
3056 2712 3205 2767 illam
3227 2727 3247 2778 ;
3273 2719 3322 2765 et
3372 2712 3463 2782 qui
3492 2709 3809 2783 perdiderit

2184 2811 2411 2867 animum
2437 2826 2588 2865 suam
2611 2819 2818 2882 propter
2840 2825 2939 2875 me,
2966 2806 3185 2862 inveniet
3206 2820 3339 2860 eam.
3372 2804 3430 2860 ln
3456 2803 3567 2859 alio
3598 2803 3808 2860 Evan-

2182 2904 2324 2975 gelio
2361 2903 2618 2959 scribitur
2649 2919 2661 2956 :
2699 2901 2802 2969 Qui
2843 2916 2949 2955 non
2978 2898 3166 2971 accipit
3197 2914 3398 2953 crucem
3433 2912 3584 2952 suam
3610 2901 3807 2967 quott-

2185 2998 2292 3053 die.
2314 2995 2393 3052 Ne
2416 2996 2588 3052 semel
2618 3003 2869 3067 putemus
2891 2992 3141 3049 ardorem
3171 2990 3295 3048 ﬁdei
3318 3004 3476 3062 posse
3505 2986 3804 3055 sufﬁcere,

2185 3102 2405 3158 semper
2437 3102 2571 3143 crux
2601 3085 2866 3158 portanda
2913 3094 3018 3153 est,
3052 3093 3112 3141 ut
3141 3098 3360 3155 semper
3389 3096 3487 3138 nos
3508 3080 3810 3139 Christum

480 3167 749 3239 dentiam,
801 3177 858 3226 et
882 3168 1212 3227 ineffabilem
1242 3171 1425 3242 signat
1459 3171 1739 3241 allectum,
1766 3170 1914 3243 quod
1945 3168 2080 3226 nihil
2110 3153 2158 3219 (Σ
2188 3153 2375 3235 ταυτῃὶ-θ
2403 3153 2718 3235 doceamus.

484 3271 734 3319 nostrum
760 3262 927 3319 lateat
975 3263 1174 3329 Deum,
1203 3272 1261 3319 et
1290 3262 1457 3321 etiam
1484 3276 1656 3334 parva
1702 3272 1761 3319 et
1801 3264 1980 3320 otiose
2010 3260 2086 3317 di-

481 3363 573 3413 cta
600 3354 721 3426 ejus
744 3356 1033 3412 scientiam
1081 3371 1191 3413 non
1224 3355 1454 3427 fugiant.
1487 3355 1750 3413 Derident
1777 3354 2089 3424 intelligen-

481 3445 616 3503 tiam
654 3446 1081 3503 ecclesiasticam
1114 3447 1168 3503 in
1199 3446 1307 3502 hoc
1345 3447 1502 3513 loco,
1544 3450 1636 3517 qui
1694 3447 1874 3503 carnis
1904 3459 2089 3501 resur-

483 3540 791 3598 rectionem
820 3549 1045 3611 negant,
1090 3539 1248 3610 quasi
1279 3554 1380 3596 nos
1414 3549 1469 3595 et
1511 3539 1746 3610 capillos
1773 3539 1864 3610 qui
1897 3552 2089 3595 nume-

488 3630 597 3689 rati
661 3639 809 3699 sunt,
868 3640 925 3687 et
955 3645 989 3686 a
1046 3638 1270 3687 tonsore
1332 3629 1526 3698 decisi,
1593 3645 1786 3688 omnes
1843 3630 2088 3688 dicamus

488 3738 805 3795 resurgere,
829 3739 953 3780 cum
999 3724 1258 3780 Salvator
1283 3738 1391 3780 non
1420 3724 1621 3782 dixerit
1651 3743 1663 3779 :
1688 3724 1872 3782 Vestri
1904 3733 2086 3781 autem

489 3826 549 3876 et
575 3818 762 3889 capilli
790 3817 983 3888 capitis
1011 3830 1202 3873 omnes
1228 3817 1482 3874 salvandi
1509 3827 1667 3888 sunt,
1696 3818 1792 3875 sed
1817 3818 2090 3875 numerati

491 3918 644 3968 sunt.
675 3909 779 3967 Ubi
808 3923 1072 3966 numerus
1096 3918 1204 3977 est,
1235 3910 1468 3967 scientia
1501 3911 1713 3967 numeri
1741 3910 2093 3967 demonstra-

491 4010 605 4069 tur,
625 4017 736 4058 non
765 4000 1013 4073 eiusdem
1046 4003 1260 4058 numeri
1291 4003 1657 4059 conservatio.

566 4095 756 4167 (Vers.
780 4095 901 4166 54.)
925 4093 1111 4151 Nolite
1132 4096 1533 4166 arbitrari,un
1558 4095 1671 4151 seni
1686 4110 1863 4167 pacem
1893 4097 2095 4150 mittere

484 4187 547 4245 in
575 4198 804 4245 terram:
829 4186 953 4244 Non
971 4189 1088 4244 veni
1106 4204 1284 4260 pacem
1317 4190 1535 4256 mittere,
1564 4189 1656 4244 sed
1697 4188 1951 4261 gladium.
1994 4187 2098 4244 Su-

496 4297 592 4355 pra
623 4281 879 4339 dixerat:
915 4281 1065 4349 Quod
1086 4282 1203 4338 dico
1220 4281 1360 4337 vobis
1386 4282 1442 4336 in
1469 4282 1712 4349 tenebris,
1740 4282 1897 4337 dicite
1918 4282 1975 4335 in
2013 4281 2095 4336 la-

497 4374 638 4429 miae
663 4382 751 4442 ;et
770 4373 913 4445 quod
936 4375 987 4427 in
1029 4387 1160 4429 aure
1195 4374 1415 4441 auditis,
1441 4374 1722 4447 praedicate
1758 4390 1913 4445 super
1936 4383 2092 4431 tecta.

2258 3270 2585 3344 (Vers.40.)
2625 3270 2731 3336 Qui
2753 3270 2937 3339 recipit
2962 3285 3073 3335 vos,
3120 3283 3201 3322 me
3224 3266 3446 3337 recipit;
3474 3275 3525 3321 et
3572 3264 3667 3336 qui
3727 3283 3813 3322 me

2186 3365 2401 3435 recipit,
2457 3364 2640 3433 recipit
2670 3380 2788 3417 eum
2829 3363 2919 3434 qui
2964 3377 3048 3417 me
3081 3362 3240 3416 misit.
3284 3357 3436 3417 Ordo
3485 3358 3813 3429 pulcherri-

2187 3472 2332 3514 mus.
2363 3457 2444 3513 Ad
2489 3456 2926 3526 pmdicationem
2976 3454 3167 3522 mittit,
3210 3454 3373 3511 docet
3404 3452 3653 3524 pericula
3688 3468 3812 3509 non

2189 3548 2454 3616 timenda,
2486 3548 2738 3605 allectum
2767 3549 2989 3620 subiicit
3041 3548 3320 3621 religioni.
3372 3547 3577 3602 Aurum
3626 3558 3815 3615 supra

2189 3645 2411 3711 tulerat,
2443 3659 2518 3700 ms
2545 3643 2615 3700 de
2652 3658 2788 3699 zona
2830 3651 3168 3700 excusserat.
3216 3642 3357 3697 Dura
3411 3639 3816 3710 Evangelista-

2189 3752 2309 3794 rum
2336 3736 2598 3793 conditio.
2632 3735 2790 3793 Unde
2817 3751 2951 3807 ergo
2979 3742 3251 3805 sumptus,
3301 3734 3444 3789 unde
3488 3734 3670 3790 victus
3710 3751 3819 3793 ne-

2189 3829 2464 3888 cessaria?
2510 3828 2899 3886 Austeritatem
2943 3826 3325 3884 mandatorum
3383 3841 3480 3899 spe
3528 3835 3822 3899 temperat

2191 3923 2612 3994 promissorum.
2648 3922 2754 3990 Qui
2778 3922 2983 3995 recipit,
3034 3922 3301 3992 inquiens,
3325 3936 3437 3987 vos,
3464 3936 3548 3976 me
3570 3922 3771 3995 recipit
3795 3940 3819 3990 ;

2192 4022 2240 4069 et
2266 4015 2354 4086 qui
2377 4028 2457 4067 me
2476 4013 2680 4086 recipit,
2709 4012 2895 4084 recipit
2931 4028 3051 4067 eum
3073 4012 3164 4083 qui
3190 4026 3274 4066 me
3296 4012 3460 4075 misit,
3490 4019 3551 4065 ut
3582 4010 3638 4066 in
3674 4026 3819 4070 sus-

2193 4105 2462 4175 cipiendis
2492 4105 2785 4175 apostolis,
2836 4103 3213 4176 unusquisque
3259 4102 3599 4160 credentium
3641 4100 3823 4161 Chri-

2194 4207 2338 4256 stum
2368 4213 2428 4254 se
2457 4198 2770 4268 suscepisse
2797 4196 3118 4254 arbitretur.

2270 4291 2449 4363 (Vers.
2480 4290 2599 4361 Μ.)
2641 4288 2744 4358 Qui
2789 4290 2973 4362 recipit
3001 4290 3304 4363 prophetam
3329 4289 3386 4343 in
3422 4289 3630 4344 nomine
3672 4306 3820 4360 pro-

2195 4385 2381 4459 phetae,
2415 4384 2697 4440 mercedem
2726 4382 2988 4456 propheta:
3016 4384 3254 4454 accipiet.
3286 4382 3354 4436 Et
3379 4383 3473 4454 qui
3492 4384 3682 4453 recipit
3704 4386 3819 4456 ju-

497 4464 657 4524 Nunc
685 4464 853 4523 infert
894 4466 1024 4538 quid
1056 4474 1181 4537 post
1219 4466 1669 4538 praedicationem
1698 4476 1979 4539 sequatur.
2011 4466 2085 4523 Ad

2197 4490 2335 4536 stum
2370 4481 2423 4535 in
2450 4478 2658 4534 nomine
2696 4478 2853 4549 justi,
2899 4475 3181 4532 mercedem
3219 4477 3353 4549 justi
3396 4475 3635 4544 accipiet.
3704 4478 3823 4545 Qui

499 4560 664 4618 ﬁdem
692 4560 921 4628 Christi,
941 4569 1089 4618 totos
1113 4562 1265 4618 orbis
1284 4569 1477 4618 contra
1501 4578 1566 4620 se
1596 4563 1804 4620 divisus
1820 4575 1937 4621 est:
1960 4579 2098 4620 nna-
2118 4534 2174 4597 Ῐ)
2198 4573 2520 4647 prophetam
2563 4534 2757 4641 recipit
2790 4534 2854 4626 ut
2901 4534 3245 4640 prophetaan
3279 4576 3336 4624 et
3387 4534 3648 4638 intelligit
3674 4534 3821 4626 eum

498 4670 734 4729 quaeque
753 4655 950 4713 domus
987 4663 1046 4712 et
1072 4654 1324 4713 inﬁdeles
1373 4656 1571 4713 habuit
1618 4665 1676 4714 et
1700 4657 2011 4725 credentes,
2043 4666 2101 4714 et

499 4758 797 4821 propterea
824 4747 1031 4805 bellum
1062 4747 1291 4805 missum
1344 4755 1431 4806 est
1463 4749 1690 4818 bonum,
1720 4760 1779 4807 ut
1819 4764 2100 4822 rumpere-

501 4849 595 4900 tur
622 4857 728 4917 pax
757 4842 921 4899 mala.
966 4840 1105 4899 Tale
1133 4840 1265 4915 quid
1295 4852 1351 4899 et
1396 4843 1451 4899 in
1491 4842 1691 4900 Genesi
1723 4842 1988 4899 adversus
2014 4857 2105 4898 re-

500 4937 680 4996 belles
699 4936 974 5006 homines,
998 4936 1093 5010 qui
1126 4936 1261 4993 moti
1287 4935 1507 4995 fnerant
1529 4936 1600 4994 de
1627 4937 1872 5006 Oriente,
1905 4947 1959 4994 et
1988 4944 2105 4993 tur-

500 5045 620 5091 rem
645 5039 931 5089 exstruere
958 5030 1291 5088 festinabant
1309 5029 1524 5102 (Cenes.
1547 5029 1651 5102 xt),
1671 5045 1768 5101 per
1789 5045 1947 5101 quam
1977 5029 2102 5086 caeli

504 5127 616 5183 alta
647 5134 1029 5198 penetrarent,
1057 5123 1255 5182 fecisse
1278 5125 1546 5181 scribitur
1586 5124 1754 5193 Deus,
1786 5133 1847 5180 ut
1892 5125 2102 5183 divide-

501 5230 592 5279 ret
618 5221 830 5293 linguas
857 5234 1069 5277 eorum.
1104 5218 1263 5276 Unde
1288 5226 1345 5275 et
1374 5220 1428 5274 in
1455 5218 1670 5289 psalmo
1700 5218 1869 5275 David
1915 5235 2106 5291 preca-

504 5321 595 5372 tur
652 5313 915 5386 :Dissipa
948 5355 965 5383 ,
1023 5312 1240 5369 Domine
1280 5355 1296 5381 ,
1347 5321 1520 5385 gentes
1580 5328 1698 5383 qua:
1743 5312 1883 5369 bella
1930 5314 2107 5369 volunt

509 5406 635 5482 (Ps.
659 5421 823 5475 vatt,
856 5406 974 5479 52).

582 5501 765 5577 (Vets.
797 5501 921 5573 55.)
954 5500 1084 5557 Veni
1120 5501 1259 5557 enim
1302 5514 1547 5573 separare
1581 5499 1838 5556 hominem
1860 5498 2105 5556 adversus

584 5714 613 5778 ξι
637 5705 751 5778 Duo
782 5702 1039 5778 Palatini,
1065 5719 1182 5778 Aeas
1235 5703 1402 5778 magis
1444 5702 1615 5778 pluris
1672 5700 1791 5757 estis
1814 5716 1834 5767 ;
1864 5707 1918 5757 et
1947 5698 2111 5772 paulo

514 5776 764 5847 inferius,
796 5775 1023 5830 minima
1049 5773 1194 5844 ﬁdei,
1223 5773 1343 5845 pro'
1377 5773 1612 5842 modica,
1646 5782 1754 5830 etc.

2200 4664 2267 4722 de
2293 4664 2486 4721 futuris
2517 4664 2855 4733 loquentem,
2887 4661 2974 4717 hic
3001 4660 3311 4717 mercedem
3346 4660 3629 4730 propheta:
3658 4662 3825 4719 acci-

2202 4757 2336 4830 piet.
2367 4756 2532 4829 Igitur
2554 4754 2728 4811 Judaei
2751 4753 3045 4810 carnaliter
3077 4751 3374 4823 prophetas
3398 4751 3819 4823 intelligentcs,

2202 4848 2511 4907 mercedem
2540 4846 2929 4920 prophetarum
2979 4861 3093 4901 non
3131 4845 3421 4917 accipient.
3468 4844 3646 4902 Aliter
3671 4861 3691 4900 :
3760 4847 3823 4904 In

2204 4944 2352 5000 omni
2380 4940 2725 5014 professione
2750 4938 3017 4995 zizanium
3048 4939 3277 4996 mixtum
3305 4948 3391 4995 est
3411 4937 3621 4994 tritico.
3650 4937 3823 4995 Prae-

2204 5038 2468 5094 miserat:
2497 5035 2601 5103 Qui
2624 5034 2805 5106 recipit
2832 5048 2942 5099 vos,
2983 5047 3065 5086 me
3086 5031 3277 5103 recipit
3312 5046 3332 5087 :
3360 5041 3409 5087 et
3435 5031 3529 5103 qui
3554 5047 3635 5086 me
3674 5033 3824 5087 reci-

2204 5135 2313 5206 pit,
2345 5129 2531 5201 recipit
2564 5143 2679 5181 eum
2707 5127 2797 5198 qui
2822 5140 2900 5179 me
2927 5123 3084 5178 misit.
3136 5124 3219 5178 Ad
3249 5121 3657 5194 susceptionem
3688 5139 3819 5180 ma-

2207 5224 2501 5294 gistrorum
2537 5216 2835 5289 discipulos
2863 5226 3279 5287 provocaverat.
3312 5215 3535 5271 Poterat
3570 5215 3687 5288 66
3716 5231 3823 5273 oc—

2208 5317 2350 5373 culta
2397 5328 2519 5370 esse
2550 5310 2891 5369 credentium
2940 5309 3255 5380 responsio;
3288 5323 3418 5381 ergo
3465 5316 3522 5364 et
3562 5309 3821 5380 pseudo-

2210 5409 2506 5484 prophetas
2533 5417 2589 5465 et
2614 5405 2810 5464 ludam
2853 5403 3194 5476 proditorem
3241 5403 3504 5460 debemus
3536 5402 3821 5476 recipere,

2212 5511 2269 5561 et
2303 5501 2413 5560 illis
2459 5500 2778 5559 alimoniam
2832 5496 3171 5554 ministrare.
3215 5496 3329 5554 lloc
3371 5494 3643 5554 Dominus
3688 5507 3825 5556 ante

2289 5698 2318 5741 ι’
2347 5699 2519 5756 Palat.
2542 5695 2731 5761 codd.,
2755 5710 2825 5750 an
2846 5703 2895 5749 et
2925 5692 3078 5747 verba
3099 5692 3449 5749 consentiant.

2294 5782 2317 5811 ο
2339 5770 2535 5839 Iidem,
2568 5767 2705 5836 Quia
2734 5775 2871 5820 ante.
