3962 6322
170 302 228 370 εὖ
651 299 1293 371 COMMENTARIORUM
1330 305 1399 367 IN
1440 296 1890 367 EVANGELCUM
1931 295 2266 365 MAT'I'HEI
2304 303 2440 364 LIB.
2483 304 2550 364 ll.
2584 303 2741 365 CAP.
2776 294 2871 364 XI.

3338 299 3411 365 ιο

164 434 422 494 procurans
447 421 599 491 dicit,
640 439 753 482 non
805 439 1069 497 personas
1119 422 1500 497 suscipiendas
1546 436 1703 493 esse,
1734 426 1785 489 Α
1811 432 1925 490 net,
1967 430 2028 480 ut
2056 422 2339 495 hospitalis
2364 437 2489 481 esse
2518 436 2626 480 non
2657 422 2882 497 possim.
2912 422 2982 482 Et
3009 422 3151 481 hanc
3180 435 3414 479 excusa-

162 515 458 571 sednomina
484 533 499 571 :
530 522 587 573 et
614 517 924 575 mercedem
967 532 1073 574 non
1127 518 1356 590 perdere
1400 515 1708 590 suscipien-

159 617 243 680 tes,
265 610 378 666 licet
414 611 666 683 indignus
695 610 857 669 fuerit
882 613 973 684 qui
1006 622 1292 686 susceptus
1325 611 1418 668 sit.

214 702 376 774 (Vera.
425 700 651 774 ηλει
706 706 1015 776 quicumque
1061 715 1242 775 potum
1287 704 1489 760 dederit
1528 703 1621 759 uni
1648 719 1712 760 ea:

158 795 346 850 minimis
364 795 493 863 istis,
520 795 735 851 calicem
754 810 901 867 aquce
921 794 1130 870 frigida:
1158 802 1381 864 tantum,
1417 797 1471 851 in
1498 796 1710 850 nomine

157 890 355 962 discipuli
378 930 394 956 ,
447 906 597 945 men
650 890 768 944 dico
822 890 983 958 vobis,
1044 902 1149 944 non
1198 887 1376 963 perdet
1423 887 1711 943 mercedem

154 996 296 1037 suum.
333 981 580 1052 Legimus
616 981 673 1037 in
702 980 969 1053 propheta
1018 979 1187 1037 David
1216 996 1232 1035 :
1263 980 1344 1035 Ad
1388 980 1713 1036 excusandas

156 1076 462 1132 uenationes
504 1076 564 1130 in
617 1076 842 1147 peccatis
887 1073 988 1149 (Ps
1038 1090 1163 1144 cn,
1211 1074 1317 1147 4):
1361 1071 1508 1145 quod
1555 1072 1710 1129 multi

154 1179 456 1239 peccatorum
485 1180 716 1225 suorum
745 1169 904 1239 quasi
950 1166 1129 1238 justas
1173 1165 1521 1238 piartendant
1553 1176 1715 1221 occa-

152 1264 325 1331 siones,
357 1262 583 1335 utquod
613 1262 899 1318 voluntate
927 1260 1275 1333 delinquunt,
1308 1259 1596 1316 videantur
1619 1274 1715 1316 ne-

153 1354 369 1410 cessitate
396 1367 626 1426 peccare
653 1373 668 1411 :
702 1354 965 1411 Dominus
1007 1358 1285 1409 scrutator
1312 1352 1501 1410 cordis
1542 1361 1599 1409 et
1629 1366 1715 1409 re-

153 1462 280 1514 nam,
323 1446 525 1502 futuras
587 1446 954 1519 cogitationes
1004 1447 1059 1502 in
1110 1444 1341 1518 singulis
1400 1452 1713 1501 contuetur.

153 1537 379 1596 Dixerat:
433 1539 536 1605 Qui
565 1539 757 1614 recipit
795 1552 905 1610 vos,
938 1552 1017 1595 me
1046 1539 1247 1613 recipit.
1282 1534 1393 1597 Sed
1445 1535 1547 1595 hoc
1579 1551 1717 1609 pra:-

150 1639 334 1701 ceptum
360 1631 513 1687 multi
543 1630 1045 1703 pseudopropheta
1090 1638 1147 1687 et
1176 1630 1298 1687 falsi
1325 1628 1717 1703 prscdicatores

150 1733 372 1794 poterant
400 1726 698 1798 impedire;
721 1724 1025 1782 medicatus
1050 1732 1135 1782 est
1161 1723 1291 1782 huic
1320 1736 1538 1797 quoque
1558 1736 1717 1780 scan-

1809 516 2013 576 tionem
2045 517 2325 576 levissimo
2367 529 2642 589 praecepto
2670 517 2851 585 diluit,
2884 527 2944 573 ut
2976 518 3205 576 calicem
3256 528 3411 585 aqua:

1808 606 2019 681 frigidas
2073 618 2190 666 toto
2231 611 2419 665 animo
2476 609 2846 681 porrigamus.
2905 607 3159 681 Frigidtr,
3218 604 3418 677 inquit,

1809 716 1983 775 aquai,
2017 716 2123 760 non
2152 700 2367 772 calidis,
2396 717 2467 761 ne
2496 710 2551 761 et
2588 701 2644 759 in
2684 702 2885 771 calida,
2916 701 3257 776 paupertatis
3288 709 3314 739 ι
3359 707 3418 756 et

1810 794 2057 866 penuriae
2091 796 2365 868 lignorum
2397 798 2617 853 occasio
2645 805 3007 868 quaereretur.
3039 794 3175 852 Tale
3202 792 3331 865 quid
3361 802 3422 850 et

1812 887 2110 958 Apostolus
2140 886 2221 961 (ut
2249 885 2515 958 anteiam
2544 886 2807 961 diximus)
2835 888 2902 943 ad
2946 885 3172 944 Galatas
3204 899 3416 957 prtecc-

1815 978 1894 1054 pit
1923 997 1938 1036 :
1970 978 2324 1037 Communicet
2359 988 2531 1035 autent
2576 979 2619 1035 is
2648 980 2738 1052 qui
2774 979 3124 1034 catechisatur
3171 976 3322 1033 verba
3369 975 3417 1031 ei

1811 1072 1899 1143 qui
1927 1087 1982 1129 se
2024 1069 2306 1128 catechizat
2334 1072 2390 1126 in
2420 1070 2658 1125 omnibus
2703 1070 2851 1126 bonis
2893 1065 3093 1141 (Galat.
3121 1083 3204 1137 v1,
3248 1068 3330 1141 6),
3363 1076 3421 1125 et

1812 1163 2115 1236 discipulos
2168 1164 2236 1220 ad
2290 1162 2674 1237 magistrorum
2723 1162 3004 1235 refrigeria
3069 1162 3410 1220 cohortatur.

1814 1256 1952 1324 Quia
2006 1263 2220 1328 poterat
2268 1255 2498 1326 quilibet
2554 1252 2857 1312 obtendere
2910 1260 3311 1326 paupertatem,
3366 1260 3423 1309 et

1816 1354 2149 1423 praeceptum
2200 1348 2452 1416 eludere,
2485 1345 2803 1419 priusquam
2843 1344 2933 1403 ille
2982 1353 3279 1419 proponat,
3324 1345 3425 1401 im-

1816 1443 2117 1502 minentem
2144 1443 2307 1500 solvit
2337 1442 2721 1515 quaestionem,
2755 1441 2945 1498 dicens
2972 1458 2986 1496 :
3018 1439 3199 1496 Nolite
3219 1453 3420 1509 errare,

1818 1534 1962 1596 Deus
1991 1552 2096 1595 non
2117 1536 2387 1595 irridetur.
2420 1537 2551 1604 Qua:
2578 1536 2714 1592 enim
2754 1536 3087 1592 seminaverit
3113 1531 3288 1598 homo,
3314 1534 3425 1588 haec

1817 1638 1867 1688 et
1888 1640 2063 1689 metet.
2097 1630 2160 1687 Et
2189 1641 2275 1688 est
2327 1644 2570 1688 sensus:
2618 1630 2821 1687 frustra
2866 1626 3113 1686 causaris
3142 1626 3423 1698 inopiam;

1820 1736 1946 1780 cum
1977 1721 2126 1780 aliud
2161 1723 2361 1780 habeat
2388 1720 2729 1780 conscientia
2756 1719 2786 1761 ι’
2817 1735 2906 1778 tua
2939 1739 2953 1778 :
2993 1732 3013 1759 ο
3046 1735 3129 1777 me
3157 1726 3308 1792 potes
3333 1719 3431 1775 fal-

153 1816 537 1882 dalo,dicens:
592 1818 698 1886 Qui
728 1819 910 1889 recipit
953 1822 1161 1891 justum
1203 1820 1255 1873 in
1312 1821 1520 1872 nomine
1557 1816 1712 1892 justi,
1748 1813 1793 1878 Β
1820 1818 1941 1875 lere
1984 1814 2405 1884 cohortantem;
2440 1816 2537 1874 sed
2583 1817 2725 1873 scito
2751 1814 2896 1888 quod
2929 1824 3429 1887 quantumcumque

148 1908 397 1963 mercedem
414 1909 556 1982 justi
583 1909 828 1981 accipiet.
852 1908 1063 1963 Rursus
1091 1914 1305 1977 poterat
1332 1904 1471 1964 alius
1501 1910 1717 1964 causari

147 2007 194 2054 et
218 1998 385 2057 dicere
411 2020 423 2055 :
453 2002 791 2072 Paupertate
836 1999 1156 2071 prohibeor,
1189 1999 1426 2057 tenuitas
1455 2014 1545 2056 me
1586 1999 1717 2056 reti-

209 2146 231 2211 !
267 2139 549 2211 Victorius,
578 2156 643 2211 ea;
670 2139 891 2210 penuria
916 2136 1208 2211 tignorum,
1242 2145 1356 2211 etc.

206 2209 228 2247 δ
256 2206 603 2267 Voculatntua
628 2206 1357 2281 ignorantCisterciensiset
1382 2207 1555 2264 Palat.
1582 2224 1714 2265 mss.

212 2292 230 2320 ε
267 2282 398 2339 Editi
427 2283 597 2338 alium
630 2279 860 2339 scusum
905 2281 1167 2345 retinent,
1203 2279 1434 2346 scilicet,
1480 2296 1542 2334 ne
1571 2289 1719 2346 putes

1828 1906 2210 1980 seminaveris,
2240 1917 2455 1965 tantum
2485 1918 2541 1965 et
2566 1922 2848 1965 mcssurus
2878 1908 2973 1964 sis.

1825 2140 2012 2212 [altera
2038 2140 2416 2196 cohortantem.
2448 2140 2562 2198 lioc
2593 2140 2757 2195 modo
2779 2138 2946 2203 multa
2974 2137 3207 2193 restituo
3225 2137 3433 2212 alisque

1830 2209 1994 2283 notis,
2026 2214 2149 2282 quia
2181 2212 2400 2283 longum
2432 2222 2584 2268 esset
2613 2212 2856 2283 singulas
2885 2218 3175 2267 contextus
3212 2209 3433 2266 restitu-

1830 2281 2010 2338 tioncs
2038 2281 2353 2339 recensere.
2381 2281 2563 2339 ΜΑιιτ.

1054 2527 1530 2647 LIBER
1602 2527 2498 2645 SECUNDUS.

214 2838 308 2912 67
343 2837 493 2911 (Cap.
514 2836 613 2896 Xl.
643 2866 717 2880 -—
742 2835 904 2892 Vers.
942 2836 991 2903 l,
1022 2834 1104 2907 2.)
1134 2832 1249 2890 ﬁEt
1279 2836 1475 2907 factum
1490 2840 1566 2887 est
1612 2846 1731 2886 cum

159 2942 528 2986 consummasset
552 2929 735 2997 Iesus,
782 2928 1091 3002 prwcipiens
1130 2927 1406 2984 duodecim
1432 2925 1725 2998 discipulis,

161 3025 336 3079 transiit
384 3025 498 3080 inde
532 3033 591 3079 ut
657 3023 866 3079 doceret
910 3032 958 3077 et
991 3023 1298 3096 pradicaret
1340 3023 1394 3076 in
1440 3018 1730 3075 civitatibus

158 3131 330 3172 eorum.
368 3118 485 3174 Non
513 3118 673 3190 quasi
729 3117 993 3189 ignorans
1042 3114 1380 3186 interrogat;
1414 3116 1531 3185 ipse
1580 3112 1724 3169 enim

1830 2840 2099 2889 venturus
2126 2845 2207 2889 es.
2244 2831 2314 2890 Et
2339 2842 2423 2892 est
2461 2848 2657 2895 sensus
2689 2857 2700 2892 :
2735 2836 2933 2896 Manda
2985 2840 3146 2911 mihi,
3192 2844 3315 2917 quia
3369 2844 3438 2903 ad

1830 2922 2042 2980 inferna
2070 2923 2436 2982 descensurus
2473 2941 2621 2998 sum,
2667 2939 2847 2987 utrum
2898 2942 2949 2989 te
2994 2945 3050 2990 et
3096 2934 3287 2994 inferis
3336 2937 3438 2995 de-

1828 3013 1987 3073 beam
2021 3017 2294 3087 nuntiare,
2330 3019 2421 3090 qui
2451 3019 2705 3077 nuntiavi
2738 3023 2994 3095 superis?
3024 3025 3108 3082 An
3157 3044 3270 3084 non
3307 3045 3440 3086 con-

1829 3110 2017 3167 veniat
2046 3110 2187 3169 Filio
2211 3110 2328 3176 Dei,
2357 3125 2414 3170 ut
2456 3123 2638 3186 gustet
2665 3126 2921 3187 mortem,
2948 3128 3004 3175 et
3033 3118 3197 3177 alium
3227 3120 3297 3178 ad
3320 3121 3440 3180 ltil‘c

158 3210 348 3266 castoris
386 3209 767 3282 ignorantibus
796 3209 1295 3277 demonstraverat,
1326 3206 1514 3263 dicens
1543 3222 1558 3260 :
1595 3201 1727 3259 Ecce
1752 3239 1799 3303 Ο
1830 3212 2169 3260 sacramenta
2205 3204 2469 3263 missurus
2497 3208 2598 3265 es?

160 3300 314 3375 Agnus
340 3302 455 3372 Dei,
480 3320 598 3358 ecce
625 3302 714 3375 qui
727 3302 867 3358 tollit
884 3309 1099 3373 peccata
1125 3299 1302 3356 mundi
1326 3297 1511 3371 (Joan.
1534 3296 1686 3369 L29)
1710 3316 1723 3353 :

161 3403 212 3450 et
242 3394 403 3454 Patris
433 3413 623 3455 vocem
677 3396 952 3463 audierat,
1001 3395 1347 3451 intoaantis:
1399 3392 1503 3448 Hic
1523 3401 1599 3448 est
1640 3388 1736 3446 Fi-

167 3485 251 3542 lius
271 3504 401 3544 meus
428 3490 674 3560 dilectus,
715 3490 770 3544 in
825 3503 924 3560 quo
978 3487 1108 3543 mihi
1166 3487 1457 3560 complacui
1511 3483 1732 3559 (Matth.

167 3581 393 3652 111.17):
431 3582 525 3638 sed
572 3579 854 3654 quomodo
883 3578 1134 3637 Salvator
1172 3579 1495 3651 interrogat,
1543 3575 1636 3633 ubi
1666 3576 1739 3633 sit

167 3674 348 3742 positus
390 3676 648 3742 Lazarus,
696 3673 875 3746 utqui
912 3677 1091 3731 locum
1124 3671 1366 3745 sepulcri
1396 3671 1736 3739 indicabant,

166 3764 333 3822 saltem
372 3768 451 3824 sic
490 3774 817 3838 pararentur
856 3766 921 3821 ad
971 3765 1155 3831 fidem,
1204 3773 1261 3821 et
1294 3764 1548 3821 viderent
1593 3778 1740 3818 mor-

166 3863 296 3915 tuum
325 3869 694 3931 resurgentem
729 3877 742 3914 :
769 3861 850 3916 sic
875 3870 929 3916 et
950 3860 1192 3915 Joannes
1213 3854 1632 3914 interficiendos
1660 3858 1730 3912 ab

169 3947 375 4021 Herode,
404 3953 705 4025 discipulos
739 3967 871 4010 suos
898 3950 1069 4008 mittit
1111 3950 1181 4007 ad
1217 3950 1521 4017 Christum,
1554 3958 1610 4004 ut
1643 3963 1742 4020 per

171 4040 292 4098 hanc
312 4046 651 4102 occasionem
683 4044 934 4101 videntes
958 4045 1111 4115 signa
1137 4053 1298 4114 atque
1329 4043 1587 4107 virtutes,
1620 4054 1742 4098 cre-

169 4131 407 4192 derentiu
434 4152 583 4204 eum,
615 4145 673 4193 et
699 4138 960 4208 magistro
984 4136 1379 4206 interrogante,
1418 4132 1521 4189 sibi
1554 4132 1738 4189 disce-

174 4233 297 4279 rent.
326 4226 473 4296 Quod
498 4235 682 4284 autem
721 4227 1075 4299 superbirent
1099 4225 1358 4297 discipuli
1384 4224 1610 4282 lonnnis
1640 4223 1742 4280 ad-

174 4327 343 4373 versus
371 4321 677 4388 Dominum,
708 4329 765 4377 et
794 4320 1062 4377 haberent
1109 4318 1315 4392 aliquid
1365 4318 1737 4378 mordacitatis

174 4419 233 4462 ex
258 4408 420 4469 livore
446 4422 502 4469 et
532 4412 761 4480 invidia,
795 4413 1045 4485 superior
1071 4427 1289 4485 quoque
1320 4412 1350 4453 δ
1388 4413 1747 4485 interrogatio

174 4497 563 4575 demonstravit,
594 4506 948 4578 Evangelista
987 4506 1308 4564 referente:
1337 4502 1487 4563 Tunc
1515 4523 1745 4563 accesse-

1912 3294 2090 3369 (Vers.
2119 3295 2176 3363 ι,
2205 3294 2287 3369 5.)
2330 3294 2393 3352 Et
2418 3300 2733 3371 respondens
2769 3299 2945 3370 Iesus,
2988 3304 3062 3358 ait
3109 3302 3218 3362 illis
3250 3321 3269 3361 :
3298 3300 3446 3360 Eun-

1840 3395 1913 3444 tes
1962 3388 2075 3462 οε
2111 3390 2405 3445 renuntiate
2457 3390 2657 3446 Joanni
2691 3408 2806 3465 qua:
2843 3392 3065 3450 audistis
3122 3404 3171 3450 et
3216 3396 3439 3453 vidistis.

1839 3481 1977 3539 Cruci
2028 3483 2222 3553 vident,
2286 3484 2463 3540 claudi
2509 3484 2803 3554 ambulant,
2860 3486 3052 3560 leprosi
3100 3486 3442 3560 mandantur,

1838 3576 1986 3632 surdi
2004 3578 2247 3646 audiunt,
2272 3579 2462 3633 mortui
2481 3588 2782 3653 resurgunt.
2808 3578 3049 3638 Joannes
3068 3579 3445 3654 interrogave-

1840 3678 1927 3725 rat
1955 3684 2058 3742 per
2099 3670 2400 3741 discipulos
2429 3688 2443 3726 :
2472 3669 2555 3727 Tu
2584 3690 2638 3729 es
2679 3670 2765 3743 qui
2797 3682 3040 3731 venturus
3064 3692 3119 3731 es
3142 3718 3158 3746 ,
3188 3694 3256 3731 an
3282 3672 3450 3731 alium

1841 3764 2237 3833 exspectamus?
2263 3761 2518 3819 Christus
2546 3762 2700 3836 signa
2733 3765 3102 3837 demonstrat,
3146 3783 3255 3824 non
3285 3767 3351 3823 ad
3383 3782 3448 3825 ea

1841 3853 2184 3925 respondens
2212 3870 2334 3927 qua:
2363 3858 2733 3928 interrogatus
2765 3856 2969 3930 fuerat,
3000 3858 3094 3917 sed
3119 3859 3185 3917 ad
3217 3857 3456 3918 scanda-

1844 3947 1955 4003 lum
1988 3950 2307 4005 nuntiorum
2339 3966 2351 4003 :
2402 3948 2505 4016 Ite,
2541 3951 2742 4022 inQuit,
2785 3960 2835 4007 et
2877 3951 3035 4007 dicite
3057 3951 3260 4008 Joanni
3302 3951 3455 4026 signa

1843 4053 1958 4112 quae
1993 4040 2198 4097 cernitis
2230 4055 2249 4097 :
2283 4054 2462 4099 amcos
2494 4039 2771 4111 videntes,
2814 4050 2870 4099 et
2904 4044 3129 4101 claudos
3161 4044 3452 4102 ambulan-

1843 4140 1951 4203 tes,
1985 4140 2043 4190 et
2066 4132 2302 4207 reliqua.
2328 4132 2398 4190 Et
2425 4131 2571 4205 quod
2602 4134 2687 4192 liis
2713 4150 2821 4191 non
2857 4135 3040 4193 minus
3066 4146 3150 4194 est
3179 4132 3229 4205 ἀ,

1917 4226 2185 4300 Pauperes
2238 4226 2681 4301 eoaugelizantur.
2750 4229 2843 4287 Vel
2904 4246 3176 4303 pauperes
3225 4226 3449 4303 spiritu,

1846 4318 1931 4376 vel
1954 4329 2109 4377 certe
2136 4318 2332 4393 opibus
2359 4317 2468 4395 [ΑΙ.
2504 4320 2789 4396 operibus]
2825 4338 3125 4396 pauperes,
3184 4333 3243 4379 ut
3296 4322 3451 4379 nulla

1848 4412 1994 4471 inter
2038 4412 2257 4471 nobiles
2286 4420 2344 4471 et
2374 4412 2666 4485 ignobiles,
2702 4414 2849 4470 inter
2895 4415 3094 4472 divites
3135 4424 3190 4471 et
3223 4429 3454 4488 egenos,

1847 4504 1902 4561 in
1931 4501 2329 4575 prmdicatione
2356 4502 2619 4562 distantia
2641 4506 2734 4562 sit.
2761 4505 2889 4563 llaec
2913 4506 3159 4579 magistri
3191 4507 3455 4581 rigorem,

176 4596 499 4685 mntadeum
545 4597 798 4664 discipuli
824 4596 1074 4669 Joannis,
1126 4599 1350 4655 dicentes
1379 4617 1398 4655 :
1444 4597 1623 4667 Quare
1651 4597 1971 4685 nothmc
2018 4599 2379 4671 praceptoris
2442 4599 2806 4672 comprobant
2860 4600 3172 4667 veritatem,
3237 4602 3458 4674 quando

177 4690 219 4735 et
244 4682 478 4744 Pharisaei
496 4690 808 4763 jeiunamas
832 4689 1166 4761 frequenter:
1193 4691 1443 4763 discipuli
1473 4701 1644 4748 autem
1675 4695 1752 4749 tui

180 4789 270 4831 non
286 4780 512 4851 jejunum
543 4780 741 4855 (Ibid.,
775 4796 852 4851 lx,
887 4782 1026 4856 ﬂ)?
1062 4780 1135 4840 Et
1163 4782 1333 4840 alibi:
1370 4782 1639 4861 Magister,
1667 4787 1753 4842 cui

183 4874 229 4919 ιι
252 4872 535 4936 perhibuisti
564 4872 684 4949 [AL
724 4875 1015 4950 praebuisti]
1053 4877 1404 4943 testimonium
1436 4879 1508 4933 ad
1552 4878 1752 4934 Jorda-

179 4972 301 5028 nem,
328 4982 435 5020 ecce
457 4969 704 5041 discipuli
731 4972 844 5042 ejus
876 4968 1162 5040 baptizata,
1192 4978 1241 5025 et
1270 4979 1293 5010 ε
1320 4986 1494 5027 omnes
1545 4973 1755 5029 veniunt

181 5052 240 5106 ad
263 5057 564 5132 cumam.
594 5074 681 5129 ιιι,
708 5062 830 5134 26),
863 5062 1017 5132 quasi
1069 5060 1308 5119 dixerint
1338 5080 1351 5119 :
1398 5060 1508 5120 Nos
1533 5062 1754 5122 deseri-

182 5158 305 5216 mur,
330 5150 412 5209 hic
439 5155 635 5211 raritas
656 5164 762 5225 est,
792 5154 861 5209 ad
901 5154 1056 5210 illum
1092 5155 1250 5212 turba
1273 5156 1574 5214 concurrit.

244 5240 407 5310 (Vers.
435 5246 519 5318 δ.)
558 5245 644 5303 Τιι
671 5262 724 5303 es
754 5248 848 5317 qui
876 5257 1123 5305 venturus
1158 5264 1210 5305 es
1234 5292 1252 5317 ,
1283 5266 1356 5306 an
1381 5250 1545 5305 alium
1571 5270 1756 5325 exspe-

181 5337 394 5392 ctemus?
427 5338 546 5396 Non
595 5339 707 5395 ait:
743 5349 801 5396 tu
828 5353 891 5397 es
917 5341 1016 5413 qui
1042 5341 1239 5399 venisti
1273 5360 1288 5398 :
1331 5343 1449 5413 sed,
1484 5352 1541 5399 tu
1571 5358 1631 5401 es
1661 5347 1753 5417 qui

186 5520 191 5523 ’
248 5525 272 5556 ³
304 5517 404 5577 Pro
446 5522 736 5595 impressa_
763 5521 1069 5593 Scriptura:
1099 5523 1358 5595 perieope
1389 5522 1530 5595 hanc
1567 5524 1765 5594 prurie-

187 5596 299 5660 {unt
320 5607 441 5647 mss.
472 5592 669 5660 nostri,
700 5592 937 5648 Joannes
970 5604 1141 5647 autem
1185 5592 1303 5650 cuni
1348 5592 1583 5649 audisset
1610 5611 1767 5660 opera

187 5640 613 5742 cassita-aa:
631 5640 1165 5742 moguntina.
1186 5640 1322 5735 ἓῖιὲῖ,
1348 5640 1580 5742 ξζξῐᾶξ
1608 5640 1769 5721 ἆ·ᾜᾶ

187 5735 513 5813 quirentttrus
560 5752 638 5813 es,
670 5752 742 5813 an
790 5735 1668 5813 alium‘mpectamusiQuidam
1713 5746 1769 5792 et

187 5811 297 5867 post
320 5805 559 5876 verbum,
594 5804 852 5876 audisset,
881 5804 1114 5878 addunt,
1141 5809 1195 5863 in
1225 5808 1465 5865 uinculis.

1855 4690 2039 4750 omnis
2067 4692 2212 4765 apud
2260 4710 2385 4750 eum
2431 4695 2524 4763 qui
2564 4693 2771 4752 salvari
2823 4704 3027 4767 potest,
3080 4697 3305 4769 aqualis
3351 4706 3456 4756 est.

1856 4784 2010 4856 Quod
2042 4793 2224 4842 autem
2265 4786 2341 4841 ait
2370 4804 2383 4839 :

1930 4876 2111 4950 (Vers.
2159 4875 2242 4949 6.)
2282 4875 2349 4931 Et
2380 4874 2556 4932 beatus
2598 4874 2689 4948 qui
2733 4893 2837 4932 non
2871 4876 3028 4949 fuerit
3070 4878 3457 4937 scandalizatus

1856 4972 1911 5025 in
1942 4983 2043 5025 me.
2093 4968 2462 5026 internuntios
2490 4968 2747 5040 percutit,
2794 4970 2938 5026 sicut
2982 4968 3035 5026 in
3066 4972 3457 5044 consequenti-

1859 5063 1961 5121 bus
1990 5061 2484 5120 demonstrabitur.

1931 5154 2116 5226 (Vers.
2148 5154 2230 5228 7.)
2274 5153 2391 5211 iiiis
2431 5164 2603 5211 autent
2632 5154 2957 5225 abeuntibus,
2989 5157 3139 5228 erepit
3176 5151 3337 5213 Jesus
3373 5157 3461 5213 di-

1856 5268 1971 5309 cere
2022 5251 2091 5306 ad
2143 5249 2320 5306 turbas
2359 5248 2421 5305 de
2459 5249 2662 5307 Joanne
2689 5269 2708 5307 :
2740 5250 2882 5319 Quid
2913 5253 3089 5308 existis
3118 5251 3172 5306 in
3202 5251 3465 5308 desertum

1856 5345 2072 5401 uidere?
2097 5344 2406 5399 arundinem
2458 5353 2606 5400 vento
2632 5345 2925 5419 agitatam?
2955 5344 3065 5402 Sed
3112 5342 3239 5419 quid
3280 5344 3465 5401 existis

1940 5522 1968 5563 δ
2008 5520 2249 5587 Rhabb.,
2274 5521 2648 5591 interpretatio.

1949 5605 1973 5634 c
2013 5593 2121 5649 Pro
2149 5605 2345 5657 omnes,
2379 5588 2521 5661 quod
2546 5591 2680 5661 etin
2707 5588 2904 5661 (ἶνινοο
2970 5601 3191 5651 resonat
3240 5595 3427 5657 πάντες
3453 5633 3470 5660 .

1871 5666 1927 5722 in
1963 5665 2221 5721 Palatinis
2252 5660 2488 5734 mss.iut
2523 5660 2826 5734 etVictorii
2865 5661 3102 5734 editione
3128 5673 3230 5731 est,
3267 5665 3463 5734 plures.

1939 5735 1968 5776 ⁸
2010 5738 2143 5793 Mss.
2185 5733 2415 5791 Palatini
2440 5732 2747 5803 continenti
2778 5733 2955 5798 serie,-
2987 5744 3031 5787 et
3058 5736 3198 5803 quod
3242 5732 3322 5789 Itis
3363 5751 3467 5789 non

1873 5808 2043 5864 minus
2065 5818 2160 5879 est,
2188 5820 2442 5878 pauperes
2461 5802 2857 5878 erangelizdtos.
2900 5803 2991 5859 Vel
3014 5802 3282 5876 pauperes,
3321 5813 3427 5862 etc.
