3966 6304
519 264 586 321 71
836 260 843 267 “
1320 298 1323 303 -
1779 249 1837 307 S.
1882 243 2159 305 EUSEBII
2197 242 2574 303 HIERONYMI
3761 231 3834 289 7?.

522 378 731 433 videre?
764 372 1027 428 hominem
1064 370 1307 426 mollibus
1341 366 1614 423 vestitum?
1646 362 1777 419 Ecce
1817 363 1905 433 qui
1944 360 2121 416 molti-
2151 363 2202 421 Α
2228 360 2322 431 qui
2348 361 2460 431 jam
2491 373 2613 413 cum
2641 356 2755 411 Deo
2782 361 2894 421 est,
2933 353 3107 425 major
3135 351 3210 409 sit
3234 350 3327 407 illo
3356 349 3451 422 qui
3480 348 3659 406 adhuc
3687 364 3835 405 con-

520 467 615 523 bus
662 467 978 528 vestiuntur,
1025 462 1079 514 in
1110 461 1347 530 domibus
1385 473 1565 532 regum
1594 465 1735 510 sunt.
1764 454 1821 510 Si
1874 453 2125 523 superior

522 558 798 616 sententia
836 566 1028 612 contra
1060 556 1327 611 Joannem
1359 552 1570 622 prolata
1621 547 1823 613 fuerat,
1856 554 1918 599 ut
1955 545 2124 614 pleri-

514 670 623 726 que
652 655 1011 720 arbitrantur,
1050 654 1102 706 in
1136 665 1203 706 eo
1241 647 1389 719 quod
1420 646 1493 701 ait
1522 663 1537 700 :
1571 644 1758 699 Beatus
1800 651 1875 696 est
1906 641 1992 710 qui
2024 655 2125 694 non

519 746 677 818 fuerit
718 746 1105 800 scandalizatus
1136 744 1189 795 in
1234 756 1335 805 me,
1370 735 1644 808 quomodo
1694 746 1838 788 nunc
1885 733 2126 788 Joannes

517 838 686 893 tantis
717 837 972 893 laudibus
1005 831 1369 907 prtedicatur?
1402 829 1510 887 Sed
1538 830 1669 900 quia
1699 827 1855 883 turba
1885 825 2125 881 circum-

517 941 667 985 stans
697 927 1141 999 interrogationis
1171 922 1497 997 mysterium
1543 919 1847 984 nesciebat,
1885 924 1943 973 et
1972 926 2127 987 puta-

527 1024 623 1079 bat
651 1025 919 1080 Joannem
945 1022 1197 1078 dubitare
1222 1019 1290 1074 de
1319 1015 1563 1082 Christo,
1592 1029 1754 1085 quem
1805 1014 1924 1084 ipse
1970 1025 2129 1065 mon-

518 1123 795 1170 straverat
831 1113 1025 1185 digito,
1058 1123 1117 1167 ut
1151 1110 1515 1179 intelligerent
1563 1107 1835 1162 Joannem
1868 1118 1977 1159 non
2020 1102 2129 1157 sibi

520 1209 915 1279 interrogasse,
951 1204 1050 1262 sed
1077 1204 1369 1275 discipulis
1396 1205 1514 1258 suis
1543 1218 1556 1255 :
1590 1199 1755 1268 Quid,
1794 1199 1987 1267 inquit,
2016 1196 2131 1252 exi-

522 1302 623 1356 stis
659 1299 716 1354 in
754 1297 1089 1355 desertum?
1140 1294 1412 1367 Numquid
1460 1293 1532 1348 ob
1580 1292 1703 1359 hoc,
1737 1298 1799 1345 ut
1849 1288 2125 1343 hominem

523 1392 792 1448 videretis
824 1391 1042 1447 calamo
1067 1391 1180 1463 69
1216 1388 1477 1453 similem,
1505 1386 1595 1456 qui
1624 1382 1775 1440 omni
1805 1391 1975 1437 vento
2020 1379 2129 1436 cir-

524 1483 845 1548 cumfertur,
878 1492 934 1538 et
976 1485 1199 1537 levitate
1231 1480 1433 1536 mentis
1458 1478 1528 1533 de
1542 1492 1610 1532 eo
1631 1476 1941 1545 ambigeret
1966 1486 2128 1543 quem

527 1587 687 1633 antea
720 1574 1193 1647 praedicarat?An
1237 1574 1467 1631 forsitan
1512 1570 1749 1627 stimulis
1800 1576 1991 1624 contra
2042 1579 2130 1620 me

526 1669 746 1724 invidia:
774 1670 1009 1739 cogitur,
1046 1677 1103 1723 et
1141 1666 1458 1738 praedicatio
1489 1664 1611 1735 ejus
1638 1676 1838 1717 vanam
1881 1666 2128 1716 sectatur

2226 452 2372 507 sistit
2414 452 2466 505 in
2508 449 2724 521 proelio.
2768 446 2929 503 Aliud
2970 453 3058 502 est
3099 444 3244 501 enim
3289 458 3548 499 coronam
3575 440 3838 498 victoria:

2226 542 2531 614 possidere,
2556 541 2667 614 7o
2692 540 2841 596 aliud
2857 538 3035 595 adhuc
3052 539 3104 593 in
3132 539 3251 594 acie
3276 537 3563 593 dimicare.
3590 535 3837 603 Quidam

2227 634 2582 691 novissimum
2615 632 2871 705 angelum
2900 631 2954 687 in
2986 631 3142 688 ctelis
3167 630 3396 686 Domino
3417 628 3839 684 ministrantem

2228 728 2510 783 meliorem
2559 727 2748 782 volunt
2792 725 3044 795 accipere
3088 723 3336 796 quolibet
3370 722 3550 794 primo
3579 720 3835 787 homine,

2228 819 2318 889 qui
2348 827 2600 874 versetur
2630 818 2683 873 in
2721 818 2905 873 terris.

2299 911 2481 985 (Vers.
2518 912 2634 982 12.)
2672 912 2718 964 Α
2746 911 2927 966 diebus
2957 920 3127 965 autem
3144 908 3370 965 Joannis
3392 909 3646 983 Baptista:
3666 928 3839 982 usque

2231 1022 2369 1059 nunc
2407 1020 2624 1076 regnum
2661 1004 2904 1059 caelorum
2933 1004 3033 1057 vim
3058 1005 3277 1075 patitur,
3306 1012 3351 1057 et
3375 1003 3587 1057 violenti
3616 1004 3839 1075 rapiunt

2229 1097 2385 1153 illud.
2448 1099 2504 1154 Si
2536 1099 2743 1168 primus
2769 1097 3031 1163 Joannes,
3057 1108 3118 1152 ut
3144 1111 3306 1168 supra
3333 1096 3571 1153 diximus
3590 1139 3604 1165 ,
3647 1098 3839 1168 penni-

2232 1196 2454 1251 tentiam
2474 1193 2687 1265 populis
2706 1192 3000 1259 nuntiavit,
3014 1192 3204 1248 dicens
3229 1208 3243 1245 :
3275 1191 3645 1246 Paenitentiam
3668 1193 3839 1263 agite;

2232 1288 2668 1360 appropinquabit
2697 1288 2834 1342 enim
2855 1303 3073 1360 regnum
3100 1286 3388 1341 caelorum:
3420 1296 3843 1356 consequenter

2233 1397 2262 1436 a
2294 1381 2491 1436 diebus
2519 1380 2665 1435 illius
2691 1395 2919 1451 regnum
2949 1379 3210 1436 caelorum
3234 1379 3343 1433 vim
3373 1379 3598 1448 patitur,
3634 1388 3694 1435 et
3720 1379 3843 1434 vio-

2233 1471 2372 1527 lenti
2398 1469 2662 1541 diripiunt
2691 1470 2845 1525 illud.
2886 1468 3124 1525 Grandis
3153 1470 3300 1523 enim
3330 1478 3415 1524 est
3446 1468 3711 1527 violentia
3733 1510 3749 1535 ,
3786 1469 3842 1523 in

2235 1574 2380 1619 terra
2428 1577 2528 1618 nos
2567 1576 2691 1618 esse
2718 1572 3011 1631 generatos
3062 1569 3116 1616 et
3156 1558 3423 1616 caelorum
3459 1560 3651 1616 sedem
3685 1575 3843 1628 qua:-

2232 1671 2388 1722 rere,
2433 1655 2714 1726 possidere
2756 1669 2853 1725 per
2900 1654 3163 1710 virtutem
3189 1694 3204 1721 ,
3248 1652 3392 1726 quod
3420 1667 3528 1709 non
3557 1654 3843 1709 tenuimus

538 1762 791 1833 gloriam,
823 1770 881 1816 ut
902 1776 974 1817 ex
1002 1775 1068 1816 ea
1096 1767 1306 1831 quaarat
1331 1760 1479 1814 lucra
1500 1756 1523 1811 ‘l
1544 1757 1655 1813 Cur
1676 1754 1896 1811 divitias
1917 1751 2124 1822 cupiat,
2155 1747 2205 1809 B
2231 1765 2328 1820 per
2355 1757 2624 1804 naturam.

526 1864 587 1909 ut
612 1854 799 1908 afﬂuat
830 1853 1106 1923 dapibus?
1135 1851 1388 1907 Locustis
1417 1850 1679 1916 vescitur,
1719 1855 1775 1903 et
1821 1845 1984 1902 melle
2032 1842 2128 1899 sil-

527 1947 720 2003 vestri.
762 1950 846 2002 An
896 1956 953 2001 ut
1003 1947 1263 2003 mollibus
1292 1944 1595 2001 vestiatur?
1640 1941 1744 1998 Pili
1792 1939 2127 1997 camelorum

540 2048 752 2109 tegmen
777 2038 897 2111 ejus
934 2047 1083 2094 sunt.
1111 2037 1276 2094 Istius
1307 2035 1455 2093 modi
1486 2036 1642 2092 cibus
1672 2043 1729 2091 et
1753 2034 1923 2089 vestis
1948 2045 2130 2087 carce-

526 2131 603 2187 ris
634 2131 877 2201 hnspitio
906 2131 1270 2201 recipiuntur,
1310 2137 1366 2186 et
1391 2128 1714 2200 prmdicatio
1742 2126 1988 2181 veritatis
2023 2124 2129 2180 tale

527 2224 694 2281 habet
735 2225 1122 2281 habitaculum.
1168 2223 1274 2291 Qui
1318 2231 1498 2278 autem
1533 2220 1850 2277 adulatores
1896 2226 2043 2283 sunt,
2074 2226 2127 2273 et

529 2325 807 2372 sectantur
835 2318 1009 2382 lucra,
1059 2328 1115 2372 et
1150 2323 1407 2386 quaerunt
1435 2312 1680 2378 divitias,
1709 2322 1765 2368 et
1794 2310 2007 2367 deliciis
2049 2308 2130 2364 af-

531 2408 727 2477 fluunt,
758 2416 814 2462 et
835 2407 1092 2463 mollibus
1119 2405 1457 2473 vestiuntur,
1493 2404 1584 2460 isti
1636 2404 1690 2457 in
1738 2401 1995 2458 domibus
2043 2415 2131 2457 re-

529 2516 656 2572 gum
691 2511 840 2556 sunt.
873 2500 953 2555 Ex
978 2515 1087 2570 quo
1118 2499 1423 2556 ostenditur
1462 2496 1696 2567 rigidam
1757 2495 1925 2550 vitam
1954 2503 2010 2551 et
2035 2509 2130 2549 au-

529 2600 731 2647 steram
761 2591 1234 2662 praedicationem,
1280 2591 1451 2646 vitare
1491 2590 1696 2646 debere
1730 2588 1884 2643 aulas
1914 2603 2128 2659 regum,

528 2695 585 2741 et
613 2685 859 2740 mollium
890 2684 1175 2740 hominum
1199 2685 1405 2755 palatia
1433 2684 1732 2741 declinare.

603 2777 784 2851 (Vers.
813 2777 896 2851 8.)
915 2777 1023 2835 Sed
1039 2780 1167 2850 quid
1186 2779 1367 2834 existis
1382 2779 1575 2848 videre,
1589 2778 1935 2851 praphetam?
1954 2777 2131 2833 Etiam

532 2870 651 2924 dico
688 2870 866 2938 vobis,
906 2880 954 2924 et
993 2871 1269 2942 plusquam
1315 2869 1638 2941 praphetam.
1696 2870 1755 2925 ln
1795 2884 1862 2927 eo
1890 2869 2132 2925 Joannes

534 2964 819 3035 prophetis
858 2968 1075 3020 caeteris
1107 2964 1283 3035 major
1306 2976 1387 3021 est
1415 3006 1431 3031 ,
1461 2965 1607 3036 quod
1636 2980 1796 3035 quem
1834 2965 1908 3021 illi
1933 2964 2129 3036 praedi-

532 3066 797 3113 caverant
823 3072 950 3113 esse
978 3066 1265 3113 venturum
1286 3099 1302 3124 ,
1334 3057 1427 3113 hic
1456 3060 1674 3113 venisse
1707 3057 1876 3129 digito
1902 3057 2131 3113 demon-

2304 1840 2482 1910 (Vers.
2514 1840 2628 1910 15.)
2656 1838 2845 1893 Omnes
2882 1838 3019 1893 enim
3058 1836 3321 1910 praplteta:
3348 1846 3395 1893 et
3430 1836 3541 1893 Lex
3569 1854 3740 1907 usque
3770 1839 3842 1892 ad

2228 1931 2489 1987 Joannem
2527 1934 2982 2003 praphetaverunt.
3044 1931 3160 1988 Non
3203 1931 3347 2003 quod
3387 1943 3504 2003 post
3553 1933 3839 1989 Joannem

2230 2025 2485 2082 excludat
2521 2026 2842 2096 Pr0phetas.
2898 2023 3155 2095 Legimus
3185 2026 3328 2080 enim
3362 2025 3414 2079 in
3435 2023 3673 2081 Actibus
3705 2040 3845 2096 apo-

2229 2118 2500 2173 stolorum
2549 2116 2685 2190 (Act.
2719 2133 2793 2186 xi,
2821 2116 2915 2188 21)
2941 2159 2955 2183 ,
2989 2126 3045 2172 et
3073 2116 3323 2187 Agabum
3352 2116 3750 2188 prophetasse,
3786 2127 3841 2174 et

2230 2220 2460 2281 quatuor
2487 2213 2725 2284 virgines
2744 2212 2883 2267 filias
2912 2210 3171 2282 Philippi;
3195 2211 3291 2267 sed
3318 2211 3461 2283 quod
3489 2211 3602 2267 Lex
3631 2221 3689 2266 et
3715 2228 3844 2283 pro-

2233 2304 2408 2374 phetas
2436 2319 2573 2374 quos
2601 2306 2836 2375 scriptos
2865 2304 3095 2375 legimus
3116 2344 3130 2370 ,
3158 2302 3419 2375 quidquid
3454 2303 3835 2374 prophetave-

2232 2407 2399 2466 runt,
2433 2398 2500 2458 de
2527 2399 2757 2455 Domino
2794 2398 3072 2454 vaticinati
3104 2408 3251 2453 sunt.
3313 2398 3547 2465 Quando
3578 2414 3717 2470 ergo
3749 2398 3840 2455 di-

2231 2490 2410 2547 citur:
2480 2490 2668 2547 Omnes
2715 2490 2992 2557 PrOpIteta:
3030 2501 3078 2545 et
3118 2489 3230 2547 Lex
3276 2507 3436 2563 usque
3477 2492 3545 2545 ad
3566 2490 3843 2547 Joannem

2233 2586 2703 2659 praphetaverunt,
2732 2585 2935 2641 Christi
2979 2593 3195 2656 tempus
3218 2584 3548 2652 ostenditur,
3588 2594 3648 2641 ut
3670 2601 3843 2656 quem

2232 2678 2315 2734 illi
2338 2678 2597 2733 dixerunt
2624 2693 2749 2734 esse
2770 2686 3058 2734 venturum
3081 2719 3097 2747 ,
3130 2679 3371 2735 Joannes
3398 2678 3618 2735 venisse
3652 2690 3848 2737 osten-

2232 2773 2412 2831 deret.

2306 2866 2486 2937 (Vers:
2520 2867 2611 2933 Η,
2642 2865 2756 2936 15.)
2787 2864 2853 2921 Ει
2881 2865 2927 2920 si
2961 2863 3116 2919 vultis
3145 2864 3372 2937 recipere
3398 2906 3411 2931 ,
3440 2864 3551 2936 ipse
3575 2875 3655 2918 est
3686 2863 3844 2920 Elias

2234 2961 2323 3029 qui
2369 2969 2612 3013 venturus
2656 2967 2753 3013 est.
2797 2958 2898 3024 Qui
2942 2956 3093 3013 habet
3133 2974 3284 3012 aures
3310 2956 3587 3019 audiendi,
3616 2959 3837 3013 audiat.

2238 3052 2355 3105 lloc
2378 3052 2520 3120 quod
2540 3053 2743 3107 dictum
2766 3063 2850 3108 est
2875 3069 2887 3107 :
2921 3053 2966 3107 si
2982 3051 3133 3107 vultis
3154 3053 3402 3124 recipere,
3431 3053 3541 3124 ipse
3562 3062 3639 3105 est
3665 3051 3844 3119 Elius,

529 3148 744 3215 stravit,
780 3148 1000 3205 dicens:
1036 3149 1170 3205 Ecce
1208 3150 1386 3222 Agnus
1426 3149 1561 3219 Dei,
1603 3167 1717 3205 ecce
1743 3150 1833 3221 qui
1859 3148 1991 3204 tollit
2013 3167 2132 3222 pec-
2156 3120 2203 3185 (ἶ
2237 3143 2521 3215 mySticum
2554 3158 2675 3199 esse
2704 3152 2758 3199 et
2780 3159 2941 3215 egere
2969 3144 3346 3214 intelligentia,
3380 3157 3615 3211 sequens
3649 3158 3847 3199 sermo

532 3254 647 3299 cata
683 3245 888 3300 mundi.
951 3244 1018 3299 Et
1064 3253 1091 3282 α
1140 3246 1265 3316 quia
1312 3245 1379 3299 ad
1418 3244 1764 3315 privilegium
1810 3243 2131 3315 prOphetale

528 3337 694 3393 etiam
719 3337 974 3407 Baptista:
992 3338 1221 3393 accessit
1239 3338 1548 3409 praemium,
1575 3345 1637 3392 ut
1656 3336 1949 3391 Dominum
1971 3350 2132 3391 suum

533 3430 858 3502 baptizaret,
888 3430 1016 3487 inde
1044 3430 1154 3503 [ΑΙ.
1182 3429 1350 3502 unde]
1381 3431 1540 3485 infert
1572 3429 1890 3485 meritorum
1921 3428 1949 3469 δ
1977 3426 2134 3493 αὔξη-

531 3546 647 3591 σιν,
675 3522 881 3578 faciens
907 3523 976 3577 de
1009 3521 1272 3576 Malacliia
1298 3520 1709 3587 testimonium,
1742 3521 1795 3573 in
1831 3534 1937 3589 quo
1967 3520 2129 3573 etiam

532 3613 760 3684 angelus
810 3613 1141 3683 pra-dicatur
1189 3610 1449 3684 (Malach.
1481 3610 1568 3681 ιι).
1637 3610 1905 3681 Angelum
1949 3618 2130 3665 autem

533 3704 623 3760 hic
645 3703 748 3758 dici
779 3703 1045 3759 Joannem
1072 3720 1182 3758 non
1210 3712 1463 3772 putemus
1494 3712 1704 3757 natura:
1724 3702 2009 3769 societate,
2037 3702 2134 3758 sed

534 3794 705 3849 ofﬁcii
753 3794 1023 3867 dignitate
1045 3833 1063 3862 ,
1093 3793 1147 3850 id
1176 3802 1300 3862 est,
1331 3794 1581 3849 nuntium
1611 3832 1628 3861 ,
1664 3792 1809 3864 quod
1846 3802 2132 3849 venturum

538 3886 831 3943 Dominum
862 3888 1142 3943 nuntiarit.

607 3980 787 4051 (Vers.
822 3980 940 4052 11.)
970 3980 1131 4035 Amen
1161 3981 1278 4037 dico
1302 3982 1464 4048 vobis,
1500 3998 1605 4037 non
1637 3984 1859 4037 surrexit
1892 3985 2025 4038 inter
2042 4000 2137 4038 na-

539 4080 619 4127 tos
641 4071 916 4127 mulierum
947 4074 1119 4144 major
1148 4072 1356 4130 Joanne
1384 4073 1642 4147 Baptista.
1675 4076 1821 4131 Inter
1842 4084 2024 4146 natos,
2056 4078 2140 4133 in-

537 4162 677 4233 quit,
706 4162 1025 4218 mulierum.
1069 4164 1165 4220 His
1191 4180 1323 4237 ergo
1350 4165 1636 4235 praefertur
1667 4166 2004 4235 hominibus,
2043 4168 2138 4241 qui

545 4253 613 4309 de
638 4254 955 4310 mulieribus
984 4256 1095 4310 nati
1122 4265 1271 4322 sunt,
1300 4264 1355 4310 et
1369 4257 1438 4312 de
1464 4258 1759 4314 concubitu
1792 4258 1916 4327 viri,
1950 4269 2005 4315 et
2027 4275 2136 4315 non

547 4345 598 4400 ci
621 4347 711 4417 qui
742 4356 825 4402 est
853 4357 1012 4402 natus
1033 4363 1097 4403 ex
1118 4347 1365 4420 Virgine,
1391 4357 1447 4405 et
1468 4348 1673 4421 Spiritu
1700 4363 1918 4407 sancto:
1950 4368 2141 4423 qnam-

541 4452 704 4507 quam
739 4441 789 4492 in
823 4453 889 4493 eo
910 4439 1054 4510 quod
1075 4438 1215 4495 dixit
1240 4458 1254 4495 :
1290 4438 1415 4495 Non
1440 4443 1667 4497 surrexit
1688 4445 1858 4515 major
1886 4445 2020 4499 inter
2040 4462 2136 4500 na-

541 4538 619 4585 tos
648 4529 928 4585 mulierum
967 4529 1174 4587 Joanne
1213 4530 1449 4606 Baptista
1470 4575 1485 4601 ,
1521 4549 1626 4591 non
1660 4536 1874 4591 caeteris
1903 4536 2141 4607 prOphe-

541 4623 611 4678 tis
649 4632 705 4678 et
738 4624 1069 4694 patriarchis
1099 4667 1114 4692 ,
1166 4626 1485 4698 cunctisque
1524 4628 1838 4684 hominibus
1878 4628 2142 4685 Joannem

534 4714 796 4787 praetulit,
833 4727 855 4757 α
889 4718 985 4774 sed
1013 4717 1213 4774 Joanni
1240 4728 1474 4774 caeteros
1494 4722 1817 4790 exaequavit.
1850 4720 1966 4775 Non
1997 4721 2141 4777 enim

537 4806 721 4863 statim
748 4809 1031 4880 sequitur,
1063 4819 1121 4866 ut
1148 4809 1196 4865 si
1224 4810 1316 4865 alii
1349 4810 1588 4880 majores
1617 4828 1683 4867 eo
1715 4828 1821 4867 non
1845 4821 1971 4868 sunt
1998 4857 2014 4883 ,
2046 4814 2144 4869 ille

535 4903 713 4973 major
747 4903 984 4961 aliorum
1021 4905 1129 4960 sit:
1173 4920 1363 4962 verum
1395 4916 1455 4961 ut
1486 4907 1854 4978 xequalitatem
1885 4922 2009 4963 eum
2037 4922 2144 4963 ca:-

537 4996 671 5051 teris
696 4997 901 5052 sanctis
929 4996 1152 5054 habeat.

618 5086 719 5154 Qui
766 5098 941 5143 autem
984 5090 1153 5143 minor
1195 5097 1269 5142 est
1306 5089 1361 5143 in
1391 5106 1550 5161 reqno
1579 5091 1847 5159 caelorum,
1872 5092 2042 5163 major
2066 5100 2142 5146 est

538 5178 657 5233 illo.
710 5177 860 5233 Multi
907 5178 976 5234 de
1025 5179 1312 5235 Salvatore
1358 5179 1464 5234 hoc
1505 5180 1735 5252 intelligi
1765 5181 1961 5236 volunt
1996 5181 2138 5253 quod

541 5273 634 5343 qui
667 5274 847 5329 minor
869 5283 954 5329 est
982 5282 1253 5343 tempore,
1286 5273 1461 5345 major
1490 5275 1561 5329 sit
1586 5274 1872 5346 dignitate.
1914 5276 2024 5332 Nos
2045 5292 2141 5331 au-

544 5370 653 5418 tem
693 5365 1015 5436 simpliciter
1053 5364 1460 5435 intelligamus:
1493 5365 1638 5436 quod
1684 5366 1863 5422 omnis
1895 5376 2136 5435 sanctus,

616 5554 641 5621 ξι
681 5546 922 5621 Rhabb.._
949 5554 998 5600 et
1024 5546 1207 5621 cuiad
1238 5548 1505 5621 fastigium
1534 5547 1835 5617 prophetale
1862 5547 2015 5601 etiam
2037 5545 2143 5601 Ba-

551 5616 720 5692 ptistae
745 5618 943 5692 accepit
970 5616 1322 5692 privilegium,
1345 5616 1399 5673 ut
1426 5634 1599 5692 suum,
1629 5616 1737 5674 etc.

616 5685 643 5722 ι)
686 5688 739 5740 In
772 5687 927 5742 codd.
962 5685 1118 5756 mss,
1148 5685 1450 5745 nteritoi'um
1479 5688 1717 5757 αὔξησιν,
1748 5689 1803 5744 id
1826 5698 1922 5757 est,
1943 5690 2143 5745 auctio-

2236 3235 2451 3291 Domini
2474 3236 2833 3301 demonstrat,
2859 3237 3075 3293 dicens:
3105 3235 3205 3303 Qui
3229 3236 3380 3292 habet
3395 3252 3545 3290 aures
3558 3236 3845 3302 audiendi,

2234 3329 2433 3383 audiat.
2478 3328 2536 3385 Si
2566 3331 2711 3384 enim
2740 3329 2933 3400 planus
2973 3339 3122 3385 esset
3166 3342 3360 3384 sensus
3385 3370 3401 3394 ,
3447 3336 3502 3383 et
3542 3327 3848 3383 manifesta

2242 3423 2535 3487 sententia,
2566 3421 2694 3491 quid
2736 3437 2962 3478 necesse
3003 3422 3101 3477 fuit
3129 3436 3229 3477 nos
3262 3420 3329 3476 ad
3352 3421 3498 3476 illius
3524 3419 3852 3492 intelligen-

2238 3514 2366 3566 tiam
2401 3512 2736 3581 praeparari?
2771 3513 2917 3568 Elias
2943 3528 3074 3583 ergo
3095 3512 3335 3569 Joannes
3356 3511 3581 3578 dicitur,
3612 3527 3729 3567 non
3761 3529 3853 3570 se-

2234 3606 2473 3661 cundum
2501 3606 2700 3662 stultos
2729 3605 3083 3677 philosophos
3118 3618 3173 3662 et
3204 3606 3469 3677 quosdam
3519 3605 3851 3674 lucreticos,

2236 3701 2759 3775 (ιιιίμετεμψύχωσιν
2791 3701 3179 3758 introducunt:
3213 3702 3309 3757 sed
3338 3700 3481 3773 quod
3508 3700 3667 3770 juxta
3693 3702 3853 3757 aliud

2248 3795 2615 3849 testimonium
2675 3794 2955 3865 Evangelii
3008 3794 3219 3851 venerit
3247 3794 3299 3849 in
3331 3794 3524 3864 spiritu
3552 3804 3605 3848 et
3638 3797 3856 3851 virtute

2238 3886 2372 3942 Elite
2396 3930 2411 3955 ,
2446 3887 2693 3944 eamdem
2719 3890 2892 3944 sancti
2922 3888 3161 3959 Spiritus
3187 3888 3272 3942 vel
3302 3888 3531 3958 gratiam
3558 3886 3853 3954 habuerit,

2240 3981 2323 4034 vel
2381 3994 2722 4037 mensuram.
2787 3980 2897 4038 Sed
2959 3991 3015 4036 et
3062 3980 3185 4035 vitze
3230 3981 3528 4035 austeritas
3579 3980 3856 4052 rigorque

2240 4075 2443 4129 mentis
2465 4074 2597 4130 Elia:
2621 4085 2680 4130 et
2707 4074 2933 4130 Joannis
2961 4088 3120 4144 pares
3149 4083 3297 4129 sunt.
3339 4073 3435 4129 Ille
3461 4072 3608 4127 enim
3644 4072 3702 4127 in
3729 4089 3860 4131 ere-

2242 4178 2355 4231 mo,
2391 4165 2494 4220 iste
2524 4165 2579 4220 in
2608 4180 2796 4220 eremo
2825 4183 2837 4217 :
2868 4164 2959 4220 ille
2987 4180 3122 4219 zona
3156 4164 3384 4235 pellicca
3406 4164 3768 4234 cingebatur,
3804 4176 3859 4222 et

2242 4258 2348 4314 iste
2393 4257 2573 4313 simile
2616 4256 2807 4313 habuit
2855 4256 3152 4328 cingulum.
3210 4256 3303 4311 Ille
3346 4257 3603 4327 quoniam
3650 4272 3856 4328 regem

2250 4348 2437 4407 Achab
2461 4360 2515 4406 et
2543 4349 2760 4405 Jezabel
2793 4349 3089 4420 impietatis
3114 4349 3320 4418 arguit,
3368 4348 3558 4419 fugere
3586 4353 3853 4419 compul-

2244 4456 2338 4497 sus
2368 4451 2449 4497 est
2477 4441 2569 4510 (lll
2594 4440 2727 4513 Reg.
2754 4440 2904 4513 xu);
2947 4442 3051 4496 iste
3082 4441 3205 4511 quia
3234 4440 3465 4496 Herodis
3490 4451 3546 4495 et
3574 4439 3860 4501 Herodia-

2166 4510 2219 4570 D
2244 4534 2331 4591 dis
2379 4533 2600 4589 illicitas
2632 4510 2812 4603 arguit
2850 4510 3107 4602 nuptias,
3133 4532 3312 4602 capite
3337 4540 3647 4587 truncatur.
3690 4532 3853 4593 Sunt

2244 4632 2337 4701 qui
2371 4636 2661 4701 propterea
2702 4627 2999 4691 Joannem,
3035 4626 3212 4682 Etiam
3243 4627 3428 4682 vocari
3452 4636 3669 4697 putant,
3693 4632 3856 4699 quod

2244 4723 2524 4793 quomodo
2574 4722 2627 4778 in
2675 4721 2919 4778 secundo
2946 4719 3247 4778 Salvatoris
3276 4720 3514 4776 adventu
3536 4719 3694 4790 juxta
3724 4722 3857 4779 Ma-

2246 4812 2482 4869 lachiam
2515 4828 2891 4885 praeessurus
2918 4821 3005 4869 est
3033 4812 3201 4880 Elias,
3228 4813 3335 4884 71
3363 4819 3420 4868 et
3443 4821 3740 4868 venturum
3761 4816 3859 4885 ju-

2245 4907 2422 4963 dicem
2457 4908 2845 4962 nuntiaturus:
2892 4908 2978 4961 sic
3024 4905 3263 4962 Joannes
3295 4907 3349 4961 in
3397 4906 3575 4976 primo
3605 4904 3861 4964 adventu

2243 4998 2465 5064 fecerit;
2485 5007 2541 5054 et
2562 5007 2790 5070 uterque
2816 4999 2889 5055 sit
2909 4999 3130 5054 nuntius
3144 4998 3231 5054 vel
3254 4996 3414 5069 primi
3442 4995 3711 5053 adventus
3739 4998 3861 5057 θος

2247 5093 2399 5159 mini,
2426 5075 2515 5148 vel
2549 5092 2801 5148 secundi.

2318 5183 2503 5255 (Vers.
2530 5182 2755 5254 l6seq.)
2769 5180 2866 5237 Cui
2884 5192 3058 5238 autem
3084 5184 3307 5238 similem
3333 5181 3601 5239 mstimabo
3629 5200 3863 5255 genera-

2243 5276 2431 5329 tionem
2464 5275 2651 5329 istam?
2670 5273 2871 5329 Similis
2884 5282 2958 5329 est
2980 5275 3153 5346 pueris
3166 5275 3459 5330 sedentibus
3487 5275 3544 5328 in
3573 5277 3694 5346 foro
3711 5318 3727 5344 ,
3760 5281 3859 5349 qui

2243 5368 2527 5422 clamantes
2565 5368 2911 5439 coarqualibus
2931 5370 3039 5425 suis
3085 5370 3308 5424 dicunt:
3355 5368 3650 5425 Cecinimus
3679 5373 3854 5444 vobis,

2249 5563 2365 5602 nent
2388 5548 2601 5674 ﬁciens.
2634 5549 2811 5605 MART.
3212 5576 3227 5591 ο

2326 5630 2348 5657 ε
2441 5635 2506 5674 oe
2549 5622 2713 5674 modo
2751 5621 2940 5674 legunt
2980 5633 3170 5674 omnes
3207 5635 3227 5674 r

2326 5630 2348 5696 ξ
2385 5620 2506 5696 _Hoe
2549 5622 2713 5676 modo
2751 5621 2940 5696 legunt
2980 5633 3170 5696 omnes
3205 5634 3342 5696 mss.
3375 5620 3429 5674 in
3459 5628 3622 5678 antea
3658 5624 3851 5696 editis,

2251 5690 2342 5745 sed
2371 5689 2628 5747 Joannem
2648 5689 2843 5747 ueteris
2869 5691 3168 5760 equuavit.
3204 5691 3381 5747 MART.
