3962 6310
182 254 241 309 T5
702 251 1353 311 COMMENTARIORUM
1391 250 1459 308 IN
1488 250 1943 309 BVANGELIUM
1980 249 2309 308 MATTll/El
2347 249 2476 307 LIB.
2511 250 2576 308 Il.
2617 250 2771 307 CAP.
2816 252 2908 308 XI.
3377 259 3448 313 ’Μ

192 382 230 429 et
263 390 356 429 non
397 371 672 428 saltastis:
711 372 1099 438 lamentavintus
1131 380 1157 409 ι
1191 371 1348 439 vobis,
1394 380 1440 426 et
1471 386 1571 425 non
1602 369 1755 441 plan-
1778 374 1828 431 Α
1856 371 2037 443 quibus
2061 380 2182 425 sunt
2207 371 2363 439 facta
2376 370 2619 439 plurima:
2635 371 2848 427 virtutes
2876 376 3011 445 ejus,
3029 374 3154 444 quia
3182 392 3283 432 non
3308 379 3446 449 egis-

194 469 335 525 sistis.
383 466 533 523 Venit
563 467 705 522 enim
728 465 992 531 Joannes,
1023 482 1184 533 neque
1206 464 1555 529 manducans,
1592 480 1752 534 neque
1852 476 1966 518 sent
1995 465 2373 534 paenitentiam.
2413 464 2778 535 Exprobratio
2805 466 3083 522 civitatum
3109 469 3439 538 Cborozain,

202 562 361 629 bibens,
390 570 437 615 et
462 560 680 615 dicunt:
712 558 1036 614 Danuonitnn
1061 557 1230 612 habet.
1268 557 1422 612 Venit
1451 555 1625 611 Filius
1660 558 1753 611 Ito-
1852 564 1907 609 et
1943 555 2251 611 Betbsaidte
2276 563 2333 611 et
2370 554 2757 626 Capharnaum
2782 601 2797 625 ,
2840 559 3063 630 capituli
3093 560 3254 630 hujus
3287 565 3444 621 titulo

196 655 339 719 minis,
387 652 711 707 manducans
742 660 792 707 et
834 650 1040 717 bibens,
1087 660 1137 705 et
1175 650 1393 704 dicunt:
1432 648 1569 704 Ecce
1595 647 1751 703 homo
1852 638 2130 718 panditui.
2180 647 2335 715 Quod
2384 648 2508 704 ideo
2548 650 2963 719 exprobraverit
2993 652 3108 720 eis,
3162 655 3284 723 quia
3320 666 3445 725 post

196 763 351 813 rotas,
392 755 441 802 et
477 754 689 815 potator
731 744 878 811 vini,
922 743 1319 816 publicanorum
1347 752 1396 797 et
1420 750 1751 815 peccatorum
1852 742 2019 797 factas
2065 742 2298 797 virtutes
2344 752 2399 798 et
2445 741 2598 813 signa
2635 745 3065 814 quamplurima,
3097 763 3206 801 non
3227 750 3445 819 egerint

198 842 376 895 raucus.
425 836 491 892 Et
511 837 813 910 justiﬁcata
834 844 912 892 est
935 835 1197 907 sapientia
1235 852 1269 888 a
1293 832 1422 904 ﬁliis
1442 834 1572 890 suis.
1613 833 1753 890 Pue-
1852 835 2256 905 pmnitentiam.

195 933 257 991 ris
273 934 320 989 in
346 931 458 988 loro
492 930 822 987 sedentibus
850 938 909 986 et
939 928 1305 984 clamantibus
1330 937 1493 999 atque
1519 927 1752 984 dicenti-
1922 925 2107 997 (Vers.
2132 926 2227 993 21,
2249 926 2366 996 22.)
2398 925 2614 990 I’tetibi,
2638 926 2964 997 Chorosain;
2990 947 3063 986 ea
3077 933 3188 999 tibi,
3207 933 3443 990 Bethsai-

198 1025 282 1081 bus
301 1024 360 1081 ad
383 1022 688 1094 eoa'qualea
716 1036 885 1079 suos:
917 1020 1210 1077 Cecinimus
1236 1020 1378 1075 nobis
1403 1061 1420 1087 ,
1448 1030 1499 1075 et
1516 1037 1622 1075 non
1640 1022 1750 1075 sal—
1851 1018 1921 1070 da
1945 1033 1964 1071 .'
2000 1018 2126 1089 quia
2154 1018 2202 1072 si
2242 1018 2295 1071 in
2332 1016 2468 1089 Tyro
2498 1028 2548 1073 et
2575 1019 2777 1075 Sidone
2819 1027 2972 1093 [actte
3018 1035 3185 1080 essent
3232 1028 3445 1084 virtutes

201 1119 356 1173 iustis:
391 1115 655 1171 lamentati
685 1131 888 1180 sumus,
914 1123 963 1168 et
991 1130 1096 1169 non
1124 1114 1402 1185 planxistis
1422 1153 1437 1180 ,
1463 1128 1748 1184 compara-
1850 1129 1964 1183 qua:
1991 1113 2144 1183 facta
2168 1122 2287 1166 sunt
2313 1112 2368 1165 in
2408 1113 2547 1166 vobis
2568 1158 2583 1182 ,
2617 1115 2740 1168 olim
2775 1115 2831 1168 in
2857 1116 3031 1171 cilicio
3059 1128 3105 1172 et
3134 1121 3305 1175 cinere
3333 1138 3443 1189 pos-

199 1220 273 1265 ter
306 1207 569 1278 generatio
609 1206 922 1263 Iudaeorum
950 1248 965 1272 ,
1000 1204 1284 1275 Scriptum
1334 1205 1594 1260 dicente:
1650 1204 1750 1259 Cui
1851 1207 2127 1259 nitentium
2167 1206 2408 1276 egissent.
2460 1206 2830 1262 Verumtamen
2862 1211 2978 1265 dico
3008 1211 3186 1265 vobis:
3231 1212 3369 1285 Tyro
3397 1225 3443 1269 et

193 1302 379 1356 similem
398 1298 660 1355 testirnabo
672 1300 1057 1371 generationem
1076 1298 1271 1351 istaut?
1300 1296 1505 1352 Similis
1532 1306 1607 1350 est
1623 1313 1749 1369 pue-
1854 1298 2044 1352 Sidoni
2066 1297 2332 1352 remissius
2359 1298 2453 1351 erit
2481 1299 2537 1352 in
2558 1300 2642 1353 die
2660 1300 2877 1371 judicii,
2914 1319 3067 1371 quam
3094 1306 3253 1359 vobis.
3296 1308 3441 1362 Chu—

194 1394 252 1447 ris
266 1391 539 1446 sedentibus
568 1392 625 1445 in
647 1390 787 1461 foro,
813 1398 869 1445 et
895 1389 1128 1460 reliqua.
1158 1388 1277 1443 Non
1304 1403 1438 1459 ergo
1466 1388 1624 1444 nobis
1653 1388 1751 1444 tri-
1851 1390 2033 1444 rozain
2086 1399 2142 1445 et
2190 1389 2478 1445 Bethsaida
2505 1432 2520 1456 ,
2572 1391 2738 1447 urbes
2767 1392 3005 1449 Galilazze
3027 1436 3040 1460 ,
3086 1415 3114 1449 a
3162 1398 3445 1455 Sztlvatm-e

194 1486 347 1541 bnitur
375 1485 538 1541 libera
565 1483 951 1554 intelligentia,
982 1493 1038 1538 et
1068 1481 1344 1553 allegoriae
1372 1483 1747 1552 interpretatio
1851 1484 2203 1555 planguntur,
2230 1483 2374 1555 quod
2406 1495 2526 1554 post
2552 1495 2698 1540 tanta
2726 1487 2878 1556 signa
2901 1498 3060 1558 atque
3085 1490 3312 1547 virtutes
3335 1508 3444 1549 non

196 1577 218 1617 δ
237 1580 466 1649 passiva:
497 1578 593 1634 sed
619 1576 883 1649 quidquid
911 1575 1112 1632 dicturi
1142 1590 1332 1631 sumus
1359 1576 1429 1630 de
1449 1575 1654 1646 pueris,
1679 1575 1747 1631 ad
1849 1578 2062 1649 egerint
2106 1580 2481 1646 pteniteutiam
2506 1620 2523 1647 ,
2572 1588 2628 1634 et
2671 1581 3034 1649 praeferuntur
3074 1586 3155 1639 eis
3186 1585 3362 1658 Tyrus
3389 1598 3445 1643 et

195 1672 570 1729 similitudinem
618 1670 993 1743 generationis
1038 1678 1124 1727 est
1163 1668 1535 1726 referendum.
1582 1669 1746 1725 Pueri
1849 1669 2044 1734 Sidon,
2076 1670 2239 1725 urbes
2278 1669 2599 1726 idololatriae
2625 1680 2682 1727 et
2708 1673 2853 1728 vitiis
2872 1673 3096 1730 deditas.
3128 1676 3441 1736 Praeter-un-

196 1764 268 1819 isti
291 1765 370 1833 qui
399 1764 595 1820 sedent
640 1764 695 1819 in
730 1763 881 1831 foro,
931 1761 987 1818 bi
1013 1769 1140 1818 sunt
1158 1761 1228 1818 de
1246 1762 1446 1830 quibus
1473 1762 1640 1817 Isaias
1669 1762 1747 1816 Ιοο
1777 1757 1825 1818 Β
1854 1772 1940 1816 tur
1963 1773 2144 1818 autem
2169 1762 2316 1830 ideo,
2343 1763 2489 1830 quod
2516 1764 2696 1836 Tyrus
2719 1775 2774 1821 et
2796 1765 2964 1822 Sidon
2995 1772 3295 1827 naturalem
3326 1782 3444 1830 tan-

191 1859 375 1929 quitur:
402 1857 532 1913 Ecce
564 1874 660 1930 ego
691 1868 741 1911 et
773 1857 921 1927 pueri
959 1857 1100 1926 mei,
1128 1872 1255 1927 quos
1278 1856 1420 1911 dedit
1450 1855 1575 1909 mihi
1607 1853 1748 1910 Deus
1850 1863 1962 1910 tum
1993 1856 2166 1926 legem
2189 1855 2556 1924 calcaverint,
2586 1857 2704 1912 istm
2728 1872 2861 1914 vero
2891 1873 3014 1930 post
3044 1867 3442 1935 transgressio-

192 1951 325 2020 (Isai.
354 1967 468 2019 vm,
494 1953 609 2015 l8).
672 1952 739 2006 Et
767 1951 826 2006 in
852 1951 1069 2007 decimo
1093 1961 1297 2007 octavo
1327 1947 1743 2019 psalmo(Vers.
1849 1962 1974 2002 nem
2024 1947 2288 2003 naturalis
2322 1947 2484 2019 Legis
2526 1958 2583 2004 et
2623 1951 2871 2020 scriptae,
2910 1951 3072 2007 etiam
3123 1956 3276 2026 signa
3319 1974 3443 2029 quae

194 2042 271 2116 8):
297 2043 656 2099 Testimonium
677 2041 891 2098 Domini
921 2042 1108 2111 ﬁdele,
1150 2041 1459 2111 sapientiam
1490 2050 1745 2112 pra’stans
1847 2038 1992 2109 apud
2019 2054 2120 2095 eas
2149 2040 2288 2095 facta
2316 2047 2475 2107 sunt,
2504 2042 2658 2111 parvi
2688 2042 2962 2099 duxerint.
3010 2045 3320 2113 Quaerimus
3349 2050 3441 2106 ubi

192 2135 409 2204 parvulis.
467 2134 537 2189 Et
579 2133 712 2189 alibi
737 2152 753 2188 :
797 2132 884 2189 Ea:
913 2150 1001 2189 ore
1024 2134 1305 2206 infantium
1353 2142 1401 2187 et
1443 2133 1743 2187 faetentium
1846 2132 2111 2202 scriptum
2134 2133 2227 2197 sit,
2259 2132 2404 2204 quod
2433 2134 2487 2188 in
2518 2133 2826 2189 Chorozain
2855 2147 2910 2191 et
2939 2137 3228 2194 Betltsaida
3257 2140 3444 2197 Dami-

189 2228 425 2299 perfecisti
452 2228 661 2282 laudem
693 2226 812 2299 (Ps.
844 2243 961 2290 vnt,
993 2229 1073 2297 5).
1119 2225 1216 2282 lsti
1246 2240 1378 2296 ergo
1402 2224 1556 2296 pueri
1586 2222 1745 2279 sede-
1846 2237 1951 2278 nus
1979 2223 2129 2293 signa
2157 2223 2371 2279 fecerit.
2411 2223 2586 2295 Supra
2619 2225 2883 2296 legimus:
2928 2227 2994 2283 Et
3034 2231 3287 2287 circuibat
3314 2235 3444 2289 civi-

190 2330 301 2376 runt
344 2320 395 2375 in
441 2319 605 2388 foro,
652 2322 771 2377 sive
819 2322 870 2375 ἐν
915 2322 1113 2395 ἀγορᾷ,
1159 2317 1304 2390 quod
1348 2317 1744 2386 signiﬁcantius
1845 2326 1977 2372 tates
2018 2333 2191 2371 omnes
2217 2327 2267 2371 et
2300 2318 2436 2372 uicos
2461 2358 2477 2383 ,
2520 2334 2711 2373 curans
2748 2336 2952 2375 onmem
2976 2322 3353 2390 infirmitatem,
3387 2337 3445 2383 et

189 2409 349 2467 Grrce
368 2412 594 2477 dicitur,
644 2411 738 2466 ubi
766 2411 933 2466 multa
960 2409 1177 2466 venalia
1210 2418 1358 2465 sunt.
1398 2408 1469 2464 Et
1487 2409 1613 2478 quia
1644 2424 1741 2478 po-
1845 2407 2057 2479 reliqua
2086 2407 2291 2481 (Supra
2318 2425 2391 2477 tv,
2421 2410 2540 2479 25).
2583 2410 2729 2467 Inter
2755 2424 2984 2468 cmteras
3017 2430 3147 2485 ergo
3188 2416 3439 2475 civitates

188 2503 321 2573 polus
337 2501 643 2559 Judteorum
673 2501 863 2558 audire
891 2500 1114 2557 nolebat
1136 2541 1153 2566 ,
1199 2515 1311 2555 non
1340 2499 1392 2555 ei
1424 2506 1631 2553 tantum
1662 2497 1743 2553 lo-
1844 2507 1901 2554 et
1926 2497 2162 2565 viculos,
2190 2498 2572 2555 mstimandum
2601 2510 2686 2556 est
2723 2503 2773 2556 in
2803 2502 3111 2559 Cltorozain
3143 2522 3358 2579 queque
3382 2518 3439 2566 et

188 2593 279 2648 cuti
305 2603 449 2659 sunt,
479 2594 575 2650 sed
605 2593 785 2664 plenis
814 2593 1060 2649 faucibus
1100 2591 1566 2647 inclamaverunt:
1600 2588 1744 2644 Ceci-
1842 2589 2142 2646 Betbsaida
2167 2590 2457 2646 Dominum
2485 2592 2639 2663 signa
2665 2591 2885 2650 fecisse.

191 2687 337 2743 annus
375 2688 512 2743 vobis
536 2732 553 2757 ,
596 2698 649 2743 et
687 2703 793 2742 non
838 2685 1113 2752 saltastis;
1143 2684 1560 2756 provocavimus
1588 2691 1647 2737 ut
1670 2681 1739 2737 ad
1914 2683 2096 2757 (Vers.
2127 2681 2248 2755 23.)
2276 2682 2343 2737 Et
2362 2693 2450 2751 tu,
2486 2684 2889 2758 Capharnanm,
2922 2690 3175 2759 numquid
3200 2707 3360 2763 usque
3381 2695 3436 2749 in

192 2790 400 2835 nostrum
428 2779 701 2835 canticum
744 2779 885 2835 bona
913 2793 1084 2849 opera
1116 2775 1405 2842 faceretis,
1436 2782 1492 2831 et
1511 2773 1741 2829 saltare-
1840 2775 2025 2831 ctzlum
2056 2775 2394 2842 exaltaberis,
2450 2786 2473 2816 α
2514 2794 2679 2848 usque
2700 2780 2753 2833 in
2781 2780 3046 2849 infernum
3079 2783 3185 2854 73
3217 2786 3434 2841 descen-

187 2869 251 2924 tis
288 2872 345 2925 ad
390 2882 625 2927 noetram
667 2870 879 2939 tibiam,
910 2870 1053 2925 sicut
1089 2868 1309 2924 saltavit
1334 2876 1389 2923 et
1414 2866 1585 2922 David
1612 2875 1739 2922 ante
1840 2868 2011 2923 dens?
2046 2866 2105 2922 In
2136 2866 2313 2923 altero
2356 2869 2656 2937 exemplari
2698 2873 2999 2939 repetimus
3033 2890 3047 2928 :
3105 2874 3174 2930 Et
3204 2886 3290 2939 tu,
3320 2879 3437 2933 'Ca-

184 2975 336 3018 arcam
376 2963 583 3019 Domini
611 2962 683 3028 (II
718 2963 848 3036 Reg.
876 2963 979 3035 Vt),
1015 2970 1073 3019 et
1111 2960 1389 3017 noluistis.
1432 2958 1737 3015 Lamentati
1838 2960 2160 3031 pltarnaum,
2212 2974 2328 3030 qua:
2350 2975 2511 3028 usque
2544 2961 2599 3015 in
2627 2962 2808 3017 cwlum
2830 2966 3056 3020 exaltata
3082 2983 3157 3032 es,
3184 2985 3344 3041 usque
3364 2971 3435 3025 ad

184 3069 364 3125 sumus,
396 3064 450 3113 et
471 3072 566 3112 vos
593 3056 664 3112 ad
693 3054 1069 3127 penitentiam
1100 3052 1551 3125 provocavimus,
1582 3058 1737 3107 etne
1837 3052 2044 3123 inferna
2072 3052 2371 3107 descendes.
2414 3052 2482 3107 Et
2526 3064 2611 3109 est
2659 3054 2860 3125 duplex
2915 3057 3290 3130 intelligentia.
3333 3063 3433 3119 Vel

185 3146 273 3204 hoc
294 3150 499 3220 quidem
542 3149 727 3207 facere
765 3149 1052 3217 voluistis,
1098 3157 1420 3219 spernentes
1448 3155 1737 3215 utramque
1762 3139 1809 3203 C
1842 3142 2053 3214 ideogad
2079 3143 2288 3199 inferna
2320 3144 2621 3201 descendes
2645 3191 2659 3214 ,
2711 3150 2835 3218 quia
2872 3161 3061 3205 contra
3090 3155 3435 3222 praedicatio-

186 3242 616 3312 prndicationem,
651 3252 761 3299 tam
785 3241 1179 3299 exhortationis
1203 3240 1272 3297 ad
1295 3241 1548 3306 virtutes,
1574 3254 1736 3310 quam
1841 3251 1966 3291 nem
2010 3251 2184 3291 meam
2226 3237 2621 3307 superbissime
2660 3240 2933 3296 restitisti.
2994 3243 3089 3300 Vel
3122 3248 3273 3315 ideo,
3305 3251 3433 3320 quia

181 3337 481 3403 ρωιήιεηιῑςε
523 3345 651 3407 post
690 3342 940 3407 peccata,
991 3334 1106 3392 Nec
1147 3334 1343 3389 mirum
1383 3334 1429 3389 si
1458 3332 1735 3403 duplicem
1840 3329 2072 3385 exaltata
2103 3344 2276 3400 usque
2302 3330 2370 3383 ad
2399 3331 2595 3386 coelum
2627 3347 2752 3387 meo
2781 3332 3055 3403 hospitio,
3098 3347 3154 3393 et
3192 3339 3329 3395 meis
3362 3342 3436 3396 si-

178 3431 297 3483 viam
334 3429 769 3501 contempseritis
812 3429 1044 3495 salutis,
1070 3442 1193 3484 cum
1234 3436 1290 3483 et
1322 3425 1421 3481 Dei
1453 3424 1560 3498 [AL
1597 3432 1739 3480 tacet
1836 3422 1959 3494 guis
1989 3431 2151 3491 atque
2184 3422 2511 3488 virtutibus,
2553 3431 2765 3479 tantum
2814 3424 3022 3481 habens
3064 3428 3430 3500 privilegium,

179 3520 283 3595 Dei]
321 3523 573 3595 jejunium
597 3565 615 3592 ν
657 3533 717 3581 ει
754 3522 1098 3579 saturitatem
1148 3520 1352 3590 pariter
1393 3517 1731 3589 spreveritis.
1840 3513 2145 3584 majoribus
2176 3514 2433 3584 plecteris
2458 3514 2765 3586 suppliciis,
2789 3518 2935 3588 quod
2960 3518 3041 3574 his
3068 3537 3284 3593 quoque
3313 3538 3434 3581 cre-

178 3618 271 3690 72
303 3618 359 3676 Si
380 3620 643 3689 jejunium
686 3620 846 3676 vobis
871 3618 1070 3688 placet,
1114 3630 1216 3672 cur
1262 3614 1503 3669 Joannes
1543 3610 1738 3682 displi-
1836 3608 1971 3665 dere
2003 3608 2242 3663 noluisti.

180 3710 310 3764 cuit?
353 3711 405 3767 Si
450 3713 753 3781 saturitas,
798 3724 898 3766 cur
931 3707 1103 3764 Filius
1132 3705 1367 3762 hominis
1410 3703 1735 3775 displicuit?
1907 3699 2091 3768 (Vers.
2122 3700 2213 3767 23,
2244 3699 2362 3772 24.)
2403 3700 2539 3768 Quia
2568 3702 2692 3770 si,in
2733 3702 2973 3760 Sodomis
3017 3704 3125 3780 [AL
3177 3708 3428 3784 Sydonis]

176 3798 386 3867 Quorum
424 3803 691 3869 alterum,
735 3800 1067 3858 daemonium
1098 3799 1386 3855 habentem
1412 3838 1428 3863 ,
1459 3795 1690 3851 alterum
1713 3837 1730 3861 ,
1836 3797 1988 3865 factm
2010 3792 2229 3863 fuissent
2268 3793 2506 3859 virtutes,
2539 3810 2657 3865 quo:
2684 3796 2839 3866 facta:
2863 3809 3003 3868 sunt_
3024 3799 3079 3853 in
3110 3810 3158 3853 te
3189 3842 3204 3866 ,
3249 3799 3273 3838 ιι
3300 3809 3435 3874 [om

174 3904 443 3950 voratorem
486 3904 543 3951 et
604 3893 818 3950 ebrium
868 3890 1190 3963 nuncupatis
1255 3889 1383 3961 [AL
1452 3902 1733 3957 nuncupa-
1836 3884 2144 3939 mansissent
2174 3900 2331 3955 usque
2355 3886 2410 3939 in
2445 3884 2584 3940 hunc
2607 3887 2764 3941 diem.
2802 3885 3167 3945 Verumtamen
3196 3892 3316 3947 dico
3346 3913 3437 3951 vo-

174 3983 295 4056 stis].
343 3985 483 4055 Ergo
525 3987 654 4055 quia
700 4000 799 4041 vos
846 3984 1102 4041 noluistis
1149 3992 1438 4054 utramque
1489 3980 1733 4052 recipere
1835 3976 1910 4030 bis
1939 3992 1958 4031 :
1984 3976 2105 4047 quia
2129 3985 2280 4031 terra:
2301 3975 2649 4032 Sodomorum
2675 3979 2938 4033 remissius
2966 3983 3062 4035 erit
3102 3983 3155 4036 in
3184 3985 3266 4038 die
3282 3987 3433 4057 judi-

173 4073 476 4144 discipliuam
503 4120 519 4146 ,
546 4076 840 4148 justilicata
887 4087 974 4133 est
999 4076 1263 4148 sapientia
1292 4090 1321 4129 a
1351 4074 1476 4129 liliis
1498 4074 1609 4129 suis
1634 4090 1647 4126 :
1679 4072 1731 4129 id
1833 4070 1901 4124 cii
1923 4087 2081 4141 quam
2113 4069 2226 4123 tibi.
2258 4069 2476 4136 Quaerat
2498 4070 2735 4141 prudens
2764 4071 2931 4127 lector
2962 4085 3013 4128 et
3038 4074 3180 4129 dicat
3209 4093 3222 4129 :
3247 4078 3292 4133 si
3323 4078 3431 4152 Ty-

174 4176 259 4234 est,
287 4167 373 4224 Dei
398 4169 740 4241 dispensatio
764 4180 930 4241 atque
957 4168 1225 4225 doctrina.
1266 4166 1336 4223 Et
1362 4182 1469 4237 ego
1488 4168 1579 4237 qui
1610 4181 1730 4221 sum
1833 4177 1929 4217 rus
1957 4170 2014 4218 et
2038 4161 2206 4219 Sidon
2235 4171 2290 4217 et
2319 4157 2568 4218 Sodoma
2592 4173 2886 4232 potuerunt
2935 4181 3100 4235 agere
3150 4173 3428 4238 poeniten-

174 4256 257 4314 Dei
285 4262 438 4317 virtus
484 4271 540 4319 et
587 4262 685 4317 Dei
726 4261 996 4332 sapientia
1022 4261 1069 4329 (I
1096 4260 1220 4315 Cor.
1250 4260 1293 4331 ι)
1314 4303 1329 4327 ,
1353 4259 1501 4329 juste
1533 4258 1732 4315 fecisse
1832 4254 1963 4310 tiam
1990 4253 2057 4309 ad
2081 4253 2522 4325 prmdicatibnem
2547 4253 2874 4326 Salvatoris,
2902 4258 3294 4329 signorumque
3320 4266 3426 4321 mi-

174 4351 234 4405 ab
272 4356 517 4423 apostolis
566 4355 707 4413 meis
747 4354 877 4411 ﬁliis
917 4354 1303 4424 comprobatus
1348 4368 1500 4418 sum,
1534 4352 1730 4423 quibus
1831 4347 2039 4414 racula,
2071 4361 2177 4402 non
2208 4356 2336 4402 sunt
2377 4348 2431 4402 in
2462 4348 2627 4418 culpa
2681 4350 2830 4419 quod
2878 4366 2986 4406 non
3030 4354 3381 4414 crediderunt
3416 4380 3428 4415 :

176 4447 404 4501 revelavit
440 4447 623 4515 Pater,
666 4462 792 4518 quas
834 4464 863 4501 a
904 4446 1238 4516 sapientibus
1264 4446 1646 4514 absconderat,
1674 4456 1732 4503 et
1835 4439 1930 4494 sed
1983 4438 2172 4494 vitium
2222 4438 2423 4494 silentii
2468 4439 2522 4493 in
2566 4454 2633 4495 eo
2661 4450 2766 4506 est,
2794 4442 2884 4512 qui
2912 4445 3117 4499 acturis
3149 4450 3424 4515 pmnitcn-

177 4536 500 4603 prudentibns
542 4538 689 4605 apud
719 4537 1049 4609 semetipsos
1084 4537 1306 4612 (Joann.
1329 4535 1482 4610 xvn).
1524 4537 1581 4594 In
1611 4538 1731 4608 qui-
1758 4528 1808 4588 D
1838 4534 1967 4587 tiam
2019 4531 2195 4587 noluit
2224 4531 2551 4600 praedicare.
2600 4532 2682 4587 Ad
2730 4533 2875 4602 quod
2930 4535 3106 4592 facilis
3138 4551 3192 4594 ct
3239 4555 3425 4612 aperta

176 4623 369 4684 busdam
399 4630 709 4702 Evangeliis
739 4631 978 4702 legitur:
1032 4630 1338 4701 Justi/icata
1365 4640 1440 4687 est
1472 4632 1728 4703 sapientia
1835 4623 2123 4695 responsio
2142 4634 2227 4679 est
2259 4641 2275 4678 :
2309 4625 2562 4695 ignorare
2588 4626 2908 4694 uosjudicia
2946 4628 3061 4696 Dei,
3095 4645 3143 4685 et
3187 4637 3431 4707 singula.

177 4717 227 4769 ab
248 4721 463 4790 operibus
490 4724 601 4776 suis
637 4721 789 4794 (Luc.
825 4738 917 4789 vn,
944 4722 1058 4794 55).
1083 4722 1364 4792 Sapientia
1391 4722 1591 4794 quippe
1616 4740 1725 4780 non
1835 4734 1955 4774 rum
1988 4717 2457 4787 dispensatiouum
2489 4718 2606 4787 ejus
2653 4730 2994 4776 sacramenta
3019 4725 3252 4782 nescire.
3298 4731 3431 4790 Pro-

175 4816 337 4882 qnxrit
362 4821 505 4874 vocis
534 4818 935 4886 testimonium,
968 4819 1066 4874 sed
1098 4832 1346 4889 operum.
1838 4813 2072 4882 positum
2120 4808 2296 4864 fuerat
2324 4808 2557 4864 Domino
2585 4809 2788 4865 ludant:
2813 4812 2951 4868 lines
2985 4829 3091 4868 non
3136 4821 3426 4893 excedere,

233 4906 399 4975 (Vers.
444 4910 572 4981 20.)
603 4908 756 4965 Tunc
794 4912 943 4983 erepit
990 4910 1306 4981 exprobrare
1349 4911 1640 4966 civitatibus
1677 4911 1732 4965 in
1840 4922 1910 4963 ne
1954 4904 2150 4975 iustam
2199 4902 2494 4958 Pharistﬁis
2557 4911 2614 4959 et
2649 4905 3029 4962 sacerdotibus
3078 4915 3421 4972 occasionem

202 5046 214 5068 ⁴
234 5046 256 5072 ³
289 5038 521 5107 Plerique
560 5043 724 5099 codd.
776 5052 958 5099 tacent
993 5044 1169 5100 vobis:
1209 5045 1303 5101 alii
1333 5046 1603 5100 lamentati
1632 5062 1719 5101 su-
1833 5042 1972 5116 quod
2002 5042 2056 5094 in
2079 5041 2213 5094 alios
2235 5054 2434 5121 quoque
2450 5041 2785 5112 permittitur,
2802 5043 3009 5099 scilicet
3031 5051 3423 5126 promiscuum,

202 5124 288 5168 tus.
318 5126 406 5168 oro
432 5112 851 5168 lamentuuimtts.
879 5115 1085 5168 letmnt.
1835 5127 2147 5168 commune.
2185 5111 2426 5168 Denique
2453 5124 2505 5165 et
2540 5111 2635 5167 lib.
2667 5111 2735 5168 de
2766 5113 3126 5168 Monouamia-
3162 5132 3423 5168 numinum

175 5122 288 5167 ntus.
318 5126 406 5167 oro
432 5119 851 5167 lamentuuimns.
879 5119 1085 5167 letmnt.

1835 5127 2147 5167 commune.
2185 5119 2426 5167 Denique
2453 5124 2505 5165 et
2540 5119 2635 5167 lib.
2667 5119 2735 5167 de
2766 5119 3126 5167 Monouamia-
3162 5132 3301 5167 nam

219 5124 288 5175 tu,
318 5126 406 5178 pro
432 5115 851 5181 (amentissimus,
879 5115 1085 5183 legunt.
1835 5127 2147 5171 commune.
2185 5115 2426 5180 Denique
2453 5124 2505 5165 et
2540 5115 2635 5167 lib.
2667 5115 2735 5168 de
2766 5115 3127 5186 Menogatuia,
3162 5115 3425 5192 passivum

232 5178 265 5267 ξ
292 5181 345 5237 In
372 5200 496 5267 mss.
526 5185 714 5267 cadd"
737 5184 1021 5267 allegorica
1037 5186 1460 5267 interpretatione
1482 5188 1725 5267 ppsitiva.
1834 5200 2041 5267 sensum
2060 5226 2075 5249 ,
2109 5182 2264 5267 quod
2290 5182 2518 5267 exponit
2543 5181 2835 5267 Rbenanus
2864 5188 3131 5267 inﬁnitum
3151 5235 3179 5267 ,_
3210 5211 3424 5267 vagum,

174 5246 324 5334 iiut.
346 5256 539 5334 —‘Duo
568 5244 747 5334 Palat.
770 5244 967 5334 εοῖιᾳη
1003 5244 1443 5334 interpretatione.
1482 5244 1727 5334 'Quidatn
1794 5311 1803 5321 ,
1838 5244 2072 5334 liberum
2123 5244 2546 5334 ettlicen'temt
2571 5254 2686 5334 sive
2732 5244 3109 5334 licentiosum.
3151 5244 3425 5330 iniiinii:

173 5321 495 5404 etaltegoricu
534 5343 636 5397 pro
672 5328 931 5404 allegoria
950 5321 1647 5404 Lpraeferuul.uQutepatet
1676 5331 1729 5384 in
1838 5342 1958 5383 rum
1993 5327 2096 5379 hoc
2120 5323 2289 5404 ψὶῳτ
2315 5324 2585 5404 vocabulo
2623 5325 2989 5404 Hieronymus
3017 5333 3072 5404 in,
3100 5348 3220 5404 cap.
3260 5321 3430 5404 Ιίὶίῖιι

172 5403 421 5483 utramque
454 5392 661 5467 partem
688 5440 714 5481 κ
736 5392 1054 5483 allegoriam
1077 5441 1090 5459 .
1122 5402 1239 5455 sive
1262 5392 1541 5483 allegoria;
1567 5402 1737 5483 it-t-ter-
1836 5404 2106 5483 contextus
2136 5392 2238 5449 loci
2266 5410 2369 5449 non
2396 5398 2632 5466 passivus
2660 5408 2706 5451 et
2735 5392 2895 5469 vagus
2940 5402 2995 5454 in
3038 5392 3301 5464 diveisum

170 5474 494 5541 pretationem
520 5511 535 5532 ,
571 5469 1240 5541 passivamHieronymus
1269 5469 1445 5526 vocat.
1483 5474 1572 5528 Sic
1601 5470 1733 5526 Ter.
1837 5477 1992 5541 ctuet.

170 5535 273 5614 tull.
299 5538 419 5614 lib_._t
449 5542 515 5595 ad
548 5535 800 5604 uxorem,
827 5535 1100 5614 Passivani
1122 5541 1590 5614 licentiant,di;jt,
1615 5557 1736 5614 qua:
1901 5550 1937 5614 _°
1979 5537 2225 5594 Notanda
2251 5547 2337 5614 est
2367 5535 2704 5614 Veronensis
2732 5540 2938 5614 codicis
2965 5546 3328 5614 antiquissimi
3352 5556 3430 5613 lc-

165 5603 480 5699 fgtfutnibus
522 5621 904 5699 usurparetur.
951 5611 1161 5699 “Etlib:
1193 5603 1461 5699 adversus
1496 5603 1729 5699 Valen'ti-
1839 5611 1970 5676 ctio,
2001 5626 2163 5699 usque
2191 5609 2261 5663 ad
2287 5607 2470 5663 caelum
2500 5610 2808 5664 exaltaberis
2835 5656 2849 5679 ,
2881 5622 2973 5667 aut
3011 5603 3170 5687 usque
3196 5623 3248 5675 in

164 5682 354 5753 manus,
383 5697 506 5753 cap.
539 5684 612 5739 5:
650 5682 900 5738 Passivos
927 5682 1251 5753 discipulos,
1286 5685 1335 5737 id
1364 5695 1487 5748 est,
1511 5684 1738 5739 tlissolu-
1842 5689 2120 5753 ηυνιιθιο.

162 5752 256 5804 tos.
286 5754 344 5806 Et
369 5749 553 5808 contra
585 5754 929 5810 Marciouem
958 5749 1128 5823 um,
1163 5749 1287 5827 cap.
1322 5756 1355 5809 7
1386 5772 1399 5810 :
1437 5754 1734 5825 Passivum,
1912 5750 1940 5790 ἀ
1983 5751 2335 5819 Adverbium,
2384 5754 2555 5823 forte,
2587 5749 2695 5808 duo
2722 5752 2955 5811 Palatini
2986 5773 3119 5816 mss.
3154 5761 3428 5837 ignaram,

410 5847 692 5911 Ριτιιοι..
742 5847 981 5910 XXVI.

2833 5846 2870 5907 3
