3966 6344
530 252 602 315 73

1781 258 1841 317 S.
1881 258 2152 318 EUSEBII
2188 259 2570 321 HIERONYMI

3754 260 3827 322 ⁸16

528 371 932 443 persecutionis
961 371 1138 429 daret.
1170 368 1326 426 Unde
1345 376 1402 427 et
1424 371 1684 440 apostolis
1730 384 1858 431 ante
1902 376 2113 445 passio-
2147 377 2203 441 Α
2297 377 2485 449 (Vere.
2512 377 2631 450 50.)
2669 374 2867 452 Iugum
2905 377 3045 435 enim
3093 390 3265 435 meum
3293 374 3450 436 suavi
3488 382 3585 449 est,
3618 387 3668 434 et
3691 394 3821 435 onus

534 480 665 521 nem
697 463 993 536 praecepit:
1025 463 1090 519 In
1111 463 1245 519 viam
1269 464 1498 534 gentium
1524 481 1586 520 ne
1620 465 1873 536 abieritis,
1908 470 2029 527 etin
2052 468 2129 523 ci-

529 562 708 625 uitates
753 560 1205 618 Samaritanorum
1235 573 1300 613 ne
1348 559 1662 618 intraueritis
1704 560 1905 636 (Supra
1955 579 2010 633 ι,
2041 562 2122 635 5).

533 652 842 717 Chorozain
889 652 1054 722 igitur
1108 659 1164 707 et
1217 650 1508 709 Bethsaida
1548 652 1881 712 damnantur
1912 696 1927 723 ,
1978 655 2124 727 quod

529 745 788 816 praesenti
810 744 1043 804 Domino
1071 742 1300 801 credere
1322 745 1643 811 noluerunt.
1667 746 1846 819 Tyrus
1865 755 1923 803 et
1953 747 2121 805 Sidon

524 836 917 908 justiﬁcantur,
958 836 1105 909 quod
1137 837 1400 908 apostolis
1429 838 1577 894 illius
1604 838 1976 899 crediderunt.
2001 839 2119 903 Non

522 945 738 1002 quaras
762 938 1025 1000 tempora,
1067 945 1190 995 cum
1207 930 1548 992 credentium
1572 931 1836 989 intuearis
1860 932 2115 989 salutem.

520 1024 581 1089 In
613 1023 986 1098 Capharuaum
1024 1034 1227 1094 autem,
1261 1040 1384 1097 qua:
1433 1026 1826 1096 interpretatur
1850 1024 1976 1087 villa
1996 1026 2120 1096 pul-

518 1118 801 1187 cherrima,
834 1118 1230 1176 condemnatur
1260 1118 1539 1179 incredula
1568 1118 1891 1188 Jerusalem,
1925 1119 2011 1176 cui
2033 1119 2118 1177 di-

515 1213 659 1270 citur
684 1227 783 1283 per
812 1213 1157 1270 Ezechielem
1184 1230 1196 1268 :
1224 1212 1526 1284 Justiﬁcata
1562 1223 1639 1271 est
1676 1213 1913 1271 Sodoma
1962 1229 2027 1269 ea:
2071 1221 2119 1270 te

518 1304 744 1377 (Ezech.
774 1321 890 1370 xvr,
922 1305 1038 1378 59).
1340 1322 1345 1325 '

588 1399 769 1471 (νοτε.
792 1399 912 1472 25.)
929 1399 999 1455 In
1027 1400 1121 1456 illo
1137 1408 1386 1473 tempore,
1412 1399 1730 1472 respondens
1746 1399 1924 1467 Iasus,
1949 1401 2083 1456 dixit
2098 1416 2119 1457 :

507 1492 822 1564 Conﬁtebor,
857 1495 969 1560 tibi,
1018 1492 1202 1561 Pater,
1251 1493 1477 1549 Domine
1520 1494 1633 1550 ctuti
1686 1504 1735 1550 et
1776 1504 1942 1552 terra.
1974 1494 2119 1552 Con-

507 1584 702 1665 fessio,
757 1601 866 1642 non
890 1599 1111 1656 semper
1147 1586 1557 1657 pmnitentiam,
1605 1585 1703 1642 sed
1741 1597 1794 1642 et
1819 1589 2117 1658 gratiarum

513 1678 787 1739 actionem
839 1677 1141 1749 signiﬁcat;
1178 1686 1236 1733 ut
1283 1676 1338 1732 in
1362 1677 1585 1749 psalmis
1627 1677 1928 1749 saepissime
1978 1679 2113 1751 legi-

2227 484 2395 527 meum
2420 477 2528 525 leve
2555 481 2651 527 est.
2706 469 2994 538 Quomodo
3040 470 3214 531 levius
3267 472 3413 544 Lege
3438 471 3817 542 Evangelium,

2225 573 2352 619 cum
2375 561 2431 619 in
2462 562 2610 633 Lege
2636 562 3013 633 homicidium.
3057 565 3115 623 in
3143 563 3445 636 Evangelio
3476 565 3554 621 ira
3594 564 3819 623 damne-

2228 654 2355 712 tur?
2383 652 2500 722 Qua
2545 655 2759 713 ratione
2804 654 3087 727 Evangelii
3136 654 3309 727 gratia
3354 655 3589 720 facilior.
3614 671 3741 715 cum
3766 658 3816 716 in

2226 747 2368 819 Lege
2414 736 2763 814 adulterium,
2809 747 2866 805 in
2895 747 3199 820 Evangelia
3238 747 3682 820 concupiscentia
3721 762 3821 819 pu-

2225 840 2450 897 niatur?
2486 840 2543 899 lu
2569 839 2714 911 Lege
2763 841 2933 903 multa
2957 850 3228 913 precepts
3256 849 3405 911 sunt.
3434 856 3557 914 quae
3583 838 3820 912 Aposto-

2224 931 2309 988 lus
2340 946 2449 989 non
2478 945 2642 1003 posse
2665 932 2929 1004 compleri
2959 933 3280 1005 plenissime
3323 932 3488 993 docet
3525 932 3669 1005 (Act.
3699 932 3814 1006 xv).

2222 1022 2281 1084 In
2322 1023 2469 1096 Lege
2512 1039 2679 1097 opera
2724 1026 3099 1098 requiruntur,
3130 1041 3256 1098 quae
3292 1026 3386 1098 qui
3428 1024 3643 1097 fecerit,
3677 1026 3817 1087 vivet

2220 1114 2329 1189 95
2377 1116 2435 1175 in
2486 1116 2587 1175 eis.
2628 1117 2688 1179 In
2722 1117 3019 1190 Evangelia
3050 1118 3302 1177 voluntas
3333 1118 3603 1189 quaeritur
3634 1135 3649 1172 :
3696 1133 3816 1190 quae

2222 1209 2440 1267 etiamsi
2468 1209 2722 1268 eﬂ'ectum
2748 1226 2857 1268 non
2889 1210 3164 1281 habuerit,
3186 1220 3368 1270 tamen
3398 1213 3685 1284 premium
3709 1228 3815 1271 non

2220 1302 2443 1365 amittit.
2469 1302 2832 1376 Evangelium
2860 1319 2924 1361 ea
2954 1305 3210 1378 praecipit
3232 1320 3353 1377 qua:
3377 1319 3671 1377 possumus
3702 1322 3718 1361 :
3748 1320 3815 1363 ne

2221 1397 2437 1455 scilicet
2456 1400 2911 1470 concupiscamus
2942 1417 2954 1455 :
2991 1400 3095 1456 hoc
3124 1400 3179 1459 iu
3209 1399 3439 1457 arbitrio
3477 1408 3670 1457 nostro
3707 1410 3811 1458 est.

2217 1491 2329 1549 Lex
2380 1505 2502 1546 cum
2557 1491 2892 1549 voluntatem
2944 1507 3054 1549 non
3092 1491 3303 1563 puniat,
3343 1490 3504 1562 punit
3532 1490 3810 1558 effectum,

2218 1600 2288 1641 ne
2313 1585 2638 1643 adulterium
2658 1586 2847 1642 facias.
2885 1585 3057 1659 Finge
3083 1587 3139 1659 in
3168 1586 3545 1658 persecutione
3573 1587 3809 1660 aliquam

2216 1676 2486 1749 virginem
2513 1677 2884 1748 prostitutam.
2944 1678 3071 1739 [late
3097 1678 3241 1750 apud
3282 1677 3660 1749 Evangelium,
3687 1679 3811 1748 quia

512 1785 658 1833 Inus.
683 1770 919 1831 Audiam
949 1770 1040 1842 qui
1067 1768 1406 1827 Salvatorem
1434 1785 1546 1826 non
1580 1776 1790 1839 natum,
1838 1770 1936 1827 sed
1959 1786 2110 1827 crea-
2136 1763 2187 1827 B
2213 1770 2496 1827 voluntate
2517 1784 2623 1827 non
2653 1780 2863 1842 peccat,
2896 1769 3048 1842 virgo
3075 1770 3365 1841 suscipitur
3391 1771 3482 1829 :in
3503 1770 3651 1843 Lege
3677 1785 3810 1843 qua-

500 1871 621 1921 tum
641 1863 1063 1930 calumniantur,
1090 1863 1234 1936 quod
1272 1864 1490 1923 Patrem
1521 1877 1682 1920 suum
1711 1873 1870 1923 vocet
1905 1865 2033 1923 coeli
2055 1875 2110 1923 et

504 1966 669 2015 terra:
707 1957 1018 2015 Dominum.
1069 1958 1128 2014 Si
1159 1957 1310 2014 enim
1345 1968 1399 2015 et
1429 1958 1550 2029 ipse
1600 1969 1858 2016 creatura
1889 1970 1996 2026 est,
2051 1971 2106 2017 et

510 2062 762 2109 creatura
793 2051 1138 2109 conditorem
1167 2067 1325 2109 suum
1359 2060 1572 2123 patrem
1599 2052 1878 2124 appellare
1898 2061 2100 2124 potest,

503 2146 730 2203 stultum
758 2144 860 2201 fuit
893 2160 1000 2202 non
1031 2153 1087 2202 et
1113 2146 1199 2201 sui
1227 2156 1285 2201 et
1315 2145 1441 2201 cteli
1469 2159 1535 2201 ac
1583 2153 1747 2203 terra:
1786 2145 2099 2213 Dominum,

497 2236 585 2294 vel
617 2237 836 2294 Patrem
864 2236 1124 2293 similiter
1153 2236 1454 2307 appellare.

571 2328 680 2402 75
698 2329 833 2395 Quia
845 2330 1161 2385 abscondisti
1178 2329 1286 2384 haec
1299 2346 1330 2383 a
1341 2329 1656 2403 sapientibus
1674 2340 1721 2385 et
1734 2328 2097 2401 prudentibus,

498 2432 548 2478 et
598 2423 835 2479 revelasti
879 2440 939 2479 ea
970 2423 1224 2494 parvulis.
1254 2422 1473 2479 Gratias
1514 2423 1627 2496 agit
1675 2432 1732 2480 et
1758 2424 1998 2481 exsultat
2041 2424 2097 2481 in

499 2510 686 2584 Patre,
714 2516 856 2585 quod
900 2516 1169 2587 apostolis
1197 2516 1283 2573 sui
1310 2517 1579 2573 adventus
1605 2518 1885 2587 aperuerit
1912 2532 2097 2574 sacra-

495 2616 705 2679 menta,
738 2624 861 2679 quae
879 2609 1255 2681 ignoraverint
1276 2608 1483 2666 Scriba:
1514 2618 1571 2666 et
1591 2610 1880 2681 Pharisaei,
1899 2611 1993 2683 qui
2021 2612 2096 2668 si-

494 2701 551 2758 bi
577 2701 858 2773 sapientes
872 2700 1148 2769 videntur,
1174 2701 1299 2758 etin
1324 2713 1625 2773 conspectu
1650 2718 1749 2768 suo
1776 2702 2091 2773 prudentes.

502 2793 810 2851 Justiiicata
841 2803 927 2850 est
956 2794 1221 2864 sapientia
1249 2809 1280 2849 a
1308 2794 1433 2850 filiis
1463 2795 1600 2851 suis.
1733 2841 1747 2852 .

563 2886 745 2958 (Vere.
778 2884 898 2956 96.)
939 2873 1051 2953 ita,
1089 2885 1272 2955 Pater,
1301 2887 1550 2958 quoniam
1605 2888 1680 2942 sic
1715 2887 1965 2959 placitum
1991 2888 2093 2961 fuit

494 2986 613 3034 mite
675 2986 746 3033 te.
804 2976 1144 3033 Blandientis
1182 2978 1385 3034 aliectu
1438 2979 1681 3050 loquitur
1724 2979 1791 3035 ad
1849 2979 2092 3047 Patrem,

490 3081 553 3128 ut
575 3078 811 3140 coeptum
831 3069 886 3125 in
907 3070 1167 3138 apostolis
1186 3070 1514 3127 beneficium
1544 3073 1903 3144 compleatur.

2207 1862 2254 1920 si
2284 1872 2539 1933 corrupta
2569 1862 2907 1933 repudiatur.

2279 1954 2431 2028 (Cap.
2462 1954 2849 2026 XIII—Vera.
2876 1954 2976 2029 1.)
3017 1954 3086 2013 In
3123 1955 3216 2015 illo
3266 1965 3496 2028 tempore
3536 1957 3665 2013 abiit
3718 1954 3809 2013 Je-

2204 2064 2297 2104 sus
2324 2048 2537 2104 sabbato
2561 2064 2652 2120 per
2680 2057 2794 2105 sata
2826 2066 2839 2111 :
2869 2049 3115 2123 discipuli
3166 2057 3336 2109 autem
3379 2054 3493 2123 ejus
3523 2052 3807 2107 esurientes

2203 2150 2465 2214 δωρον-νηί
2496 2142 2711 2199 evellere
2734 2144 2924 2215 spicas,
2960 2153 3007 2199 et
3037 2144 3373 2200 manducare.
3427 2142 3489 2199 in
3521 2144 3632 2199 alio
3662 2159 3800 2215 quo-

2201 2251 2310 2307 que
2339 2234 2671 2307 evangelista
2716 2234 2966 2307 legimus,
3008 2235 3154 2307 quod
3180 2244 3407 2306 propter
3435 2235 3662 2291 nimiam
3696 2236 3800 2295 im-

2200 2332 2615 2405 portunitatem,
2672 2347 2774 2389 nec
2825 2330 3082 2389 vescendi
3131 2331 3350 2403 quidem
3393 2330 3671 2387 habebant
3726 2331 3806 2389 le-

2205 2443 2365 2497 cum,
2400 2436 2453 2487 et
2485 2427 2609 2482 ideo
2653 2429 2806 2497 quasi
2838 2426 3092 2483 homines
3125 2425 3447 2482 esuriebant
3493 2423 3690 2497 (Μαι-ε.
3729 2439 3802 2491 tt,

2199 2519 2404 2575 etLuc.
2436 2519 2538 2591 v1).
2574 2519 2731 2587 Quod
2782 2528 2966 2574 autem
3017 2519 3200 2589 spicas
3247 2526 3495 2590 segetum
3543 2516 3801 2573 manibus

2197 2610 2524 2675 oonfricant,
2557 2617 2614 2665 et
2641 2609 2881 2664 inediam
2909 2608 3284 2676 consolantur,
3316 2610 3443 2665 vitae
3477 2607 3803 2665 austerioris

2196 2699 2453 2756 iudicium
2475 2708 2598 2766 est;
2631 2714 2743 2756 non
2764 2708 3096 2771 praeparatas
3120 2700 3330 2772 epulas,
3357 2698 3455 2756 sed
3481 2700 3635 2757 cibos
3662 2698 3797 2756 sitn-

2196 2793 2371 2865 plices
2394 2793 2780 2864 quan-entiam.

2267 2884 2452 2958 (Vera.
2485 2884 2569 2959 2.)
2616 2885 2871 2940 Pharistri
2910 2893 3082 2940 autem
3118 2884 3368 2952 uidentes,
3419 2884 3664 2940 dixerunt
3698 2885 3748 2939 ei
3780 2901 3797 2941 :

2195 2976 2330 3034 Ecce
2374 2977 2618 3051 discipuli
2673 2979 2749 3034 tui
2777 2979 2998 3046 faciunt,
3038 2979 3181 3049 quod
3206 2994 3313 3035 non
3359 2977 3476 3032 licet
3523 2977 3594 3031 eis
3625 2977 3798 3048 facere

2192 3072 2436 3128 sabbatis.
2466 3070 2603 3127 Nota
2650 3070 2797 3143 quod
2828 3071 2991 3143 primi
3031 3070 3264 3142 apostoli
3303 3069 3607 3128 Salvatoris
3645 3069 3796 3127 litte-

563 3161 742 3233 (Vers.
767 3159 886 3232 Ξῖ.)
926 3159 1120 3215 Omnia
1144 3162 1271 3216 mihi
1323 3163 1519 3217 tradita
1548 3176 1671 3220 sunt
1699 3183 1733 3219 α
1760 3164 1927 3224 Patre
1952 3185 2083 3225 meo.
2113 3149 2163 3214 Ο
2192 3180 2304 3222 ram
2326 3164 2537 3222 sabbati
2564 3165 2871 3237 destruunt,
2898 3164 3167 3221 adversus
3203 3164 3508 3229 Ebienitas,
3533 3162 3625 3234 qui
3665 3180 3794 3221 cum

492 3257 562 3314 Et
590 3257 895 3316 tradentem
932 3257 1173 3325 Patrem,
1202 3266 1257 3314 et
1282 3259 1638 3330 accipientem
1676 3260 1899 3332 Filium,
1939 3278 2087 3338 mys-

498 3352 608 3407 tice
628 3350 890 3422 intellige.
914 3350 1168 3422 Alioquin
1199 3352 1244 3405 si
1263 3351 1415 3421 juxta
1444 3351 1792 3424 fragilitatem
1836 3366 2085 3415 nostram

488 3446 699 3521 sentire
755 3445 1050 3510 volumus,
1099 3459 1220 3500 cum
1251 3447 1486 3517 coeperit
1534 3447 1737 3504 habere
1786 3451 1882 3521 qui
1945 3454 2084 3508 acci-

489 3538 609 3608 pit,
660 3538 885 3608 incipiet
954 3552 1064 3592 non
1139 3538 1341 3593 habere
1408 3539 1501 3608 qui
1563 3539 1795 3596 dederit.
1863 3543 2083 3601 Tradita

482 3638 667 3686 autem
716 3629 816 3684 sibi
860 3628 1074 3694 omnia,
1130 3643 1238 3684 non
1297 3629 1495 3684 caelum
1553 3639 1611 3685 et
1664 3637 1828 3699 terra,
1860 3642 1917 3688 et
1972 3636 2078 3692 ele-

487 3730 670 3777 menta
740 3718 1101 3789 intelligenda
1168 3728 1328 3786 sunt,
1404 3732 1460 3776 et
1527 3732 1724 3778 caetera
1777 3738 1899 3795 qua:
1968 3728 2084 3799 ipse

486 3815 618 3871 fecit
660 3820 715 3867 et
762 3811 1060 3868 condidit:
1106 3812 1201 3867 sed
1247 3813 1299 3866 hi
1341 3813 1432 3883 qui
1458 3828 1553 3883 per
1576 3814 1773 3871 Filium
1797 3833 2081 3877 accessum

488 3905 695 3960 habent
718 3903 787 3959 ad
815 3904 1053 3971 Patrem,
1097 3914 1151 3960 et
1197 3914 1326 3961 ante
1371 3905 1633 3976 rebelles,
1675 3908 1844 3966 Deum
1897 3923 2081 3983 postea

491 3996 699 4055 sentire
721 4005 1032 4065 coeperunt.

557 4090 626 4146 Et
653 4109 802 4146 nemo
844 4091 984 4145 nouit
1028 4089 1227 4145 Filium
1277 4092 1379 4146 nisi
1430 4091 1820 4169 Patennrque
1867 4096 2080 4155 Patrem

481 4186 599 4254 quis
644 4185 784 4240 novit
814 4185 916 4238 nisi
950 4180 1143 4252 Filius,
1175 4193 1225 4239 et
1255 4185 1338 4239 cui
1366 4186 1585 4241 voluerit
1612 4185 1789 4244 Filius
1820 4192 2075 4249 reuelare.

483 4280 790 4337 Erubescat
833 4277 1136 4334 Eunomius
1166 4287 1373 4334 tantam
1399 4279 1502 4335 sibi
1540 4282 1791 4338 notitiam
1815 4283 1991 4341 Patris
2017 4295 2073 4341 et

484 4374 634 4441 Filii,
662 4380 926 4443 quantam
953 4371 1276 4427 alterutrum
1302 4372 1444 4428 inter
1466 4387 1527 4428 se
1554 4372 1809 4444 habeant,
1839 4384 1864 4413 ⁸
1892 4377 2080 4433 vendi-

481 4482 634 4522 cans.
668 4464 824 4532 Quod
842 4463 888 4519 si
910 4463 1037 4518 inde
1060 4462 1365 4532 contendit,
1395 4474 1452 4520 et
1473 4480 1628 4520 suam
1650 4466 1918 4522 insaniam
1950 4484 2075 4525 con-

2187 3269 2417 3317 eaeteros
2440 3257 2706 3329 recipiant
2725 3259 3027 3329 apostotos,
3050 3257 3277 3315 Paulum
3295 3257 3455 3329 quasi
3478 3266 3793 3327 transgres-

2186 3368 2374 3409 sorem
2416 3352 2551 3424 legis
2575 3350 2888 3421 repudiant.

2261 3445 2441 3516 (γεγε.
2473 3446 2529 3511 5,
2563 3442 2647 3515 4.)
2688 3442 2754 3498 At
2783 3443 2872 3498 ille
2886 3443 3016 3499 dixit
3044 3444 3122 3499 eis
3145 3459 3164 3498 :
3190 3441 3317 3499 Non
3338 3441 3535 3513 isgistis
3563 3441 3691 3513 quid
3712 3444 3792 3513 fe-

2185 3539 2312 3593 cerit
2344 3537 2532 3603 David,
2556 3537 2767 3608 quando
2793 3538 2994 3607 esuriit,
3022 3546 3071 3592 et
3091 3538 3181 3607 qui
3208 3553 3327 3593 cum
3351 3553 3409 3592 eo
3437 3543 3616 3592 erant:
3649 3553 3788 3609 quo-

2184 3631 2338 3686 modo
2386 3631 2599 3686 intravit
2646 3632 2699 3685 in
2745 3632 2959 3687 domum
2982 3629 3104 3697 Dei,
3137 3640 3185 3687 et
3208 3648 3371 3702 partes
3412 3631 3792 3703 propositionis

2185 3723 2428 3792 comedit,
2462 3741 2592 3795 quos
2618 3740 2722 3780 non
2754 3724 2940 3780 licebat
2972 3726 3017 3780 ei
3055 3725 3322 3780 comedere
3346 3765 3363 3790 ,
3392 3740 3556 3794 neque
3581 3724 3662 3779 Iris
3697 3726 3792 3795 qui

2184 3834 2300 3873 cunt
2325 3835 2386 3873 eo
2440 3828 2606 3886 erant,
2637 3819 2740 3874 nisi
2786 3817 2910 3895 solis
2951 3817 3305 3874 sacerdotibus
3331 3819 3359 3874 Ρ
3383 3817 3469 3874 Ad
3490 3816 3795 3874 confutan-

2182 3911 2308 3967 dam
2360 3913 2693 3973 c-alumniam
2739 3911 3162 3981 Pharisaeorum,
3212 3911 3415 3969 veteris
3461 3910 3792 3968 recordatur

2183 4005 2449 4076 historiae,
2508 4006 2726 4077 quando
2780 4004 2954 4062 David
2986 4004 3200 4077 fugiens
3249 4003 3496 4069 Saulem,
3542 4002 3695 4059 venit
3730 4004 3789 4059 in

2179 4100 2355 4169 Nobe,
2386 4111 2442 4158 et
2466 4102 2537 4158 ab
2561 4100 2913 4159 Achimelecb
2938 4101 3221 4158 sacerdote
3252 4108 3566 4172 susceptus,
3596 4110 3789 4171 postu-

2181 4194 2315 4249 lavit
2337 4194 2511 4261 cibos,
2536 4192 2777 4265 quicum
2802 4207 2970 4263 panes
3005 4192 3175 4249 laicos
3205 4207 3316 4247 non
3344 4190 3591 4258 haberet,
3623 4191 3785 4247 dedit

2179 4286 2229 4342 ei
2255 4292 2627 4354 consecratos,
2672 4284 2875 4355 quibus
2899 4299 3008 4342 non
3040 4284 3244 4342 licebat
3281 4285 3426 4340 vesci
3483 4282 3586 4339 nisi
3639 4283 3783 4339 solis

2179 4379 2560 4436 sacerdotibus
2592 4387 2648 4435 et
2687 4378 2887 4434 levitis.
2942 4378 3008 4433 Et
3030 4378 3135 4434 hoc
3155 4386 3367 4432 tantum
3419 4376 3787 4446 interrogavit

2177 4471 2223 4527 si
2248 4481 2436 4529 essent
2457 4469 2645 4527 mundi
2678 4470 2830 4542 pueri
2852 4486 2894 4551 ba
2929 4469 3297 4527 mulieribus:
3331 4478 3388 4525 et
3416 4468 3512 4524 illo
3543 4480 3785 4539 reSpon-

483 4561 713 4625 solatur,
740 4558 869 4629 quia
895 4557 1142 4627 sequitur
1174 4556 1283 4614 :Et
1307 4558 1389 4612 cui
1418 4557 1640 4613 voluerit
1669 4558 1838 4616 Filius
1875 4561 2074 4619 revela-
2101 4542 2343 4620 Ddente
2366 4603 2383 4631 ,
2445 4564 2514 4620 ab
2571 4563 2689 4620 heri
2739 4572 2793 4619 et
2848 4548 3280 4630 nudiustertius,
3348 4574 3455 4616 non
3511 4558 3786 4615 dubitavit

480 4671 559 4708 re.
600 4650 761 4708 Aliud
782 4659 867 4706 est
894 4658 1102 4705 natura:
1129 4652 1441 4723 aequalitate
1471 4666 1634 4710 nosse
1663 4653 1804 4724 quod
1830 4658 2069 4725 noveris,

482 4746 630 4803 aliud
655 4745 944 4801 revelantis
965 4744 1297 4816 dignatione.

551 4840 730 4913 (Vers.
759 4838 850 4908 ‘28,
878 4838 996 4911 29.)
1044 4838 1228 4894 Venite
1252 4838 1322 4892 ad
1352 4855 1465 4909 me,
1495 4855 1670 4897 omnes
1694 4843 1784 4912 qui
1824 4842 2069 4897 laboratis

477 4943 523 4988 et
552 4934 753 4989 onerati
794 4933 955 4987 estis:
985 4942 1033 4986 et
1078 4949 1173 5004 ego
1224 4933 1456 5002 reﬁciam
1500 4952 1608 4990 vos.
1662 4935 1853 4991 Tollite
1889 4938 2071 5008 iugum

474 5044 645 5082 meum
672 5043 826 5097 super
853 5042 939 5080 vos
968 5043 983 5078 :
1006 5035 1055 5079 et
1077 5025 1257 5080 discite
1284 5044 1317 5080 a
1342 5043 1420 5081 me
1457 5028 1579 5099 quia
1607 5029 1748 5083 mitis
1774 5046 1889 5084 sum
1913 5040 1959 5085 et
1977 5031 2069 5086 Itu-

476 5122 617 5177 milis
652 5120 806 5175 corde
843 5136 861 5173 :
903 5129 949 5173 et
996 5120 1260 5174 invenietis
1299 5122 1530 5191 requiem
1567 5122 1839 5177 animabus
1862 5125 2070 5179 uestris.

476 5214 672 5271 Gravia
702 5227 868 5268 onera
927 5227 1048 5268 esse
1098 5214 1327 5282 peccati,
1390 5221 1449 5269 et
1486 5213 1774 5270 Zacharias
1805 5216 2069 5288 propheta

476 5314 727 5371 testatur,
752 5304 960 5369 dicens,
990 5304 1331 5373 iniquitatem
1359 5305 1554 5362 sedere
1603 5321 1766 5375 super
1801 5307 2069 5365 talentum

471 5401 682 5464 plumbi
707 5399 923 5469 (Zacclt.
967 5397 1044 5470 v).
1079 5399 1147 5455 Et
1170 5399 1460 5456 Psalmista
1488 5401 1791 5470 complorat
1818 5418 1832 5456 :
1857 5400 2063 5474 Iniquit-

476 5501 607 5548 lates
633 5509 761 5548 mete
801 5502 1095 5565 aggravata:
1118 5503 1236 5547 sunt
1263 5510 1418 5565 super
1441 5509 1519 5548 me
1542 5494 1718 5565 (Psal.
1748 5510 1955 5561 xxxvn,
1979 5494 2057 5566 6).

469 5584 569 5640 Vel
596 5593 749 5642 certe
777 5600 874 5642 eos
899 5587 990 5657 qui
1015 5585 1338 5655 gravissimo
1377 5586 1536 5658 Legis
1556 5586 1686 5661 jugo
1728 5585 2057 5657 premeban-

466 5684 575 5743 tur,
599 5678 668 5734 ad
684 5678 964 5750 Evangelii
983 5679 1176 5736 invitat
1197 5680 1449 5752 gratiam.

529 5799 555 5827 ⁸
584 5788 762 5847 Penes
788 5789 1112 5862 Victorium,
1134 5792 1405 5864 jactitans.

2176 4671 2349 4727 panes
2411 4656 2566 4726 dare,
2626 4654 2819 4712 melius
2866 4654 3165 4710 arbitratus
3198 4696 3212 4721 ,
3267 4650 3535 4723 propheta
3590 4650 3781 4707 dicen—

2175 4754 2233 4804 te
2286 4765 2298 4801 :
2342 4745 2760 4804 Misericordiam
2808 4742 2943 4813 volo,
2995 4754 3045 4798 et
3101 4759 3205 4797 non
3236 4742 3552 4811 sacriﬁcium
3595 4740 3775 4814 (Osee,

2175 4853 2250 4908 vt,
2283 4838 2364 4910 6),
2395 4839 2464 4896 de
2504 4838 2667 4895 famis
2718 4836 2964 4909 periculo
3012 4835 3267 4891 homines
3317 4834 3577 4898 liberare,
3610 4847 3777 4904 quam

2186 4931 2307 4987 Deo
2324 4931 2523 4988 offerre
2552 4931 2897 4987 sacriﬁcium.
2933 4929 3121 4986 Hostia
3151 4927 3296 4984 enim
3321 4926 3602 4998 placabilis
3636 4925 3771 4994 Deo,

2178 5024 2460 5081 hominum
2485 5024 2634 5081 salus
2655 5032 2757 5081 est.
2786 5022 3030 5094 Opponit
3058 5036 3192 5093 ergo
3219 5018 3501 5086 Dominus,
3523 5026 3580 5073 et
3599 5017 3769 5072 dicit:

2177 5116 2234 5174 Si
2277 5126 2334 5173 et
2363 5115 2538 5173 David
2566 5116 2675 5188 76
2713 5122 2937 5170 sanctus
2961 5123 3065 5181 est,
3113 5121 3169 5169 et
3196 5108 3555 5169 Achimelcch
3585 5108 3769 5180 ponti-

2173 5210 2262 5266 fex
2315 5227 2347 5265 a
2388 5210 2543 5265 vobis
2582 5226 2688 5264 non
2720 5208 3161 5280 reprehenditur,
3221 5205 3318 5261 sed
3348 5206 3508 5274 Legis
3539 5213 3768 5273 uterque

2173 5302 2487 5358 mandatum
2521 5301 2785 5374 probabili
2817 5300 3172 5357 excusatione
3192 5296 3513 5371 transgressi
3540 5304 3691 5364 sunt,
3715 5303 3770 5351 et

2171 5398 2349 5454 fames
2373 5398 2432 5452 in
2478 5403 2767 5460 causaest.
2796 5411 2896 5450 cur
2922 5394 3168 5450 eamdem
3202 5392 3396 5447 famem
3428 5406 3536 5445 non
3565 5387 3769 5458 proba-

2171 5490 2242 5545 tis
2287 5490 2339 5544 in
2369 5489 2653 5560 apostolis,
2696 5503 2861 5560 quam
2910 5485 3150 5559 probatis
3178 5485 3233 5540 in
3277 5481 3531 5540 caneris?
3560 5480 3768 5550 Quam-

2167 5596 2330 5654 quam
2377 5591 2432 5638 et
2486 5582 2539 5636 in
2588 5580 2692 5638 hoc
2720 5595 2912 5653 magna
2939 5577 3196 5635 distantia
3240 5575 3327 5630 sit.
3372 5573 3467 5631 Isti
3496 5573 3679 5643 spicas
3709 5572 3767 5628 in

2168 5675 2395 5734 sabbato
2449 5691 2613 5733 manu
2666 5674 3007 5742 conlrieant,
3067 5670 3146 5730 illi
3177 5683 3346 5745 panes
3397 5666 3765 5726 comederunt
