3966 6334
517 233 587 288 79
1766 221 1827 279 s.
1867 221 2138 281 susse"
2175 217 2558 280 HIERONYMI
3772 218 3838 276 80

513 344 615 402 Dei
645 343 902 409 verbum,
931 349 987 398 et
1014 354 1182 410 super
1207 339 1569 408 unigenitum,
1604 337 1699 408 qui
1729 337 1798 394 de
1828 339 1951 393 sinu
1985 352 2111 408 pro-
2134 340 2185 401 Α
2214 347 2457 393 neratos.
2497 336 2556 394 Si
2615 337 2923 393 exorcistas
2953 379 2967 404 ,
3011 337 3102 408 qui
3146 335 3213 392 ad
3261 335 3695 391 invocationem
3745 335 3838 390 Dei

513 436 688 493 cessit
721 434 937 500 Patris,
972 431 1068 487 sed
1109 445 1273 500 super
1303 445 1460 499 eum,
1489 430 1559 485 de
1587 443 1697 500 quo
1735 430 1938 486 dictum
1981 436 2065 484 est
2093 445 2107 483 :

516 528 658 586 Ecce
680 545 807 602 puer
831 543 974 580 meus
1003 522 1278 596 (Ibidem).

588 621 770 693 (Vers.
799 618 918 689 19.)
947 617 1131 687 Neque
1170 615 1348 670 audiet
1393 614 1581 686 aliquis
1607 615 1664 670 in
1715 617 1898 687 plateis
1940 631 2112 670 uocem

518 716 650 778 eius.
677 715 810 768 Lata
830 711 980 767 enim
1003 717 1088 766 est
1114 718 1170 765 et
1195 709 1435 779 spatiosa
1459 709 1694 779 via,qua:
1723 709 1871 766 ducit
1891 709 1958 764 ad
1991 724 2113 778 per-

511 807 805 874 ditionem,
825 813 880 860 et
901 803 1060 858 multi
1091 803 1475 874 ingrediuntur
1504 818 1600 871 per
1621 817 1742 858 eam
1762 803 1967 874 (Supra
1987 801 2108 871 vn).

509 899 614 968 Qui
643 897 798 953 multi
836 911 1030 953 vocem
1082 910 1193 950 non
1222 893 1452 949 audiunt
1479 893 1811 961 Salvatoris,
1845 894 1972 964 quia
2003 907 2112 948 non

505 1000 634 1046 sunt
666 991 718 1045 in
741 999 890 1045 arcta
913 989 1023 1055 via,
1064 987 1163 1043 sed
1193 987 1248 1042 in
1278 987 1544 1057 spatiosa.

581 1083 765 1158 (Vers.
801 1084 906 1151 20,
951 1080 1075 1151 2|.)
1128 1080 1453 1135 Arundinent
1489 1089 1795 1151 quassatam
1839 1094 1944 1133 non
1983 1095 2110 1133 con-

507 1175 724 1246 fringet,
755 1181 804 1228 et
826 1170 992 1225 linum
1013 1171 1274 1242 fumigans
1294 1185 1397 1224 non
1415 1171 1724 1241 exstinguet,
1753 1170 1914 1223 donec
1939 1169 2114 1238 ejiciat

508 1267 580 1319 ad
607 1264 877 1318 victoriam
901 1263 1172 1335 judicium
1203 1277 1222 1316 :
1245 1269 1294 1316 et
1323 1261 1380 1314 in
1407 1261 1616 1316 nomine
1653 1262 1769 1332 ejus
1796 1269 1969 1332 gentes
1992 1275 2113 1330 spe-

505 1355 720 1411 rabunt.
746 1354 848 1422 Qui
871 1354 1150 1426 peccaturi
1180 1367 1289 1408 non
1323 1351 1557 1423 porrigit
1581 1365 1825 1420 manum,
1855 1365 1958 1406 nec
1987 1365 2114 1421 por-

510 1455 590 1502 tat
616 1461 756 1502 onus
791 1445 977 1500 fratris
1020 1445 1135 1511 sui,
1182 1445 1288 1500 iste
1318 1443 1592 1499 calamum
1620 1451 1943 1514 quassatum
1983 1458 2114 1499 con-

505 1540 716 1611 fringit.
762 1538 828 1594 Et
855 1538 949 1609 qui
979 1538 1250 1594 modicam
1284 1537 1586 1593 scintillam
1632 1538 1761 1594 ﬁdei
1807 1536 2115 1593 contemnit

2215 429 2511 500 ejiciebant
2557 429 2870 496 daemones,
2915 435 3156 484 coarctat
3205 427 3659 496 interrogatione
3716 441 3840 494 prn-

2217 521 2388 588 denti,
2423 530 2482 575 ut
2510 520 2874 576 conﬁteantur
2897 521 3133 590 Spiritus
3160 519 3338 577 sancti
3365 534 3502 575 esse
3534 533 3704 588 Opus.
3727 520 3836 590 80

2219 614 2374 682 Quod
2405 616 2449 668 si
2477 614 2732 685 expulsio
2761 614 3094 680 daemonum,
3122 615 3316 685 inquit,
3346 613 3400 668 in
3436 613 3576 669 ﬁliis
3607 614 3830 681 vestris,

2223 707 2358 774 Deo,
2391 723 2498 762 non
2529 707 2870 762 dzemonibus
2899 707 3190 777 deputatur
3220 723 3235 762 :
3265 721 3440 776 quare
3471 705 3534 760 in
3565 720 3660 760 me
3690 705 3832 760 idem

2219 814 2358 870 opus
2379 814 2487 855 non
2514 801 2759 856 eamdem
2793 799 2989 856 habeat
3009 809 3064 854 et
3082 798 3342 856 causam?
3371 798 3527 870 Ergo
3557 797 3668 868 ipsi
3690 797 3834 867 judi-

2217 905 2311 947 ccs
2340 893 2504 947 vestri
2533 901 2715 957 erunt,
2746 908 2854 946 non
2882 900 3172 962 potestate,
3213 891 3309 948 sed
3353 891 3788 962 comparatione
3817 910 3829 946 :

2215 983 2344 1038 dum
2369 983 2448 1038 illi
2472 984 2845 1052 expulsionem
2876 983 3186 1039 dmmonum
3219 984 3333 1038 Deo
3366 984 3705 1055 assignant;
3738 997 3832 1039 vos

2216 1074 2521 1130 Beelzebub
2543 1075 2772 1144 principi
2805 1075 3227 1131 daemoniorum.
3264 1074 3358 1131 Sin
3382 1084 3583 1131 autem
3610 1075 3685 1130 de
3707 1090 3833 1146 apo-

2215 1165 2372 1221 stolis
2399 1165 2602 1222 dictum
2615 1177 2700 1223 est
2717 1212 2731 1236 ,
2753 1167 2898 1238 quod
2923 1174 2981 1224 et
3003 1171 3174 1239 magis
3199 1167 3515 1238 intelligere
3537 1167 3828 1233 debemus,

2217 1256 2321 1328 ipsi
2366 1267 2528 1313 erunt
2553 1257 2768 1329 judices
2812 1274 3003 1315 eorum
3039 1279 3050 1314 :
3083 1261 3207 1330 quia
3262 1259 3543 1316 sedebunt
3596 1260 3652 1314 in
3684 1260 3833 1315 duo-

2215 1349 2390 1404 decim
2447 1350 2626 1418 soliis,
2691 1351 3000 1420 judicantes
3057 1351 3346 1408 duodecim
3413 1352 3607 1409 tribus
3665 1351 3828 1410 lsrael

2216 1440 2433 1513 (Matth.
2467 1457 2586 1508 xix,
2615 1453 2662 1496 et
2689 1442 2819 1496 Luc.
2847 1445 3006 1514 χχιι).

2288 1533 2470 1606 (Vers.
2503 1533 2624 1606 28.)
2654 1534 2718 1592 Si
2759 1545 2936 1590 autem
2962 1552 3055 1608 ego
3089 1537 3145 1591 in
3183 1537 3374 1608 spiritu
3406 1535 3517 1591 Dei
3548 1538 3707 1610 ejicio
3730 1539 3832 1594 da!—

507 1634 564 1688 in
611 1631 891 1702 parvulis,
937 1630 1027 1687 hic
1073 1631 1244 1686 linum
1291 1630 1588 1702 exstinguit
1643 1629 1934 1702 fumigans.
1967 1629 2113 1699 Quo-
2139 1651 2189 1711 B
2216 1643 2412 1682 mones.
2441 1626 2498 1680 In
2531 1625 2678 1682 Luca
2724 1628 2884 1682 istum
2915 1627 3096 1683 locum
3131 1629 3204 1682 ita
3239 1628 3510 1698 scriptum
3545 1629 3784 1700 legimus
3814 1645 3827 1683 :

501 1738 624 1779 rum
653 1732 909 1778 neutrum
938 1722 1194 1778 Christus
1223 1722 1390 1786 fecit;
1423 1722 1492 1776 ad
1526 1721 1630 1777 hoc
1659 1721 1806 1778 enim
1848 1731 2105 1792 venerat,

505 1825 568 1872 ut
586 1816 799 1873 salvum
827 1817 1032 1873 laceret
1049 1816 1196 1888 quod
1223 1819 1484 1887 perierat.

582 1907 766 1978 (Vers.
801 1907 921 1978 22.)
945 1907 1092 1965 Tunc
1120 1908 1324 1963 oblatus
1353 1918 1429 1963 est
1456 1909 1503 1962 ei
1541 1908 1857 1964 daemonium
1890 1909 2110 1980 habens,

507 1998 618 2071 79
632 2016 820 2067 caecus,
837 2010 882 2055 et
900 2009 1094 2067 mutus,
1117 2009 1166 2054 et
1193 2001 1390 2056 curauit
1419 2017 1556 2067 eum,
1576 2003 1650 2055 ita
1679 2010 1732 2055 ut
1756 2002 2047 2073 loqueretur
2067 2012 2115 2057 et

505 2096 723 2150 videret.
748 2093 818 2148 Et
839 2094 1114 2168 stupebant
1139 2112 1316 2150 omnes
1345 2093 1531 2162 turbte,
1555 2104 1604 2149 et
1631 2095 1865 2149 dicebant
1889 2110 1906 2147 :
1934 2093 1984 2148 Ν
1991 2111 2108 2150 um-

504 2187 632 2258 quid
661 2185 744 2240 hic
775 2195 849 2240 est
877 2187 1018 2256 ﬁlius
1049 2186 1263 2241 Dauid?
1315 2184 1569 2240 Pharistzi
1609 2198 1778 2239 autem
1808 2187 2104 2254 audientes,

501 2281 784 2334 dixerunt:
814 2278 918 2333 Hic
961 2295 1068 2332 non
1093 2279 1233 2349 ejicit
1272 2279 1534 2333 daemones
1553 2319 1568 2343 ,
1601 2279 1702 2331 nisi
1729 2279 1782 2332 in
1825 2277 2106 2334 Beelzebub

511 2372 748 2443 principe
777 2372 1178 2426 daemoniorum.
1213 2372 1340 2426 Tria
1372 2371 1524 2442 signa
1558 2371 1721 2426 simul
1752 2371 1804 2426 in
1854 2387 1961 2426 uno
2008 2371 2105 2427 ho-

504 2463 657 2519 mine
685 2469 1003 2532 perpetrata
1025 2471 1151 2517 sunt
1181 2479 1195 2516 :
1226 2463 1414 2517 Caecus
1438 2462 1609 2529 videt,
1633 2471 1819 2518 mutus
1843 2463 2102 2533 loquitur,

499 2567 794 2624 possessus
814 2569 844 2607 a
867 2552 1121 2608 daemone
1143 2553 1427 2610 liberatur.
1459 2553 1616 2621 Quod
1645 2565 1699 2610 et
1731 2563 1863 2610 tunc
1886 2555 2105 2626 quidem

502 2646 806 2702 carnaliter
832 2643 1042 2700 factum
1068 2653 1188 2710 est,
1219 2643 1319 2700 sed
1344 2652 1402 2700 et
1430 2645 1680 2714 quotidie
1710 2645 2021 2716 completur
2052 2645 2107 2699 in

501 2737 878 2793 conversione
903 2735 1246 2792 credentium
1268 2778 1283 2802 ,
1329 2746 1386 2789 ut
1421 2735 1651 2806 expulso
1687 2735 1961 2806 daemone,
1998 2735 2111 2806 pri-

501 2846 654 2887 mum
688 2830 812 2886 ﬁdei
835 2829 1023 2885 lumen
1053 2829 1343 2899 aspiciant,
1374 2829 1574 2886 deinde
1603 2829 1658 2884 in
1683 2829 1875 2887 laudes
1905 2831 2001 2887 Dei
2029 2841 2111 2888 ta-

505 2925 694 2981 centia
718 2923 868 2994 prius
891 2937 988 2978 ora
1014 2922 1287 2978 laxentur.

578 3022 764 3094 (Vers.
792 3020 915 3092 25.)
942 3019 1094 3077 Iesus
1121 3030 1293 3076 autem
1325 3021 1492 3076 sciens
1527 3021 1862 3094 cogitationes
1893 3038 2101 3093 eorum,

505 3116 638 3171 dixit
667 3115 744 3170 eis
767 3130 786 3168 :
817 3113 982 3169 Omne
1012 3130 1228 3185 regnum
1268 3114 1321 3166 in
1361 3131 1415 3168 se
1444 3113 1670 3168 diuisum
1692 3122 1717 3151 α
1763 3113 2100 3182 desolabitur,

505 3217 555 3264 et
581 3209 748 3262 omnis
776 3208 958 3263 civitas
986 3209 1065 3262 vel
1091 3207 1276 3263 domus
1302 3208 1470 3262 divisa
1497 3217 1677 3262 contra
1702 3224 1776 3277 se,
1804 3225 1906 3263 non
1926 3210 2101 3264 stabit.

505 3299 702 3356 Turba:
745 3299 1047 3370 stupebant
1074 3308 1129 3354 et
1158 3300 1570 3355 conﬁtebantur
1617 3316 1776 3367 eum,
1817 3303 1906 3371 qui
1959 3311 2103 3358 tanta

505 3391 661 3462 signa
709 3389 982 3457 faciebat,
1029 3404 1153 3447 esse
1203 3391 1375 3447 ﬁlium
1408 3391 1578 3446 David
1615 3409 1628 3445 :
1663 3392 1927 3448 Pharisaei
1971 3408 2103 3449 vero

507 3498 675 3553 opera
698 3481 795 3537 Dei
823 3482 1060 3553 principi
1089 3482 1486 3538 daemoniorum
1517 3483 1874 3552 deputabunt.
1903 3483 2113 3551 Quibus

507 3575 776 3630 Dominus
811 3591 918 3630 non
961 3575 1027 3629 ad
1077 3573 1220 3630 dicta
1239 3615 1256 3642 ,
1286 3575 1382 3630 sed
1410 3573 1480 3628 ad
1507 3577 1746 3645 cogitata
1775 3575 2064 3646 respondit
2096 3593 2108 3630 :

513 3677 570 3721 ut
599 3666 686 3721 vel
715 3667 795 3722 sic
821 3664 1286 3735 compellerentur
1313 3663 1541 3720 credere
1567 3666 1826 3736 potentiae
1847 3665 1988 3736 ejus,
2021 3673 2114 3738 qui

511 3759 697 3814 cordis
723 3758 947 3814 videbat
974 3757 1208 3813 occulta.

585 3848 773 3921 (Vers.
799 3849 921 3921 26.)
950 3847 1019 3903 Et
1043 3849 1090 3903 si
1119 3848 1344 3905 Satanas
1375 3847 1634 3904 Satanam
1662 3849 1833 3922 ejicit,
1869 3850 2113 3908 adversus

516 3957 571 3996 se
600 3939 796 3994 divisus
825 3948 936 4005 est;
967 3940 1224 4010 quomodo
1254 3955 1377 4012 ergo
1403 3939 1560 3994 stabit
1589 3955 1805 4011 regnum
1829 3942 2114 4013 ejus?Non

511 4042 699 4103 potest
728 4047 954 4101 regnum
981 4039 1037 4088 et
1071 4033 1265 4088 civitas
1293 4042 1486 4087 contra
1527 4047 1588 4088 se
1615 4032 1791 4088 divisa
1831 4047 2110 4106 perstare;

519 4124 614 4180 scd
645 4124 923 4195 quomodo
944 4125 1238 4180 concordia
1267 4141 1450 4196 parva:
1477 4140 1567 4180 res
1587 4137 1866 4196 crescunt,
1896 4128 1970 4184 ita
2001 4129 2116 4185 dis-

2214 1719 2278 1775 Si
2298 1729 2471 1773 autem
2491 1737 2583 1791 ego
2607 1721 2661 1773 in
2681 1720 2844 1792 digito
2863 1719 2963 1776 Dei
2986 1721 3137 1794 ejicio
3157 1723 3415 1776 daemones
3429 1720 3596 1792 (Luc.
3621 1738 3699 1786 x1,
3713 1722 3824 1791 20).

2214 1812 2324 1868 Iste
2350 1824 2433 1868 est
2455 1813 2658 1883 digitus
2683 1829 2844 1884 quem
2872 1814 3207 1870 conﬁtentur
3231 1825 3288 1872 et
3314 1815 3483 1887 Magi,
3516 1817 3611 1886 qui
3639 1827 3824 1871 contra

2219 1904 2437 1978 Moysen
2469 1916 2527 1961 et
2554 1907 2737 1962 Aaron
2774 1907 2924 1978 signa
2953 1909 3252 1969 faciebant.
3282 1909 3546 1965 dicentes
3574 1927 3590 1965 :
3625 1910 3828 1983 Digitus

2216 1995 2316 2051 Dei
2344 2008 2415 2051 est
2439 1999 2530 2052 iste
2559 1996 2756 2070 (Exod.
2791 2014 2865 2067 tv,
2889 1998 2983 2071 29)
3012 2015 3157 2070 :quo
3182 2001 3378 2056 tabulae
3411 2001 3657 2071 lapideae
3686 2003 3823 2058 scri-

2217 2099 2324 2162 ptae
2353 2101 2479 2146 sunt
2511 2091 2564 2146 in
2603 2102 2788 2148 monte
2824 2093 2955 2148 Sina
2983 2092 3164 2165 (Deut.
3203 2093 3305 2165 rx).
3337 2094 3399 2150 Si
3434 2095 3608 2165 igitur
3636 2108 3824 2151 manus

2215 2192 2270 2237 et
2294 2181 2576 2238 brachium
2603 2182 2701 2238 Dei
2725 2228 2738 2252 ,
2769 2183 2939 2239 Filius
2965 2194 3080 2249 est;
3113 2194 3168 2240 et
3196 2185 3398 2256 digitus
3427 2186 3555 2255 eius
3589 2188 3821 2257 Spiritus

2213 2284 2462 2342 sanctus,
2493 2275 2694 2343 Patris,
2726 2287 2782 2332 et
2819 2275 2979 2342 Filii,
3004 2287 3061 2332 et
3084 2277 3321 2348 Spiritus
3351 2280 3533 2334 sancti
3565 2297 3670 2335 una
3701 2281 3824 2336 sub-

2212 2366 2413 2422 stantia
2434 2374 2521 2422 est
2549 2385 2563 2422 :
2597 2382 2703 2422 non
2734 2377 2787 2423 te
2807 2368 3142 2426 scandalizet
3171 2369 3552 2428 membrorum
3580 2371 3820 2443 inaequa-

2211 2456 2359 2526 litas,
2394 2473 2518 2514 cum
2549 2459 2984 2516 mdiﬁcetunitas
3013 2462 3288 2532 corporis.

2282 2547 2456 2620 Igitur
2484 2551 2715 2622 peruenit
2753 2551 2808 2605 in
2839 2567 2928 2606 uos
2952 2569 3167 2624 regnum
3194 2552 3316 2608 Dei.
3345 2553 3450 2610 Vel
3478 2555 3724 2626 seipsum
3747 2554 3816 2610 si-

2208 2641 2460 2713 gniﬁcat,
2491 2643 2561 2697 de
2595 2659 2702 2713 quo
2740 2643 2796 2698 in
2835 2643 2946 2699 alio
2972 2645 3095 2701 loco
3119 2645 3386 2716 scriptum
3416 2657 3548 2703 est:
3585 2648 3816 2719 Regnum

2211 2734 2307 2788 Dei
2335 2736 2474 2788 intra
2499 2751 2590 2789 uos
2617 2744 2693 2789 est
2748 2735 2904 2804 (Luc.
2942 2752 3079 2804 xvn,
3134 2736 3248 2808 2i).
3300 2737 3369 2792 Et.
3401 2755 3415 2792 :
3453 2737 3670 2793 Medius
3716 2747 3811 2794 stat

2207 2827 2340 2880 inter
2371 2844 2478 2897 vos,
2511 2845 2665 2899 quem
2694 2829 2900 2883 nescitis
2933 2827 3114 2901 (Joan.
3152 2829 3303 2901 xxvn)
3333 2847 3347 2884 :
3377 2831 3468 2886 vel
3499 2841 3655 2888 certe
3683 2830 3812 2886 illud

2210 2933 2437 2989 regnum
2467 2919 2614 2988 quod
2646 2928 2700 2974 et
2725 2920 2963 2976 Joannes
3008 2931 3064 2976 et
3103 2922 3221 2991 ipse
3253 2922 3522 2978 Dominus
3557 2924 3813 2994 przedica-

2211 3023 2402 3068 verant
2434 3032 2448 3065 ;
2484 3011 2847 3067 Paenitentiam
2871 3016 3040 3084 agite,
3074 3015 3518 3086 appropinquabit
3561 3017 3698 3070 enim
3736 3031 3815 3068 re-

2211 3122 2370 3180 gnum
2399 3106 2640 3160 caelorum
2666 3106 2875 3178 (Supra
2902 3122 2984 3174 ll],
3012 3107 3091 3179 2).
3123 3107 3220 3164 Est
3246 3117 3301 3164 et
3329 3111 3563 3166 tertium
3590 3123 3810 3179 regnum

2211 3202 2510 3272 Scripturte
2536 3212 2775 3272 sanctae,
2825 3203 2974 3274 quod
3004 3201 3256 3258 aufertur
3279 3219 3308 3257 a
3343 3203 3578 3270 Judtnis,
3625 3212 3683 3261 et
3709 3214 3813 3260 tra-

2209 3294 2370 3351 detur
2394 3296 2545 3367 genti
2567 3296 2792 3352 facienti
2827 3297 3038 3353 fructus
3064 3299 3183 3366 ejus
3215 3296 3399 3371 (Infra
3435 3298 3579 3372 nt).

2285 3387 2468 3459 (Vers.
2493 3389 2611 3459 29.)
2639 3389 2741 3443 Aut
2766 3391 3023 3460 quomodo
3051 3400 3216 3460 potest
3238 3392 3518 3462 quisquam
3548 3395 3743 3448 intrare
3765 3393 3813 3446 in

2212 3479 2424 3534 domum
2445 3481 2615 3550 fortis,
2642 3491 2689 3536 et
2714 3497 2834 3536 vasa
2864 3487 2977 3549 eius
2998 3483 3246 3554 diripere,
3269 3484 3372 3538 nisi
3403 3486 3551 3553 prius
3574 3485 3812 3556 alligave-

2213 3573 2281 3625 rit
2306 3573 2521 3642 fortem,
2552 3581 2600 3626 et
2635 3583 2757 3627 tunc
2789 3575 2995 3627 domum
3021 3573 3167 3629 illius
3196 3575 3406 3645 diripiet
3431 3576 3457 3630 ?
3494 3576 3617 3632 Non
3651 3576 3812 3631 debo-

2213 3681 2332 3720 mus
2361 3680 2484 3721 esse
2507 3668 2686 3721 securi
2720 3683 2733 3720 :
2765 3667 3124 3724 Adversarius
3153 3679 3338 3724 noster
3367 3667 3552 3739 fortis,
3584 3671 3804 3726 victoris

2212 3773 2431 3830 quoque
2455 3759 2681 3813 vocibus
2703 3760 3114 3828 comprobatur.
3138 3760 3343 3815 Domus
3377 3762 3532 3816 illius
3558 3761 3810 3829 mundus,

2219 3851 2310 3921 qui
2341 3851 2393 3906 in
2424 3850 2666 3921 maligno
2694 3853 2905 3921 positus
2926 3860 3012 3907 est
3043 3849 3264 3922 (lloan.
3301 3850 3378 3922 v),
3410 3868 3521 3908 non
3554 3852 3812 3910 creatoris

2218 3944 2518 4016 dignitate,
2550 3945 2644 4000 sed
2688 3945 3067 4016 magnitudine
3105 3945 3498 4017 delinquentis.
3533 3947 3674 4003 Vasa
3701 3946 3812 4017 ejus

2221 4051 2324 4092 nos
2340 4037 2613 4107 quondam
2636 4036 2856 4092 fuimus.
2881 4037 3147 4108 Alligatus
3162 4045 3247 4093 est
3271 4036 3454 4106 fortis,
3475 4047 3532 4094 et
3558 4037 3811 4109 religatus

2219 4129 2273 4185 in
2312 4138 2603 4198 tartarum,
2629 4140 2686 4187 et
2715 4130 2929 4187 Domini
2961 4131 3235 4188 contritus
3276 4133 3417 4202 pede
3451 4151 3466 4186 :
3499 4143 3553 4190 et
3591 4133 3812 4204 direptis

519 4214 706 4270 cordia
737 4214 994 4269 maximae
1023 4214 1360 4270 dilabuntur.
1393 4214 1453 4271 Si
1483 4230 1615 4287 ergo
1644 4215 1880 4273 Satanas
1911 4229 2115 4290 pugnat
2141 4285 2188 4295 __
2217 4221 2440 4278 sedibus
2469 4223 2707 4294 tyranni,
2737 4224 2950 4293 captiva
2978 4224 3141 4280 ducta
3172 4232 3258 4279 est
3287 4224 3598 4295 captivitas.

520 4319 714 4365 contra
743 4323 827 4375 se,
853 4318 909 4365 et
938 4308 1153 4363 daemon
1185 4308 1436 4364 inimicus
1463 4285 1864 4378 est—daemonis,
1893 4285 2118 4369 deberet
2141 4285 2196 4347 D
2293 4285 2592 4387 (Vera-50,
2613 4285 2729 4386 5i.)
2758 4285 2862 4385 Qui
2891 4334 2996 4372 non
3024 4327 3098 4372 est
3124 4285 3557 4386 mecum-contra
3583 4334 3664 4372 me
3691 4325 3766 4372 est
3791 4332 3806 4368 :

517 4400 630 4470 jam
657 4399 845 4454 mundi
870 4400 1091 4456 venisse
1111 4401 1543 4467 consummatio;
1564 4409 1620 4456 ut
1639 4416 1747 4456 non
1776 4402 2039 4460 baberent
2060 4405 2115 4460 in

526 4511 592 4550 eo
636 4495 812 4548 locum
843 4495 1179 4550 adversariae
1229 4504 1554 4565 potestates,
1593 4511 1821 4568 quarum
1871 4498 2015 4554 inter
2056 4515 2117 4555 se

525 4587 752 4653 bellum,
780 4602 886 4658 pax
912 4586 1195 4642 hominum
1221 4597 1327 4643 est.
1363 4587 1419 4645 Si
1441 4597 1624 4645 autem
1652 4591 1876 4660 putatis,
1908 4607 1942 4646 o
1971 4591 2119 4648 Scri-

522 4680 606 4734 bae
634 4690 688 4735 et
708 4678 992 4745 Pharisaei,
1021 4679 1167 4750 quod
1194 4681 1443 4736 recessio
1465 4680 1774 4737 daemonum
1803 4683 2115 4740 obedientia

524 4773 596 4827 sit
629 4773 680 4826 in
712 4771 1011 4842 principem
1040 4787 1226 4838 suum,
1262 4779 1322 4826 ut
1349 4771 1600 4829 homines
1624 4775 1943 4845 ignorantes
1969 4775 2116 4831 frau-

522 4865 744 4921 dulenta
767 4865 1121 4922 simulatione
1144 4865 1424 4936 deludant,
1441 4867 1568 4937 quid
1590 4869 1820 4939 potestis
1843 4869 2030 4926 dicere
2049 4869 2118 4926 de

524 4975 815 5028 corporum
860 4957 1217 5028 sanitatibus,
1263 4975 1398 5030 quas
1432 4960 1695 5016 Dominus
1743 4961 2118 5033 perpetravit?

522 5051 686 5106 Aliud
717 5058 804 5104 est
824 5050 870 5105 si
894 5053 1259 5106 membrorum
1285 5066 1499 5122 quoque
1527 5051 1838 5108 debilitates
1865 5062 1921 5108 et
1947 5054 2114 5122 spiri-

522 5143 747 5198 tualium
772 5143 1036 5198 virtutum
1062 5143 1296 5213 insignia
1326 5142 1665 5198 daamonibus
1691 5145 2004 5215 assignatis.

590 5234 773 5304 (Vers.
802 5235 927 5305 27.)
955 5232 1025 5288 Et
1046 5235 1093 5289 si
1121 5252 1212 5306 ego
1244 5236 1298 5288 in
1322 5234 1603 5291 Beelzebub
1639 5237 1790 5308 ejicio
1823 5237 2111 5305 daemones,

509 5328 609 5398 filii
632 5328 782 5382 vestri
803 5327 856 5380 in
878 5343 982 5399 quo
1002 5327 1254 5400 ejiciunt?
1270 5324 1399 5381 Ideo
1419 5328 1521 5399 ipsi
1532 5328 1742 5400 judices
1763 5331 1918 5386 vestri
1937 5341 2108 5386 erunt.

509 5416 678 5474 Filios
726 5417 1191 5488 Judacorum,vel
1239 5423 1550 5475 exorcistas
1600 5423 1781 5492 gentis
1831 5423 2009 5491 illius,
2042 5439 2109 5480 ex

504 5527 659 5570 more
689 5511 996 5584 signiﬁcat,
1028 5512 1115 5568 vel
1142 5514 1460 5585 apostolos,
1494 5528 1563 5571 ex
1595 5517 1788 5572 eorum
1819 5515 1993 5586 stirpe
2019 5532 2113 5588 ge-

2218 4418 2266 4464 et
2285 4412 2371 4481 qui
2400 4427 2501 4465 non
2526 4421 2802 4483 congregat
2827 4427 3045 4479 mecum,
3070 4411 3286 4482 spargit.
3319 4410 3452 4466 Ideo
3483 4411 3601 4465 dico
3625 4408 3761 4464 vobis
3791 4423 3807 4460 :

2219 4517 2367 4554 omne
2396 4512 2660 4570 peccatum
2701 4511 2748 4556 et
2790 4501 3109 4570 blasphemia
3145 4501 3432 4555 remittetur
3477 4499 3805 4554 hominibus:

2218 4594 2432 4666 spiritus
2460 4605 2633 4649 autem
2661 4594 2992 4667 blasphemia:
3014 4610 3118 4648 non
3146 4593 3456 4648 remittetur.
3500 4592 3618 4647 Non
3659 4596 3810 4660 putet

2221 4683 2326 4741 hoc
2342 4687 2624 4757 quisquam
2645 4687 2715 4742 de
2737 4685 3013 4743 haereticis
3027 4684 3229 4741 dictum
3245 4692 3301 4740 et
3317 4682 3684 4740 schismaticis
3700 4681 3802 4752 81

2220 4777 2569 4850 (quamquam
2595 4789 2652 4835 et
2682 4781 2753 4835 ita
2779 4795 2846 4835 ex
2877 4777 3155 4850 superfluo
3198 4778 3369 4846 possit
3413 4769 3805 4847 intelligi),sed

2219 4888 2285 4928 ex
2315 4873 2774 4944 consequentibus
2815 4882 3085 4944 textaque
3120 4871 3394 4928 sermonis
3423 4869 3492 4924 ad
3532 4864 3800 4923 diabolum

2220 4965 2492 5021 refertur:
2516 4981 2582 5022 eo
2605 4966 2749 5036 quod
2775 4982 2881 5023 non
2905 4968 3118 5037 possint
3139 4979 3305 5035 opera
3327 4964 3634 5018 Salvatoris
3657 4955 3803 5013 Beelv

2225 5057 2399 5113 zebub
2428 5058 2687 5128 operibus
2715 5058 3039 5128 comparari.
3086 5055 3184 5112 Ille
3215 5055 3367 5127 cupit
3395 5055 3609 5110 animas
3635 5046 3803 5104 homi-

2217 5165 2344 5202 num
2381 5159 2568 5206 tenere
2609 5150 2896 5220 captivas;
2944 5149 3206 5204 Dominus
3238 5148 3492 5204 liberare.
3535 5145 3634 5200 ille
3665 5155 3802 5212 pra:-

2215 5241 2358 5295 dicat
2401 5241 2584 5308 idola;
2644 5242 2733 5296 hic
2761 5241 2920 5297 unius
2967 5239 3065 5297 Dei
3095 5239 3364 5297 notitiam.
3404 5239 3500 5294 Ille
3537 5235 3700 5291 trahit
3737 5229 3800 5284 ad

2216 5331 2346 5386 vitia
2379 5350 2389 5384 :
2421 5331 2510 5386 hic
2538 5331 2605 5386 ad
2637 5332 2868 5388 virtutes
2915 5340 3156 5388 revocat.
3201 5329 3489 5399 Quomodo
3518 5342 3650 5398 ergo
3681 5336 3802 5396 pos-

2212 5434 2340 5480 sunt
2371 5426 2513 5482 inter
2543 5441 2603 5482 se
2631 5426 2836 5484 habere
2863 5426 3232 5495 concordiam,
3265 5437 3498 5497 quorum
3524 5432 3692 5490 opera
3721 5415 3798 5472 di-

2211 5518 2330 5575 visa
2361 5518 2468 5591 [ΑΙ.
2499 5519 2740 5593 diversa]
2771 5521 2944 5579 sunt?

569 5704 591 5730 α
634 5695 750 5751 Duo
773 5708 930 5764 mss,
959 5695 1183 5752 divisum
1204 5706 1385 5755 contra
1405 5713 1460 5754 se
1480 5694 1801 5755 desolabitur
1815 5713 1839 5767 ,°
1863 5694 1976 5768 alii,
2001 5696 2285 5757 desolatur.
