3962 6302
140 301 195 355 81

628 298 1278 358 COMMENTARIORUM
1315 297 1383 354 IN
1424 297 1872 358 EVANGELIUH
1910 299 2250 358 MATTHEI
2287 298 2419 357 LIB.
2461 298 2525 356 ll.
2567 300 2722 358 CAP.
2766 301 2884 359 XII.

3336 306 3408 362 83

196 415 364 486 (Vers.
392 410 510 484 5‘2.)
540 414 610 468 Et
637 417 943 484 quicumque
963 416 1146 470 dixerit
1172 416 1379 469 verbum
1403 424 1582 470 contra
1605 414 1699 469 Fi—
1724 420 1771 479 Α
1793 416 2169 488 justiﬁeaberis
2192 459 2206 481 ,
2249 428 2294 470 et
2345 435 2409 472 ea:
2458 418 2623 472 verbis
2665 420 2769 472 tuis
2799 420 3241 478 condemnaberis.
3292 424 3410 480 Hoc

138 509 248 562 lium
270 508 503 571 hominis,
520 507 813 561 remittetur
829 509 902 561 ei:
919 507 1005 576 qui
1021 515 1187 561 autem
1199 507 1384 560 dixerit
1397 515 1576 560 contra
1591 506 1708 577 Spi-

137 601 271 652 ritum
285 609 530 659 sanctum,
550 615 654 652 non
672 600 958 653 remittetur
970 600 1034 663 ei,
1051 601 1273 670 nequein
1287 599 1605 665 hocsceculo,
1624 614 1704 652 ne-

138 695 276 763 quein
288 693 470 761 futuro.
484 691 842 760 thnomodo
858 691 1073 762 quidam
1091 699 1398 746 nostrorum
1415 693 1703 762 episcopos

140 793 284 853 atque
311 782 655 854 presbyteros
685 792 810 854 post
834 783 1218 852 blasphemiam
1249 784 1480 855 Spiritus
1509 785 1699 852 sancti,

142 878 187 930 in
212 891 350 929 suum
376 876 639 945 recipiunt
662 875 912 944 gradum,
937 889 1058 930 cum
1082 874 1332 930 Salvator
1353 876 1516 942 dicat,
1538 890 1699 931 omne

141 979 390 1036 peccatum
439 976 492 1021 et
546 965 940 1036 blaSphemiam
982 967 1177 1022 dimitti
1209 967 1560 1022 hominibus:
1607 970 1699 1039 qui

146 1073 305 1117 autem
332 1061 379 1115 in
407 1060 663 1131 Spiritum
694 1069 940 1115 sanctum
973 1059 1445 1128 blasphemaverit,
1479 1076 1585 1115 non
1617 1061 1703 1116 di-

147 1153 268 1207 mitti
289 1153 330 1206 ei
353 1167 519 1222 neque
541 1153 594 1206 in
627 1153 880 1220 praesenti
907 1161 1165 1221 tempore,
1195 1167 1370 1223 neque
1400 1151 1452 1206 in
1481 1152 1701 1206 futuro?

142 1246 236 1301 Nisi
256 1245 382 1300 forte
401 1245 530 1300 illud
553 1245 623 1301 de
647 1246 830 1300 Marco
852 1245 1190 1316 evangelista
1213 1261 1491 1301 sumamus
1511 1261 1697 1301 exem-

141 1343 285 1410 plum,
307 1340 393 1410 qni
418 1355 606 1394 causas
635 1350 800 1394 tanta:
823 1340 916 1394 ira:
939 1338 1276 1395 manifestius
1300 1340 1588 1410 expressit,
1618 1339 1698 1394 di-

139 1448 287 1490 cens:
323 1433 451 1500 Quia
501 1433 804 1499 dicebant,
849 1432 1096 1502 spiritum
1145 1432 1481 1488 immundum
1512 1432 1694 1488 habet.

138 1527 260 1597 Ergo
279 1527 591 1596 quicumque
616 1540 782 1596 opera
813 1524 1114 1581 Salvatoris
1137 1525 1443 1581 Beelzebub
1467 1525 1696 1597 principi

137 1622 493 1676 daemoniorum
539 1619 856 1691 deputarit;
905 1627 960 1674 et
1007 1618 1206 1674 dixerit
1251 1618 1443 1674 Filium
1475 1618 1572 1674 Dei
1602 1617 1697 1672 ba-

138 1715 248 1771 bere
273 1715 513 1786 Spiritum
546 1715 916 1780 immundum,
948 1711 1077 1768 buic
1109 1713 1258 1767 nullo
1286 1720 1527 1781 tempore
1551 1711 1695 1765 blas-

139 1806 323 1876 phemia
353 1805 654 1861 remittetur
683 1802 876 1873 (Mare.
908 1819 964 1858 ιιι
989 1844 1005 1871 ,
1037 1803 1152 1872 22).
1191 1801 1284 1857 Vel
1315 1803 1385 1856 ita
1415 1802 1563 1857 locus
1592 1801 1694 1857 iste
1726 1789 1774 1850 Β

137 1898 491 1969 intelligendus
518 1909 606 1953 est
631 1916 644 1952 :
679 1897 780 1962 Qui
807 1897 1032 1952 verbum
1060 1896 1256 1951 dixerit
1275 1903 1467 1951 contra
1499 1893 1690 1949 Filium

136 1991 370 2057 hominis,
402 1990 808 2046 scandalizatus
837 2003 1002 2044 carne
1033 2002 1188 2054 mea,
1231 1997 1285 2042 et
1313 2003 1398 2042 me
1420 1986 1692 2042 hominem

136 2094 316 2139 tantum
336 2084 624 2150 arbitrans,
653 2082 798 2153 quod
823 2081 964 2137 filius
987 2081 1090 2135 sim
1120 2079 1277 2148 fabri,
1309 2089 1366 2136 et
1389 2078 1584 2134 fratres
1609 2078 1696 2132 ba-

136 2178 288 2242 beam,
319 2176 597 2241 Jacobum,
627 2185 683 2231 et
707 2175 909 2246 Ioseph
935 2215 951 2240 ,
982 2183 1037 2230 et
1059 2172 1282 2237 Judam;
1328 2181 1382 2227 et
1411 2174 1572 2226 homo
1601 2186 1694 2225 vo-

135 2278 283 2335 rator,
310 2279 360 2324 et
388 2270 491 2325 vini
521 2279 742 2341 potator
769 2269 894 2335 sim,
929 2267 1054 2321 talis
1084 2266 1270 2336 Opinio
1301 2275 1325 2302 ⁸
1355 2275 1517 2335 atque
1548 2263 1692 2318 blas—

136 2360 344 2432 phemia,
386 2377 710 2433 quamquam
733 2361 892 2430 culpa
918 2377 1023 2415 non
1051 2368 1231 2415 careat
1254 2358 1475 2426 erroris,
1509 2368 1690 2412 tamen

136 2456 304 2510 habeat
332 2457 541 2512 veniam
569 2466 794 2527 propter
815 2456 1065 2526 corporis
1097 2454 1358 2510 vilitatem
1388 2453 1581 2524 (Marc.
1613 2469 1688 2522 v1,

136 2545 244 2600 Luc.
268 2564 340 2614 tn,
372 2548 558 2603 Matth.
594 2549 696 2618 ιι).
729 2549 830 2614 Qui
857 2557 1034 2603 autem
1065 2546 1352 2604 manifeste
1382 2547 1691 2616 intelligens

137 2656 276 2708 opera
304 2641 418 2708 Dei,
445 2657 566 2697 cum
589 2641 657 2696 de
687 2643 887 2698 virtute
917 2657 1116 2711 negare
1145 2657 1249 2697 non
1283 2643 1474 2711 possit,
1499 2642 1690 2698 eadem

139 2735 414 2788 stimulatus
457 2733 661 2790 invidia
686 2776 702 2801 ,
735 2735 1134 2799 calumniatur;
1177 2745 1231 2790 et
1254 2733 1531 2789 Christum
1568 2735 1693 2789 Dei-

136 2841 223 2896 que
241 2826 480 2894 Verbum,
511 2837 566 2883 et
587 2842 753 2897 opera
775 2827 1011 2896 Spiritus
1032 2828 1205 2882 sancti
1232 2826 1364 2882 dicit
1386 2841 1506 2882 esse
1534 2826 1691 2881 Beel-

139 2917 320 2973 zebnb:
353 2921 436 2975 isti
460 2935 568 2975 non
595 2919 897 2975 dimittetur
919 2934 1092 2991 neque
1115 2921 1168 2974 in
1193 2920 1445 2990 praesenti
1467 2918 1689 2982 sarculo,

140 3026 288 3082 neque
315 3014 365 3067 in
395 3013 596 3069 futuro.

197 3105 356 3175 (\‘ers.
385 3108 498 3179 33.)
549 3109 651 3162 Aut
690 3109 843 3178 facile
872 3107 1107 3162 arborem
1135 3107 1322 3162 bonam
1345 3149 1360 3173 ,
1394 3117 1441 3162 et
1469 3109 1695 3180 fructum
1723 3103 1768 3168 C

141 3201 231 3269 ejus
254 3200 463 3255 bonum:
517 3211 608 3281 aut
657 3203 814 3273 facile
852 3200 1087 3255 arborem
1118 3202 1310 3255 malam
1335 3243 1350 3268 ,
1391 3211 1440 3254 et
1466 3205 1692 3272 fructum

139 3297 232 3364 ejus
265 3297 466 3351 malum.
520 3295 793 3367 Siquidem
841 3313 906 3350 ea.
947 3299 1119 3367 fructu
1172 3295 1327 3349 arbor
1374 3296 1690 3368 agnoscitur.

140 3383 439 3459 Constringit
462 3403 557 3445 eos
586 3388 927 3460 syllogismo,
959 3403 1119 3458 quem
1147 3386 1318 3443 Graeci
1350 3399 1544 3442 vocant
1567 3385 1694 3460 ἄφυ-

142 3503 234 3535 κτον
252 3525 265 3544 ,
295 3485 396 3556 82
424 3499 524 3539 nos
551 3482 895 3538 inevitabilem
923 3496 1212 3552 possumus
1240 3482 1552 3551 appellare:
1602 3481 1693 3550 qui

145 3573 465 3647 interrogatos
505 3576 634 3631 hinc
680 3576 808 3631 inde
839 3574 1144 3642 concludit,
1177 3583 1232 3630 et
1263 3582 1495 3644 utroque
1524 3589 1692 3628 cornu

149 3665 334 3730 premit.
383 3666 437 3722 Si
463 3712 478 3735 ,
512 3666 708 3737 inquit,
741 3665 991 3720 diabolus
1021 3666 1194 3719 malus
1223 3675 1327 3727 est,
1359 3665 1500 3719 bona
1527 3678 1692 3733 opera

147 3755 299 3813 facere
340 3775 441 3815 non
485 3769 682 3830 poteSt.
750 3759 806 3814 Si
859 3770 1036 3812 autem
1076 3759 1218 3811 bona
1249 3767 1376 3812 sunt
1404 3773 1524 3827 quae
1555 3758 1693 3812 facta

146 3849 341 3904 cernitis
363 3893 377 3916 ,
411 3853 655 3920 sequitur
697 3860 754 3904 ut
793 3864 900 3904 non
932 3850 1004 3904 sit
1033 3848 1286 3904 diabolus
1323 3850 1410 3919 qui
1442 3864 1504 3904 ea
1537 3847 1688 3904 facit.

145 3937 300 4013 Neque
327 3945 462 3999 enim
492 3944 611 3999 ﬁeri
645 3951 852 4013 potest,
887 3953 942 3997 ut
965 3958 1032 3998 ex
1065 3943 1213 3996 malo
1241 3944 1466 4008 bonum,
1509 3951 1600 3997 aut
1626 3956 1689 3996 ex

147 4030 264 4089 bono
281 4036 477 4090 oriatur
504 4035 730 4091 malum.
775 4034 930 4100 Quod
961 4043 1141 4090 autem
1166 4035 1408 4104 sequitur
1434 4050 1447 4087 :

205 4125 367 4192 (Vere.
395 4128 509 4199 δι.)
541 4127 823 4199 Progenies
851 4128 1162 4200 viperarum,
1197 4127 1453 4196 quomodo
1483 4126 1694 4198 potestis

151 4218 254 4273 bona
281 4223 410 4290 loqui
449 4239 564 4276 cum
593 4223 704 4276 sitis
744 4221 869 4274 mali
889 4221 914 4273 ?
953 4219 1034 4274 Ea:
1062 4220 1383 4273 abundantia
1413 4219 1548 4273 enim
1575 4235 1692 4272 cor-

151 4311 214 4364 dis
251 4331 298 4367 os
340 4318 579 4385 loquitur.
628 4314 882 4370 Ostendit
928 4314 1051 4368 illos
1078 4314 1329 4370 arborem
1359 4313 1555 4367 malam
1582 4354 1597 4378 ,
1642 4320 1698 4366 et

1809 523 2030 579 quoque
2059 510 2230 564 lueret
2253 524 2373 564 cum
2406 510 2797 579 superioribus.
2851 511 2918 567 Et
2946 523 3032 568 est
3063 529 3256 570 sensus
3283 535 3294 570 :
3342 515 3400 573 Si

1805 599 2042 653 otiosum
2067 599 2311 663 verbum,
2363 600 2505 670 quod
2537 616 2875 672 nequaquam
2903 602 3139 659 aedificat
3167 605 3394 661 audien-

1805 698 1906 754 tes,
1940 703 2046 743 non
2076 699 2157 744 est
2181 690 2384 760 absque
2417 691 2656 759 periculo
2687 693 2806 762 ejus
2835 693 2928 763 qui
2960 693 3232 763 loquitur,
3263 708 3317 752 et
3341 697 3395 753 in

1807 779 1897 836 die
1923 781 2113 850 judicii
2139 782 2452 838 redditurus
2477 794 2562 840 est
2585 786 2960 857 unusquisque
2991 788 3252 844 rationem
3277 805 3398 845 ser-

1806 889 2028 930 monum
2059 890 2280 930 suorum
2308 895 2321 928 :
2365 886 2570 944 quanto
2602 880 2773 950 magis
2807 895 2936 945 vos,
2970 882 3061 951 qui
3086 896 3252 953 opera
3278 884 3402 953 Spi-

1803 970 1939 1024 ritus
1965 970 2138 1025 sancti
2159 970 2590 1036 calumniamini,
2621 981 2677 1026 et
2699 974 2880 1027 dicitis
2901 989 2987 1029 me
3014 975 3068 1029 in
3091 975 3402 1032 Beelzebub

1805 1061 2051 1132 principe
2099 1060 2496 1117 dtcmoniorum
2542 1063 2743 1132 ejicere
2771 1063 3080 1135 daemonia,
3138 1068 3403 1125 reddituri

1800 1157 1936 1211 estis
1985 1157 2257 1211 rationem
2297 1157 2584 1212 calumniae
2609 1160 2848 1213 vestrae!
2898 1158 3142 1215 Otiosum
3171 1161 3398 1218 verbum

1802 1261 1908 1317 est,
1932 1251 2073 1320 quod
2097 1250 2214 1308 sine
2239 1253 2473 1307 utilitate
2501 1252 2773 1319 loquentis
2796 1252 2994 1307 dicitur
3015 1263 3070 1309 et
3089 1254 3391 1310 audientis:

1800 1343 1847 1397 si
1896 1344 2112 1398 omissis
2157 1345 2358 1412 seriis,
2409 1343 2480 1399 de
2524 1343 2687 1399 rebus
2741 1344 2949 1399 frivolis
2979 1345 3299 1416 loquamur,
3343 1357 3400 1402 et

1802 1433 2010 1490 fabulas
2059 1451 2344 1491 narremus
2375 1436 2648 1506 antiquas.
2711 1434 2986 1492 Cteterum
3017 1438 3112 1507 qui
3145 1439 3396 1494 scurrilia

1801 1535 2045 1604 replicat,
2072 1545 2128 1590 et
2157 1532 2441 1590 cachinnis
2468 1548 2564 1588 ora
2595 1533 2846 1588 dissolvit
2875 1543 2932 1589 et
2955 1533 3157 1604 aliquid
3192 1533 3399 1604 profert

1801 1626 2176 1696 turpitudinis,
2211 1627 2309 1682 hic
2339 1642 2448 1682 non
2476 1628 2636 1682 otiosi
2671 1626 2841 1693 verbi,
2873 1626 2969 1681 sed
3001 1626 3282 1682 criminosi
3316 1637 3398 1682 te-

1802 1716 2022 1771 nebitur
2052 1731 2204 1772 reus.

1871 1809 2054 1881 (Vers.
2089 1810 2205 1879 58.)
2246 1808 2393 1863 Tune
2427 1809 2804 1877 responderunt
2833 1814 2878 1862 ei
2919 1810 3131 1878 quidam
3160 1811 3223 1864 de
3245 1810 3394 1865 Scri-

1797 1903 1872 1957 bis
1916 1915 1964 1957 et
2014 1903 2300 1957 Pharisazis
2325 1943 2341 1967 ,
2391 1902 2654 1956 dicentes:
2700 1901 2950 1971 Magister
2973 1944 2988 1968 ,
3021 1904 3258 1958 volumus
3284 1921 3317 1958 a
3346 1915 3396 1957 te

1796 1996 2000 2065 signum
2034 1995 2222 2048 videre.
2273 1994 2369 2050 Sic
2398 1995 2613 2064 signum
2645 1995 2955 2065 postulant,
2983 1996 3139 2066 quasi
3161 2011 3285 2066 qua:
3310 2007 3395 2052 vt-

1797 2087 1992 2142 derant
2019 2131 2033 2153 ,
2089 2088 2240 2157 signa
2272 2103 2376 2140 non
2409 2085 2634 2141 fuerint.
2692 2085 2799 2141 Sed
2824 2087 2875 2140 in
2905 2085 3014 2141 alio
3042 2085 3390 2157 Evangelista

1799 2178 1929 2250 quid
1980 2187 2168 2249 petant
2216 2178 2427 2248 plenius
2458 2179 2802 2247 explicatur:
2869 2176 3124 2232 Volumus
3151 2177 3261 2250 83
3290 2195 3320 2231 a
3349 2189 3396 2233 te

1796 2272 1999 2342 signum
2020 2270 2188 2324 ridere
2216 2271 2280 2323 de
2305 2269 2432 2325 caelo
2458 2270 2654 2342 (Marc.
2681 2285 2796 2335 vnt,
2827 2271 2944 2340 ll).
2977 2269 3070 2324 Vel
3098 2269 3150 2325 in
3183 2286 3390 2326 morem

1801 2361 1931 2415 Elia:
1968 2359 2149 2431 ignem
2192 2360 2261 2416 de
2292 2361 2512 2415 sublimi
2542 2361 2730 2415 venire
2754 2359 3085 2430 cupiebant,
3120 2361 3202 2416 vel
3237 2362 3290 2416 in
3321 2363 3397 2418 si-

1801 2453 2165 2510 militudinem
2196 2452 2492 2519 Samuelis,
2527 2463 2772 2524 tempore
2802 2453 2993 2509 aestivo
3022 2452 3051 2491 ι)
3073 2464 3266 2510 contra
3298 2469 3396 2510 na-

1800 2557 1976 2604 turam
2009 2547 2112 2603 loci
2143 2547 2355 2618 mugire
2386 2547 2654 2611 tonitrua,
2685 2561 2980 2602 coruscare
3011 2545 3221 2618 fulgura
3247 2590 3261 2612 ,
3295 2549 3397 2601 im-

1801 2640 1925 2695 bres
1955 2655 2144 2705 ruere,
2176 2639 2329 2710 quasi
2363 2652 2470 2694 non
2499 2638 2711 2709 possint
2733 2647 2789 2694 et
2819 2638 2910 2694 illa
2944 2639 3306 2706 calumniari,
3340 2649 3398 2697 et

1794 2732 1980 2788 dicere
2027 2748 2094 2788 ex
2140 2731 2370 2787 occultis
2416 2741 2472 2786 et
2498 2731 2664 2786 variis
2696 2731 2840 2786 aeris
2868 2731 3217 2802 passionibus
3251 2731 3399 2787 acci-

1795 2826 1962 2882 disse.
2023 2825 2153 2881 Nam
2205 2827 2297 2896 qui
2344 2825 2700 2880 calumniaris
2751 2840 2813 2881 ea
2864 2841 2985 2895 qua:
3011 2826 3184 2882 oculis
3215 2825 3391 2894 vides,

1796 2935 1961 2974 manu
1992 2928 2170 2983 tenes,
2203 2918 2436 2974 utilitate
2464 2917 2636 2972 sentis
2661 2934 2677 2972 :
2708 2916 2837 2987 quid
2867 2916 3108 2973 facturus
3134 2934 3192 2973 es
3215 2917 3282 2973 de
3309 2918 3394 2973 his

1795 3026 1916 3083 qua:
1973 3011 2040 3065 de
2091 3010 2231 3066 calo
2277 3009 2575 3064 venerint?
2630 3008 2828 3080 Utique
2877 3009 3280 3078 reSpondebis,
3334 3020 3392 3066 et

1801 3117 1986 3174 magos
2052 3103 2106 3157 in
2164 3101 2404 3173 Egypto
2450 3101 2620 3156 multa
2673 3101 2827 3172 signa
2885 3101 3084 3159 fecisse
3137 3103 3206 3160 de
3252 3104 3392 3160 caelo

1803 3196 2001 3268 (Exod.
2035 3196 2157 3267 vn).

1872 3291 2056 3361 (Vers.
2088 3289 2203 3360 39.)
2259 3289 2361 3357 Qui
2408 3291 2768 3361 respondens,
2817 3290 2892 3344 ait
2916 3291 3062 3344 illis:
3113 3291 3394 3346 Generatio

1799 3383 1939 3437 mala
1983 3390 2030 3435 et
2067 3383 2326 3436 adultera.
2385 3381 2614 3451 Egregie
2652 3381 2790 3435 dixit
2829 3381 3114 3437 adultera:
3157 3383 3281 3452 quia
3313 3385 3397 3440 di-

1799 3474 2022 3530 miserat
2049 3474 2250 3537 virum,
2282 3483 2337 3528 et
2371 3473 2525 3543 juxta
2555 3472 3140 3540 Ezechielemymultis
3162 3489 3223 3531 se
3247 3491 3397 3530 ama--

1800 3566 2008 3621 toribus
2035 3566 2386 3631 copulaverat
2415 3563 2630 3634 (Ezech.
2662 3565 2802 3634 xu).

1872 3656 2058 3725 (Vers.
2090 3655 2208 3727 40.)
2248 3656 2470 3727 Signum
2499 3657 2708 3726 quaerit,
2742 3666 2788 3712 et
2815 3659 3020 3730 signum
3047 3676 3152 3714 non
3183 3660 3394 3718 dabitur

1799 3748 1869 3812 ei,
1902 3749 2000 3801 nisi
2025 3748 2226 3819 signum
2256 3747 2408 3801 Iona:
2436 3747 2705 3819 praphette
2745 3748 2927 3819 (Joan.
2956 3749 3040 3822 tt).
3081 3750 3231 3807 Sicut
3258 3755 3395 3808 enim

1797 3840 1896 3910 fuit
1935 3838 2097 3894 Jonas
2138 3840 2192 3892 in
2233 3848 2404 3893 ventre
2438 3841 2533 3893 ceti
2563 3841 2725 3894 tribus
2755 3841 2936 3896 diebus
2964 3851 3012 3897 et
3041 3844 3204 3899 tribus
3228 3848 3398 3900 nocti-

1797 3931 1890 3986 bus
1914 3947 1930 3984 :
1962 3933 2034 3985 sic
2065 3933 2158 3986 erit
2202 3928 2372 3986 Filius
2401 3932 2625 3986 hominis
2655 3934 2708 3987 in
2730 3935 2885 3988 corde
2911 3944 3062 3990 terra?
3091 3939 3254 3992 tribus
3284 3940 3396 3993 die-

1797 4025 1888 4079 bus
1919 4036 1966 4078 et
2003 4025 2162 4078 tribus
2189 4027 2440 4079 noctibus.
2491 4026 2565 4081 De
2594 4026 2697 4081 hoc
2731 4027 2854 4082 loco
2886 4028 3103 4096 plenius
3136 4031 3189 4084 in
3231 4032 3394 4088 Com-

1797 4119 2080 4176 mentariis
2122 4119 2278 4175 Jonas
2325 4121 2602 4191 propheta:
2643 4121 3076 4191 diSputavimus:
3132 4125 3198 4180 ad
3242 4125 3393 4182 illum

1797 4228 1929 4284 ergo
1972 4214 2152 4269 locum
2208 4213 2426 4269 lectoris
2480 4214 2821 4284 diligentiam
2867 4215 3217 4271 remittimus.
3281 4217 3398 4274 Hoc

1796 4305 2043 4360 breviter
2083 4320 2228 4359 nunc
2255 4304 2459 4360 dixisse
2484 4305 2731 4360 contenti
2759 4347 2774 4370 ,
2824 4305 2966 4376 quod
2997 4307 3403 4379 synecdocbice

154 4404 259 4458 tales
297 4407 480 4463 alierre
521 4407 734 4462 fructus
781 4406 1136 4476 blasphemiae
1167 4405 1536 4461 redundantes
1582 4404 1690 4476 [ΑΙ.
1721 4417 1774 4477 D
1802 4405 1971 4452 totum
2014 4397 2353 4467 intelligatur
2402 4411 2467 4451 ex
2499 4404 2690 4466 parte:
2744 4411 2852 4452 non
2883 4397 3028 4469 quod
3059 4413 3251 4455 omnes
3282 4407 3398 4456 tres

153 4498 492 4574 redundantis]
519 4545 532 4566 ,
566 4501 750 4570 qualia
785 4499 1017 4554 habeant
1047 4499 1254 4554 semina
1279 4497 1504 4552 diaboli.

208 4591 366 4660 (Vers.
399 4595 512 4665 55.)
566 4594 743 4648 Bonus
781 4592 934 4646 homo
967 4591 1029 4646 de
1059 4592 1188 4646 bono
1232 4590 1470 4645 thesauro
1501 4593 1697 4661 profert

155 4682 273 4738 bona.
313 4687 374 4740 Et
400 4689 564 4741 malus
594 4685 748 4741 homo
792 4687 857 4739 de
881 4685 1020 4738 malo
1047 4685 1286 4737 thesauro
1313 4685 1509 4755 profert
1535 4682 1693 4736 mala.

159 4773 230 4831 γει
255 4779 387 4845 ipsos
410 4782 628 4837 Iudaeos
663 4781 953 4836 Dominum
987 4779 1432 4850 blasphemantes
1458 4779 1700 4834 ostendit

154 4867 207 4923 de
234 4875 360 4942 quali
399 4875 652 4931 thesauro
689 4873 1062 4945 blasphemias
1093 4874 1375 4944 proferant
1397 4915 1412 4938 ,
1458 4873 1544 4928 vel
1573 4887 1694 4928 cum

153 4967 380 5032 superiori
407 4969 708 5037 quastione
739 4967 912 5022 haeret
937 4967 1230 5032 sententia,
1263 4966 1404 5036 quod
1427 4964 1699 5036 quomodo

157 5066 239 5107 non
269 5059 422 5124 possit
456 5060 626 5115 bonus
673 5061 840 5113 homo
891 5058 1132 5128 proferre
1173 5057 1311 5112 mala
1339 5100 1352 5124 ,
1395 5073 1494 5114 nec
1526 5059 1698 5113 malus

157 5142 268 5199 bona
288 5167 300 5200 :
326 5150 400 5206 sic
423 5167 525 5206 non
554 5151 722 5221 possit
747 5150 996 5206 Christus
1020 5151 1183 5218 mala,
1204 5159 1259 5206 et
1280 5151 1537 5206 diabolus
1560 5150 1697 5204 bona

158 5249 288 5302 opera
316 5241 504 5299 facere.

213 5329 370 5396 (νει-ς.
398 5336 483 5400 36,
517 5334 637 5406 57.)
692 5335 819 5390 Dico
861 5347 1031 5392 autem
1059 5339 1200 5392 vobis
1224 5379 1240 5405 ,
1282 5338 1526 5406 quoniam
1554 5352 1702 5390 omne

158 5421 325 5475 rerbum
353 5428 594 5492 otiosum,
623 5429 763 5498 quod
790 5429 947 5482 locuti
981 5430 1169 5500 fuerint
1202 5431 1454 5496 homines,
1486 5429 1700 5483 reddent

160 5513 367 5570 rationem
412 5520 474 5573 de
518 5536 578 5573 eo
619 5522 673 5574 in
719 5520 802 5573 die
846 5521 1051 5590 iudicii.
1106 5521 1189 5576 Ea:
1225 5523 1385 5576 verbis
1421 5523 1557 5578 enim
1605 5524 1705 5576 tuis

221 5653 237 5675 '
256 5654 536 5733 legebatur
564 5666 726 5713 antea
749 5678 760 5712 :
797 5660 975 5730 Opinio
991 5661 1180 5732 absque
1202 5661 1560 5733 blasphemia;
1588 5676 1708 5730 qua:

166 5722 270 5795 falsa
303 5722 454 5784 léctio
493 5729 604 5784 visa
655 5740 774 5795 est,
827 5722 1061 5788 maxime
1091 5722 1292 5788 nostris
1315 5722 1710 5788 contradicen-

165 5794 278 5853 tibus
299 5814 422 5857 mss.
463 5814 694 5873 quorum
737 5794 840 5872 ope
876 5803 1248 5873 restituimus,
1285 5813 1434 5873 atque
1460 5819 1562 5874 pro
1591 5803 1710 5857 abs-

1802 4492 1922 4547 dies
1950 4501 2006 4548 et
2029 4501 2142 4547 tres
2173 4501 2366 4546 noctes
2398 4491 2450 4545 in
2486 4491 2702 4546 inferno
2728 4491 2992 4547 Dominus
3021 4493 3266 4558 steterit;
3295 4492 3395 4549 sed

1804 4583 1949 4654 quod
1990 4583 2043 4637 in
2077 4593 2230 4653 parte
2258 4581 2608 4642 Parasceves.
2637 4594 2689 4636 et
2712 4582 3009 4637 Dominicte
3033 4629 3047 4652 ,
3093 4595 3147 4638 et
3171 4593 3286 4638 tota
3309 4583 3398 4639 die

1803 4674 2038 4741 sabbati,
2071 4685 2185 4729 tres
2209 4672 2325 4727 dies
2352 4683 2406 4728 et
2434 4672 2659 4728 totidem
2689 4685 2878 4729 noctes
2902 4673 3298 4744 intelligantur.

1876 4765 2059 4836 (Vers.
2079 4766 2143 4820 41
2158 4767 2197 4838 .)
2209 4767 2324 4821 Viri
2342 4766 2392 4820 Ν
2399 4768 2590 4820 inivitte
2602 4773 2813 4834 surgent
2830 4764 2884 4818 in
2891 4764 3096 4836 judicio
3111 4781 3226 4818 cum
3241 4781 3397 4836 gene-

1803 4859 2006 4913 ratione
2035 4860 2158 4925 ista,
2185 4868 2231 4912 et
2261 4857 2670 4912 eondemnabunt
2696 4871 2814 4910 eam
2832 4871 2850 4908 :
2892 4858 3014 4925 quia
3045 4857 3397 4919 ptenitentiam

1803 4961 2016 5024 egerunt
2050 4953 2106 5006 in
2151 4951 2519 5019 pradicatione
2561 4946 2733 5001 Jonas.
2785 4945 2903 5002 Non
2926 4949 3211 5002 sententiae
3243 4955 3397 5018 pote-

1801 5052 1964 5111 state,
1997 5043 2092 5099 sed
2118 5041 2548 5113 comparationis
2577 5038 2855 5107 exemplo.

1877 5143 1947 5198 Et
1970 5160 2084 5199 ecce
2111 5145 2228 5216 plus
2251 5158 2408 5214 quam
2437 5138 2601 5194 Jonas
2628 5138 2732 5192 hic.
2766 5136 2884 5202 llic,
2912 5135 3229 5193 adverbium
3261 5137 3390 5201 loci,

1805 5258 1914 5300 non
1943 5256 2240 5312 pronomen
2272 5239 2568 5310 intelligas.
2599 5237 2797 5302 Jonas,
2837 5235 3134 5292 secundum
3160 5236 3393 5306 Septua-

1804 5339 1950 5409 ginta
1979 5334 2334 5403 lnterpretes,
2369 5332 2548 5388 triduo
2577 5331 2926 5401 praedicavit:
2956 5343 3057 5400 ego
3080 5338 3233 5385 tanto
3254 5339 3394 5386 tem-

1807 5443 1960 5500 pore.
2018 5426 2114 5482 llle
2167 5426 2402 5497 Assyriis
2447 5423 2592 5494 genti
2646 5420 2990 5477 incredulae:
3045 5435 3147 5490 ego
3195 5420 3398 5476 Judaais

1811 5522 2010 5592 populo
2038 5521 2155 5576 Dei.
2205 5517 2302 5574 Ille
2352 5515 2688 5588 peregrinis:
2741 5527 2842 5583 ego
2865 5511 3092 5568 civibus.
3149 5512 3246 5568 Ille
3268 5525 3404 5569 voco

1813 5677 1931 5771 qui.
1942 5731 2120 5790 Verba
2147 5741 2326 5788 contra
2353 5731 2597 5785 naturam
2622 5724 2721 5780 loci
2746 5721 2960 5781 Bbabb.
2996 5723 3234 5796 ignorat.
