3962 6314
160 300 226 358 ss
650 294 1293 354 COMMENTARIORUM
1333 292 1399 350 lN
1442 280 1899 351 “succuum
1942 284 2279 349 unum
2320 290 2449 348 LIB.
2486 291 2555 352 ll.
2586 291 2740 350 CAP.
2785 291 2926 348 Xlll.
3361 294 3431 351 so

157 409 527 481 contingentes.
548 406 660 463 Nos
701 414 881 464 autem
919 402 1067 464 sicut
1086 406 1143 462 in
1167 405 1329 475 libro,
1352 412 1514 478 quem
1536 414 1726 462 contra
1753 408 1808 475 Α
1834 405 2163 477 intelligunt,
2197 408 2562 476 provocentur
2588 406 2657 462 ad
2681 420 2874 463 eorum
2906 408 3155 465 notitiam
3182 422 3303 480 quia
3326 423 3433 464 non

159 501 460 559 Helvidium
486 497 827 569 scripsimus,
875 498 1205 567 continetur,
1248 498 1450 553 fratres
1492 490 1723 563 Domitii,

159 609 259 652 non
285 591 422 648 ﬁlias
442 591 664 661 Jaseph,
693 592 787 647 sed
821 589 1185 646 consobrinos
1209 589 1532 657 Salv-atavis,
1561 596 1588 627 ι
1615 589 1729 645 lla-

161 689 246 744 ria:
273 685 463 743 liberos
489 683 841 754 intelligimus
870 688 1183 738 matertera:
1208 681 1423 737 Domini
1452 690 1575 753 quae
1602 694 1729 738 esse

160 778 338 835 dicitur
370 785 535 832 mater
557 772 748 831 Jacobi
772 773 993 830 Minoris
1016 784 1070 832 et
1090 773 1296 845 losepb
1317 783 1374 830 et
1390 774 1568 841 lude,
1590 782 1728 844 quos

162 873 212 929 in
239 871 340 927 alio
366 867 636 940 Evangelii
661 868 784 924 loco
813 868 1010 925 fratres
1042 869 1255 924 Domini
1287 868 1517 939 legimus
1538 869 1725 940 appel-

164 962 308 1018 latos.
344 960 549 1016 Fratres
578 969 764 1015 autem
804 961 1169 1016 consobrinos
1203 960 1335 1028 dici,
1368 963 1547 1017 omnis
1574 961 1727 1018 Scrio

163 1068 311 1127 plura
348 1053 695 1110 demonstrat.
740 1053 996 1109 Dicamus
1034 1062 1092 1111 et
1128 1054 1335 1110 aliter:
1367 1054 1622 1110 Salvator
1650 1056 1729 1111 lo—

163 1147 329 1218 quitur
354 1144 415 1201 ad
440 1146 643 1212 turbas,
676 1145 1010 1201 intrinsecus
1038 1146 1221 1202 erudit
1249 1148 1526 1203 nationes.
1557 1148 1730 1204 Mater

161 1239 264 1310 ejus
290 1242 343 1294 et
368 1236 578 1305 ftaltes,
609 1237 713 1293 liae
736 1246 841 1306 est,
869 1251 1143 1310 synagoga
1177 1248 1230 1295 et
1255 1239 1487 1310 populus
1513 1240 1731 1296 .ludtcoo

159 1347 267 1389 rum
303 1331 429 1386 foris
464 1338 631 1399 stant,
674 1337 733 1387 et
768 1331 975 1386 intrare
1013 1330 1351 1399 desiderant,
1394 1344 1448 1388 et
1474 1342 1731 1390 sermone

158 1426 262 1497 ejus
283 1424 478 1496 indigni
503 1424 663 1481 fiunt.
684 1422 933 1496 Cumque
958 1427 1291 1496 rogaverint,
1317 1437 1373 1484 et
1392 1429 1728 1499 quaesierint,

161 1529 206 1576 et
229 1520 461 1575 nuntium
493 1519 767 1587 miserint,
797 1528 1119 1590 responsum
1151 1521 1423 1593 accipient
1444 1520 1553 1594 [AL
1587 1524 1735 1580 accis

159 1610 342 1685 piunt],
384 1611 540 1668 liberi
585 1626 685 1667 eos
730 1626 853 1668 esse
880 1612 1119 1681 arbitrii,
1151 1620 1207 1668 et
1235 1613 1441 1670 intrare
1470 1629 1650 1686 posse,
1685 1615 1733 1672 si

162 1703 313 1760 velint
349 1711 405 1760 et
431 1700 529 1773 ipsi
558 1703 791 1760 credere
819 1720 836 1759 :
868 1705 958 1774 qui
987 1710 1173 1760 tamen
1204 1705 1412 1762 intrare
1442 1714 1549 1762 non
1576 1710 1729 1777 pote.

159 1802 271 1854 runt
293 1796 399 1870 [Αἰ.
441 1798 777 1869 potuerunt],
812 1798 914 1853 nisi
944 1798 1084 1853 alios
1113 1801 1445 1871 rogaverint.

220 1890 316 1962 B7
341 1889 497 1961 (Cap.
536 1887 684 1946 Ill].
712 1920 781 1930 —-
809 1889 963 1946 Vera.
998 1891 1076 1963 ι.)
1104 1890 1173 1946 In
1199 1893 1293 1947 illa
1322 1893 1407 1948 die
1430 1894 1607 1948 exiens
1636 1892 1729 1949 Je-

161 2000 235 2039 stts
268 1984 328 2038 de
349 1984 519 2051 domo,
550 1984 757 2040 sedebat
787 2000 932 2040 secus
962 2001 1122 2041 mare.
1155 1984 1225 2040 Et
1255 1996 1583 2058 congregatae
1607 1998 1730 2044 sunt

162 2077 222 2129 ad
249 2088 355 2131 eam
385 2076 548 2132 turba
582 2076 765 2132 multis
803 2093 822 2133 :
856 2079 930 2131 ita
958 2086 1014 2131 at
1039 2080 1095 2132 in
1126 2078 1417 2135 nauiculam
1445 2082 1730 2137 ascendens

162 2168 361 2234 sederet,
392 2178 440 2223 et
478 2170 648 2224 omnis
677 2170 827 2224 turba
855 2173 1019 2224 stabat
1054 2172 1107 2225 in
1137 2170 1330 2226 littore.
1362 2171 1603 2244 Populus
1632 2173 1730 2228 dos

163 2279 292 2319 mum
318 2265 443 2321 Jesu
475 2278 583 2321 non
618 2274 824 2336 poterat
853 2265 1081 2333 intrare,
1115 2280 1215 2322 nec
1243 2278 1364 2323 esse
1393 2267 1467 2324 ibi
1490 2267 1581 2324 ubi
1605 2282 1730 2339 apo-

167 2355 273 2413 stoli
299 2357 582 2413 audiebant
614 2359 874 2430 mysteria
900 2376 913 2414 :
942 2359 1149 2415 idcirco
1179 2360 1470 2416 miseratur
1496 2368 1548 2417 et
1569 2363 1733 2419 mise‘

168 2449 316 2505 ricors
344 2451 604 2505 Dominus
632 2451 913 2522 egreditur
940 2452 1009 2509 de
1036 2450 1199 2508 domo
1228 2464 1347 2522 sua,
1370 2462 1423 2511 et
1444 2455 1599 2512 sedet
1619 2452 1729 2529 [ΑΙ.

168 2541 307 2615 sedit]
320 2543 468 2614 juxta
489 2542 651 2614 hujus
672 2545 860 2600 saeculi
887 2560 1055 2613 mare,
1076 2553 1135 2602 ut
1156 2546 1326 2603 turbas
1346 2545 1375 2586 ι)
1396 2548 1585 2603 multa:
1607 2556 1734 2604 con-

170 2647 430 2709 gregentur
448 2637 517 2695 ad
537 2648 686 2705 eum,
711 2648 768 2695 ct
789 2640 1012 2694 audiant
1032 2641 1084 2695 in
1107 2639 1290 2698 littore
1310 2656 1432 2713 qua!
1458 2641 1603 2698 intus
1626 2654 1732 2699 non

170 2728 488 2787 merebantur
507 2729 722 2797 audire,
747 2731 820 2787 ita
840 2732 974 2787 utin
1001 2733 1303 2789 naviculam
1324 2732 1629 2790 ascendens
1649 2748 1736 2789 se-

175 2823 322 2892 deret,
350 2834 401 2881 et
426 2827 609 2882 omnis
642 2825 799 2881 turba
829 2828 1004 2882 staret
1032 2826 1088 2881 in
1117 2825 1320 2883 littore.
1344 2824 1506 2884 Jesus
1534 2828 1589 2883 in
1622 2838 1736 2883 me-

171 2915 260 2972 diis
284 2916 532 2975 ﬂuctibus
557 2926 667 2988 est,
700 2916 827 2974 hinc
854 2916 982 2975 inde
1011 2918 1150 2973 mari
1179 2918 1446 2986 tunditur,
1477 2928 1534 2974 et
1554 2919 1608 2973 itt
1636 2926 1733 2974 sna

173 3006 425 3079 maiestate
462 3022 718 3080 securus,
757 3013 1194 3083 appropinquare
1230 3010 1361 3068 facit
1388 3020 1552 3068 terra!
1578 3004 1734 3068 navi-

1829 495 2160 567 intelligunt.

1904 588 2087 661 (Vera.
2113 589 2197 662 4.)
2226 587 2356 645 Ecce
2384 590 2508 646 ealit
2537 592 2625 662 qui
2652 593 2893 659 seminat,
2916 594 3190 650 seminare.
3216 595 3285 650 Et
3304 595 3429 648 dum

1828 681 2069 737 sentiunt.
2103 680 2253 738 Intus
2284 691 2421 752 erat,
2452 682 2600 739 domi
2632 683 2973 753 versabatur,
2999 686 3325 758 loquebatur
3346 685 3432 742 di—

1829 772 2054 845 scipulls
2080 784 2439 831 sacramenta.
2476 774 2658 831 Esivit
2677 790 2808 847 ergo
2829 778 3084 850 de.domo
3110 794 3205 835 sua
3229 782 3319 851 qui
3342 793 3432 836 se-

1829 867 2003 922 minat
2030 866 2257 922 verbum
2291 866 2408 935 Dei,
2443 875 2504 922 ut
2531 867 2831 925 seminaret
2853 870 2906 923 in
2929 870 3119 926 turbis.
3149 870 3433 943 Signiﬁca-

1830 967 1919 1015 tur
1948 967 2129 1015 autem
2159 964 2308 1016 sator
2337 960 2440 1016 iste
2465 962 2557 1031 qui
2586 962 2845 1027 seminat,
2874 975 2995 1018 esse
3020 961 3193 1019 Filius
3224 963 3343 1033 Del,
3376 970 3432 1020 et

1829 1049 2006 1107 Patris
2046 1051 2100 1106 in
2131 1051 2348 1122 populis
2376 1053 2652 1109 seminare
2677 1066 3007 1109 sermonem.
3042 1054 3112 1110 Et
3138 1055 3303 1111 simul
3334 1055 3435 1111 ob-

1831 1155 1991 1200 serva
2012 1141 2152 1199 hanc
2176 1156 2298 1199 esse
2324 1145 2556 1214 primam
2587 1144 2929 1215 paraboiam,
2962 1159 3084 1216 quae
3110 1159 3233 1204 cum
3264 1146 3434 1202 inter-

1831 1238 2140 1307 pretatione
2185 1248 2279 1291 sna
2320 1237 2491 1306 posita
2524 1236 2614 1292 sit.
2642 1236 2713 1291 Et
2743 1237 3042 1293 cavendum
3074 1248 3156 1294 est
3187 1239 3434 1295 ubicum-

1831 1341 1938 1398 que
1977 1327 2239 1384 Dominus
2278 1329 2504 1399 exponit
2542 1338 2826 1386 scrmones
2866 1344 3017 1397 suos,
3059 1339 3117 1386 et
3152 1341 3374 1403 rogatus
3398 1348 3431 1389 a

1833 1421 2115 1493 discipulis
2156 1423 2489 1479 intrinsecus
2529 1423 2777 1491 disserit,
2821 1439 2891 1480 ne
2930 1425 3014 1480 vel
3056 1424 3235 1494 aliud,
3270 1436 3294 1465 ε
3327 1438 3431 1483 nec

1834 1515 1956 1585 plus
1992 1515 2121 1586 quid
2165 1516 2252 1572 vel
2296 1518 2473 1572 minus
2511 1516 2746 1573 velimus
2786 1517 3120 1589 intelligere,
3161 1533 3324 1591 quam
3365 1521 3433 1576 ab

1834 1622 1901 1663 eo
1930 1610 2239 1678 expositum
2266 1619 2369 1665 est.

1905 1698 2089 1774 (Vere.
2123 1693 2157 1758 5
2183 1702 2363 1774 seqq.)
2399 1702 2652 1771 Quaedam
2681 1704 2976 1759 ceciderunt
3003 1716 3149 1759 secus
3179 1704 3313 1758 aiant
3340 1718 3358 1759 :
3386 1712 3432 1759 et

1760 1810 1810 1882 Β
1834 1802 2076 1850 venerunt
2115 1796 2343 1851 volucres
2371 1797 2509 1865 caeli,
2541 1806 2586 1851 et
2617 1798 2950 1852 comederunt
2977 1815 3035 1853 ea
3067 1815 3087 1853 :
3119 1798 3235 1853 Alia
3264 1807 3434 1853 autem

1835 1889 2133 1944 ceciderant
2159 1891 2215 1944 in
2245 1900 2454 1961 petrasti
2478 1889 2594 1963 [ΑΙ.
2620 1889 2859 1963 petrasis]
2880 1933 2894 1957 ,
2921 1892 3008 1945 ubi
3038 1906 3139 1947 non
3178 1891 3434 1947 habebant

1836 1991 2027 2036 terram
2056 1982 2275 2038 multant
2302 2000 2321 2039 :
2351 1991 2398 2038 et
2424 1985 2670 2039 continuo
2692 1989 2872 2039 exorta
2890 1984 3004 2056 83
3021 1992 3162 2052 sunt,
3186 1985 3310 2057 quia
3331 1998 3434 2041 non

1838 2074 2090 2130 habebant
2121 2076 2449 2131 altitudinem
2478 2085 2645 2132 tet-rte.
2680 2075 2806 2132 Sole
2834 2086 3006 2130 autem
3032 2086 3163 2143 arto,
3190 2086 3435 2132 testantis-

1835 2174 1957 2222 rttnt
2001 2183 2018 2219 :
2060 2178 2107 2222 et
2143 2169 2267 2239 quia
2309 2182 2411 2223 non
2453 2168 2707 2223 habebant
2733 2168 2982 2239 radicem,
3015 2176 3283 2224 aruerunt.
3319 2166 3438 2224 Alia

1835 2268 2005 2316 autem
2030 2261 2318 2317 ceciderunt
2348 2264 2399 2317 in
2427 2264 2606 2334 spinas
2638 2280 2655 2316 :
2683 2268 2730 2317 et
2758 2272 3019 2318 cret-erunt
3044 2264 3231 2335 spinae,
3255 2270 3300 2318 el
3326 2266 3437 2335 suf-

1835 2355 2135 2424 faeaverunt
2159 2370 2239 2409 ea.
2264 2356 2383 2410 Alia
2406 2367 2576 2410 autem
2605 2356 2899 2411 ceciderunt
2925 2357 2981 2411 in
3010 2360 3199 2412 terram
3226 2356 3430 2424 bonam,

1835 2456 1881 2502 et
1914 2448 2106 2501 dabant
2137 2449 2367 2520 fructum
2397 2464 2413 2502 :
2442 2447 2589 2503 aliud
2620 2448 2978 2516 centesimum,
3005 2448 3152 2502 aliud
3181 2450 3437 2519 sexagesio

1837 2554 2012 2606 mum,
2041 2540 2188 2594 aliud
2218 2540 2556 2595 tricesimum.
2584 2539 2733 2596 lianc
2762 2540 3075 2612 parabolam
3098 2540 3163 2597 ad
3186 2554 3436 2612 compro-

1836 2632 2069 2690 bandum
2096 2633 2349 2690 haeresim
2380 2646 2533 2691 suam
2570 2632 2893 2691 Valentinus
2923 2633 3176 2697 assumit,
3212 2644 3325 2691 trcs
3354 2635 3437 2689 ln-

1833 2726 2132 2784 troducens
2176 2736 2397 2783 naturas
2440 2744 2453 2781 :
2499 2727 2839 2798 spiritualem
2867 2773 2880 2795 ,
2925 2724 2951 2764 ἀ
3002 2726 3305 2783 naturalem
3349 2726 3435 2781 vel

1834 2822 2145 2893 animalem,
2190 2831 2355 2894 atque
2394 2832 2703 2887 terrenam;
2750 2832 2873 2877 cum
2905 2819 2992 2876 ltic
3017 2828 3249 2891 quatuor
3278 2819 3387 2875 sint
3420 2834 3435 2874 :

1835 2930 1967 2985 una,
2005 2912 2159 2986 juxta
2200 2914 2344 2972 viam
2372 2930 2385 2971 :
2415 2914 2521 2971 alia
2560 2924 2802 2986 petrosa,
2837 2914 2996 2970 tertia
3024 2914 3183 2984 plena
3210 2912 3383 2985 spinis
3417 2931 3431 2968 :

1834 3016 2031 3080 quarta
2078 3016 2241 3064 terrm
2281 3007 2461 3063 hante.
2492 3005 2807 3064 Ditl‘erimus
2836 3014 3132 3078 parumper
3162 3004 3434 3077 interpres

172 3101 324 3157 cuiam
350 3114 525 3159 suam.
552 3100 876 3174 AtpOpuius
911 3112 1250 3175 nequaquam
1280 3104 1584 3175 periculum
1614 3116 1736 3160 sus-
1761 3141 1808 3205 C
1840 3110 2096 3168 tationem
2124 3111 2241 3183 ejus
2265 3127 2387 3168 cum
2410 3106 2718 3182 discipulis,
2744 3109 2994 3166 volentes
3015 3117 3227 3166 secrete
3247 3107 3437 3165 audire

174 3195 347 3264 tineas,
365 3206 462 3254 nec
480 3197 879 3253 tentationibus
895 3194 1283 3265 circumdatus,
1308 3206 1439 3269 quas
1454 3196 1599 3256 ferre
1623 3214 1733 3257 non
1766 3194 1808 3205 “⁴
1838 3213 1984 3285 quod
2011 3212 2228 3271 dicitur,

169 3297 371 3359 poterat,
401 3292 513 3347 stat
539 3289 594 3346 in
618 3289 807 3347 littore
835 3288 951 3346 lixa
973 3290 1170 3363 gradu,
1197 3296 1261 3348 ut
1294 3292 1477 3349 audiat
1503 3304 1624 3366 quat
1652 3290 1732 3351 di-

165 3389 354 3440 cuntur.

226 3475 385 3546 (Vera.
412 3474 499 3552 3.)
532 3477 602 3533 ει
631 3474 834 3535 loeutus
871 3482 943 3534 est
971 3477 1045 3533 eis
1072 3476 1235 3534 multa
1260 3480 1316 3535 in
1342 3471 1621 3552 parabolis,
1654 3480 1737 3536 di-

169 3584 283 3625 cens.
304 3568 472 3629 Turba
506 3586 615 3629 non
648 3572 811 3628 unius
836 3572 1120 3627 sententia:
1148 3576 1252 3639 est,
1276 3569 1370 3627 sed
1390 3570 1733 3628 ditersarum

170 3658 214 3716 in
228 3663 433 3734 singulis
446 3658 987 3733 voluntatum.,llnde
998 3662 1237 3735 loquitur
1253 3663 1319 3720 ad
1333 3679 1453 3720 eam
1481 3666 1536 3720 in
1549 3664 1736 3722 multis

170 3758 422 3826 parabolis,
447 3758 684 3831 utjuxta
705 3754 882 3814 varias
906 3758 1231 3825 voluntates,
1257 3757 1505 3815 diversas
1526 3754 1735 3830 recipe-

172 3857 272 3903 rent
293 3849 630 3922 disciplinas.
655 3852 724 3907 Et
748 3849 1043 3907 notandum
1072 3847 1216 3920 quod
1245 3858 1352 3905 non
1375 3849 1557 3906 omnia
1579 3848 1733 3906 locu-

173 3950 244 3997 tus
264 3944 329 3999 sit
353 3942 513 4001 eisin
550 3934 864 4018 parabolis;
895 3944 992 4000 sed
1025 3942 1213 3998 multa.
1245 3943 1302 3999 Si
1330 3944 1475 4000 enim
1504 3944 1735 4000 dixisset

173 4034 325 4090 omnia
362 4037 415 4092 in
455 4028 758 4109 parabolis,
792 4030 996 4107 absque
1032 4030 1401 4092 emolumento
1431 4036 1614 4107 populi
1647 4051 1734 4093 re-

172 4129 449 4187 cessissent.
492 4124 792 4203 Perspicua
815 4128 1009 4187 miscet
1028 4130 1298 4202 obsCurls,
1326 4139 1384 4186 ut
1405 4146 1503 4203 per
1525 4145 1588 4187 ea
1610 4146 1734 4203 qua!

174 4243 232 4315 sit
250 4244 423 4300 Jesclta
445 4256 501 4304 et
528 4246 714 4303 Sarni.
740 4244 920 4301 ΜΑιιτ.
937 4246 1249 4315 —-Quidem
1276 4261 1434 4311 niss.,
1462 4244 1734 4313 dicebant;

176 4314 265 4388 duo
283 4315 519 4386 Palatini,
550 4316 784 4372 Escham
806 4320 1010 4372 tantum
1035 4314 1359 4381 memorant,
1383 4318 1735 4388 quemadmo-

177 4385 279 4441 dum
312 4393 365 4443 et
396 4385 603 4459 vulgati
632 4398 761 4444 ante
790 4388 1194 4453 Martianrenm;
1226 4385 1502 4443 Victorius
1530 4390 1582 4443 in
1611 4389 1733 4443 aliis

175 4460 366 4527 reperit,
405 4459 686 4517 Maelium.
728 4459 990 4515 Filiarttm
1035 4463 1201 4525 Aran,
1247 4459 1467 4515 Melchm
1494 4461 1727 4527 scilicet,

176 4538 221 4583 et
249 4530 458 4612 lescbae,
486 4547 723 4623 quarpm
749 4531 920 4587 altera
953 4529 1192 4623 Ifacbor,
1221 4531 1409 4623 alteraI
1422 4531 1731 4623 Abra'liamo
1758 4563 1807 4623 Β
1835 4546 1993 4623 quam
2038 4530 2337 4623 Heltg'dius,
2382 4527 2476 4598 qui
2512 4542 2580 4583 ex
2624 4528 2739 4623 ipsa

177 4601 348 4669 nupsit,
378 4596 598 4659 nomina
628 4602 745 4658 hac
771 4611 919 4658 sunt.
950 4598 1015 4656 At
1050 4596 1183 4657 vero
1204 4612 1332 4656 sunt
1361 4596 1732 4656 ΡνοιοοΕυαη-

178 4671 275 4744 gilii
310 4669 483 4729 Jacobi
521 4686 649 4742 cap.
694 4682 806 4729 xvtt
845 4682 900 4727 et
936 4684 1053 4744 seq.
1095 4680 1149 4727 et
1188 4669 1457 4743 Evangelii
1496 4674 1733 4742 infantia:

180 4739 356 4798 Domini
368 4739 613 4817 ridendi
634 4739 1077 4817 apocrypboru'm
1105 4739 1362 4817 librorum
1376 4739 1605 4799 somnia.
1622 4744 1734 4799 Nec

180 4818 329 4881 tamen
364 4815 574 4872 inticior
615 4814 855 4872 veterem
885 4830 1031 4880 esse,
1062 4814 1279 4871 tametsi
1308 4817 1591 4881 incertam,
1626 4825 1733 4869 tra-

180 4876 424 4957 ditionem,
452 4886 758 4957 Josepbum
790 4876 1029 4957 viduum,
1060 4895 1220 4954 atque
1250 4901 1321 4957 es
1346 4886 1544 4957 priore,
1562 4876 1733 4941 uxore

178 4966 257 5008 ses
289 4954 573 5014 liberorum
592 4954 804 5017 patrem
830 4955 1126 5017 exstitisse.
1156 4964 1276 5011 cum
1306 4954 1475 5011 Maria
1504 4954 1606 5012 sibi
1639 4958 1734 5012 dc-

180 5036 514 5097 sponsaretur.
565 5025 702 5084 Eam
763 5038 982 5084 secutus
1040 5030 1210 5083 tet-me
1262 5034 1344 5084 est
1395 5025 1729 5097 Epiphanius

180 5091 353 5154 ﬂavas.
381 5102 470 5173 εἰ,
501 5100 533 5173 §
562 5099 653 5157 10.
689 5100 1018 5173 Hippolytus
1037 5098 1349 5173 Thebanus,
1376 5091 1477 5154 nec
1500 5091 1612 5173 non
1630 5098 1730 5173 alii

181 5179 243 5243 es
266 5170 524 5243 veteribus
564 5171 1060 5243 quatuordoseplti
1103 5171 1266 5237 tilias,
1308 5172 1548 5243 duasque
1583 5170 1730 5243 filias

184 5232 325 5297 fuisse
360 5232 632 5298 tradunt':
678 5232 1295 5309 Jacobnm,'Simonem,
1329 5232 1546 5306 Juda'm,
1579 5239 1731 5296 Jose-

184 5314 292 5362 ten:
317 5311 407 5367 has
429 5324 561 5369 vero
589 5313 875 5369 Esthereut
903 5318 959 5367 et
982 5308 1218 5368 Tb’amnr
1243 5313 1545 5375 nominant,
1569 5318 1729 5382 quam

183 5385 351 5453 sapius
387 5384 478 5439 alii
517 5384 782 5439 Martham
806 5420 823 5450 ,
869 5383 1211 5453 transpositis
1252 5384 1472 5448 litteris,
1513 5391 1726 5438 vocant.

186 5446 332 5520 Atque
366 5456 467 5524 ipsi
508 5455 731 5525 quidem
773 5446 999 5525 usuram
1024 5446 1153 5519 'ejus
1194 5453 1426 5525 Escltam
1457 5446 1541 5525 vel
1574 5453 1733 5525 Salo:

188 5532 317 5593 pett,
353 5523 781 5583 ﬁliam—Ancbmi
823 5524 1007 5580 fratris
1053 5525 1328 5580 Zachariae
1377 5523 1600 5593 faciunt,
1644 5524 1736 5593 qui

189 5586 377 5677 {patinis
421 5596 676 5677 Baptista;
725 5603 881 5677 pater
929 5596 1054 5677 fuit.
1091 5594 1430 5677 Supltronins
1470 5594 1525 5649 in
1566 5586 1736 5677 Frag:

190 5672 374 5732 linito,
413 5664 557 5737 quod
595 5664 925 5738 Lambecius
965 5664 1228 5738 vulgavit,
1274 5664 1740 5738 tertiamaddidit

191 5732 528 5802 cognominem
553 5740 712 5795 matri
754 5736 923 5793 tiliam
964 5732 1244 5806 Salomen,
1273 5732 1522 5806 Zebeda-i
1555 5748 1738 5806 postea

190 5813 381 5865 morem
415 5846 434 5881 ,
472 5825 541 5868 ex
577 5825 683 5887 qua
725 5809 963 5868 Jacobus
1006 5814 1062 5867 et
1107 5802 1457 5880 Evangelista
1499 5802 1737 5865 Joannes

1912 3317 2094 3388 (Vers.
2126 3318 2207 3391 9.)
2242 3318 2345 3385 Qui
2371 3316 2522 3371 habet
2550 3329 2701 3369 aures
2728 3313 2980 3368 audiendi
3010 3313 3211 3368 audiat.
3232 3312 3436 3370 Provo-

1839 3434 2028 3477 camur
2065 3421 2134 3475 ad
2172 3419 2442 3475 dictorum
2484 3416 2927 3488 intelligentiam,
2959 3416 3175 3487 quoties
3202 3414 3289 3470 bis
3316 3428 3439 3471 ser-

1840 3524 2090 3580 monibus
2118 3535 2533 3579 commonemur
2561 3518 2670 3591 [Αι.
2695 3515 3150 3588 commovemur].

1912 3624 2094 3697 (Vere.
2121 3622 2211 3690 10,
2238 3622 2296 3676 ll
2312 3620 2353 3692 .)
2378 3620 2448 3674 Et
2475 3620 2771 3675 accedentes
2794 3618 3060 3691 discipuli,
3082 3617 3327 3673 dicarunt
3349 3617 3398 3672 ei
3419 3632 3438 3671 :

1843 3727 2020 3794 Quare
2046 3725 2101 3779 in
2130 3722 2391 3795 parabolis
2428 3720 2656 3793 loqueris
2692 3721 2809 3775 eis?
2849 3720 2951 3787 Qui
2981 3719 3330 3789 retpandens,
3362 3719 3439 3773 ait

1836 3826 1945 3883 illis
1981 3842 1999 3881 :
2034 3826 2169 3893 Quia
2193 3823 2332 3879 vobis
2358 3824 2539 3877 datum
2564 3830 2639 3877 est
2665 3836 2816 3877 nosse
2838 3821 3086 3893 ntysteria
3110 3820 3255 3891 regni
3283 3819 3438 3875 cala-

1840 3946 1955 3985 rum
1984 3946 2002 3984 :
2030 3925 2139 3982 illis
2168 3935 2337 3981 autem
2364 3936 2466 3979 non
2491 3931 2564 3978 est
2586 3923 2785 3978 datum.
2809 3920 3173 3990 Quaerendum
3197 3929 3279 3978 est
3300 3934 3436 3992 quo-

1839 4029 2002 4085 modo
2041 4027 2300 4084 accedant
2332 4025 2400 4081 ad
2427 4040 2550 4080 eunt
2579 4023 2849 4094 discipuli,
2881 4039 3003 4080 cum
3029 4021 3188 4078 Jesus
3225 4022 3281 4078 in
3311 4020 3435 4077 navi

1838 4128 2054 4197 sedeat;
2100 4127 2204 4185 nisi
2247 4126 2389 4182 forte
2430 4124 2661 4197 intelligi
2689 4124 2871 4194 datur,
2905 4123 3049 4195 quod
3077 4100 3279 4180 dudum
3310 4134 3431 4180 cum

1837 4247 1943 4304 orti
1973 4246 2106 4302 sint.
2136 4244 2294 4313 Piget
2321 4258 2449 4300 vero
2478 4241 2915 4364 apocryltorum
2945 4239 3302 4324 deliramenta
3318 4241 3434 4298 hare

1837 4310 2112 4364 net-senui.
2138 4312 2374 4364 Rhabb..
2407 4322 2613 4364 tantum
2692 4311 2866 4364 scham
2897 4314 3047 4364 letztt.

1837 4312 2112 4389 persequi.
2138 4312 2375 4380 Rbabb.,
2407 4322 2613 4369 tantum
2642 4312 2866 4366 Escham
2897 4312 3047 4383 legit.

1910 4397 1935 4426 ⁸
1964 4386 2025 4443 ιιι
2056 4387 2226 4445 Palat.
2256 4400 2386 4453 ms.,
2412 4384 2744 4440 consobrinos
2773 4382 3081 4450 Saluatoris,
3104 4385 3296 4437 sororis
3322 4382 3433 4437 Ma-

1833 4461 1926 4514 ria:
1963 4459 2171 4522 liberos,
2217 4466 2324 4513 etc.
2363 4458 2633 4512 Victorius
2662 4458 2759 4522 ait,
2793 4455 3191 4511 tolerabiliores
3219 4455 3274 4509 hi
3306 4466 3436 4510 sunt

2782 4526 2944 4582 Maria
2993 4526 3210 4596 Virgine
3243 4534 3299 4581 et
3336 4525 3433 4581 ,σοι

1836 4592 1967 4670 seplt
1999 4611 2119 4672 post
2147 4592 2423 4672 Christum
2452 4613 2549 4672 e_os
2576 4592 2742 4672 natos
2760 4592 3201 4672 blaspltemabat;
3231 4597 3431 4672 quippe

1835 4663 1957 4727 cu'm
1999 4663 2069 4727 ex
2112 4670 2216 4726 alia
2262 4685 2435 4726 uxore
2472 4668 2674 4738 Joseplt
2720 4663 2914 4722 fratres
2959 4663 3171 4722 Domini
3214 4663 3429 4733 dictos,

1834 4742 1999 4813 aliqui
2042 4742 2203 4796 etiam
2244 4756 2275 4796 e
2321 4741 2652 4813 nostratibus
2697 4747 2854 4813 natos
2890 4749 3257 4813 assererem;
3303 4740 3431 4813 licet

1835 4810 2013 4869 verior
2038 4813 2111 4868 sit
2141 4812 2454 4882 Hieronymi
2480 4810 2863 4882 sententia,“
2889 4823 3077 4882 sorore
3106 4810 3432 4882 MariaeAVir-

1873 4884 1995 4954 inis,
2038 4899 2158 4954 quae
2204 4879 2402 4954 Christi
2444 4888 2737 4954 matertera
2763 4880 2896 4954 fuit,
2935 4879 3056 4933 illos
3083 4879 3422 4954 progenitos.

1874 4900 1995 4947 tnts,
2038 4900 2158 4954 qua:
2204 4900 2402 4938 blll’lsu
2444 4900 2735 4935 matertera
2770 4900 2896 4943 ιυιι,
2935 4900 3056 4933 tuos
3083 4900 3422 4949 progenitos.

1834 4900 2117 5010 {fidendns
2147 4955 2207 5010 S.
2238 4950 2479 5008 Tltotnas
2505 4959 2618 5005 tum
2649 4942 2800 5013 alibi,
2830 4963 2952 5003 cum
2984 4952 3255 5019 praecipue
3286 4949 3339 5003 in
3371 4958 3432 5003 tit

1837 5025 2098 5092 Summm,
2144 5034 2336 5096 quaest.
2372 5022 2463 5096 5_8,
2494 5030 2599 5096 art.
2632 5021 2689 5087 ὅ,
2717 5028 2774 5096 et
2801 5019 2853 5096 iit
2887 5020 2990 5074 hoc
3019 5018 3301 5096 Evangelii
3330 5033 3426 5096 cas

1834 5097 1965 5166 pite.
2016 5096 2147 5150 Vide
2162 5091 2298 5166 'quae
2323 5091 2471 5166 infra
2499 5093 2567 5146 ad
2596 5106 2714 5161 cap.
2751 5092 2776 5146 t
2805 5091 3193 5147 Commentarii
3226 5092 3292 5146 ad
3324 5091 3429 5146 Ga-

1832 5164 1927 5246 iat.
1963 5183 2082 5246 pag.
2110 5164 2213 5222 596
2235 5164 2779 5246 fusinsd'tsputamus.
2824 5232 2836 5245 θ
3063 5228 3077 5246 .

1906 5236 1933 5277 ι)
1963 5232 2203 5304 Ὺόεειη,
2248 5236 2443 5303 multat,
2477 5232 2581 5289 duo
2610 5248 2640 5289 e
2669 5232 2870 5289 nostris
2901 5244 3030 5287 mss.
3063 5232 3425 5304 interserttnt.

1911 5320 1933 5349 ο
1975 5309 2163 5364 iidem
2188 5302 2347 5375 tnss.,
2388 5305 2466 5361 vel
2497 5304 2665 5374 aliud,
2709 5307 2787 5359 vel
2821 5302 3428 5376 plusAtyuid,Avel_tniuas

1834 5396 2116 5455 primum”
2136 5373 2460 5455 intelligere,
2487 5393 2665 5447 quam,
2693 5387 2799 5431 etc.
2823 5373 2890 5455 '_lt_t
2924 5373 3147 5428 Victorii
3180 5373 3331 5455 edit.“
3350 5374 3430 5427 uel

1835 5444 2005 5507 minus
2035 5444 2401 5515 desideratur,
2443 5444 2653 5511 errore,
2696 5455 2756 5500 ut
2797 5447 3030 5508 videtur,
3062 5458 3127 5498 cx
3156 5444 3232 5497 vel
3260 5444 3431 5497 minus

1837 5534 1891 5579 et
1918 5525 2130 5579 velimus
2157 5519 2513 5576 similitudine
2543 5531 2733 5572 vocum
2764 5523 2910 5570 nuto.

1909 5592 1936 5630 ά
1956 5578 2144 5648 Palat.
2175 5606 2308 5647 mss.
2341 5586 2579 5659 editiquc
2608 5586 2733 5641 olim
2766 5578 3287 5659 liln‘i_,__spiritualem,
3313 5586 3431 5639 aui-

1839 5667 2026 5721 malem
2051 5674 2203 5734 atque
2232 5656 2508 5734 terrenam,
2531 5667 2794 5734 expuncta
2823 5656 3189 5734 scilicetvoce
3213 5666 3430 5734 natura-

1840 5736 1964 5800 lem,
1993 5722 2207 5806 quee'et
2221 5722 2501 5806 contextui
2524 5722 2971 5797 superabundare
3000 5722 3266 5783 videatur.
3299 5726 3430 5795 Qni-

1839 5802 2066 5868 buscum
2096 5815 2151 5863 et
2180 5802 2390 5862 Itbabt.
2425 5806 2713 5859 consonat.
