3966 6338
436 274 503 329 87
1690 263 1750 321 S.
1792 258 2070 319 EUSEBlI
2109 255 2492 315 HIERONYMI

3662 242 3738 300 88

427 393 553 464 ipso
592 404 786 448 navem
824 385 1270 452 conscenderint,
1308 391 1362 439 et
1402 381 1476 439 ibi
1514 388 1722 437 stantes
1750 392 1918 450 super
1942 377 2024 433 in-
2049 382 2100 444 Α
2126 372 2256 430 illud
2296 386 2418 430 esse
2456 370 2788 428 contrarium
2831 367 2973 439 quod
3013 366 3143 424 alibi
3179 366 3417 423 dicitur:
3467 362 3737 419 Abraham

435 482 832 556 terpretatione
858 479 1132 552 parabolae
1157 475 1418 533 sciscitati
1449 474 1578 530 sint.

425 571 435 581 ’
510 577 688 651 (Vera.
717 571 835 643 12.)
871 571 973 640 Qui
1001 571 1142 625 enim
1167 568 1338 635 habet,
1367 566 1581 622 dabitur
1608 565 1680 632 ei,
1710 573 1759 620 et
1787 560 2028 617 abunda-

433 667 509 722 bit
539 684 559 722 :
587 666 882 738 quiautem
910 678 1017 717 non
1040 659 1214 730 habet,
1246 659 1453 731 etquod
1478 658 1651 726 habet,
1677 657 1944 727 auferetur
1962 652 2026 708 ub

433 776 514 815 eo.
560 757 675 813 Non
717 756 770 810 in
803 764 830 792 α
858 752 1166 825 :equalitate
1204 750 1398 822 iudicii
1427 747 1753 805 habentibus
1782 745 2023 812 additur,

437 860 495 909 et
534 864 642 906 non
683 846 1010 902 habentibus
1048 843 1103 901 id
1134 843 1278 915 quod
1310 842 1515 898 habere
1539 840 1819 905 videntur,
1849 835 2030 892 aul‘er-

437 953 526 999 tur
559 959 575 998 :
605 940 700 996 sed
720 939 866 1011 quod
892 937 1159 1009 apostolis
1185 937 1237 991 in
1259 933 1475 992 Christo
1497 932 1820 991 habentibus
1844 929 2029 995 ﬁdem,

430 1033 645 1092 etiamsi
675 1031 804 1104 quid
854 1032 1033 1087 minus
1059 1030 1321 1084 virtutum
1355 1027 1587 1082 habeant
1611 1068 1627 1092 ,
1659 1021 1982 1079 conceditur
2014 1039 2029 1076 :

433 1125 634 1184 Iudaeis
677 1135 889 1197 autem,
934 1121 1025 1191 qni
1070 1135 1178 1175 non
1216 1117 1574 1174 crediderunt
1602 1116 1655 1170 in
1682 1114 1875 1169 Filium
1910 1112 2026 1181 Dei,

432 1218 649 1275 etiamsi
680 1216 812 1288 quid
845 1232 941 1287 per
972 1224 1180 1270 natura:
1224 1212 1430 1267 bonum
1466 1208 1769 1281 possident,
1798 1207 2025 1262 tollitur.

436 1316 622 1387 Neque
645 1314 789 1371 enim
815 1320 1045 1384 possunt
1067 1307 1268 1380 aliquid
1289 1308 1564 1378 sapienter
1588 1303 1912 1375 intelligere,
1939 1301 2030 1372 qui

435 1417 601 1480 caput
630 1423 737 1463 non
767 1406 974 1462 habent
1002 1404 1308 1474 sapientiae.
1843 1412 1846 1415 ‘

510 1500 693 1574 (Vers.
730 1500 817 1567 15,
851 1497 969 1569 ll.)
1001 1494 1129 1551 Ideo
1166 1496 1221 1550 in
1246 1493 1508 1567 parabolis
1537 1494 1722 1564 loquor
1747 1492 1820 1546 eis
1852 1506 1868 1544 :
1908 1491 2030 1559 quia

433 1591 684 1658 videntes,
708 1606 809 1644 non
834 1589 1005 1644 vident
1032 1605 1050 1642 :
1077 1597 1125 1642 et
1152 1587 1441 1651 audientes,
1467 1602 1568 1641 non
1595 1584 1840 1648 audiunt,
1868 1599 2032 1653 neque

2131 466 2320 540 cupivit
2362 467 2499 520 diem
2543 481 2715 519 meum
2775 462 2968 531 videre,
3019 470 3068 516 et
3107 461 3257 527 vidit,
3314 467 3362 514 et
3400 458 3611 513 ltetatus
3661 463 3738 510 est

2134 558 2318 633 (Joan.
2341 574 2457 627 vnt,
2482 556 2593 628 56).
2619 555 2735 612 Non
2762 565 2944 621 autem
2965 553 3122 621 dixit,
3154 566 3343 609 omnes
3365 548 3650 622 prophetae
3679 556 3738 602 et

2128 650 2259 722 justi
2309 651 2593 720 cupierunt
2622 647 2811 704 videre
2837 662 2957 719 qua:
2994 644 3212 711 videtis,
3245 642 3340 700 sed
3374 641 3551 696 multi.
3590 638 3737 694 Inter

2136 744 2337 800 multos
2366 750 2547 813 petest
2595 740 2736 805 ﬁeri,
2764 748 2824 794 ut
2862 736 2956 793 alii
2985 735 3246 804 viderint,
3296 734 3385 790 alii
3427 749 3535 789 non
3585 731 3740 787 vide—

2136 837 2246 892 rint
2278 854 2290 891 :
2323 836 2452 892 licet
2473 843 2529 890 et
2555 835 2610 890 in
2649 833 2754 889 hoc
2793 832 3100 904 periculosa
3131 831 3200 885 sit
3244 827 3649 899 interpretatio.
3683 835 3744 881 ut

2133 927 2278 985 inter
2328 937 2640 983 sanctorum
2700 925 2931 992 merita,
2988 921 3379 977 discretionem
3435 916 3745 989 quamlibet

2132 1020 2314 1078 facere
2348 1020 2651 1076 videamur.
2678 1018 2821 1089 Ergo
2847 1016 3122 1072 Abraham
3154 1013 3289 1069 vidit
3322 1012 3379 1067 in
3421 1011 3738 1082 aenigmate,

2131 1112 2161 1153 ι»
2196 1129 2304 1169 non
2352 1112 2488 1168 vidit
2517 1112 2571 1168 in
2600 1109 2787 1182 specie
2818 1126 2833 1165 :
2864 1123 2961 1164 vos
2989 1116 3170 1163 autem
3202 1106 3254 1159 in
3288 1103 3580 1173 praesentia
3611 1115 3742 1157 eum

2132 1205 2349 1274 tenetis,
2408 1215 2466 1259 et
2505 1202 2714 1258 habetis
2762 1200 3046 1256 Dominum
3101 1203 3373 1262 vestrum,
3420 1192 3534 1265 90
3583 1200 3642 1248 et
3675 1189 3743 1247 ad

2130 1299 2463 1356 voluntatem
2493 1295 2866 1367 interrogatis,
2896 1304 2953 1349 et
2981 1289 3373 1347 cunvescimini
3413 1288 3489 1343 ei.

2206 1394 2388 1466 (Vers.
2421 1392 2534 1463 19.)
2579 1390 2760 1446 Omnis
2797 1388 2886 1461 qui
2915 1385 3064 1441 audit
3092 1383 3298 1439 verbum
3333 1382 3501 1453 regni,
3551 1389 3601 1434 et
3639 1395 3745 1434 non

2129 1486 2397 1558 intelligit.
2443 1484 2556 1540 Hoc
2615 1481 2954 1552 praemittens
3013 1478 3265 1534 hortatur
3321 1488 3463 1544 nos,
3507 1480 3572 1529 ut
3621 1487 3747 1544 quae

2134 1580 2416 1647 dicuntur,
2440 1577 2753 1649 diligentius
2782 1574 3091 1630 audiamus.

433 1682 735 1755 intelligunt
764 1697 784 1736 :
812 1690 871 1735 ut
895 1680 1243 1752 adimpleatur
1282 1681 1336 1734 in
1360 1678 1434 1734 eis
1463 1677 1737 1750 praphetia
1768 1673 1928 1730 Isaia:
1951 1673 2032 1728 di-
2063 1698 2114 1759 Β
2210 1673 2394 1746 (Vers.
2424 1670 2519 1739 20,
2554 1669 2672 1741 21.)
2734 1667 2883 1724 Venit
2911 1668 3077 1723 malas
3105 1679 3156 1724 et
3183 1667 3321 1738 rapit
3352 1665 3488 1738 quod
3518 1661 3745 1719 semina-

440 1773 602 1829 tentis
632 1789 650 1826 :
680 1772 878 1826 Auditu
905 1772 1151 1839 audietis,
1182 1778 1230 1824 et
1256 1785 1359 1824 non
1389 1768 1717 1840 intelligetis;
1736 1775 1784 1820 et
1808 1764 2034 1820 videntes

2138 1775 2246 1822 tum
2272 1774 2347 1821 est
2386 1765 2441 1819 in
2478 1763 2631 1819 corde
2659 1764 2772 1831 ejus
2804 1761 2926 1817 :Itic
2972 1770 3050 1817 est
3077 1763 3168 1834 qui
3210 1776 3360 1817 secus
3408 1759 3546 1812 viam
3586 1755 3744 1810 semi-

438 1864 695 1932 ridebitis,
743 1873 789 1919 et
831 1880 933 1917 non
972 1861 1232 1917 videbitis.
1274 1861 1404 1917 Haec
1446 1860 1517 1917 de
1558 1860 1644 1915 his
1672 1858 1915 1931 loquitur
1944 1858 2035 1928 qui
2135 1869 2289 1914 natus
2312 1867 2409 1913 est.
2435 1857 2538 1925 Qui
2566 1865 2739 1910 autem
2763 1872 2920 1923 super
2960 1865 3168 1926 petrosa
3197 1853 3477 1909 seminatus
3519 1858 3620 1918 est,
3659 1848 3746 1902 hic

440 1965 589 2012 stant
614 1956 666 2011 in
697 1955 906 2021 littore,
939 1962 995 2010 et
1022 1953 1337 2009 dividuntur
1364 1953 1433 2009 ab
1457 1951 1611 2020 Jesu,
1643 1961 1699 2008 et
1726 1952 1905 2009 sonitu
1937 1950 2039 2006 ﬁu-
2136 1963 2212 2008 est
2247 1952 2335 2024 qui
2379 1950 2586 2006 verbum
2609 1950 2777 2017 audit,
2821 1958 2868 2005 et
2896 1950 3135 2005 continua
3164 1965 3282 2004 cum
3311 1947 3507 2019 gaudio
3553 1943 3745 2012 accipit

440 2057 626 2105 ctuum
673 2057 1071 2119 perstrepente,
1122 2060 1229 2101 non
1269 2044 1500 2101 audiunt
1528 2043 1598 2099 ad
1627 2044 1886 2113 liquidum
1916 2058 2039 2114 quae
2140 2045 2298 2112 illud,
2324 2061 2428 2099 non
2450 2044 2601 2099 habet
2628 2052 2800 2098 autem
2827 2044 2881 2097 in
2907 2059 2961 2097 se
2987 2042 3234 2107 radicem,
3262 2041 3351 2096 sed
3374 2047 3447 2094 est
3476 2048 3742 2109 tempora-

440 2143 553 2216 89
592 2141 849 2198 dicuntur
879 2157 892 2195 :
926 2139 1297 2211 impleturque
1330 2139 1382 2193 in
1413 2137 1496 2193 eis
1525 2135 1811 2209 prephetia
1835 2134 1988 2192 lsnia:
2021 2152 2035 2189 :
2138 2138 2226 2194 lis.
2267 2138 2438 2193 Malus
2490 2137 2689 2194 bonum
2730 2150 2920 2192 semen
2964 2134 3127 2205 rapit.
3171 2133 3243 2190 Et
3293 2130 3457 2189 simul
3488 2128 3737 2199 intellige

442 2233 640 2288 Auditu
669 2232 918 2296 audietis,
943 2241 992 2285 et
1021 2247 1122 2285 non
1147 2228 1446 2300 intelligetis
1477 2245 1494 2281 :
1526 2237 1574 2282 et
1601 2228 1827 2282 videntes
1849 2225 2041 2281 videbi-
2149 2230 2294 2304 quod
2364 2231 2419 2287 in
2478 2230 2645 2286 corde
2701 2229 2866 2285 fuerit
2916 2230 3273 2297 geminatum,
3339 2232 3395 2281 et
3441 2222 3745 2278 diversitas

444 2328 535 2393 tis,
567 2336 615 2381 et
644 2342 746 2381 non
776 2324 1010 2380 videbitis
1039 2322 1201 2393 (Isai.
1232 2337 1306 2389 vt,
1340 2321 1422 2391 9).
1455 2321 1586 2376 Haec
1621 2320 1689 2375 de
1720 2320 1892 2375 turbis
1918 2334 2043 2390 pro-
2148 2336 2310 2384 terra;
2338 2325 2533 2381 anima;
2558 2325 2667 2380 sint
2682 2324 3043 2381 credentium.

444 2418 670 2488 phetata
714 2426 861 2480 sunt,
906 2430 1025 2487 qua:
1064 2422 1207 2468 stant
1245 2413 1300 2468 in
1334 2412 1543 2481 littore,
1576 2422 1628 2466 et
1663 2410 1757 2466 Dei
1788 2427 1894 2465 non
1926 2425 2042 2467 ιιιθο
2220 2414 2389 2473 Facta
2444 2425 2615 2472 autem
2656 2413 2989 2471 tribulatione
3030 2423 3076 2469 ει
3126 2411 3497 2481 persecutione,
3541 2417 3758 2482 propter

445 2517 642 2567 rentur
686 2507 873 2564 audire
912 2520 1246 2563 sermonem.
1296 2503 1633 2561 Accedamus
1676 2518 1808 2573 ergo
1853 2511 1907 2558 et
1945 2517 2045 2559 nos
2146 2510 2355 2567 verbum
2385 2509 2630 2564 continuo
2652 2507 3060 2563 scandalizatur.
3105 2502 3335 2561 Attende
3360 2499 3503 2574 quod
3546 2500 3757 2554 dictum

447 2616 571 2656 cum
602 2599 882 2668 discipulis
911 2599 979 2654 ad
1007 2597 1219 2663 Jesum,
1242 2606 1297 2651 et
1324 2609 1579 2668 rogemus
1608 2609 1732 2651 eum
1763 2594 2045 2650 dissertio-

448 2707 575 2748 nem
616 2690 912 2762 parabolae,
943 2706 1012 2746 ne
1052 2704 1175 2745 cum
1207 2689 1381 2745 turbis
1407 2688 1607 2744 frustra
1638 2701 1801 2743 aures
1831 2696 1886 2744 et
1917 2703 2045 2742 ocu-

448 2787 533 2841 los
565 2786 771 2841 babere
803 2783 1103 2840 videamur.

447 2884 483 2943 ἴ·
521 2879 706 2951 (Vers.
743 2876 860 2947 l5.)
900 2878 1256 2931 lncrassatum
1302 2884 1377 2932 est
1413 2876 1551 2931 enim
1593 2891 1681 2930 cor
1732 2874 1910 2948 pepuli
1946 2871 2046 2926 hu-

438 2974 555 3044 jus,
607 2979 657 3025 et
695 2968 908 3024 auribus
958 2968 1178 3041 graviter
1240 2967 1539 3022 audierunt.
1606 2964 1802 3021 Reddit
1854 2976 2046 3019 causas

2152 2602 2242 2665 sit,
2266 2601 2524 2656 continuo
2548 2597 2970 2654 scandalizatur.
3001 2595 3100 2651 Est
3128 2608 3258 2667 ergo
3285 2593 3465 2665 aliqua
3493 2588 3758 2647 distantia

2152 2697 2295 2751 inter
2320 2709 2441 2750 eum
2473 2692 2567 2765 qui
2608 2692 2793 2749 multis
2820 2689 3262 2746 tribulationibus
3293 2687 3580 2759 pmnisque
3606 2697 3763 2739 com-

2152 2786 2372 2858 pellitur
2409 2784 2684 2841 Christum
2739 2798 2962 2855 negare,
3013 2790 3069 2838 et
3109 2797 3234 2838 eum
3285 2781 3377 2853 qui
3409 2779 3477 2834 ad
3525 2779 3760 2850 primam

2154 2878 2587 2950 persecutionem
2619 2875 2799 2932 statim
2829 2874 3249 2939 scandalizatur,
3281 2883 3337 2928 et
3363 2871 3590 2928 corruit.

2226 2970 2409 3043 (Vers.
2457 2967 2574 3042 22.)
2618 2968 2719 3034 Qui
2748 2976 2920 3023 autem
2956 2968 3237 3022 seminatus
3262 2975 3336 3022 est
3364 2967 3419 3021 in
3461 2964 3648 3036 spinis,
3676 2964 3767 3019 hic

450 3076 621 3133 quare
671 3061 921 3117 videntes
960 3076 1067 3115 non
1112 3059 1356 3130 videant,
1387 3067 1446 3115 et
1492 3057 1774 3113 audientes
1814 3071 1920 3111 non
1960 3071 2056 3109 au—
2082 3046 2130 3111 C
2159 3075 2233 3123 est
2261 3066 2349 3135 qui
2371 3065 2581 3119 verbum
2600 3063 2773 3127 audit,
2802 3072 2849 3118 et
2875 3061 3178 3117 sollicitudo
3203 3059 3381 3116 saeculi
3403 3060 3556 3114 istius
3580 3066 3631 3113 et
3658 3056 3770 3127 {al-

451 3152 603 3209 diant
649 3172 663 3207 :
701 3153 829 3225 quia
882 3154 1238 3208 incrassatum
1297 3160 1415 3219 est,
1463 3150 1674 3221 inquit,
1711 3163 1809 3204 eor
1855 3147 2046 3220 populi

2163 3159 2292 3214 lacia
2315 3157 2613 3213 divitiarum
2644 3155 2865 3225 su/focat
2889 3154 3119 3221 verbum,
3163 3163 3211 3209 et
3248 3154 3356 3209 sine
3386 3154 3557 3224 fructu
3599 3151 3766 3223 elﬁci-

447 3248 631 3316 huius.
663 3258 717 3303 et
767 3246 991 3302 auribus
1039 3246 1154 3301 suis
1197 3245 1437 3315 graviter
1463 3242 1752 3299 audierunt
1795 3260 1808 3297 =
1854 3241 1934 3297 Ac
1983 3255 2052 3296 ne
2156 3262 2261 3308 tur.
2292 3251 2417 3307 anni
2444 3251 2729 3308 videturet
2746 3249 2877 3305 illud
2898 3248 3039 3319 quod
3055 3249 3214 3319 juxta
3235 3248 3470 3305 litteram
3493 3247 3559 3302 ad
3586 3246 3767 3303 Adam

450 3338 592 3395 forte
653 3338 983 3394 arbitremur
1032 3335 1451 3393 crassitudinem
1499 3333 1683 3390 cordis
1726 3341 1779 3388 et
1817 3333 2051 3404 gravita-

2163 3343 2357 3399 dicitur
2387 3362 2399 3398 :
2434 3341 2581 3397 Inter
2615 3342 2795 3413 spinas
2826 3350 2873 3396 et
2915 3340 3135 3396 tribulos
3182 3355 3369 3411 panem
3410 3349 3552 3393 tuum
3603 3353 3766 3391 man-

451 3438 563 3486 tem
594 3430 806 3485 aurium
852 3440 1062 3484 naturae
1101 3442 1248 3495 esse,
1288 3442 1397 3482 non
1426 3425 1749 3493 voluntatis,
1777 3424 2056 3495 subiungit
2162 3435 2376 3490 amabis
2408 3433 2562 3506 (Gen.
2595 3448 2676 3495 ιιι,
2710 3433 2825 3505 18),
2854 3432 2957 3488 hoc
2985 3430 3291 3502 signiﬁcare
3321 3428 3572 3502 mystice.
3614 3428 3768 3500 quod

451 3524 665 3592 culpam
689 3523 919 3589 arbitrii,
949 3532 1003 3577 et
1027 3521 1158 3576 dicit
1183 3538 1199 3577 :

524 3615 595 3672 Et
625 3616 799 3671 oculos
823 3631 943 3669 suos
968 3615 1263 3668 clauserunt
1289 3627 1309 3663 :
1339 3610 1617 3682 nequando
1644 3609 1846 3663 videant
1876 3607 2061 3674 oculis,

455 3718 504 3765 et
531 3709 744 3762 auribus
771 3705 1012 3771 audiant,
1042 3712 1090 3758 et
1129 3703 1284 3756 corde
1310 3701 1623 3773 intelligant,
1669 3711 1718 3756 et
1765 3708 2064 3755 convertan-

458 3808 568 3865 tur,
616 3806 665 3852 et
693 3813 873 3851 sanem
927 3811 1033 3850 eos.
1077 3794 1134 3849 ln
1178 3792 1454 3864 parabolis
1496 3807 1627 3863 ergo
1653 3790 1879 3847 audiunt
1915 3802 1972 3848 et
2011 3791 2067 3846 in

460 3893 770 3963 aenigmate,
818 3891 935 3962 qui,
964 3888 1168 3945 clausis
1211 3886 1407 3953 oculis,
1438 3887 1630 3942 nolunt
1656 3899 1885 3941 cernere
1926 3885 2070 3941 veri-

459 3993 626 4041 tatem
635 4024 651 4039 .

534 4076 717 4149 (Vera.
748 4074 867 4145 16).
901 4073 1073 4129 Vestri
1104 4082 1276 4127 autent
1311 4071 1444 4125 beati
1477 4070 1637 4138 oculi,
1675 4072 1798 4142 quia
1845 4069 2018 4125 vident
2047 4084 2064 4123 :

460 4179 509 4222 et
538 4183 692 4223 aures
719 4177 916 4232 vestrae,
954 4165 1079 4235 quia
1116 4164 1354 4217 audiunt.
1395 4161 1507 4218 Nisi
1544 4177 1706 4231 supra
1749 4160 2067 4231 legissemus

463 4260 743 4316 auditores
774 4259 839 4312 ad
861 4256 1275 4325 intelligentiam
1308 4262 1656 4325 provocatos,
1680 4254 1963 4311 Salvatore
1985 4254 2068 4310 di-

465 4365 625 4410 cente
655 4371 669 4406 :
706 4352 807 4419 Qui
833 4350 986 4405 habet
1012 4364 1167 4403 aures
1193 4349 1463 4415 audiendi,
1492 4348 1696 4415 audiat,
1753 4356 2068 4418 putaremus

465 4462 611 4503 nunc
648 4444 840 4500 oculos
874 4454 929 4499 et
971 4457 1132 4499 aures
1157 4458 1279 4514 quae
1337 4441 1723 4497 beatitudinem
1768 4441 2064 4512 accipiunt,

467 4537 649 4595 carnis
679 4535 788 4611 [ΑΙ.
832 4534 1171 4607 corporales]
1201 4534 1449 4606 intelligi.
1479 4534 1591 4592 Sed
1637 4534 1769 4590 mihi
1815 4533 2068 4593 videntur

468 4632 545 4688 illi
573 4630 721 4689 beati
749 4630 914 4696 oculi,
936 4628 1026 4700 qui
1052 4638 1280 4699 possunt
1301 4628 1499 4685 Christi
1520 4642 1852 4698 cognoscere
1885 4643 2068 4685 sacra-

469 4731 671 4789 menta,
703 4734 758 4777 et
784 4735 922 4791 quos
965 4720 1130 4776 levari
1160 4719 1319 4776 Jesus
1350 4719 1405 4775 in
1436 4712 1670 4775 sublime
1702 4722 1978 4791 przecepit,
2010 4730 2069 4775 ut

467 4815 766 4873 candentes
805 4820 1021 4884 segetes
1065 4811 1328 4883 aspiciant
1370 4809 1563 4883 (Joan.
1605 4827 1679 4879 tv,
1710 4810 1810 4882 9);
1866 4819 1923 4866 et
1960 4812 2068 4867 illae

470 4925 630 4965 aures
675 4911 871 4974 beatae,
918 4908 987 4962 de
1027 4907 1221 4976 quibus
1269 4906 1436 4961 Isaias
1481 4906 1762 4977 loquitur:
1812 4902 2068 4960 Dominus

468 5003 710 5075 apposuit
739 5002 866 5056 mihi
894 4999 1183 5055 auriculam
1210 4998 1368 5068 (1δαὶ.
1392 5017 1449 5067 ι,
1471 4998 1549 5071 5).

541 5094 722 5167 (Vers.
755 5092 846 5158 17,
877 5092 991 5165 18.)
1017 5091 1178 5147 Amen
1194 5092 1386 5162 quippe
1422 5092 1540 5146 dico
1575 5090 1736 5154 vobis,
1770 5090 1891 5159 quia
1919 5088 2069 5144 multi

466 5185 733 5259 propheta:
753 5194 801 5239 et
827 5185 963 5257 justi
988 5184 1259 5253 cupierunt
1297 5183 1469 5237 videre
1496 5199 1612 5253 qua:
1642 5181 1846 5249 videtis,
1878 5191 1926 5237 et
1964 5199 2069 5236 non

467 5277 705 5331 viderunt
732 5292 752 5331 :
774 5284 823 5330 et
851 5274 1037 5330 audire
1054 5289 1171 5346 qua:
1187 5272 1401 5341 auditis,
1425 5282 1473 5328 et
1498 5289 1602 5327 non
1629 5273 1932 5328 audierunt.
1964 5273 2070 5329 Vos

465 5383 588 5439 ergo
616 5367 794 5423 audite
818 5364 1120 5437 parabolam
1155 5365 1476 5421 seminantis.
1512 5363 1741 5421 Videtur
1784 5362 1910 5421 huic
1946 5364 2068 5421 loco

542 5538 568 5566 ιι
596 5530 714 5585 Duo
742 5544 774 5585 e
801 5529 1027 5600 nostris,
1048 5542 1296 5600 unusque
1323 5542 1492 5599 penes
1520 5527 1892 5585 Martianaeutn
1923 5541 2057 5583 mss.

470 5602 709 5682 aequitate
723 5598 1051 5682 praeferunt,
1087 5615 1187 5670 pro
1210 5598 1533 5682 aqualitate.

546 5668 581 5751 ᾖ
603 5667 826 5751 Rectius
851 5669 1057 5751 absque
1078 5667 1310 5751 negandi
1339 5670 1603 5743 particula
1626 5670 1683 5727 in
1708 5667 1918 5741 pridem
1951 5667 2068 5726 vul-

471 5739 613 5808 gatis
636 5739 811 5807 libris,
841 5739 983 5795 vidit
998 5742 1052 5796 in
1081 5739 1269 5812 specie.

2164 3528 2495 3598 quicumque
2520 3524 2736 3581 dederit
2777 3539 2837 3579 se
2883 3523 3069 3579 saeculi
3102 3522 3470 3593 voluptatibus
3507 3520 3767 3592 curisque

2167 3621 2325 3677 istius
2371 3619 2608 3685 mundi,
2654 3633 2849 3689 panem
2910 3616 3194 3673 caelestem
3252 3625 3308 3671 et
3349 3614 3528 3669 cibum
3576 3628 3772 3669 verum

2166 3711 2309 3767 inter
2334 3712 2525 3782 spinas
2543 3709 2817 3766 comedat.
2840 3708 2906 3764 Et
2929 3708 3210 3778 eleganter
3238 3705 3483 3777 adjunxit
3512 3722 3526 3759 :
3553 3705 3770 3775 fallacia

2170 3803 2472 3857 divitiarum
2500 3801 2724 3870 su/focat
2774 3801 3000 3855 verbum.
3034 3797 3255 3854 Blandus
3291 3796 3436 3853 enim
3466 3804 3595 3852 sunt
3625 3795 3769 3850 divi-

2170 3895 2283 3961 tite,
2325 3904 2379 3950 et
2411 3893 2558 3949 aliud
2585 3901 2832 3965 agentes,
2866 3900 2921 3946 et
2956 3888 3102 3945 aliud
3150 3888 3489 3961 pollicentes.
3531 3886 3768 3942 Lubrica

2172 3994 2258 4042 est
2286 4000 2474 4040 earum
2513 3984 2814 4055 possessio,
2857 3982 2988 4037 dum
3028 3982 3136 4037 huc
3185 3980 3425 4052 illucque
3472 3978 3767 4034 circumfe-

2173 4087 2390 4144 runtur,
2413 4090 2470 4133 et
2500 4077 2740 4135 instabili
2764 4075 2936 4148 gradu
2961 4075 3053 4131 vel
3083 4074 3349 4130 habentes
3370 4073 3653 4136 deserunt,
3685 4071 3770 4127 vel

2173 4186 2281 4227 non
2315 4171 2584 4228 habentes
2613 4182 2636 4210 ο
2662 4168 2986 4227 refercinnt.
3010 4166 3162 4225 Unde
3192 4175 3247 4223 et
3279 4167 3543 4223 Dominus
3572 4167 3770 4221 divites

2173 4263 2372 4319 asserit
2408 4263 2705 4319 difﬁculter
2742 4263 2952 4317 intrare
2980 4261 3032 4317 in
3083 4275 3312 4331 regnum
3336 4259 3626 4328 caelorum,
3659 4260 3771 4313 sul-

2096 4378 2145 4438 D
2172 4354 2487 4411 focantibus
2511 4354 2719 4410 divitiis
2748 4353 2977 4410 verbum
3012 4352 3129 4420 Dei,
3161 4363 3218 4408 et
3245 4352 3480 4422 rigorem
3507 4351 3771 4407 virtutum

2169 4447 2604 4504 emollientibus.

2243 4540 2424 4615 (νει-ε.
2453 4539 2572 4611 25.)
2618 4540 2721 4607 Qui
2768 4555 2886 4595 vero
2929 4540 2986 4594 in
3031 4547 3221 4594 terram
3250 4538 3439 4595 bonam
3478 4539 3766 4594 seminatus

2170 4642 2270 4700 est,
2300 4631 2384 4686 hic
2411 4641 2485 4687 est
2507 4634 2595 4703 qui
2639 4631 2788 4686 audit
2809 4631 3038 4697 verbum,
3068 4640 3115 4685 et
3142 4630 3411 4703 intelligit,
3455 4640 3505 4686 et
3539 4631 3773 4702 fructum

2170 4725 2296 4795 facit
2318 4741 2337 4780 :
2357 4733 2405 4779 et
2431 4724 2579 4779 aliud
2593 4724 2803 4798 quidem
2821 4725 3177 4789 centesimum,
3200 4722 3348 4777 aliud
3365 4725 3769 4795 sexagesimum,

2171 4817 2320 4872 aliud
2349 4832 2471 4872 vero
2493 4818 2827 4873 tricesimum.
2855 4816 3009 4873 Sicut
3033 4815 3087 4871 in
3114 4826 3257 4872 terra
3291 4814 3435 4870 mala
3466 4821 3581 4869 tres
3613 4812 3770 4870 fuere

2175 4908 2565 4965 diversitates:
2612 4923 2773 4964 secus
2822 4909 2988 4978 viam,
3037 4916 3095 4962 et
3142 4917 3399 4977 petrosa,
3446 4918 3502 4962 et
3547 4907 3773 4977 spinosa

2174 5002 2297 5057 loca
2340 5019 2352 5056 :
2383 5002 2463 5057 sic
2497 5002 2550 5056 in
2585 5009 2729 5059 terra
2763 5001 2905 5057 bona
2938 5003 3081 5057 trina
3112 5001 3401 5057 diversitas
3421 5010 3508 5056 est
3539 5018 3552 5053 :
3582 5008 3774 5056 cente-

2177 5095 2342 5163 simi,
2395 5094 2719 5165 sexagesimi
2765 5102 2821 5149 et
2877 5092 3142 5149 tricesimi
3187 5092 3420 5148 fructus.
3476 5091 3546 5148 Et
3592 5092 3646 5147 in
3681 5092 3772 5147 illa

2172 5195 2355 5241 autem
2389 5193 2445 5239 et
2474 5185 2526 5240 in
2555 5185 2660 5240 ista
2689 5199 2801 5239 non
2844 5194 3087 5240 mutatur
3113 5182 3220 5257 91
3254 5181 3281 5221 ἀ
3312 5184 3641 5250 substantia,
3672 5184 3772 5240 sed

2175 5276 2428 5332 voluntas
2459 5293 2477 5332 :
2518 5285 2575 5333 et
2604 5285 2711 5333 tam
2743 5276 3173 5343 incredulorum,
3218 5293 3383 5349 quam
3425 5277 3772 5333 credentium

2175 5368 2339 5425 corda
2389 5379 2522 5424 sunt
2583 5384 2705 5440 quae
2758 5383 2946 5426 semen
2993 5370 3287 5439 recipiunt.
3350 5368 3522 5435 Venit,
3569 5370 3771 5440 inquit,

2244 5539 2266 5567 ο
2310 5529 2367 5584 1η
2398 5528 2603 5600 aliquot
2632 5544 2788 5596 mss.,
2819 5529 3102 5595 reﬁciunt;
3128 5528 3259 5584 olim
3280 5539 3422 5596 erat,
3449 5532 3770 5587 resarciunt.

2171 5598 2383 5655 Optima
2415 5600 2675 5655 impressa
2707 5612 2791 5655 est
2815 5602 3002 5655 lectio.

2218 5608 2383 5670 ptima
2416 5608 2675 5669 impressa
2707 5612 2791 5657 est
2815 5608 3002 5657 lectio.

2239 5668 2267 5707 δ
2310 5671 2413 5726 Pro
2442 5671 2752 5737 substantia,
2799 5670 2907 5727 duo
2935 5687 2968 5727 θ
3012 5669 3275 5729 Palatinis
3336 5685 3474 5729 mss.
3526 5671 3596 5727 ad
3644 5672 3772 5729 libri

2167 5755 2318 5798 oram
2348 5742 2635 5813 legendum
2658 5749 2904 5811 monent,
2930 5743 3204 5797 sententia.
