3962 6322
158 347 217 401 89

155 462 314 525 malus,
344 467 386 512 et
412 457 545 528 rapit
579 457 721 526 quod
748 449 1062 509 seminatum'
1083 462 1156 507 est
1187 453 1239 506 in
1267 451 1424 505 corde
1458 451 1604 522 ejus;
1641 459 1696 504 et
1721 452 1772 510 Α

155 550 361 609 secundo
389 563 449 604 ac
489 548 675 614 tertio,
719 546 814 601 hic
834 555 938 610 est,
980 545 1078 611 ait,
1107 544 1199 614 qui
1254 544 1480 598 verbum
1525 541 1695 596 audit.

155 645 204 700 lu
243 640 564 712 expositione
611 654 828 710 quoque
877 647 1035 692 terra:
1091 637 1268 704 bolum,
1317 635 1421 690 iste
1450 643 1552 699 est,
1606 631 1699 704 qui

153 737 278 792 audit
326 735 565 788 verbum.
617 732 862 787 Primum
923 746 1057 802 ergo
1129 730 1393 784 debemus
1468 728 1700 793 audire,

152 828 322 884 deinde
361 827 693 895 intelligere,
748 833 804 880 et
849 833 972 894 post
1023 821 1441 892 intelligentiam
1493 819 1700 876 fructus

152 918 349 976 reddere
391 915 761 972 doctrinarum
789 956 804 980 ,
865 925 920 968 et
968 914 1145 969 facere
1191 913 1277 968 vel
1335 912 1697 968 centesimmn

152 1011 376 1073 fructum,
403 1007 483 1063 vel
512 1007 937 1076 sexagesimum,
980 1004 1066 1060 vel
1100 1005 1458 1070 tricesimum,
1487 1003 1554 1058 de
1581 1003 1702 1072 qni-

152 1103 242 1157 bus
266 1100 449 1170 plenius
478 1100 532 1154 in
569 1099 716 1154 libro
758 1107 948 1153 contra
979 1095 1324 1153 Iovinianum
1358 1096 1616 1162 diximus,
1647 1102 1701 1150 et

153 1209 276 1248 nunc
304 1193 527 1246 breviter
557 1189 976 1261 perstringimus
1011 1206 1025 1243 :
1053 1188 1424 1244 Centesimum
1465 1187 1697 1242 fructum

153 1286 442 1356 virginibus,
485 1288 884 1356 sexagesimum
922 1284 1101 1338 viduis
1161 1293 1217 1338 et
1263 1283 1695 1349 continentibus,

155 1379 449 1433 tricesimum
481 1387 508 1415 ι
538 1389 693 1432 casto
724 1375 1073 1430 matrimonio
1117 1375 1466 1444 deputantes.
1515 1373 1701 1428 Hono-

151 1473 311 1526 rabiles
321 1473 447 1526 enim
466 1472 680 1543 nuptiae,
697 1482 745 1525 et
767 1470 935 1525 cubile
955 1470 1345 1524 immaculatum
1365 1468 1528 1534 (Heb.
1551 1483 1700 1532 xxxi,

152 1564 194 1626 5,
228 1564 298 1633 4).
322 1562 542 1630 Quidam
583 1574 900 1617 nostrorum
956 1562 1318 1617 centesimum
1353 1559 1590 1615 fructum
1631 1559 1699 1614 ad

153 1667 380 1726 martyres
403 1655 651 1711 referunt
685 1673 699 1709 :
731 1654 876 1724 quod
925 1653 971 1708 si
999 1654 1071 1708 ita
1099 1663 1206 1719 est,
1238 1662 1426 1708 sancta
1471 1667 1700 1709 consor-

155 1747 210 1800 tia
231 1747 515 1816 nuptiarum
538 1747 912 1802 excluduntur
941 1762 972 1801 a
1005 1745 1181 1801 fructu
1223 1747 1389 1800 bono.

209 1838 372 1909 (νει-ε.
400 1839 469 1894 24
507 1841 688 1909 seqq.)
717 1840 885 1893 Aliam
909 1837 1209 1910 parabolam
1251 1837 1523 1909 proposuit
1568 1835 1700 1901 illis,

153 1930 337 1985 dicens:
366 1929 548 1986 Simile
570 1941 648 1985 est
677 1948 892 2003 regnum
934 1931 1175 1985 ctelorum
1203 1929 1402 1983 homini
1431 1930 1522 1994 qui
1552 1928 1703 1982 semi-

154 2024 266 2077 navit
293 2024 467 2078 bonum
487 2041 656 2079 semen
685 2025 737 2078 in
759 2042 887 2095 agro
912 2041 1027 2078 suo.
1058 2021 1185 2078 Cum
1212 2031 1382 2077 autem
1419 2022 1702 2076 dormirent

155 2115 366 2180 homines,
386 2117 516 2170 venit
546 2117 788 2171 inimicus
813 2120 943 2189 ejus,
970 2127 1019 2170 et
1041 2114 1468 2184 super-seminavit
1499 2113 1701 2166 zizania

153 2210 358 2266 inutedio
381 2211 559 2279 tritici,
593 2223 643 2266 et
667 2211 813 2264 abiit.
847 2208 977 2264 Cum
1030 2218 1201 2263 autem
1239 2209 1474 2262 crevisset
1516 2205 1695 2273 herba,

153 2314 192 2357 et
224 2305 422 2372 fructum
469 2306 714 2374 fecisset,
778 2314 900 2358 tunc
947 2313 1300 2373 apparuerunt
1366 2311 1413 2355 et
1474 2301 1696 2354 zizania.

153 2397 425 2452 Accedentes
457 2407 628 2451 autem
669 2397 801 2452 serui
849 2396 1264 2468 patrisfamilias,
1311 2393 1553 2448 dixerunt
1586 2393 1630 2445 ei
1681 2407 1698 2444 :

153 2489 352 2555 Domine,
382 2507 546 2544 nonne
585 2489 773 2544 bonum
803 2506 972 2544 semen
1006 2488 1269 2544 seminasti
1293 2487 1347 2540 in
1387 2503 1514 2557 agro
1565 2483 1701 2538 tuo?

157 2579 280 2635 Unde
303 2597 412 2652 ergo
434 2581 584 2636 habet
615 2573 857 2635 zizania?
884 2580 951 2634 Et
973 2581 1044 2634 ait
1075 2580 1179 2634 illis
1209 2595 1228 2630 :
1258 2577 1514 2632 Inimicus
1547 2575 1700 2629 homo

153 2672 229 2726 hoc
252 2676 374 2745 fecit.
415 2673 562 2730 Servi
583 2684 754 2730 autem
781 2674 1019 2728 dixerunt
1047 2675 1092 2728 ei
1125 2690 1142 2725 :
1181 2671 1291 2738 Vis,
1334 2675 1488 2737 imus,
1519 2681 1565 2725 et
1592 2670 1700 2724 col-

155 2767 327 2835 ligimus
352 2785 406 2823 ea
425 2769 450 2821 ?
469 2767 540 2822 Et
567 2769 642 2821 ait
666 2785 684 2820 :
718 2766 864 2834 Non,
895 2784 958 2821 ne
984 2768 1117 2838 forte
1145 2766 1440 2837 colligentes
1469 2764 1694 2828 sisnnin,

154 2861 382 2916 eradicetis
421 2862 575 2916 simul
613 2878 728 2914 cum
766 2861 840 2914 eis
888 2871 935 2914 et
983 2859 1233 2912 triticum.
1269 2857 1440 2913 Sinite
1490 2869 1702 2925 utraque

153 2967 339 3008 crescere
368 2969 516 3024 usque
537 2953 608 3006 ad
637 2968 871 3016 messem,
903 2961 949 3005 et
986 2953 1038 3004 in
1067 2961 1294 3020 tempore
1323 2952 1501 3003 messis
1531 2948 1700 3002 dicant

155 3047 419 3100 messoribus
448 3063 465 3099 :
510 3045 750 3119 Colligite
799 3045 1023 3116 primum
1050 3045 1276 3109 zizania,
1307 3052 1352 3096 et
1401 3040 1611 3112 alligate
1641 3056 1701 3093 ea

154 3139 196 3190 in
229 3140 476 3208 fasciculos
506 3141 572 3192 ad
604 3138 1049 3202 comburendum;
1099 3137 1329 3190 triticum
1370 3143 1543 3188 autent
1573 3150 1699 3188 con-

152 3243 326 3300 gregate
361 3234 410 3285 in
453 3231 702 3286 horreum
749 3246 938 3285 meum.
993 3229 1116 3284 llaec
1168 3227 1400 3282 secunda
1448 3225 1698 3294 parabola

151 3330 218 3374 est
250 3337 356 3378 cum
385 3321 824 3394 interpretatione
871 3337 965 3376 sua
1008 3336 1116 3374 non
1142 3320 1326 3375 statim
1366 3317 1561 3387 posita,
1604 3315 1697 3371 sed

153 3413 413 3483 interjectis
431 3416 554 3471 aliis
573 3415 849 3486 parabolis
871 3414 1157 3470 edisserta.
1192 3412 1288 3466 llic
1314 3411 1458 3466 enim
1502 3423 1702 3479 propo-

151 3504 290 3570 nitur,
337 3516 386 3562 et
416 3516 601 3577 postea
634 3506 872 3562 dimissis
911 3504 1080 3560 turbis
1119 3505 1334 3558 venitur
1383 3501 1605 3557 domum
1644 3508 1702 3554 et

152 3597 377 3653 accedunt
417 3600 482 3654 ad
532 3615 656 3655 eum
697 3599 944 3669 discipuli
986 3597 1104 3668 ejus
1151 3603 1405 3668 rogantes
1443 3613 1456 3648 :
1489 3593 1700 3648 Dissere

153 3690 269 3744 nobis
305 3692 602 3762 parabolam
649 3693 973 3745 zizaniorum
1023 3691 1160 3761 agri,
1206 3698 1261 3743 et
1314 3688 1540 3757 reliqua.
1582 3685 1698 3741 Non

151 3796 255 3853 ergo
304 3784 559 3841 debemus
612 3798 964 3854 prteprOpero
1024 3781 1366 3852 intelligendi
1426 3779 1701 3833 desiderio

152 3885 250 3929 ante
273 3876 381 3947 ejus
406 3878 654 3933 notitiam
697 3890 969 3946 quaerere,
1001 3889 1162 3944 qnam
1189 3889 1218 3926 a
1250 3872 1483 3928 Domino
1519 3869 1697 3924 disse-

153 3979 290 4024 ratur.

206 4062 362 4133 (Vera.
382 4063 493 4136 3|.)
526 4065 701 4118 Aliam
723 4061 1030 4135 parabolam
1053 4059 1322 4132 praposuit
1355 4061 1450 4125 eis,
1478 4057 1653 4112 dicens
1680 4073 1699 4111 .'

153 4152 348 4212 Sedebat
376 4158 632 4212 Dominus
660 4158 714 4211 in
744 4158 889 4223 navi,
921 4168 974 4210 el
1011 4156 1168 4209 turba
1188 4156 1298 4227 92
1321 4155 1497 4210 stabat
1527 4155 1579 4208 in
1614 4153 1700 4208 lit-

156 4253 244 4302 tore
272 4267 282 4301 :
316 4249 385 4304 illi
414 4249 626 4319 procul,
658 4249 911 4315 discipuli
941 4249 1174 4303 vicinius
1203 4249 1497 4302 audiebant
1531 4266 1544 4302 :
1577 4262 1703 4317 pro-

155 4338 276 4403 ponit
302 4343 375 4394 eis
393 4350 444 4396 et
469 4341 630 4395 aliam
657 4340 996 4409 parabolam,
1026 4341 1178 4409 quasi
1203 4340 1354 4394 dives
1383 4337 1700 4409 paterfami-

156 4428 232 4485 lias
249 4433 487 4492 invitatos
512 4435 752 4490 diversis
775 4434 1031 4489 reﬁciens
1053 4435 1210 4502 cibis,
1249 4441 1308 4488 ut
1335 4434 1701 4503 unusquisqne

157 4524 411 4581 secundum
462 4538 710 4582 naturam
773 4525 1040 4580 stomachi
1104 4525 1184 4578 sui
1239 4524 1386 4578 varia
1444 4522 1697 4577 alimenta

158 4620 431 4688 susciperet.
479 4621 636 4678 Unde
690 4621 826 4674 etin
882 4619 1055 4689 priori
1113 4619 1367 4688 parabola
1410 4632 1514 4673 non
1568 4617 1702 4672 dixit

157 4707 364 4779 alteram,
401 4715 493 4770 sed
546 4715 734 4770 aliam.
777 4713 833 4770 Si
867 4715 1014 4768 enim
1057 4713 1416 4784 prtemisisset
1449 4714 1698 4779 alteram,

157 4813 429 4870 exspectare
453 4806 665 4862 tertiam
699 4821 806 4862 non
840 4815 1176 4878 poteramus,
1218 4806 1478 4876 praemisit
1513 4807 1696 4871 aliam,

156 4902 199 4946 ιιι
225 4896 386 4963 plures
415 4916 738 4974 sequantur.
1554 4898 1564 4911 '

209 4989 364 5056 (Vere.
391 4994 503 5065 32.)
535 4996 724 5052 Simile
743 5007 816 5052 est
845 5013 1066 5071 regnum
1092 4997 1339 5052 caelorum
1368 5013 1537 5068 grano
1562 4996 1708 5050 sina-

157 5079 234 5145 Pit.
253 5087 377 5151 quod
401 5090 656 5158 accipiens
682 5089 839 5144 homo
867 5090 1143 5144 seminavit
1172 5090 1226 5144 in
1260 5106 1385 5162 agro
1411 5105 1528 5154 suo,
1563 5089 1703 5160 quod

158 5169 386 5232 minimum
415 5181 619 5252 quidem
648 5191 724 5236 est
769 5182 1009 5236 omnibus
1037 5182 1335 5238 seminibus.
1369 5180 1502 5236 Cum
1531 5191 1706 5237 autem

159 5273 350 5340 creverit,
379 5278 544 5346 majus
587 5284 664 5330 est
694 5276 934 5332 omnibus
963 5277 1212 5343 oleribus,
1241 5287 1288 5331 et
1318 5276 1377 5346 ﬁt
1403 5276 1558 5330 arbor
1585 5292 1604 5330 :
1635 5277 1708 5330 ita

1729 1762 1779 1822 B

1729 3069 1774 3134 C

1736 4385 1781 4443 D

212 5383 414 5461 ‘_lidem
465 5389 697 5444 Palatini
730 5403 866 5443 mss.
895 5397 1118 5461 _sancto,
1174 5404 1271 5459 pro
1312 5400 1455 5444 casto
1496 5391 1703 5461 legunt.

158 5448 318 5525 Conler
336 5460 566 5525 priorem
596 5461 864 5515 adversus
886 5448 1232 5514 Jovinia'nu'm
1265 5461 1485 5515 librum.

159 5519 464 5650 “ﬁniet:qu
519 5541 564 5584 et
615 5532 876 5586 mollitum
931 5530 985 5584 in
1037 5533 1240 5586 nostris
1297 5546 1429 5586 mss.
1485 5531 1705 5586 deside-

212 5664 365 5751 ἐττει
392 5671 782 5751 Palat.__codd:,
825 5671 873 5726 si
911 5671 1170 5751 haberetis
1208 5674 1559 5751 fident‘quasi
1586 5691 1710 5746 gra-

158 5743 504 5878 ἓιυῷςῗέιῒιέξὶι,
531 5744 778 5801 diceretis
802 5745 969 5798 monti
994 5744 1136 5814 huic,
1161 5745 1326 5816 migra
1357 5743 1557 5798 deloco
1586 5743 1708 5809 ista,

606 333 1259 395 COMMENTARIORUM
1299 332 1365 388 IN
1409 329 1861 388 EVANGELIUM
1902 329 2238 388 M.\'I‘Tll£l
2278 329 2409 386 LIB.
2455 329 2522 385 ll.
2561 329 2718 388 CAP.
2759 330 2902 388 Xlll.

3325 329 3396 386 90

1800 459 1856 502 ut
1909 448 2140 503 uolucres
2185 450 2298 504 coeli
2347 449 2552 502 veniant
2595 458 2642 503 et
2687 448 2918 504 habitent
2964 449 3020 504 in
3056 448 3214 503 ramis
3256 451 3393 520 ejus.

1801 541 1918 597 Non
1959 543 2032 598 sit
2068 544 2361 598 molesmm
2401 542 2614 610 lectori,
2659 543 2702 597 si
2756 552 2897 598 totas
2945 543 3228 612 parabolas
3258 558 3388 613 pro-

1800 636 2070 706 p0nimus.
2091 635 2224 702 Quae
2244 636 2388 690 enim
2412 635 2646 690 obscura
2671 642 2818 700 sunt,
2841 635 3054 704 plenius
3075 634 3394 689 disserenda

1801 736 1945 792 sunt,
1981 742 2052 782 ne
2091 727 2359 782 brevitate
2395 727 2563 780 nimia
2596 725 2940 781 involvantur
2969 727 3141 796 magis
3175 740 3391 791 sensus,

1800 835 1960 888 quam
2007 826 2370 888 exponantnr.
2417 818 2662 888 Regnum
2707 818 3008 885 ctelorum,
3081 817 3396 888 praedicatio

1803 910 2081 981 Evangelii
2111 920 2216 976 est,
2257 918 2311 964 et
2337 910 2526 964 notitia
2565 909 2965 978 Scripturarum
2997 924 3116 980 qua:
3147 909 3296 964 ducit
3326 907 3393 962 ad

1803 1005 2003 1068 vitam;
2056 1012 2111 1059 et
2148 1003 2217 1058 dc
2259 1019 2360 1072 qua
2415 1002 2612 1057 dicitur
2652 1001 2720 1056 ad
2760 1001 2978 1057 Judteos
3009 1020 3022 1055 :
3052 1003 3332 1073 Auferetur
3363 1018 3396 1056 ιι

1802 1097 1941 1152 vobis
1980 1113 2192 1166 regnum
2242 1093 2363 1161 Dei,
2421 1105 2468 1149 et
2507 1095 2717 1149 dabitur
2742 1097 2880 1166 genti
2931 1095 3141 1165 facienti
3192 1098 3394 1166 fructus

1803 1195 1916 1264 ejus
1948 1189 2130 1263 (Infra
2157 1205 2269 1257 χιι,
2314 1188 2430 1259 45).
2475 1187 2665 1244 Simile
2715 1196 2800 1242 est
2843 1203 2971 1258 ergo
3022 1187 3394 1258 hujuscemodi

1804 1299 2028 1355 regnum
2055 1300 2225 1355 grano
2263 1284 2494 1353 sinapis,
2540 1282 2683 1353 quod
2721 1284 2994 1352 accipiens
3035 1284 3196 1336 homo
3226 1282 3392 1337 semi-

1804 1376 1954 1432 navit
1975 1377 2031 1432 in
2063 1391 2194 1447 agro
2224 1391 2346 1431 suo.
2373 1375 2546 1431 Homo
2572 1377 2662 1444 qui
2694 1376 2926 1430 seminat
2957 1375 3010 1429 in
3042 1389 3172 1444 agro
3201 1389 3323 1438 suo,
3363 1389 3393 1428 a

1802 1469 2080 1540 plerisque
2102 1469 2356 1524 Salvator
2387 1467 2732 1536 intelligitur,
2773 1465 2915 1536 quod
2955 1466 3008 1520 in
3052 1466 3249 1520 animis
3277 1480 3395 1520 crc-

1803 1562 2048 1620 dentium
2078 1564 2329 1620 seminet.
2365 1563 2449 1618 Ab
2491 1563 2632 1627 aliis,
2676 1563 2790 1633 ipse
2823 1560 2988 1615 homo
3029 1560 3302 1616 seminans
3343 1560 3396 1615 in

1801 1671 1932 1726 agro
1968 1671 2088 1722 suo,
2129 1655 2231 1712 hoc
2267 1665 2381 1721 est,
2429 1657 2480 1710 in
2528 1657 2822 1725 semetipso
2864 1662 2919 1709 et
2972 1654 3026 1708 in
3063 1654 3232 1709 corde
3270 1669 3393 1710 suo.

1803 1747 1937 1816 Quis
1965 1757 2048 1804 est
2077 1750 2177 1803 iste
2201 1749 2293 1818 qui
2320 1748 2574 1812 seminat,
2604 1748 2710 1802 nisi
2739 1761 2938 1803 sensus
2973 1754 3162 1801 noster
3200 1755 3255 1801 et
3281 1747 3398 1800 ani-

1806 1855 1949 1906 mus,
1980 1841 2072 1909 qui
2099 1841 2404 1910 suscipiens
2429 1854 2655 1910 granum
2676 1839 3106 1910 praedicationis,
3131 1847 3184 1894 et
3209 1839 3399 1894 fovens

1804 1945 2104 1990 sementem
2151 1935 2379 1988 humore
2430 1932 2580 1997 litlei,
2611 1932 2739 1988 facit
2768 1933 2822 1988 itt
2864 1948 2997 2004 agro
3040 1934 3122 1988 sui
3165 1933 3400 2004 pectoris

1805 2027 2116 2097 pullulare?
2156 2025 2480 2082 Praedicatio
2514 2025 2786 2097 Evangelii
2831 2025 3053 2080 minima
3101 2037 3182 2078 est
3219 2025 3398 2078 omni-

1806 2121 1905 2175 bus
1933 2117 2259 2189 disciplinis.
2291 2119 2371 2173 Ad
2406 2119 2635 2189 primam
2667 2118 2867 2186 quippe
2905 2115 3210 2172 doctrinam
3239 2115 3398 2172 ﬁdem

1804 2229 1911 2270 non
1959 2211 2120 2267 habet
2153 2212 2420 2277 veritatis,
2463 2212 2736 2266 hominem
2782 2209 2977 2277 Deum,
3030 2209 3201 2264 Deum
3254 2221 3398 2261 inor-

1805 2316 1978 2370 lttum,
2023 2315 2077 2359 et
2104 2303 2420 2360 scandalum
2468 2304 2647 2359 crucis
2696 2301 3021 2372 praedicans.
3066 2298 3266 2355 Confer
3299 2298 3400 2353 htt-

1798 2399 2106 2474 juscemodi
2135 2399 2436 2454 doctrinam
2459 2397 2805 2467 dogmatibus
2838 2394 3312 2466 philosophorum,
3344 2401 3400 2447 et

1804 2492 1957 2548 libris
1985 2507 2202 2556 eorum,
2227 2490 2508 2561 splendori
2539 2489 2890 2561 eloquentite,
2921 2497 2976 2543 et
3009 2487 3396 2557 compositioni

1806 2602 2141 2651 sermonum,
2167 2595 2220 2640 et
2242 2585 2450 2640 videbis
2472 2595 2675 2656 quanto
2703 2587 2882 2638 mittor
2905 2581 2974 2637 sit
2994 2585 3206 2638 caneris
3237 2581 3401 2638 semi-

1805 2683 1964 2736 nibus
2016 2681 2276 2734 sementis
2324 2679 2618 2749 Evangelii.
2670 2677 2778 2732 Sed
2826 2677 2919 2730 illa
2965 2691 3087 2729 cum
3135 2675 3393 2742 creverit,

1804 2773 1938 2829 nihil
1968 2771 2212 2837 mordax,
2232 2772 2366 2827 nihil
2394 2773 2654 2838 vividum,
2686 2769 2822 2824 nihil
2842 2767 3007 2825 vitale
3034 2767 3394 2833 demonstrat,

1803 2867 1900 2922 sed
1916 2875 2084 2921 totum
2103 2865 2385 2920 llaccidum
2406 2865 2813 2934 marcidumque
2837 2871 2894 2918 et
2912 2861 2939 2900 ι»
2958 2862 3226 2917 mollitum
3247 2860 3397 2915 ebul-

1804 2960 1866 3015 lit
1918 2960 1972 3014 in
2019 2959 2190 3023 olera,
2238 2967 2294 3014 et
2337 2959 2393 3013 in
2448 2956 2666 3020 herbas,
2713 2970 2835 3026 quae
2866 2957 2974 3010 cito
3030 2963 3292 3009 arescunt
3347 2961 3402 3006 rt

1805 3063 2088 3110 corruunt.
2122 3053 2254 3110 Haec
2302 3061 2482 3107 autem
2525 3049 2877 3122 praedicatio,
2920 3065 3041 3120 qua:
3071 3062 3232 3117 parva
3283 3046 3393 3118 93

1803 3148 2091 3203 videbatur
2161 3147 2215 3201 in
2264 3146 2570 3217 principio,
2626 3158 2746 3197 cum
2792 3141 2876 3197 vel
2929 3141 2979 3195 in
3043 3141 3221 3196 anima
3271 3154 3397 3193 cre-

1803 3240 2004 3306 dentis,
2034 3238 2120 3293 vel
2151 3237 2202 3291 in
2235 3246 2348 3290 toto
2397 3233 2599 3290 mundo
2630 3241 2743 3287 sata
2785 3232 2971 3299 luerit,
3001 3245 3108 3285 non
3160 3229 3401 3298 exsurgit

1802 3333 1857 3388 in
1894 3331 2066 3394 olera,
2116 3329 2210 3384 sed
2252 3327 2450 3382 crescit
2481 3329 2534 3381 in
2583 3325 2835 3380 arborem
2877 3341 2890 3376 :
2934 3324 3003 3376 ita
3060 3332 3116 3376 ut
3149 3321 3400 3374 volucres

1803 3423 1927 3479 cmli
1959 3423 2120 3494 (quas
2142 3420 2231 3476 vel
2282 3420 2494 3474 animas
2522 3416 2890 3481 credentium,
2924 3414 3012 3468 vel
3054 3412 3400 3468 fortitudines

1805 3515 1900 3570 Dei
1931 3513 2156 3569 servitio
2197 3513 2534 3580 mancipatus
2556 3551 2570 3575 ,
2601 3509 2806 3564 sentire
2849 3506 3113 3562 debemus
3130 3519 3146 3574 )
3181 3503 3404 3559 veniant

1803 3619 1857 3665 et
1885 3609 2130 3664 habitent
2173 3607 2225 3662 in
2271 3605 2438 3661 ramis
2472 3605 2607 3674 ejus.
2647 3603 2844 3657 Ramos
2894 3609 3022 3671 puto
3063 3598 3401 3669 Evangelii-az

1805 3703 2040 3768 arboris,
2073 3716 2196 3769 quae
2226 3701 2293 3755 de
2322 3714 2492 3771 grano
2537 3696 2742 3767 sinapis
2789 3696 3044 3759 creverit,
3087 3694 3396 3763 dogmatum

1805 3807 1928 3848 esse
1954 3792 2321 3854 diversitates,
2346 3793 2401 3846 in
2433 3790 2625 3861 quibus
2647 3787 3083 3857 supradictarum
3115 3785 3398 3840 volucrum

1807 3901 2146 3956 unaqumque
2192 3883 2501 3954 requiescit.
2561 3885 2919 3936 Assumamus
2959 3890 3012 3934 et
3044 3892 3142 3933 nos
3198 3891 3403 3948 pennas

1807 3978 2073 4032 columba:
2105 3975 2222 4048 (Ps.
2266 3975 2398 4045 Ltv),
2443 3983 2498 4026 ιιι
2549 3974 2839 4027 volitantes
2869 3971 2933 4025 ad
2962 3971 3180 4034 altiora,
3227 3970 3400 4038 possi-

1809 4085 1930 4126 mus
1973 4070 2222 4125 habitare
2277 4070 2328 4124 in
2376 4068 2542 4122 ramis
2575 4066 2735 4136 huius
2784 4067 3028 4132 arboris,
3081 4074 3136 4118 et
3187 4063 3403 4119 nidulis

1810 4163 1966 4216 nobis
2002 4161 2179 4216 facere
2210 4160 2604 4221 doctrinarum,
2640 4168 2964 4226 terrenaque
3009 4156 3300 4226 fugientes,
3333 4156 3399 4209 ad

1809 4255 2051 4311 cmlestia
2096 4254 2368 4309 festinare.
2421 4252 2571 4306 Multi
2631 4250 2878 4316 legentes
2925 4265 3151 4320 granum
3198 4249 3402 4318 sinapis

1812 4348 2092 4402 minimum
2147 4345 2404 4401 omnibus
2457 4344 2792 4410 seminibus,
2851 4353 2906 4398 et
2963 4342 3093 4398 illud
3153 4342 3296 4412 quod
3350 4341 3401 4394 in

1810 4440 2105 4510 Evangelio
2131 4456 2159 4493 a
2184 4438 2466 4509 discipulis
2496 4437 2695 4492 dicitur
2719 4456 2730 4491 :
2757 4434 3002 4501 Domine,
3031 4435 3234 4506 adauge
3261 4435 3406 4488 nobis

1809 4538 1963 4606 fidem
1987 4534 2141 4606 (Luc.
2167 4551 2298 4601 xm,
2324 4533 2378 4600 6)
2401 4551 2415 4597 ;
2449 4541 2503 4588 ει
2529 4533 2893 4602 reSpondetur
2916 4531 2998 4586 eis
3022 4546 3050 4584 a
3077 4530 3360 4584 Salvatore
3386 4544 3404 4581 :

1810 4630 1971 4683 Amen
2012 4628 2131 4680 dico
2169 4627 2336 4692 vobis,
2385 4627 2428 4680 si
2457 4626 2742 4680 habueritis
2791 4623 2950 4694 ﬁdem
2999 4622 3147 4694 quasi
3189 4637 3406 4694 granum

1810 4721 2032 4794 sinapis,
2070 4730 2092 4757 "-
2121 4729 2169 4774 et
2210 4720 2450 4774 dixeritis
2479 4720 2643 4772 monti
2666 4717 2812 4785 huic,
2845 4719 3011 4790 migra
3042 4718 3108 4772 de
3137 4715 3255 4771 loco
3285 4717 3405 4782 isto,

1810 4813 2078 4882 migrabit,
2113 4820 2303 4880 putant
2333 4812 2607 4880 apostolos
2633 4811 2718 4865 vel
2755 4825 2974 4879 parvam
3001 4809 3160 4864 [idem
3195 4818 3403 4877 petere,

1810 4904 1895 4960 vel
1928 4903 2213 4957 Dominum
2264 4902 2332 4958 de
2377 4917 2540 4972 parva
2574 4901 2678 4954 ﬁde
2708 4901 2987 4963 dubitare;
3028 4913 3151 4952 cum
3188 4908 3411 4966 aposto—

1812 4995 1896 5050 lus
1933 4994 2135 5049 Paulus
2184 4994 2343 5049 [idem
2383 5008 2552 5062 grano
2591 4992 2797 5062 sinapis
2825 4998 3197 5060 comparatam
3231 4990 3408 5042 maxi-

1813 5103 1955 5143 mam
1983 5086 2210 5158 judicet.
2240 5085 2380 5154 Quid
2407 5087 2550 5141 enim
2595 5084 2774 5139 dicit?
2807 5083 2869 5138 Si
2913 5083 3142 5137 habuero
3171 5083 3193 5136 ‘I
3249 5090 3409 5136 totam

1814 5183 1992 5252 ﬁdem,
2038 5184 2113 5236 ita
2160 5192 2214 5236 ut
2259 5191 2453 5236 montes
2509 5180 2868 5250 transferam;
2898 5178 3202 5232 charitotem
3233 5187 3409 5229 autem

1812 5294 1917 5332 non
1941 5277 2178 5340 habeam,
2209 5278 2339 5330 nihil
2369 5273 2494 5329 mihi
2518 5274 2726 5346 prodest
2770 5273 2814 5344 (l
2851 5273 2972 5328 Cor.
3007 5287 3122 5335 xm,
3146 5269 3224 5340 2).
3269 5268 3412 5337 Ergo

1887 5386 1913 5424 ιι
1943 5389 2048 5443 Pro
2087 5399 2269 5456 totam,
2310 5391 2417 5445 duo
2447 5389 2681 5445 Palatini
2730 5389 2818 5442 hic
2863 5400 2920 5442 ut
2957 5397 3013 5441 et
3041 5385 3178 5441 infra
3207 5385 3412 5440 habent

1815 5470 2039 5515 tantam.
2075 5460 2130 5514 In
2163 5461 2356 5516 Graeco
2405 5470 2587 5516 tamen
2633 5469 2719 5526 est
2769 5466 2945 5515 Πᾶσαν
2994 5459 3045 5512 in
3079 5472 3238 5523 quem
3286 5472 3412 5510 sen-

1815 5546 1935 5585 sum
1976 5543 2031 5587 et
2058 5531 2283 5602 Vulgata
2313 5531 2495 5586 Editio
2523 5548 2725 5585 omnem
2753 5532 2915 5602 legit;
2940 5539 2995 5602 et
3024 5528 3408 5602 Hiqonymus,

1815 5604 1957 5666 quod
1998 5615 2052 5658 et
2091 5598 2331 5659 Viétorio
2371 5613 2615 5656 notatum
2658 5613 2775 5664 est,
2833 5601 3018 5655 subdit
3052 5618 3065 5654 :
3097 5598 3233 5669 Ergo
3273 5599 3413 5664 quod

1816 5669 2070 5727 Dominus
2110 5673 2242 5729 dixit
2280 5673 2385 5742 ﬁde
2421 5674 2560 5744 ﬁeri,
2601 5689 2716 5743 qua:
2743 5687 2911 5744 grano
2956 5673 3156 5740 sinapis
3200 5686 3413 5738 compa-

1817 5753 1989 5813 ratur,
2020 5746 2116 5801 hoc
2140 5743 2429 5816 Apostolus
2449 5743 2598 5798 docet
2621 5752 2728 5799 tota
2748 5743 2865 5813 fide
2895 5744 3010 5813 ﬁeri
3038 5759 3208 5813 posse.
