3962 6296
504 298 570 359 9i
1746 298 1801 353 S.
1850 284 2120 356 EUSEBII
2162 286 2547 356 HIERONYMI
3731 296 3808 354 92

505 419 654 492 quod
695 420 956 477 Dominus
1004 415 1138 472 dixit
1174 404 1283 471 title
1329 414 1468 480 neri,
1518 420 1641 486 qua:
1685 420 1858 485 grano
1893 414 2100 485 sinapis
2127 418 2179 478 Α
2204 414 2272 470 ad
2303 416 2465 471 unius
2501 402 2804 471 divinitatis
2832 412 3081 485 perducit
3118 412 3388 469 notitiam.
3415 410 3633 469 Farina:
3656 420 3807 484 quo-

511 510 881 584 comparetur,
933 509 1038 565 boc
1084 506 1378 582 Apostolus
1416 503 1577 563 docet
1628 514 1735 562 tota
1782 505 1891 563 tlde
1937 516 2101 578 posse

512 605 656 662 tierl.

581 697 767 768 (Vers.
810 694 924 766 53.)
965 695 1140 750 Aliam
1176 694 1481 767 parabolam
1516 694 1721 749 locutas
1759 694 1837 750 est
1875 693 1969 749 eis.
2012 692 2102 749 Si-

515 792 637 848 mile
674 798 749 846 est
784 800 997 863 regnant
1037 786 1283 844 calorum
1321 791 1573 861 fermento
1596 829 1611 855 ,
1650 786 1788 860 quod
1836 790 2102 859 acceptum

511 883 702 939 mulier
729 883 995 939 abscondit
1021 883 1079 937 in
1110 880 1300 952 [arium
1327 882 1454 938 satis
1484 881 1667 951 tribus,
1695 882 1856 936 donec
1888 884 2103 952 {eniten-

509 984 671 1032 tatum
700 982 774 1032 est
803 980 986 1031 totum.
1020 975 1275 1031 Diversus
1312 982 1399 1031 est
1437 974 1714 1028 ltominnm
1750 971 2100 1028 stomachus:

504 1069 596 1125 alii
623 1070 849 1133 amaris,
880 1067 970 1122 alii
1000 1064 1278 1133 dulcibus,
1313 1054 1400 1120 alii
1430 1062 1540 1138 [Αι.
1573 1063 1807 1136 lti...ill|]
1834 1063 2102 1119 austerio-

507 1162 680 1228 ribns,
712 1161 804 1215 alii
835 1160 1049 1217 lenibus
1079 1156 1418 1215 delectantur
1440 1157 1593 1213 cibis.
1627 1156 1886 1227 Pmponit
1927 1154 2106 1226 itaque

508 1256 792 1321 Dominus,
821 1263 881 1309 ut
900 1254 1013 1323 jam
1044 1266 1207 1323 supra
1235 1251 1494 1319 diximus,
1527 1251 1769 1307 diversas
1799 1249 2103 1319 parabolas,

512 1354 573 1407 ut
592 1350 746 1420 juxta
774 1347 1058 1404 vulnerum
1086 1346 1373 1402 varietates
1402 1352 1456 1402 et
1483 1345 1748 1401 medicina
1772 1342 1984 1399 diversa
2012 1343 2106 1397 sit.

513 1440 706 1499 Mulier
745 1443 880 1508 ista,
922 1450 1043 1511 quae
1084 1438 1407 1495 fermentum
1451 1439 1691 1509 accepit,
1730 1444 1787 1493 et
1824 1433 2109 1493 abscondit

513 1532 650 1590 illud
692 1534 747 1588 in
785 1533 977 1588 i'orincc
1016 1532 1149 1587 satis
1202 1532 1404 1601 tribus,
1463 1531 1636 1587 donec
1684 1531 2108 1586 fermentaretur

517 1635 692 1685 totum
719 1673 732 1697 ,
774 1629 857 1683 vel
899 1622 1213 1698 pradicatio
1250 1624 1385 1680 mibi
1426 1626 1639 1680 videtur
1688 1623 1986 1695 apostolica
2023 1621 2108 1677 vel

2201 520 2310 578 que
2348 505 2458 579 [Αι.
2498 504 2725 579 Quippe]
2768 515 2887 561 sata
2919 506 3045 573 tria,
3077 504 3206 560 dum
3239 516 3344 559 non
3370 508 3456 559 est
3481 504 3536 559 in
3569 504 3812 574 singulis

2202 600 2418 656 diversa
2447 606 2663 667 natura,
2692 606 2751 655 et
2776 588 2845 653 ad
2881 599 3148 654 unitatem
3189 597 3415 653 trahunt
3451 595 3810 653 substantiae.

2205 693 2332 749 Pius
2380 692 2600 764 quidem
2652 702 2883 758 sensus,
2930 691 3027 747 sed
3083 700 3375 762 numquam
3425 690 3708 761 parabolas
3755 696 3813 746 et

2205 784 2370 843 dubia
2415 786 2766 857 aanigmatum
2811 785 3200 856 intelligentia,
3236 792 3415 856 potest
3459 783 3527 840 ad
3558 784 3811 840 auctori-

2209 886 2371 935 tatem
2414 878 2732 949 dogmatum
2764 876 3055 948 proiicere.
3086 878 3273 934 Satum
3305 876 3486 934 autem
3516 888 3694 949 genus
3722 882 3813 934 est

2205 978 2496 1039 mensulae,
2525 973 2681 1043 juxta
2712 980 2920 1029 morem
2950 971 3241 1043 provincia:
3271 968 3601 1039 Palaestinas,
3633 986 3807 1029 unum

2206 1064 2263 1124 el
2292 1062 2579 1123 dimidium
2623 1064 2863 1122 modium
2910 1065 3155 1136 capiens.
3188 1065 3456 1122 Dicuntur
3484 1075 3544 1123 et
3581 1063 3697 1121 alia
3739 1063 3814 1122 de

2211 1162 2315 1217 bac
2340 1160 2619 1231 parabola,
2649 1158 2747 1217 sed
2778 1164 2882 1217 neu
2915 1166 2999 1215 est
3033 1161 3324 1232 praesentis
3351 1159 3596 1216 materiae
3626 1166 3811 1216 totum

2210 1255 2278 1312 de
2301 1254 2558 1312 omnibus
2586 1254 2790 1312 dicere.
3707 1304 3719 1315 ,

2282 1344 2461 1417 (Vera.
2496 1345 2612 1417 54.)
2652 1344 2785 1401 Hcce
2823 1346 2998 1400 omnia
3027 1345 3229 1401 locutus
3265 1354 3341 1400 est
3376 1343 3529 1401 Iesus
3565 1340 3620 1399 in
3645 1356 3815 1415 para-

2210 1437 2340 1494 bolis
2368 1438 2439 1492 ad
2468 1437 2665 1506 turbas,
2700 1447 2750 1495 et
2781 1438 2890 1493 sine
2921 1436 3188 1504 parabolis
3227 1452 3333 1493 non
3372 1435 3682 1509 loquebatur
3714 1436 3814 1493 eis.

2212 1531 2327 1588 Non
2376 1531 2697 1603 discipulis,
2743 1530 2840 1588 sed
2873 1531 3049 1589 turbis
3075 1542 3173 1603 per
3202 1533 3489 1604 parabolas
3529 1532 3817 1603 loquitur;

2213 1632 2268 1679 et
2315 1639 2485 1696 usque
2532 1622 2695 1680 hodie
2734 1624 2908 1680 turbae
2938 1626 2991 1680 in
3027 1622 3305 1696 parabolis
3348 1622 3819 1681 audiuntzdiscio

517 1719 786 1786 Ecclesia.
824 1732 944 1791 quae
982 1718 1052 1775 de
1089 1718 1317 1775 diversis
1354 1720 1606 1791 gentibus
1644 1727 1970 1790 congregata
1995 1724 2099 1774 est.
2135 1726 2183 1793 Β
2213 1720 2323 1787 puli
2353 1731 2374 1759 ο
2401 1719 2548 1775 domi
2576 1718 2915 1792 interrogant
2943 1718 3303 1777 Salvatorem.

513 1812 643 1870 Haec
704 1806 845 1868 tollit
872 1811 1224 1883 fermentum,
1276 1812 1519 1868 notitiam
1562 1812 1771 1870 scilicet
1811 1821 1867 1867 et
1914 1811 2114 1868 intelli-

516 1907 755 1979 gentiam
784 1905 1211 1977 Scriptumrnm,
1255 1916 1307 1961 ct
1346 1904 1635 1963 obscendit
1673 1907 1801 1962 illud
1843 1908 1895 1962 in
1926 1906 2114 1962 farina!

523 2000 655 2056 satis
687 2000 889 2066 tribus,
933 2006 993 2055 ut
1030 2001 1276 2070 spiritus,
1306 2001 1485 2055 anima
1506 2042 1519 2065 ,
1552 2004 1608 2055 rt
1637 2008 1835 2071 corpus
1866 2000 1916 2054 in
1944 2014 2111 2054 unum

516 2095 771 2160 redacta,
814 2107 922 2149 non
961 2090 1277 2164 discrepent
1316 2095 1456 2148 inter
1494 2108 1583 2159 se;
1626 2090 1720 2150 sed
1750 2107 1872 2164 cum
1902 2091 2115 2148 duobus

511 2193 569 2242 et
595 2187 770 2242 tribus
810 2185 1191 2253 convenerint,
1220 2184 1335 2259 9‘
1363 2185 1658 2255 impetrent
1685 2200 1712 2238 a
1745 2184 1904 2240 Patre
1941 2183 2115 2255 quod-

517 2293 749 2349 cumque
790 2277 1197 2348 postulaverint
1235 2275 1454 2351 (Matth.
1498 2279 1670 2347 mn).
1704 2276 2005 2332 Disseritur
2033 2275 2116 2330 lo-'

519 2383 617 2424 cus
656 2369 780 2438 iste,
822 2374 877 2425 et
915 2367 1095 2425 aliter.
1137 2367 1390 2439 Legimus
1422 2369 1474 2423 in
1509 2368 1753 2435 Platone,
1786 2379 1840 2423 et
1870 2367 2115 2438 philoso-

521 2463 753 2537 phorum
804 2463 1001 2534 dogma
1051 2462 1164 2537 [ΑΙ.
1213 2462 1490 2536 dogmate]
1533 2464 1814 2534 vulgatum
1861 2470 1967 2530 est,
2000 2470 2114 2519 tres

520 2568 647 2615 esse
675 2557 729 2611 in
762 2555 998 2611 humana
1038 2555 1216 2610 anima
1254 2556 1562 2626 passiones,
1595 2565 1621 2593 ἰ
1648 2557 1708 2612 τὸ
1736 2556 1931 2629 λογικὸν
1968 2553 2114 2625 quod

519 2664 623 2706 nos
673 2658 967 2721 possumus
1021 2648 1372 2720 interpretari
1425 2647 1782 2702 rationabile:
1815 2649 1875 2704 τὸ
1904 2648 2114 2719 θυμικὸν

519 2741 666 2816 quod
689 2742 956 2809 dicamus,
983 2741 1195 2815 plenum
1215 2742 1329 2809 inc,
1354 2740 1439 2796 vel
1464 2740 1721 2795 irascibile
1746 2755 1764 2795 :
1785 2741 1844 2797 τὸ
1871 2741 2117 2814 imbuun-

521 2837 663 2894 τικόν
686 2833 830 2905 quod
858 2834 1226 2906 appellamus,
1260 2832 1657 2904 concupiscibile
1685 2849 1703 2885 :
1732 2840 1790 2889 et
1825 2832 1984 2904 putat
2024 2833 2118 2890 ille

528 2926 892 2998 philosophus
929 2925 1255 2981 rationabile
1294 2933 1541 2981 nostrum
1582 2925 1639 2980 in
1678 2924 1936 2992 cerebro,
1980 2925 2116 2981 iram

528 3018 584 3072 in
633 3008 778 3083 i‘elie,
823 3016 1156 3073 desiderium
1201 3016 1255 3072 in
1297 3016 1483 3087 iecore
1524 3017 1877 3073 commorari.
1919 3016 1985 3070 Et
2017 3026 2119 3071 nos

524 3123 658 3180 ergo
682 3110 728 3165 si
759 3108 1187 3181 acceperimus‘b
1209 3109 1538 3166 fermentum
1572 3108 1958 3181 Evangelicutn
1992 3120 2120 3164 sane

528 3214 739 3259 clarum
785 3203 1223 3276 Seripturarum,
1277 3204 1348 3260 de
1396 3212 1505 3275 quo
1547 3218 1711 3274 supra
1756 3202 1960 3259 dictum
2006 3210 2116 3272 est,

526 3304 639 3353 tres
670 3296 920 3352 humanae
951 3297 1147 3352 anima:
1186 3297 1470 3368 passiones
1498 3296 1552 3352 in
1584 3310 1749 3351 unum
1775 3296 2116 3367 redigentur,

525 3396 586 3446 ut
651 3390 704 3445 in
770 3390 979 3446 ratione
1037 3389 1413 3458 possideamus
1460 3387 1803 3459 prudentiam
1843 3404 1860 3446 :
1904 3388 1959 3441 in
2011 3387 2115 3457 ira,

527 3482 712 3540 odium
751 3492 945 3539 contra
976 3481 1104 3537 vitia
1142 3502 1156 3537 :
1201 3484 1252 3537 in
1282 3482 1581 3549 desiderio,
1622 3481 1975 3552 cupiditatem
2010 3483 2119 3537 vir-

530 3584 739 3641 tutum;
780 3583 835 3629 et
874 3564 978 3631 ltoc
1016 3582 1188 3629 totum
1229 3575 1318 3630 liet
1359 3586 1457 3645 per
1495 3575 1799 3629 doctrinam
1834 3572 2123 3644 Evangeli-

430 3726 445 3741 ,
526 3683 673 3734 eam,
714 3681 878 3738 quam
922 3668 1082 3724 nobis
1118 3672 1292 3723 mater
1334 3667 1579 3722 Ecclesia
1620 3667 1889 3738 praestitit.
1935 3667 2119 3724 Dicam

532 3767 590 3817 et
626 3760 843 3817 tertiam
882 3760 1241 3832 quorumdam
1283 3760 1734 3831 intelligentiam,
1773 3771 1830 3817 ul
1872 3761 2123 3819 ent-lusus

533 3852 704 3908 lector
735 3867 767 3909 e
796 3852 1043 3925 pluribus
1080 3852 1224 3925 quod
1266 3852 1553 3923 placuerit,
1594 3854 1760 3925 eligat
1792 3873 1805 3909 :
1841 3852 2119 3911 Mulierem

534 3945 694 4001 istam
735 3954 792 4001 et
832 3945 933 4017 ipsi
966 3944 1267 4002 Ecclesiam
1310 3947 1761 4017 interpretantur,
1805 3962 1929 4019 qua:
1959 3946 2121 4005 ﬁdem

532 4035 771 4094 hominis
797 4039 983 4094 farina:
1010 4039 1144 4093 satis
1176 4039 1346 4095 tribus
1376 4038 1782 4097 commiscuerit
1802 4034 2115 4097 credulitati

528 4129 723 4197 Patris,
755 4138 812 4186 et
838 4128 990 4198 Filii,
1019 4140 1074 4188 et
1102 4131 1336 4202 Spiritus
1363 4133 1559 4188 sancti.
1591 4131 1836 4205 Cumque
1866 4134 1920 4190 in
1949 4148 2119 4191 unum

527 4221 694 4280 luerit
732 4223 1077 4290 fermentata,
1122 4239 1229 4280 non
1268 4241 1369 4281 nos
1397 4224 1463 4281 ad
1500 4223 1771 4297 triplicem
1799 4225 1993 4295 Deum,
2021 4225 2119 4285 sed

606 4368 633 4439 ξ
660 4359 716 4416 1η
739 4359 1014 4439 plerisque
1036 4374 1167 4417 mss.
1192 4363 1739 4439 ro‘loytortnérguod,
1766 4373 1873 4439 etc.
1902 4364 2115 4439 Bllabb.

606 4377 633 4398 ι·
660 4377 716 4416 tn
739 4377 1013 4485 plenaque
1036 4377 1167 4417 mss.
1192 4377 1251 4419 ro
1272 4377 1555 4439 λογιστικὸν
1578 4377 1739 4434 quoa,
1766 4377 1873 4420 etc.
1902 4377 2115 4422 libabb.

530 4432 739 4511 rationa
776 4432 873 4511 ile,
907 4434 964 4488 τὸ
993 4433 1328 4511 ᾇργηστιξιὸν)
1362 4434 1501 4503 quod
1519 4433 1756 4511 dicimus
1787 4435 1997 4505 plenum
2026 4437 2120 4492 irtc

533 4502 900 4590 veltirgscibile
912 4520 932 4570 ;
959 4502 1032 4590 εἴ
1047 4502 1371 4590 innocuas,
1392 4502 1896 4590 quod-appellantes,
1926 4520 2037 4590 crte.

604 4573 919 4649 b_ltbabb..
965 4576 1272 4649 fermentum
1321 4573 1766 4649 Evangelii'cnns
1817 4573 2122 4636 sanctarum

535 4644 930 4702 Scripturarum
956 4644 1168 4702 notitia.

610 4727 632 4755 ο
654 4708 905 4801 μαςιίθῃ.
930 4714 1155 4801 .legerat
1186 4716 1430 4801 Domini:
1444 4729 1506 4801 at
1530 4714 1713 4801 desunt
1745 4722 1891 4801 domi
1932 4708 2125 4801 solitos

533 4785 1153 4862 discipulossciseitari,
1193 4800 1266 4845 ex
1297 4788 1414 4860 ipso
1444 4790 1746 4862 Evangelio
1785 4791 2009 4848 llieron.
2045 4794 2126 4849 in-

534 4857 704 4916 ferius
726 4860 913 4917 tradit.

607 4927 635 4968 ά
661 4931 900 5007 ldipsutn
939 4933 1067 4990 alibi
1110 4941 1353 4988 notatum
1380 4943 1466 5007 est
1494 4934 1671 5003 nobis,
1707 4943 1875 5007 utque
1902 4935 1989 4992 bic
2019 4936 2126 4993 Ve-

537 5009 714 5058 terum
759 5004 862 5075 alia
911 5019 1270 5075 congeramus
1312 5006 1649 5075 testimonia,
1690 5004 1881 5064 auctor
1921 5008 2123 5065 Houtii.

536 5089 665 5148 avttt
696 5073 799 5148 sub
830 5072 1370 5148 nomineCiemcutis
1400 5091 1552 5145 papa:
1582 5072 1737 5147 legit,
1779 5096 1869 5148 per
1900 5077 2121 5134 Isaiam.

536 5146 747 5202 Auctor
766 5145 1022 5201 Breviarii
1046 5146 1101 5200 in
1128 5147 1444 5201 Psalterium
1466 5148 1568 5203 sub
1600 5145 1819 5204 nomine
1843 5149 1905 5206 S.
1935 5150 2126 5205 llieru-

535 5217 685 5290 itytni
717 5231 773 5286 p.
806 5218 946 5273 5H3:
976 5215 1182 5290 Dicitur
1211 5233 1331 5287 ergo
1353 5217 1407 5271 in
1433 5217 1685 5290 Mattiaco
1710 5220 1902 5287 :Ilccc,
1934 5222 2123 5290 inquit.

535 5288 848 5363 factasunt,
869 5296 939 5363 _u_t
975 5288 1278 5363 impleretur
1300 5288 1453 5363 quod
1487 5290 1737 5363 scriptum
1766 5301 1839 5346 est
1869 5293 1922 5347 in
1943 5288 2126 5363 Asraph

576 5360 814 5429 rophela.
858 5358 949 5413 Sic
987 5359 1247 5412 inbenitnr
1295 5360 1346 5412 in
1380 5358 1614 5415 omnibus
1645 5363 1896 5417 veteribus
1927 5358 2120 5417 codici-

568 5428 646 5491 Is,
669 5430 760 5483 sed
775 5428 1011 5483 homines
1038 5431 1334 5499 ignorantes
1363 5431 1764 5500 tuleruntillud,
1794 5433 1844 5488 id
1873 5440 1978 5500 cst,
2008 5434 2124 5487 abs-

532 5500 758 5575 tulerant
781 5500 981 5575 Asaplt.
1008 5500 1237 5575 Denique
1262 5501 1426 5575 multa
1453 5502 1735 5575 bvttngrtia
1770 5518 1947 5575 asqae_
1966 5500 2125 5559 ltotlie

532 5570 606 5623 ita
627 5569 852 5644 habent:
869 5569 926 5644 ut
948 5569 1247 5644 impleretur
1271 5573 1412 5642 quod
1437 5569 1687 5644 scriptitnt
1704 5580 1779 5628 est
1804 5569 1894 5644 per
1924 5573 2120 5644 Isaiam

531 5641 833 5710 prophetam
859 5641 1156 5711 :Aperiam
1196 5645 1248 5697 in
1286 5641 1602 5711 l’araboli's,
1644 5656 1749 5701 etc.
1798 5641 1909 5699 Hoc
1948 5641 2122 5702 Isaias

533 5725 638 5802 ’13?!
667 5710 1283 5802 έῗίέξίίὲξδιξῗίῖἐέἵνῖίτ
1305 5710 1555 5802 νηὲηίίιυθ
1578 5722 1625 5770 ⁸⁸
1655 5712 2118 5802 δηίΡίὲἔ⁸.ξ’⁰ζΡθ9·

528 5783 639 5837 rius
661 5783 906 5851 proponit
926 5783 1202 5842 adversum
1220 5801 1315 5845 nos
1338 5785 1436 5845 hoc
1467 5783 1660 5860 ipsum,
1690 5783 1738 5847 et
1766 5788 1925 5847 dicit:
1946 5783 2118 5848 Even-

2148 4479 2202 4541 D

2288 1798 2471 1883 (Vers.
2500 1808 2618 1880 55.)
2650 1808 2719 1865 Ut
2741 1808 3040 1883 impleretur
3066 1808 3205 1882 quod
3234 1811 3429 1865 dictum
3458 1818 3535 1866 est
3563 1812 3657 1880 per
3688 1820 3822 1882 pro-

2215 1902 2423 1975 phetam
2472 1900 2728 1959 dicentem
2765 1906 2782 1956 ὲ
2825 1898 3071 1975 Aperiunt
3112 1902 3167 1957 in
3211 1901 3475 1975 parabolis
3523 1916 3580 1957 os
3616 1914 3820 1971 meum,

2217 1994 2460 2051 cruciabo
2498 1994 2804 2051 abscondita
2832 2006 2865 2051 ιι
2889 1997 3256 2052 constitutione
3277 1995 3476 2051 mundi.
3509 1992 3625 2052 Hoc
3653 1996 3823 2052 testi-

2220 2089 2457 2144 monium
2490 2087 2559 2144 dc
2597 2088 2995 2159 septuagesimo
3026 2089 3259 2159 septimo
3290 2088 3496 2157 psalmo
3527 2087 3713 2161 (Vera.
3759 2088 3822 2161 2)

2220 2184 2495 2252 sumptum
2525 2180 2629 2237 est.
2662 2172 2789 2253 Legi
2821 2181 2874 2237 in
2910 2182 3187 2237 nonnullis
3225 2174 3505 2237 codicibus
3529 2223 3543 2249 ,
3592 2186 3651 2236 et
3702 2186 3827 2237 stu-

2222 2277 2411 2333 diosus
2449 2268 2623 2333 lector
2649 2266 2787 2331 lorte
2824 2275 3061 2348 reperiet
3089 2275 3345 2347 idipsum,
3375 2275 3429 2330 itt
3458 2282 3524 2332 eo
3551 2273 3673 2330 loco
3701 2270 3822 2350 95

2223 2371 2312 2427 ubi
2345 2382 2446 2428 nos
2471 2371 2777 2442 posuimus,
2822 2374 2877 2426 et
2920 2369 3148 2441 Vulgata
3183 2366 3349 2425 habet
3374 2366 3543 2425 editio
3571 2384 3585 2421 :
3614 2360 3687 2424 Ur
3720 2369 3829 2423 im-

2222 2466 2451 2539 pleretur
2477 2458 2616 2537 quod
2640 2465 2831 2518 dictant
2864 2466 2939 2520 est
2966 2478 3056 2536 per
3096 2461 3401 2536 prophetam
3429 2458 3712 2526 dicentem,
3743 2454 3828 2517 ibi

2222 2559 2519 2629 scriptum,
2550 2544 2579 2595 ά
2618 2572 2710 2630 per
2740 2556 2937 2611 Isaiam
2985 2557 3291 2628 prophetam
3336 2555 3607 2609 dicentem.
3652 2552 3826 2621 Quod

2219 2651 2342 2723 quia
2386 2650 2611 2705 minime
2640 2650 3020 2705 inveniebatur
3051 2649 3104 2703 in
3132 2638 3303 2715 isaia,
3346 2640 3581 2703 arbitror
3621 2652 3824 2715 postea

2220 2757 2251 2797 a
2285 2732 2638 2812 prudentibus
2671 2740 2808 2796 Viris
2851 2752 2975 2797 esse
3005 2732 3300 2796 sublatum.
3334 2737 3439 2794 Sed
3480 2736 3613 2794 mibi
3660 2736 3828 2793 vide-

2222 2842 2312 2891 tnr
2354 2835 2408 2891 in
2453 2836 2722 2907 principio
2772 2833 2845 2890 ita
2875 2834 3083 2891 editum
3116 2849 3131 2888 :
3169 2832 3321 2900 Quod
3344 2828 3589 2901 scriptam
3615 2834 3693 2885 est
3727 2842 3829 2902 per

2243 2920 2419 2998 Λεαρή
2468 2927 2803 2999 prophetam,
2853 2927 3124 2981 dicentem.
3169 2923 3615 2995 Septuagesinlus
3662 2924 3824 2979 enim

2224 3018 2491 3089 septimus
2538 3018 2809 3091 psalmus,
2858 3010 2927 3073 de
2957 3032 3066 3087 quo
3098 3018 3202 3074 hoc
3230 3023 3509 3088 sumptum
3546 3014 3633 3072 est
3660 3014 3828 3071 testia

2226 3112 2493 3181 monium,
2525 3106 2706 3181 Asaplt
2741 3109 3023 3182 prophetat
3055 3108 3212 3165 titulo
3239 3108 3573 3166 inscribitur.
3610 3108 3675 3163 Et
3704 3110 3828 3181 pri-

2226 3218 2373 3261 mum
2402 3207 2731 3273 scriptorem
2765 3218 2872 3257 non
2903 3198 3243 3257 intellexisse
3268 3196 3475 3273 Asaplt,
3512 3204 3567 3256 et
3592 3206 3828 3270 putasse

2223 3297 2508 3368 scriptoris
2553 3295 2775 3363 vitium,
2822 3292 2987 3367 atque
3016 3292 3339 3375 emendasse
3382 3308 3580 3350 nomen
3635 3290 3825 3363 isaitc,

2222 3390 2378 3461 cujus
2425 3389 2745 3445 vocabulum
2797 3387 3136 3443 manifestius
3193 3392 3329 3443 erat.
3386 3382 3680 3444 Sciendum
3737 3382 3831 3441 est

2226 3484 2427 3553 itaque,
2469 3481 2611 3553 quod
2654 3482 2705 3536 in
2749 3481 2972 3551 psalmis
3009 3492 3064 3536 et
3095 3476 3315 3552 hymnis
3352 3486 3407 3535 et
3432 3476 3661 3535 canticis
3693 3472 3824 3546 Del,

2226 3594 2332 3634 non
2360 3576 2535 3633 s'oiunt
2574 3575 2763 3641 David,
2794 3575 2891 3632 Sed
2921 3580 2977 3632 et
3000 3575 3210 3643 caeleri,
3235 3586 3463 3645 quorum
3496 3574 3831 3645 praescripta

2225 3668 2351 3726 sunt
2397 3672 2617 3727 nomina
2642 3713 2657 3738 ,
2707 3668 2989 3741 prapltclaa
3016 3670 3123 3725 sint
3153 3667 3500 3741 appellandi:
3528 3666 3713 3738 Asapb
3742 3669 3835 3723 vi-

2224 3762 2428 3819 delicet
2453 3774 2506 3818 et
2531 3762 2790 3827 tutulum,
2823 3769 2878 3819 et
2906 3762 3079 3818 Eman
3120 3754 3387 3827 Ezraites,
3418 3768 3474 3816 et
3500 3754 3729 3826 Aitban,
3771 3766 3834 3818 et

2226 3844 2323 3912 lilii
2352 3852 2556 3922 Cbore,
2594 3862 2648 3912 et
2686 3853 2882 3927 reliqui
2911 3868 3052 3927 quos
3078 3852 3357 3926 Scriptura
3397 3860 3827 3911 Commemorat.

2224 3948 2492 4020 Quodque
2538 3963 2603 4005 ex
2653 3962 2885 4016 persona
2938 3948 3152 4003 Domini
3204 3946 3403 4003 dicitur
3440 3964 3453 4001 :
3490 3946 3738 4018 Aperians
3770 3949 3830 4003 in

2227 4028 2491 4114 parabolis
2535 4057 2591 4095 os
2641 4052 2811 4095 meum
2852 4055 2871 4093 :
2914 4030 3154 4095 eructabo
3180 4030 3482 4094 abscondita
3506 4050 3537 4091 a
3565 4038 3832 4094 constitit—

2225 4134 2362 4189 tione
2388 4126 2590 4195 mundi.
2619 4132 3077 4187 considerandum
3117 4132 3382 4187 attentius
3422 4138 3477 4186 et
3529 4128 3831 4187 invenien-

2223 4228 2354 4285 dum
2414 4226 2649 4282 describi
2700 4234 2978 4298 egressum
3034 4225 3255 4282 Israelis
3315 4238 3383 4281 ex
3428 4222 3706 4296 Egypto,
3769 4224 3834 4280 et

2224 4366 2408 4438 gelista
2452 4375 2613 4421 vester
2643 4362 2925 4438 Mattiacas
2962 4372 3068 4438 tam
3098 4363 3367 4438 imperitus
3396 4362 3518 4438 fuit,
3537 4372 3597 4438 ut
3624 4361 3832 4438 diceret

2225 4431 2364 4509 quod
2382 4438 2635 4507 scriptum
2659 4446 2731 4509 est
2759 4452 2848 4506 per
2872 4435 3072 4509 Isaiam
3099 4431 3427 4509 prophetam.
3450 4431 3657 4499 Quibus
3678 4433 3835 4509 agde

2227 4503 2569 4581 Anonymum
2596 4503 2845 4581 relatum
2886 4508 2944 4581 in
2977 4503 3334 4581 Expositione
3359 4503 3827 4581 GrmcorutnPav

2230 4574 2461 4636 truni'iu
2497 4579 2756 4649 psalmos,
2786 4579 2922 4648 psal.
2953 4574 3155 4634 enim.
3187 4575 3315 4632 Haec
3342 4574 3834 4649 animadvertisset

2229 4644 2569 4720 Sabaterius,
2595 4651 2687 4722 qui
2714 4644 2995 4722 vulgatam
3019 4656 3182 4722 atque
3211 4662 3329 4703 cam
3361 4646 3577 4717 quidem
3609 4644 3833 4722 ‘l_tala_m

2229 4725 2530 4779 sectionem
2556 4716 2628 4779 es
2656 4716 2972 4776 Colbertino
3003 4716 3187 4774 nescio
3233 4734 3340 4790 quo
3382 4716 3491 4772 ms.
3533 4716 3692 4790 nobis
3722 4719 3836 4775 0b-

2232 4792 2423 4855 trudit.
2441 4794 2617 4862 deque
2645 4790 2752 4848 hoc
2774 4790 3090 4859 Hieronymi
3114 4792 3233 4862 loco
3252 4784 3375 4844 cum
3399 4790 3449 4843 in
3475 4784 3830 4862 praefatione.

2232 4874 2344 4921 tum
2383 4866 2433 4919 in
2484 4858 2628 4920 notis
2656 4865 2830 4920 Otiose
2872 4858 3134 4932 disputat.
3182 4860 3457 4915 Aunotare
3494 4858 3829 4932 pratstabat,

2230 4937 2373 5008 quod
2405 4935 2464 4993 S.
2499 4937 2658 5008 l‘atetj
2698 4930 2974 5007 Vulgataut
3020 4931 3314 5008 Editionem
3360 4930 3625 5008 nominat,
3669 4942 3831 5008 qum,

2227 4999 2286 5062 tit
2318 5024 2383 5063 cx
2430 5006 2715 5077 vocabulo
2732 4999 2903 5067 nniat,
2940 5021 3051 5077 prze
3083 5004 3295 5077 steteris
3340 5001 3463 5056 aliis
3502 4999 3831 5077 _obti_nebat.

2226 5077 2360 5134 Nam
2392 5096 2513 5133 cum
2545 5081 2642 5133 ltos
2684 5069 3119 5132 Commentarios
3168 5073 3448 5129 scriberet.
3497 5069 3827 5140 jamdudum

2228 5152 2356 5205 ante
2380 5164 2553 5205 annos
2579 5150 2712 5204 circ.
2744 5147 3054 5219 quindecim
3080 5146 3234 5216 jussu
3259 5143 3493 5206 Damasi,
3518 5141 3829 5219 Evangelia

2228 5220 2297 5276 ad
2323 5220 2542 5276 Graecos
2591 5213 2808 5276 codices
2851 5213 3278 5289 recogno'rerat,
3333 5229 3432 5269 nec
3474 5224 3622 5268 certe
3652 5213 3831 5268 aliam

2226 5307 2390 5361 quam
2418 5291 2711 5361 Vulgatatn
2739 5288 3032 5361 editionem
3066 5288 3167 5343 sibi
3193 5293 3513 5361 sumpserat
3550 5298 3833 5361 recogno-

2229 5352 2752 5417 ἐρειιιΙςιιιι.”ΞειΙι11‹)
2786 5360 2968 5430 itatpte
3007 5356 3239 5430 tlotandn
3286 5352 3430 5430 sum,
3466 5368 3586 5430 qua:
3615 5352 3833 5410 tle—ista

2231 5432 2457 5501 Vulgata
2505 5430 2803 5502 signiﬁcat:
2830 5424 3041 5487 scilicet
3075 5428 3315 5483 omnium
3339 5424 3515 5502 fuisse
3547 5424 3837 5502 interpre-

2228 5495 2491 5577 talionum
2534 5495 3002 5577 antiquissimam,
3035 5501 3088 5577 in
3136 5508 3239 5568 qua
3270 5498 3502 5577 primum
3553 5495 3834 5577 scriptum

2224 5574 2416 5631 fuisset
2439 5591 2530 5643 per
2546 5564 2741 5644 Asaplt,
2769 5583 2881 5644 tum
2909 5564 3204 5644 repositum
3233 5564 3320 5639 per
3342 5564 3562 5634 Isaiam,
3586 5566 3838 5636 denique

2223 5640 2482 5773 Spuma
2514 5643 2875 5717 prudentibus
2914 5640 3049 5701 vl'ris
3096 5640 3198 5698 ltoc
3237 5649 3454 5711 quoque
3497 5648 3701 5692 nomen
3730 5653 3837 5690 su-

2284 5728 2429 5773 :tltlll'.

2284 5728 2429 5773 :tltlll'.
