3962 6312
165 326 227 383 93
653 319 1290 380 COMMENTARIORUM
1330 319 1395 375 lN
1436 310 1731 375 EVANGE]

1845 312 1894 376 Μ
1937 312 2277 377 ΜΑΤΊἮΕΙ
2315 317 2449 378 LIB.
2484 320 2549 377 ll.
2581 322 2738 377 CAP.
2772 321 2916 378 XIII.
3358 323 3429 380 94

162 440 327 498 omnia
362 440 520 512 signa
568 441 819 506 ttat-rari,
867 444 986 511 quae
1041 439 1095 494 in
1154 435 1323 493 Exodi
1381 437 1733 494 continentur
1760 428 1963 499 Adam
2003 444 2127 494 cum
2158 437 2363 511 bisqui
2410 437 2609 495 fratres
2653 437 2762 511 97
2811 438 3184 509 nominentur,
3224 438 3435 497 etsunt

164 534 392 591 historia.
455 528 538 591 Ex
588 538 698 606 quo
747 530 1096 605 intelligimus
1151 530 1402 588 universa
1455 530 1548 586 ilia
1603 534 1728 603 quis
1838 532 2072 589 adulteri
2102 542 2159 589 et
2186 532 2568 590 fornicatores.
2607 531 2665 590 Si
2695 530 2842 590 enim
2886 531 3216 604 prohibetur
3253 530 3434 591 eradi:

160 626 342 697 scripta
372 626 522 693 sunt,
556 620 865 696 parabolice
900 625 1217 682 sentienda:
1243 638 1347 681 nec
1382 625 1724 681 manifestam
1838 624 2010 689 cutio,
2057 633 2114 681 et
2143 637 2315 696 usque
2342 625 2411 680 ad
2447 628 2682 681 messem
2731 624 2964 681 tenenda
3009 630 3095 681 est
3133 625 3430 699 patientia,

161 728 355 777 tantum
393 724 590 775 sonare
629 718 907 786 litteram,
948 717 1045 774 sed
1085 726 1141 775 et
1182 717 1498 775 abscondita
1543 730 1729 773 sacra-
1837 718 2115 789 quomodo
2142 716 2400 786 ejiciendi
2427 718 2555 773 sunt
2591 717 2807 788 quidam
2834 717 2905 775 de
2936 715 3119 774 medio
3146 714 3435 775 nostrum?

160 822 356 878 menta;
398 812 500 867 hoc
535 811 687 867 enim
726 826 787 867 se
815 810 1067 867 Salvator
1103 810 1403 867 edicturum
1442 824 1565 866 esse
1604 824 1727 880 pro-
1839 811 1988 867 lnter
2016 812 2256 866 triticum
2287 817 2343 866 et
2382 810 2613 879 zizattia,
2658 811 2803 882 quod
2853 825 2951 868 nos
2980 808 3316 883 appellamus
3355 812 3434 868 loa

159 906 333 973 mittit,
370 904 620 976 aperiens
657 920 720 959 os
759 916 916 960 suum
956 905 1012 959 in
1053 900 1346 976 parabolis,
1386 908 1441 960 et
1471 911 1729 959 eructans
1836 904 1987 971 lium,
2021 902 2283 974 quamdiu
2329 899 2495 958 herba
2541 911 2647 969 est,
2689 908 2744 958 et
2774 903 3012 958 nondum
3042 898 3254 959 culmus
3284 902 3435 961 venit

160 994 458 1055 abscondita
482 1012 509 1051 a
533 992 932 1053 constlttttitine
960 996 1167 1052 mundi.
1833 998 1899 1054 ad
1928 998 2162 1069 spicam,
2184 994 2410 1068 grandis
2441 994 2742 1051 similitudo
2765 998 2872 1062 est,
2905 1004 2959 1051 et
2987 997 3040 1051 in
3065 988 3430 1052 discernendo

228 1093 247 1161 (
264 1090 404 1147 Vera.
436 1087 521 1146 36.
546 1090 568 1157 δ
617 1082 764 1145 Tunc
795 1089 1027 1145 dimissis
1052 1088 1217 1145 turbis
1246 1089 1384 1145 venit
1415 1089 1471 1143 in
1499 1089 1729 1155 domum,
1838 1100 1931 1147 aut
1961 1089 2132 1156 nulla,
2163 1098 2255 1144 aut
2281 1087 2621 1159 perdifﬁcilis
2645 1086 2901 1144 distantia
2932 1086 3042 1162 [Αι.
3082 1087 3428 1163 substantia].

161 1195 204 1240 et
241 1193 549 1239 accesserunt
580 1183 652 1237 ad
674 1200 792 1238 cum
820 1181 1073 1254 discipuli
1109 1184 1243 1251 ejus,
1284 1179 1730 1237 dicentes:Edis-
1833 1183 2141 1241 Pramonet
2190 1184 2323 1255 ergo
2354 1180 2639 1250 Dominus,
2688 1196 2757 1237 ne
2798 1181 2889 1238 ubi
2936 1178 3069 1252 Quid
3117 1182 3430 1255 ambiguum

161 1288 259 1331 me
285 1275 423 1330 nobis
447 1270 751 1347 parabolam
777 1274 1103 1329 zizaniorum
1124 1274 1258 1346 agri.
1287 1273 1520 1329 Dimittit
1543 1273 1734 1328 turbas
1833 1289 1940 1346 est,
1990 1278 2102 1333 cito
2152 1277 2479 1333 sententiam
2529 1272 2908 1346 proferamus;
2951 1270 3049 1332 sed
3091 1272 3212 1333 Deo
3242 1270 3438 1347 iudicii

165 1366 339 1437 testis,
379 1374 433 1424 et
471 1363 692 1424 domum
728 1368 1045 1433 revertitur,
1098 1376 1159 1422 ut
1196 1365 1460 1423 accedant
1494 1366 1562 1420 ad
1600 1376 1725 1419 eum
1836 1369 2125 1428 terminum
2155 1374 2504 1427 reservemus
2542 1382 2557 1422 :
2598 1376 2658 1424 ut
2681 1380 2804 1424 cum
2835 1367 2954 1424 dies
2977 1365 3428 1438 judiciiteuerit,

157 1460 388 1533 discipuli
410 1504 426 1530 ,
466 1464 521 1518 et
551 1468 771 1518 secreto
808 1461 1149 1532 interrogent
1186 1470 1307 1532 dum
1356 1459 1588 1530 pupillus
1626 1468 1727 1514 nec
1836 1466 1928 1521 ille
1958 1474 2064 1521 non
2097 1463 2467 1535 suspicionem
2503 1461 2770 1529 criminis,
2802 1462 2898 1518 sed
2932 1456 3280 1519 manifestum
3312 1474 3435 1519 rea-

157 1556 450 1615 merebatur
477 1556 689 1623 audire,
717 1566 822 1612 nec
862 1558 1093 1627 poterat.
1121 1554 1362 1611 Edissere
1398 1553 1542 1609 nobis
1566 1568 1727 1623 paras
1836 1567 1950 1614 tum
1980 1557 2049 1613 de
2088 1562 2405 1614 sanctorum
2434 1565 2581 1613 coetu
2609 1552 2814 1626 ejiciat.
2860 1550 3019 1624 Quod
3064 1562 3245 1611 autem
3273 1543 3433 1623 dixit,

162 1649 309 1707 bolum
337 1651 657 1704 aisaniorum
686 1649 821 1721 agri.
1835 1651 2169 1706 zizaniorum
2196 1645 2488 1705 fasciculos
2517 1646 2731 1719 ignibus
2758 1647 2923 1718 tradi,
2954 1656 3011 1703 et
3038 1646 3277 1704 triticum
3307 1663 3437 1704 ccu-

222 1736 389 1813 (Vers.
421 1738 490 1797 '57
521 1739 703 1813 seqq.)
731 1738 830 1807 Qui
858 1741 1195 1812 respondens,
1225 1740 1301 1795 ait
1329 1754 1349 1795 :
1376 1739 1480 1806 Qui
1507 1740 1728 1795 seminat

1844 1744 2053 1817 gregari
2083 1745 2136 1799 in
2164 1742 2385 1812 horrea,
2419 1738 2771 1798 manifestum
2815 1748 2900 1797 est
2928 1730 3219 1799 bmretlcos
3261 1756 3433 1812 quos-

160 1836 329 1890 totum
352 1848 545 1901 semen,
570 1843 648 1889 est
676 1831 853 1889 Filius
882 1830 1123 1889 hominis.
1154 1830 1289 1909 Ager
1328 1842 1497 1888 autem
1523 1830 1635 1906 ω
1661 1838 1734 1887 est

160 1928 387 1983 mundus.
416 1925 622 1983 Bonum
648 1942 765 1983 vero
792 1942 984 1997 semen,
1013 1926 1068 1982 hi
1094 1938 1212 1983 sunt
1241 1928 1339 1999 ﬁlii
1370 1929 1516 2001 regni
1551 1944 1568 1981 :
1597 1929 1736 1983 sita-

159 2020 235 2074 aia
289 2028 456 2075 autem
503 2016 604 2091 ﬁlii
647 2026 768 2075 sunt
819 2028 1062 2092 nequam.
1128 2019 1382 2076 Inimicus
1429 2029 1599 2076 autem
1645 2019 1737 2092 qui

157 2113 403 2169 seminavit
439 2126 525 2181 ea,
566 2116 643 2169 est
678 2114 940 2170 diabolus.
982 2104 1170 2171 Mes‘sis
1196 2133 1334 2184 vero,
1364 2115 1735 2171 consummatio

158 2206 315 2262 seaculi
340 2218 432 2264 est.
464 2206 724 2263 Messores
744 2216 914 2262 autem
930 2208 1114 2280 Angeli
1134 2220 1277 2263 sunt.
1308 2207 1455 2265 Sicut
1472 2225 1593 2281 ergo
1622 2206 1734 2263 col-

161 2300 370 2370 liguntur
390 2300 621 2367 simtu,
656 2311 707 2354 et
737 2300 848 2373 igni
874 2299 1279 2355 comburuntur:
1303 2302 1376 2355 sic
1400 2301 1496 2354 erit
1525 2302 1579 2355 in
1606 2314 1730 2355 con-

160 2386 480 2448 summatione
504 2382 709 2449 sescnti.
736 2384 909 2448 Mittet
935 2402 1056 2464 ergo
1082 2384 1251 2448 Filias
1273 2390 1494 2449 hominis
1521 2392 1731 2463 angelos

160 2498 285 2555 suos,
311 2484 358 2541 et
386 2480 634 2557 coiligent
661 2483 726 2540 de
751 2488 914 2559 regno
938 2489 1050 2559 ejus
1079 2487 1253 2541 omnia
1275 2484 1545 2553 scandala,
1568 2492 1614 2538 et
1644 2498 1730 2539 eos

162 2580 236 2651 qui
272 2576 465 2649 faciunt
527 2576 878 2652 iniquitatem,
916 2589 967 2634 et
1011 2580 1207 2634 mittent
1255 2596 1341 2634 eos
1378 2582 1430 2633 in
1468 2580 1729 2633 caminum

162 2672 312 2744 ignis,
347 2664 420 2728 ibi
471 2673 571 2728 erit
613 2670 764 2736 ﬂetus
804 2682 851 2727 et
889 2670 1083 2729 stridor
1133 2672 1382 2728 dentium.
1437 2673 1729 2743 Perspicue

163 2767 383 2836 exposuit
408 2765 555 2837 quod
584 2778 717 2838 ager
746 2766 982 2824 mundus
1018 2775 1090 2822 ειι
1118 2786 1130 2821 :
1155 2776 1326 2832 sator,
1349 2764 1526 2822 Filius
1560 2762 1735 2822 homi-

165 2854 266 2925 nis;
310 2854 508 2915 bonum
556 2864 786 2926 semen,
830 2850 928 2915 lilii
968 2860 1151 2931 regni;
1193 2859 1434 2924 zizattia,
1474 2856 1569 2914 lilii
1614 2872 1733 2929 pes-

165 2951 299 3019 simi;
327 2954 660 3013 zizaniorum
702 2967 873 3023 sator,
912 2956 1192 3022 diabolus;
1225 2958 1445 3022 messis,
1477 2971 1734 3012 consum-

173 3048 318 3102 matio
352 3046 574 3115 mundi;
619 3063 932 3117 messores,
979 3047 1180 3121 angeli.
1231 3045 1422 3104 Omnia
1477 3047 1730 3103 scandala

174 3136 457 3197 referuntur
498 3140 566 3197 ad
607 3142 845 3208 zizania;
881 3141 1015 3212 justi
1055 3141 1451 3212 reputanturiu
1482 3132 1622 3197 filios
1649 3157 1734 3197 re-

163 3231 259 3300 gni.
294 3226 455 3305 Ergo,
500 3238 565 3289 ut
601 3249 770 3305 supra
808 3228 943 3301 disi,
982 3250 1102 3305 quac
1142 3235 1386 3305 exposita
1414 3245 1538 3289 sunt
1564 3253 1594 3290 ιι
1629 3228 1734 3289 Do-

163 3322 312 3392 utino,
330 3324 413 3380 itis
435 3324 712 3381 debemus
736 3324 1151 3383 accommodare
1180 3324 1361 3381 ﬁdem.
1393 3327 1525 3392 Qua:
1551 3337 1731 3382 autem

165 3413 339 3483 tacita,
375 3424 429 3473 et
470 3427 678 3475 nostra:
718 3414 1091 3491 intelligentia:
1128 3420 1421 3489 derelicta,
1465 3420 1731 3489 perstrin-

161 3502 310 3576 genda
345 3516 474 3567 sunt
514 3510 775 3567 breviter.
807 3506 1071 3569 Homines
1104 3513 1195 3582 qui
1225 3512 1524 3580 dormiunt,
1565 3514 1736 3584 magi-

162 3608 285 3656 stros
340 3602 711 3661 Ecclesiarutn
752 3602 1015 3677 intelligo.
1054 3606 1253 3663 Servos
1290 3606 1732 3679 patrisfamilias,

164 3707 221 3748 ne
243 3694 368 3752 alios
396 3698 641 3769 accipias
673 3714 835 3769 quam
863 3698 1109 3771 angelos,
1141 3700 1232 3771 qui
1263 3701 1508 3772 quatidie
1547 3699 1735 3757 vident

163 3784 328 3843 faciem
356 3788 541 3846 Patris
570 3786 790 3861 (Matth.
813 3792 993 3863 XVIII).
1018 3790 1274 3848 Diabolus
1286 3804 1463 3848 autem
1485 3803 1734 3863 propter-

162 3892 212 3933 ea
239 3879 493 3949 inimicus
535 3881 703 3939 homo
727 3874 1063 3955 appellatur;
1105 3885 1228 3956 quia
1261 3884 1401 3941 Deus
1437 3899 1560 3940 esse
1590 3882 1735 3940 desi-

160 3970 247 4029 vit.
272 3974 333 4031 Et
357 3976 410 4032 in
444 3990 597 4032 nono
626 3975 838 4048 psalmo
859 3977 1121 4048 scriptum
1149 3989 1230 4033 est
1254 3977 1323 4032 de
1349 3992 1452 4033 eo:
1477 3964 1731 4048 Exsurge,

161 4058 376 4135 Domine,
404 4085 516 4124 non
546 4072 872 4133 confartetur
900 4067 1054 4125 homo
1089 4068 1261 4141 (Psal.
1288 4086 1363 4137 ιχ,
1391 4069 1504 4138 20).
1533 4069 1733 4137 Quam-

163 4153 327 4212 obrem
364 4173 475 4215 non
518 4158 777 4228 dormiat,
816 4159 909 4232 qui
963 4150 1222 4240 Ecclesia:
1263 4163 1587 4233 praepositus
1624 4172 1729 4231 est,

166 4255 226 4305 ne
255 4265 347 4322 per
380 4242 534 4311 illius
573 4246 956 4329 negligentiam
998 4257 1247 4313 inimicus
1286 4257 1450 4314 homo
1480 4272 1733 4329 superse-

164 4341 309 4400 minet
330 4347 563 4411 ai‘sania,
592 4336 699 4404 hoc
725 4344 830 4420 est,
864 4342 1248 4406 haereticorum
1278 4349 1550 4420 dogmata.
1575 4350 1729 4418 Quod

1837 1854 1943 1910 que
1989 1846 2044 1894 et
2093 1836 2409 1910 ltypocritas
2450 1830 2577 1892 fidei
2624 1828 2888 1907 gehennae
2934 1834 3150 1905 ignibus
3197 1846 3428 1892 concre-

1839 1922 2102 1996 mattdos;
2158 1936 2378 1986 sanctos
2438 1943 2573 1984 vero
2622 1926 2716 1998 qui
2773 1924 3123 1996 appellantur
3168 1927 3432 1995 triticum,

1840 2025 2076 2091 horreis,
2110 2024 2162 2081 id
2191 2030 2299 2091 est,
2328 2018 2706 2079 mansionibus
2736 2020 3050 2077 caelestibus
3078 2008 3302 2090 suscipi.

1910 2119 2092 2191 (Vers.
2123 2116 2242 2189 43.)
2279 2117 2427 2174 Tunc
2444 2118 2580 2189 justi
2619 2112 2891 2188 fulgebunt
2920 2116 3051 2170 sicut
3078 2113 3157 2169 sol
3188 2116 3239 2170 in
3273 2132 3434 2187 regno

1839 2208 2020 2265 Patris
2049 2222 2226 2265 eorum
2252 2206 2368 2281 [ΑΙ.
2396 2206 2523 2283 sui].
2554 2208 2660 2277 Qui
2679 2207 2833 2262 habet
2860 2218 3017 2263 aures
3040 2198 3310 2271 audiendi,
3336 2223 3435 2261 au-

1839 2304 1961 2359 diat.
2025 2300 2083 2359 in
2129 2304 2386 2375 praisenti
2426 2304 2629 2360 stecuio
2660 2300 2833 2371 fulget
2875 2292 2967 2356 litt
2994 2306 3307 2355 sanctorum
3338 2313 3434 2356 co-

1835 2406 1951 2452 ram
1971 2394 2318 2463 hominibus;
2351 2407 2473 2467 post
2493 2395 3020 2452 consummationem
3044 2402 3224 2449 autem
3246 2388 3434 2449 mundi

1837 2492 1939 2561 ipsi
1962 2491 2095 2561 justi
2124 2482 2405 2561 fulgebunt
2436 2490 2577 2546 sicut
2603 2484 2685 2545 soi
2714 2488 2767 2544 in
2792 2504 2964 2559 regno
2993 2476 3170 2542 Patris
3197 2485 3305 2541 sui.

1913 2582 2097 2657 (Vere.
2130 2584 2250 2657 Li.)
2284 2574 2469 2640 Simile
2517 2586 2591 2638 est
2635 2597 2853 2655 regnum
2899 2580 3145 2635 caelorum
3191 2578 3437 2635 thesauro

1837 2678 2142 2733 abscondito
2166 2680 2222 2732 in
2251 2693 2401 2749 agro,
2432 2691 2584 2747 quem
2611 2675 2701 2745 qui
2723 2675 2916 2729 invenit
2944 2669 3098 2727 homo
3125 2664 3435 2727 abscondit:

1834 2782 1882 2829 et
1910 2789 2019 2841 pra:
2046 2771 2241 2845 gaudio
2268 2770 2414 2827 illius
2437 2771 2600 2836 vadit,
2646 2778 2697 2824 et
2740 2768 2917 2823 uendit
2943 2768 3185 2824 uniuersa
3205 2784 3319 2840 qua:
3338 2765 3433 2822 ha-

1835 2867 1935 2934 bet,
1960 2877 2007 2919 et
2032 2867 2151 2920 tmit
2178 2883 2362 2937 agrum
2385 2865 2559 2919 illum.
2576 2858 2798 2920 Crebris
2823 2858 3204 2933 parahoiarum
3229 2861 3428 2917 obscu-

1832 2959 2086 3017 ritatibus
2140 2957 2424 3023 retardati,
2481 2953 2860 3011 commaticam
2920 2952 3429 3023 interpretationem

1836 3051 2171 3118 excedimus,
2201 3063 2256 3106 ut
2296 3064 2468 3121 prope
2499 3048 2568 3104 de
2596 3048 2706 3103 alio
2735 3044 3205 3117 interpretationis
3233 3050 3435 3117 genere

1836 3148 1901 3204 ad
1944 3146 2091 3203 aliud
2145 3149 2410 3201 transisse
2442 3140 2748 3199 videamur.
2785 3130 3096 3197 Thesaurus
3122 3141 3223 3197 iste
3246 3138 3299 3196 in
3330 3152 3438 3210 quo

1836 3251 1963 3296 sunt
1992 3253 2183 3295 omnes
2224 3236 2459 3291 thesauri
2501 3235 2787 3307 sapientiae
2820 3241 2878 3289 et
2916 3232 3161 3288 scicntia:
3204 3231 3434 3286 abscon-

1838 3334 1958 3400 tiiti,
1992 3344 2084 3387 aut
2113 3331 2253 3386 Deus
2279 3328 2514 3384 Verbum
2531 3334 2637 3393 est,
2669 3327 2759 3397 qui
2784 3327 2836 3380 in
2865 3339 3034 3379 carne
3058 3312 3259 3380 Christi
3288 3322 3436 3379 ride-

1838 3439 1925 3483 tur
1954 3424 2306 3482 absconditus
2335 3420 2563 3496 (Coloss.
2607 3418 2700 3492 ιι),
2754 3428 2847 3474 aut
2877 3426 3077 3472 sanctae
3107 3416 3431 3485 Scripturte,

1838 3522 1893 3575 itt
1925 3518 2127 3590 quibus
2159 3516 2398 3586 reposita
2431 3524 2513 3569 est
2544 3512 2734 3568 notitia
2754 3506 3087 3566 Salvatoris:
3117 3524 3276 3580 quem
3308 3524 3430 3565 cum

1838 3611 1962 3681 quis
1987 3611 2038 3665 in
2068 3608 2150 3664 cis
2172 3605 2473 3672 intenerit,
2502 3592 2664 3661 debet
2685 3603 2864 3659 omnia
2888 3603 3049 3659 istius
3072 3599 3256 3658 mundi
3286 3616 3438 3657 emo-

1839 3706 2080 3761 lumenta
2111 3700 2488 3767 contemnere,
2534 3707 2592 3754 ut
2638 3692 2790 3753 illum
2824 3697 3000 3767 possit
3040 3694 3243 3753 habere
3270 3710 3430 3766 quem

1837 3796 2062 3869 reperit.
2094 3793 2249 3863 Quod
2280 3799 2464 3847 autem
2509 3791 2758 3862 sequitur
2788 3807 2802 3847 :
2840 3789 3006 3858 Quem
3033 3805 3149 3843 cum
3185 3786 3432 3843 invenerit

1837 3889 1991 3945 homo
2010 3880 2124 3961 98
2146 3880 2415 3941 abscondit
2448 3899 2467 3937 :
2496 3881 2701 3937 idcirco
2736 3879 2942 3935 dicitur
2962 3920 2977 3944 ,
3021 3888 3127 3934 non
3152 3877 3296 3948 quod
3328 3878 3434 3935 hoc

1837 3982 1907 4037 de
1937 3980 2134 4036 invidia
2163 3977 2348 4041 iaciat,
2378 3968 2475 4033 sed
2500 3972 2645 4047 quod
2670 3981 2694 4011 ι
2715 3971 2912 4027 timore
2943 3970 3234 4038 servantis,
3259 3980 3313 4026 et
3340 3983 3434 4024 no-

1838 4073 1997 4130 lentis
2028 4058 2280 4144 perdere,
2313 4058 2618 4126 abscondat
2647 4066 2698 4121 itt
2721 4064 2892 4123 corde
2918 4079 3039 4133 suo,
3065 4078 3225 4136 quem
3257 4060 3439 4134 pristi.

1834 4170 1918 4227 nis
1949 4169 2189 4239 praetulit
2219 4163 2589 4222 facultatibus.

1907 4262 2087 4339 (Vers.
2118 4263 2211 4328 45,
2234 4250 2354 4332 46.)
2389 4255 2594 4314 Iterum
2630 4254 2800 4311 simile
2824 4263 2898 4310 est
2942 4268 3157 4325 regnum
3185 4249 3431 4307 caelorum

1834 4358 2035 4414 homini
2083 4355 2417 4428 negotiatori,
2466 4350 2721 4423 quaerenti
2775 4347 2933 4403 bonas
2972 4345 3306 4419 margaritas.
3336 4340 3433 4397 In-

164 4436 316 4517 autem
342 4426 578 4497 dicitur:
605 4428 693 4496 Ne
712 4445 847 4511 forte
875 4440 1173 4515 colligentes
1194 4443 1413 4510 zizania,
1456 4444 1730 4500 eradicetis
1758 4509 1799 4517 _
1834 4461 1983 4505 senta
2007 4426 2182 4503 autem
2208 4463 2315 4501 una
2348 4444 2576 4517 pretiosa
2624 4436 2736 4515 [ΑΙ.
2779 4430 3174 4513 pretiosissima]
3221 4452 3431 4508 marga-

163 4516 297 4583 sitnul
340 4540 388 4588 et
434 4509 756 4605 frumentum
780 4575 797 4603 ,
846 4509 1021 4591 datur.
1053 4533 1205 4591 locus
1251 4538 1586 4606 paenitentiae
1611 4579 1625 4605 ,
1674 4547 1730 4594 et
1756 4509 1810 4570 Β
1836 4547 1957 4609 rita,
1987 4544 2111 4599 abiit
2150 4551 2196 4598 et
2227 4509 2463 4596 uendidit
2499 4509 2673 4593 omnia
2702 4509 2821 4608 qua:
2848 4534 3051 4601 habuit,
3072 4543 3121 4588 et
3145 4509 3266 4589 emit
3293 4549 3426 4588 eam.

165 4634 422 4684 monemur
451 4644 523 4686 ne
572 4630 687 4685 cito
732 4641 1079 4701 amputemus
1129 4632 1350 4688 fratrem
1387 4650 1400 4687 :
1443 4634 1565 4705 quia
1614 4631 1730 4689 fieri

165 4725 350 4789 potest,
399 4731 459 4777 ut
484 4712 580 4778 ille
609 4722 700 4794 qui
749 4714 917 4779 hodie
947 4726 1115 4780 noxio
1142 4725 1469 4797 depravatus
1508 4734 1594 4783 est
1634 4725 1733 4781 do-

164 4820 342 4883 imale,
371 4830 492 4870 cras
520 4817 811 4887 resipiscat
848 4827 904 4873 et
932 4818 1231 4877 defendere
1279 4820 1502 4893 incipiat
1530 4820 1731 4877 verita-

164 4908 273 4958 tem.
299 4904 429 4965 illud
450 4924 669 4981 quoque
694 4910 840 4981 quod
863 4912 1148 4981 sequitur:
1176 4914 1346 4969 Sinite
1373 4924 1592 4987 utraque
1612 4930 1728 4969 cre-

163 5007 283 5052 scere
314 5015 470 5073 usque
504 5001 577 5056 ad
615 5018 833 5057 messem
875 5004 894 5075 (
921 5003 1074 5058 Deut.
1106 5021 1221 5077 xm,
1272 5006 1371 5079 5),
1405 5008 1614 5065 videtur
1647 5009 1729 5065 illi

162 5096 414 5162 νεωτεριο
448 5107 572 5150 esse
609 5095 944 5150 contrarium
973 5093 1221 5167 :Auferte
1251 5098 1441 5152 malum
1472 5097 1538 5152 de
1561 5098 1728 5155 medio

162 5190 361 5241 vestrum
401 5186 575 5261 (Isai.
628 5188 693 5260 t);
728 5197 784 5245 et
810 5204 1149 5262 nequaquam
1180 5190 1494 5247 societatem
1528 5192 1731 5249 italtcn-

226 5330 251 5359 ⁸
274 5318 387 5383 Duo
408 5340 440 5383 e
458 5327 671 5385 nostris
698 5338 859 5392 mss.,
882 5327 975 5386 sed
998 5328 1135 5400 quod
1156 5346 1294 5385 more
1314 5333 1583 5387 servantis.
1609 5333 1730 5390 Cte-

169 5396 328 5472 ternm
353 5401 598 5472 proxima
641 5400 900 5472 superior
930 5396 1341 5472 totaexpositio
1384 5417 1450 5457 ex
1478 5403 1729 5469 Origenis

168 5462 544 5549 Commentario
567 5472 626 5549 in_
649 5462 798 5525 hu'nc
819 5469 1006 5549 locum
1037 5462 1321 5549 desumpta
1352 5483 1468 5528 est:
1511 5462 1730 5532 Videtur

299 5544 575 5617 secundum
604 5541 713 5597 lucc
742 5540 987 5617 agerille
1006 5532 1329 5617 ‘Scriptu'ra
1360 5561 1487 5613 esse,
1514 5549 1729 5617 Aconsita

166 5612 223 5658 its
251 5620 358 5689 quis
394 5614 667 5689 perspicua
706 5612 844 5689 sunt
870 5614 924 5666 in
967 5612 1196 5689 historia:
1226 5615 1389 5689 geritis
1412 5612 1479 5670 et
1500 5614 1653 5688 Legis
1681 5618 1728 5671 el

567 5694 618 5739 et
654 5674 871 5761 reliquis
894 5674 1655 5761 sententiis.‘Copiosaﬂniﬁpe
1676 5694 1727 5743 et

169 5752 291 5805 “ria
309 5754 441 5826 ratio
480 5752 555 5811 est
596 5752 1079 5826 totius—Scriptum:
1107 5752 1390 5814 ve'rbori'im.
1429 5752 1726 5812 Titestt'ztrus

172 5828 319 5876 autem
341 5824 394 5881 in
418 5843 539 5903 agro
566 5824 920 5885 absconditus
960 5829 1149 5886 occulti
1173 5837 1316 5901 sunt,
1342 5838 1387 5885 et
1410 5829 1502 5886 sub
1530 5830 1729 5904 perspi-

1838 4637 1978 4694 Aliis
2016 4636 2200 4692 verbis
2228 4634 2460 4705 idipsum
2487 4631 2630 4703 quod
2655 4640 2818 4701 supra
2849 4627 3071 4685 dicitur.
3107 4620 3268 4683 Bona:
3289 4640 3433 4681 mar-

1833 4732 2048 4804 garitas,
2083 4743 2218 4799 quas
2244 4727 2444 4800 quaerit
2471 4726 2716 4792 institor,
2750 4722 2860 4779 Lex
2890 4732 2942 4777 et
2968 4720 3254 4792 prophetae
3280 4728 3431 4775 sunt.

1835 4822 1977 4880 Audi
2003 4864 2018 4889 ,
2048 4814 2313 4887 Marcion;
2354 4812 2502 4885 audi,
2536 4814 2832 4872 Manichaee
2865 4832 2878 4867 :
2913 4808 3069 4869 bonae
3125 4811 3433 4883 margarita

1835 4921 1965 4972 sunt
1985 4914 2095 4971 Lex
2124 4922 2179 4970 et
2208 4909 2510 4983 prophetae,
2534 4914 2591 4963 et
2619 4905 2808 4961 notitia
2830 4905 3033 4960 veteris
3057 4902 3430 4959 instrumenti.

1837 5007 2016 5065 Unum
2072 5012 2252 5063 autem
2319 4996 2404 5060 est
2442 5000 2470 5040 δ
2523 4997 2979 5071 pretiosissimum
3032 4996 3426 5067 margaritum,

1838 5102 2065 5158 scientia
2096 5097 2427 5164 Salvatoris,
2451 5104 2507 5150 et
2533 5102 2939 5149 sacramentum
2964 5090 3229 5162 passionis
3258 5088 3425 5156 illius,

1840 5206 1896 5254 et
1952 5192 2375 5253 resurrectionis
2424 5204 2707 5246 arcanum.
2769 5185 2922 5257 Quod
2973 5202 3095 5242 cum
3164 5184 3432 5241 invenerit

1837 5337 1948 5390 cm's
1992 5334 2154 5389 verbis
2192 5331 2418 5388 abstrusi
2458 5346 2637 5385 sensus
2685 5328 2958 5401 sapientia
2997 5321 3341 5379 delitescenlis
3373 5322 3427 5377 in

1833 5407 2078 5481 mysterio
2108 5413 2155 5461 et
2175 5404 2401 5460 Christo.
2458 5471 2497 5481 Α
2538 5473 2550 5481 _
2721 5469 2783 5481 ω
2883 5414 2891 5421 ·
3126 5464 3148 5481 ⁸
3229 5468 3238 5481 3

1907 5464 1933 5517 Ῐ)
1966 5478 2092 5534 Hth
2119 5490 2341 5545 quoque
2371 5488 2437 5529 ex
2457 5471 2693 5541 Origene
2721 5464 3298 5545 Hieronymus-fertile
3325 5466 3425 5521 de-

1836 5549 2073 5618 scripsit,
2102 5534 2220 5618 qitzc
2250 5534 2444 5618 Latine
2473 5534 2700 5618 satissit
2728 5534 2993 5618 recitasse
3028 5557 3040 5593 :
3075 5534 3183 5590 Illa
3205 5538 3278 5589 est
3307 5554 3426 5608 pre-

1836 5607 1970 5674 tiosa
1992 5607 2271 5690 margarita
2296 5614 2557 5690 Christus,
2604 5613 2697 5690 Dei
2758 5607 2999 5690 Yerbum,
3024 5623 3276 5690 superans
3308 5607 3424 5675 prc-

1835 5691 1994 5744 tiosas
2024 5678 2329 5752 Sciipturas
2361 5688 2408 5742 el
2438 5678 2614 5741 sensus
2645 5680 2798 5752 Legit
2822 5696 2885 5752 ac
2913 5678 3300 5751 prophetarum,
3322 5693 3423 5743 quo

1835 5707 1994 5744 "0808
2024 5707 2141 5746 δετι
2184 5707 2329 5742 turas
2361 5707 2407 5742 ει
2438 5707 2614 5741 sensus
2645 5707 2798 5752 negt!
2822 5707 2883 5733 tu;
2913 5707 3177 5751 prupucuu
3194 5707 3300 5742 um,
3322 5707 3423 5743 quo

1834 5771 2057 5833 reperto,
2086 5707 2288 5840 reliqua
2328 5757 2505 5840 otttnia
2549 5754 2712 5840 facile
2754 5750 3049 5827 capiuntur,
3103 5756 3156 5807 et
3201 5756 3425 5818 ett-tera,

1837 5828 1958 5905 quae
1981 5842 2093 5893 tute
2111 5828 2229 5908 ipse
2257 5828 2618 5891 consulueris.
