  <div class='ocr_page' id='page_1' title='image "/cluster/home/n/w/nwhite01/storage/ocr_20150623/26/uva.x000826568/055.png"; bbox 0 0 3966 6314; ppageno 0'>
   <div class='ocr_carea' id='block_1_1' title="bbox 522 286 2567 357">
    <p class='ocr_par' dir='ltr' id='par_1_1' title="bbox 522 286 2567 357">
     <span class='ocr_line' id='line_1_1' title="bbox 522 286 2567 357; baseline -0.003 -7"><span class='ocrx_word' id='word_1_1' title='bbox 522 292 595 351; x_wconf 82' lang='grc'><strong>95</strong></span> <span class='ocrx_word' id='word_1_2' title='bbox 1765 297 1826 356; x_wconf 81' lang='lat' dir='ltr'><strong>S.</strong></span> <span class='ocrx_word' id='word_1_3' title='bbox 1869 291 2142 357; x_wconf 82' lang='lat' dir='ltr'><strong>EUSEBll</strong></span> <span class='ocrx_word' id='word_1_4' title='bbox 2181 286 2567 347; x_wconf 80' lang='lat' dir='ltr'><strong>HIERONYMI</strong></span> 
     </span>
    </p>
   </div>
   <div class='ocr_carea' id='block_1_2' title="bbox 3745 286 3813 347">
    <p class='ocr_par' dir='ltr' id='par_1_2' title="bbox 3745 286 3813 347">
     <span class='ocr_line' id='line_1_2' title="bbox 3745 286 3813 347; baseline 0.059 -4"><span class='ocrx_word' id='word_1_5' title='bbox 3745 286 3813 347; x_wconf 79' lang='grc'><strong>96</strong></span> 
     </span>
    </p>
   </div>
   <div class='ocr_carea' id='block_1_3' title="bbox 523 404 3808 485">
    <p class='ocr_par' dir='ltr' id='par_1_3' title="bbox 523 404 3808 485">
     <span class='ocr_line' id='line_1_3' title="bbox 523 404 3808 485; baseline 0.001 -21"><span class='ocrx_word' id='word_1_6' title='bbox 523 407 697 467; x_wconf 86' lang='lat' dir='ltr'><strong>homo</strong></span> <span class='ocrx_word' id='word_1_7' title='bbox 725 413 1056 484; x_wconf 75' lang='lat' dir='ltr'><strong>negotiator,</strong></span> <span class='ocrx_word' id='word_1_8' title='bbox 1088 413 1288 468; x_wconf 79' lang='lat' dir='ltr'><strong>similis</strong></span> <span class='ocrx_word' id='word_1_9' title='bbox 1316 412 1467 468; x_wconf 83' lang='lat' dir='ltr'><strong>Pauli</strong></span> <span class='ocrx_word' id='word_1_10' title='bbox 1493 414 1748 482; x_wconf 84' lang='lat' dir='ltr'><strong>apostoli,</strong></span> <span class='ocrx_word' id='word_1_11' title='bbox 1776 415 1960 472; x_wconf 87' lang='lat' dir='ltr'><strong>omnia</strong></span> <span class='ocrx_word' id='word_1_12' title='bbox 1987 412 2120 485; x_wconf 87' lang='lat' dir='ltr'><strong>legis</strong></span> <span class='ocrx_word' id='word_1_13' title='bbox 2144 406 2201 471; x_wconf 87' lang='grc' dir='ltr'><strong>Δ</strong></span> <span class='ocrx_word' id='word_1_14' title='bbox 2225 406 2382 460; x_wconf 63' lang='lat' dir='ltr'><strong>“iam</strong></span> <span class='ocrx_word' id='word_1_15' title='bbox 2410 404 2528 479; x_wconf 80' lang='lat' dir='ltr'><strong>IAL</strong></span> <span class='ocrx_word' id='word_1_16' title='bbox 2563 405 2776 479; x_wconf 69' lang='lat' dir='ltr'><strong>terram]</strong></span> <span class='ocrx_word' id='word_1_17' title='bbox 2832 422 3002 472; x_wconf 63' lang='lat' dir='ltr'><strong>suam.</strong></span> <span class='ocrx_word' id='word_1_18' title='bbox 3055 405 3269 460; x_wconf 72' lang='lat' dir='ltr'><strong>docebat</strong></span> <span class='ocrx_word' id='word_1_19' title='bbox 3317 420 3405 461; x_wconf 76' lang='lat' dir='ltr'><strong>eos</strong></span> <span class='ocrx_word' id='word_1_20' title='bbox 3446 408 3499 461; x_wconf 78' lang='lat' dir='ltr'><strong>in</strong></span> <span class='ocrx_word' id='word_1_21' title='bbox 3552 422 3808 479; x_wconf 78' lang='lat' dir='ltr'><strong>synagoga</strong></span> 
     </span>
    </p>
   </div>
   <div class='ocr_carea' id='block_1_4' title="bbox 526 502 2118 578">
    <p class='ocr_par' dir='ltr' id='par_1_4' title="bbox 526 502 2118 578">
     <span class='ocr_line' id='line_1_4' title="bbox 526 502 2118 578; baseline 0.002 -20"><span class='ocrx_word' id='word_1_22' title='bbox 526 502 1029 575; x_wconf 83' lang='lat' dir='ltr'><strong>prnpltetarumque</strong></span> <span class='ocrx_word' id='word_1_23' title='bbox 1058 507 1343 576; x_wconf 87' lang='lat' dir='ltr'><strong>mysteria,</strong></span> <span class='ocrx_word' id='word_1_24' title='bbox 1394 512 1451 560; x_wconf 92' lang='lat' dir='ltr'><strong>et</strong></span> <span class='ocrx_word' id='word_1_25' title='bbox 1478 505 1897 563; x_wconf 74' lang='lat' dir='ltr'><strong>observationes</strong></span> <span class='ocrx_word' id='word_1_26' title='bbox 1925 507 2118 578; x_wconf 90' lang='lat' dir='ltr'><strong>pristi-</strong></span> 
     </span>
    </p>
   </div>
   <div class='ocr_carea' id='block_1_5' title="bbox 524 598 2118 672">
    <p class='ocr_par' dir='ltr' id='par_1_5' title="bbox 524 598 2118 672">
     <span class='ocr_line' id='line_1_5' title="bbox 524 598 2118 672; baseline -0.001 -17"><span class='ocrx_word' id='word_1_27' title='bbox 524 612 649 665; x_wconf 88' lang='lat' dir='ltr'><strong>nas,</strong></span> <span class='ocrx_word' id='word_1_28' title='bbox 681 600 734 652; x_wconf 89' lang='lat' dir='ltr'><strong>in</strong></span> <span class='ocrx_word' id='word_1_29' title='bbox 764 598 965 669; x_wconf 83' lang='lat' dir='ltr'><strong>quibus</strong></span> <span class='ocrx_word' id='word_1_30' title='bbox 994 598 1268 668; x_wconf 89' lang='lat' dir='ltr'><strong>inculpate</strong></span> <span class='ocrx_word' id='word_1_31' title='bbox 1293 599 1523 669; x_wconf 79' lang='lat' dir='ltr'><strong>vixerat,</strong></span> <span class='ocrx_word' id='word_1_32' title='bbox 1555 601 1707 671; x_wconf 88' lang='lat' dir='ltr'><strong>quasi</strong></span> <span class='ocrx_word' id='word_1_33' title='bbox 1765 610 2118 672; x_wconf 89' lang='lat' dir='ltr'><strong>purgamenta</strong></span> 
     </span>
    </p>
   </div>
   <div class='ocr_carea' id='block_1_6' title="bbox 522 690 2121 762">
    <p class='ocr_par' dir='ltr' id='par_1_6' title="bbox 522 690 2121 762">
     <span class='ocr_line' id='line_1_6' title="bbox 522 690 2121 762; baseline 0 -14"><span class='ocrx_word' id='word_1_34' title='bbox 522 692 826 748; x_wconf 81' lang='lat' dir='ltr'><strong>contemnit</strong></span> <span class='ocrx_word' id='word_1_35' title='bbox 871 701 926 746; x_wconf 93' lang='lat' dir='ltr'><strong>et</strong></span> <span class='ocrx_word' id='word_1_36' title='bbox 978 690 1325 762; x_wconf 84' lang='lat' dir='ltr'><strong>quisquilias,</strong></span> <span class='ocrx_word' id='word_1_37' title='bbox 1379 702 1441 749; x_wconf 95' lang='lat' dir='ltr'><strong>ut</strong></span> <span class='ocrx_word' id='word_1_38' title='bbox 1491 694 1767 750; x_wconf 87' lang='lat' dir='ltr'><strong>Christum</strong></span> <span class='ocrx_word' id='word_1_39' title='bbox 1818 695 2121 751; x_wconf 80' lang='lat' dir='ltr'><strong>lucrifaciat</strong></span> 
     </span>
    </p>
   </div>
   <div class='ocr_carea' id='block_1_7' title="bbox 528 779 2119 855">
    <p class='ocr_par' dir='ltr' id='par_1_7' title="bbox 528 779 2119 855">
     <span class='ocr_line' id='line_1_7' title="bbox 528 779 2119 855; baseline 0.004 -21"><span class='ocrx_word' id='word_1_40' title='bbox 528 779 793 855; x_wconf 77' lang='lat' dir='ltr'><strong>(Philipp.</strong></span> <span class='ocrx_word' id='word_1_41' title='bbox 834 781 939 853; x_wconf 80' lang='lat' dir='ltr'><strong>tu).</strong></span> <span class='ocrx_word' id='word_1_42' title='bbox 985 780 1104 838; x_wconf 86' lang='lat' dir='ltr'><strong>Non</strong></span> <span class='ocrx_word' id='word_1_43' title='bbox 1146 798 1256 852; x_wconf 86' lang='lat' dir='ltr'><strong>quo</strong></span> <span class='ocrx_word' id='word_1_44' title='bbox 1305 784 1549 841; x_wconf 83' lang='lat' dir='ltr'><strong>inventio</strong></span> <span class='ocrx_word' id='word_1_45' title='bbox 1604 800 1759 842; x_wconf 69' lang='lat' dir='ltr'><strong>novae</strong></span> <span class='ocrx_word' id='word_1_46' title='bbox 1806 790 2119 855; x_wconf 73' lang='lat' dir='ltr'><strong>margaritte</strong></span> 
     </span>
    </p>
   </div>
   <div class='ocr_carea' id='block_1_8' title="bbox 525 871 2122 949">
    <p class='ocr_par' dir='ltr' id='par_1_8' title="bbox 525 871 2122 949">
     <span class='ocr_line' id='line_1_8' title="bbox 525 871 2122 949; baseline 0.003 -21"><span class='ocrx_word' id='word_1_47' title='bbox 525 871 915 928; x_wconf 86' lang='lat' dir='ltr'><strong>condemnatio</strong></span> <span class='ocrx_word' id='word_1_48' title='bbox 966 874 1037 929; x_wconf 87' lang='lat' dir='ltr'><strong>sit</strong></span> <span class='ocrx_word' id='word_1_49' title='bbox 1085 884 1332 931; x_wconf 88' lang='lat' dir='ltr'><strong>veterum</strong></span> <span class='ocrx_word' id='word_1_50' title='bbox 1381 877 1847 949; x_wconf 86' lang='lat' dir='ltr'><strong>margaritarum:</strong></span> <span class='ocrx_word' id='word_1_51' title='bbox 1887 877 1983 934; x_wconf 91' lang='lat' dir='ltr'><strong>sed</strong></span> <span class='ocrx_word' id='word_1_52' title='bbox 2013 892 2122 948; x_wconf 90' lang='lat' dir='ltr'><strong>quo</strong></span> 
     </span>
    </p>
   </div>
   <div class='ocr_carea' id='block_1_9' title="bbox 523 962 1974 1039">
    <p class='ocr_par' dir='ltr' id='par_1_9' title="bbox 523 962 1974 1039">
     <span class='ocr_line' id='line_1_9' title="bbox 523 962 1974 1039; baseline 0.004 -22"><span class='ocrx_word' id='word_1_53' title='bbox 523 962 938 1031; x_wconf 86' lang='lat' dir='ltr'><strong>comparatione</strong></span> <span class='ocrx_word' id='word_1_54' title='bbox 967 964 1088 1034; x_wconf 86' lang='lat' dir='ltr'><strong>ejus</strong></span> <span class='ocrx_word' id='word_1_55' title='bbox 1120 967 1297 1022; x_wconf 90' lang='lat' dir='ltr'><strong>omnis</strong></span> <span class='ocrx_word' id='word_1_56' title='bbox 1323 966 1428 1023; x_wconf 86' lang='lat' dir='ltr'><strong>alia</strong></span> <span class='ocrx_word' id='word_1_57' title='bbox 1452 983 1668 1039; x_wconf 86' lang='lat' dir='ltr'><strong>gemma</strong></span> <span class='ocrx_word' id='word_1_58' title='bbox 1695 970 1856 1025; x_wconf 91' lang='lat' dir='ltr'><strong>vilior</strong></span> <span class='ocrx_word' id='word_1_59' title='bbox 1884 971 1974 1025; x_wconf 91' lang='lat' dir='ltr'><strong>sit.</strong></span> 
     </span>
    </p>
   </div>
   <div class='ocr_carea' id='block_1_10' title="bbox 594 1053 2116 1132">
    <p class='ocr_par' dir='ltr' id='par_1_10' title="bbox 594 1053 2116 1132">
     <span class='ocr_line' id='line_1_10' title="bbox 594 1053 2116 1132; baseline 0.005 -24"><span class='ocrx_word' id='word_1_60' title='bbox 594 1053 776 1125; x_wconf 85' lang='lat' dir='ltr'><strong>(Vers.</strong></span> <span class='ocrx_word' id='word_1_61' title='bbox 806 1054 877 1111; x_wconf 74' lang='lat'><strong>47</strong></span> <span class='ocrx_word' id='word_1_62' title='bbox 902 1058 1083 1129; x_wconf 86' lang='lat' dir='ltr'><strong>seqq.)</strong></span> <span class='ocrx_word' id='word_1_63' title='bbox 1111 1056 1310 1114; x_wconf 86' lang='lat' dir='ltr'><strong>Iterum</strong></span> <span class='ocrx_word' id='word_1_64' title='bbox 1340 1060 1509 1116; x_wconf 92' lang='lat' dir='ltr'><strong>simile</strong></span> <span class='ocrx_word' id='word_1_65' title='bbox 1529 1070 1602 1117; x_wconf 87' lang='lat' dir='ltr'><strong>est</strong></span> <span class='ocrx_word' id='word_1_66' title='bbox 1626 1077 1845 1132; x_wconf 82' lang='lat' dir='ltr'><strong>regnum</strong></span> <span class='ocrx_word' id='word_1_67' title='bbox 1867 1062 2116 1117; x_wconf 66' lang='lat' dir='ltr'><strong>calorum</strong></span> 
     </span>
    </p>
   </div>
   <div class='ocr_carea' id='block_1_11' title="bbox 522 1150 2121 1227">
    <p class='ocr_par' dir='ltr' id='par_1_11' title="bbox 522 1150 2121 1227">
     <span class='ocr_line' id='line_1_11' title="bbox 522 1150 2121 1227; baseline 0.006 -25"><span class='ocrx_word' id='word_1_68' title='bbox 522 1164 727 1220; x_wconf 78' lang='lat' dir='ltr'><strong>sugente</strong></span> <span class='ocrx_word' id='word_1_69' title='bbox 756 1150 929 1205; x_wconf 63' lang='lat' dir='ltr'><strong>missae</strong></span> <span class='ocrx_word' id='word_1_70' title='bbox 962 1160 1014 1206; x_wconf 82' lang='lat' dir='ltr'><strong>tn</strong></span> <span class='ocrx_word' id='word_1_71' title='bbox 1049 1169 1212 1220; x_wconf 89' lang='lat' dir='ltr'><strong>mare,</strong></span> <span class='ocrx_word' id='word_1_72' title='bbox 1235 1163 1282 1209; x_wconf 91' lang='lat' dir='ltr'><strong>et</strong></span> <span class='ocrx_word' id='word_1_73' title='bbox 1311 1170 1376 1209; x_wconf 79' lang='lat' dir='ltr'><strong>ex</strong></span> <span class='ocrx_word' id='word_1_74' title='bbox 1397 1156 1534 1211; x_wconf 89' lang='lat' dir='ltr'><strong>omni</strong></span> <span class='ocrx_word' id='word_1_75' title='bbox 1554 1172 1740 1227; x_wconf 84' lang='lat' dir='ltr'><strong>genere</strong></span> <span class='ocrx_word' id='word_1_76' title='bbox 1756 1157 1977 1225; x_wconf 76' lang='lat' dir='ltr'><strong>piscium</strong></span> <span class='ocrx_word' id='word_1_77' title='bbox 2000 1172 2121 1211; x_wconf 46' lang='lat' dir='ltr'><strong>conv</strong></span> 
     </span>
    </p>
   </div>
   <div class='ocr_carea' id='block_1_12' title="bbox 524 1242 2124 1315">
    <p class='ocr_par' dir='ltr' id='par_1_12' title="bbox 524 1242 2124 1315">
     <span class='ocr_line' id='line_1_12' title="bbox 524 1242 2124 1315; baseline 0.004 -20"><span class='ocrx_word' id='word_1_78' title='bbox 524 1243 779 1312; x_wconf 83' lang='lat' dir='ltr'><strong>greganti.</strong></span> <span class='ocrx_word' id='word_1_79' title='bbox 814 1242 984 1310; x_wconf 85' lang='lat' dir='ltr'><strong>Quam</strong></span> <span class='ocrx_word' id='word_1_80' title='bbox 1014 1260 1129 1297; x_wconf 89' lang='lat' dir='ltr'><strong>cum</strong></span> <span class='ocrx_word' id='word_1_81' title='bbox 1151 1245 1365 1315; x_wconf 86' lang='lat' dir='ltr'><strong>impleta</strong></span> <span class='ocrx_word' id='word_1_82' title='bbox 1395 1258 1547 1312; x_wconf 90' lang='lat' dir='ltr'><strong>esset,</strong></span> <span class='ocrx_word' id='word_1_83' title='bbox 1581 1248 1878 1314; x_wconf 86' lang='lat' dir='ltr'><strong>educentes,</strong></span> <span class='ocrx_word' id='word_1_84' title='bbox 1903 1259 1952 1302; x_wconf 90' lang='lat' dir='ltr'><strong>et</strong></span> <span class='ocrx_word' id='word_1_85' title='bbox 1975 1265 2124 1303; x_wconf 88' lang='lat' dir='ltr'><strong>secus</strong></span> 
     </span>
    </p>
   </div>
   <div class='ocr_carea' id='block_1_13' title="bbox 519 1330 2121 1409">
    <p class='ocr_par' dir='ltr' id='par_1_13' title="bbox 519 1330 2121 1409">
     <span class='ocr_line' id='line_1_13' title="bbox 519 1330 2121 1409; baseline 0.007 -25"><span class='ocrx_word' id='word_1_86' title='bbox 519 1330 668 1386; x_wconf 81' lang='lat' dir='ltr'><strong>littus</strong></span> <span class='ocrx_word' id='word_1_87' title='bbox 685 1333 941 1402; x_wconf 80' lang='lat' dir='ltr'><strong>sedentes,</strong></span> <span class='ocrx_word' id='word_1_88' title='bbox 966 1335 1233 1409; x_wconf 85' lang='lat' dir='ltr'><strong>elegerunt</strong></span> <span class='ocrx_word' id='word_1_89' title='bbox 1258 1337 1418 1392; x_wconf 88' lang='lat' dir='ltr'><strong>bonos</strong></span> <span class='ocrx_word' id='word_1_90' title='bbox 1437 1340 1491 1392; x_wconf 89' lang='lat' dir='ltr'><strong>in</strong></span> <span class='ocrx_word' id='word_1_91' title='bbox 1513 1354 1638 1394; x_wconf 81' lang='lat' dir='ltr'><strong>uasa</strong></span> <span class='ocrx_word' id='word_1_92' title='bbox 1656 1348 1716 1405; x_wconf 73' lang='grc' dir='ltr'><strong>ις</strong></span> <span class='ocrx_word' id='word_1_93' title='bbox 1748 1340 1917 1396; x_wconf 91' lang='lat' dir='ltr'><strong>malos</strong></span> <span class='ocrx_word' id='word_1_94' title='bbox 1945 1349 2121 1395; x_wconf 88' lang='lat' dir='ltr'><strong>autem</strong></span> 
     </span>
    </p>
   </div>
   <div class='ocr_carea' id='block_1_14' title="bbox 520 1425 2117 1502">
    <p class='ocr_par' dir='ltr' id='par_1_14' title="bbox 520 1425 2117 1502">
     <span class='ocr_line' id='line_1_14' title="bbox 520 1425 2117 1502; baseline 0.007 -24"><span class='ocrx_word' id='word_1_95' title='bbox 520 1425 665 1495; x_wconf 86' lang='lat' dir='ltr'><strong>faras</strong></span> <span class='ocrx_word' id='word_1_96' title='bbox 712 1427 964 1482; x_wconf 86' lang='lat' dir='ltr'><strong>miserunt</strong></span> <span class='ocrx_word' id='word_1_97' title='bbox 1004 1444 1022 1482; x_wconf 91' lang='lat'><strong><em>:</em></strong></span> <span class='ocrx_word' id='word_1_98' title='bbox 1070 1428 1163 1485; x_wconf 85' lang='lat' dir='ltr'><strong>Sic</strong></span> <span class='ocrx_word' id='word_1_99' title='bbox 1203 1430 1298 1484; x_wconf 82' lang='lat' dir='ltr'><strong>erit</strong></span> <span class='ocrx_word' id='word_1_100' title='bbox 1341 1431 1398 1485; x_wconf 91' lang='lat' dir='ltr'><strong>in</strong></span> <span class='ocrx_word' id='word_1_101' title='bbox 1441 1436 1883 1487; x_wconf 82' lang='lat' dir='ltr'><strong>consummatione</strong></span> <span class='ocrx_word' id='word_1_102' title='bbox 1916 1435 2117 1502; x_wconf 70' lang='lat' dir='ltr'><strong>saeculi,</strong></span> 
     </span>
    </p>
   </div>
   <div class='ocr_carea' id='block_1_15' title="bbox 519 1517 2126 1599">
    <p class='ocr_par' dir='ltr' id='par_1_15' title="bbox 519 1517 2126 1599">
     <span class='ocr_line' id='line_1_15' title="bbox 519 1517 2126 1599; baseline 0.007 -28"><span class='ocrx_word' id='word_1_103' title='bbox 519 1517 733 1573; x_wconf 73' lang='lat' dir='ltr'><strong>exibunt</strong></span> <span class='ocrx_word' id='word_1_104' title='bbox 776 1522 982 1593; x_wconf 82' lang='lat' dir='ltr'><strong>angeli,</strong></span> <span class='ocrx_word' id='word_1_105' title='bbox 1028 1532 1075 1577; x_wconf 88' lang='lat' dir='ltr'><strong>et</strong></span> <span class='ocrx_word' id='word_1_106' title='bbox 1103 1523 1419 1593; x_wconf 87' lang='lat' dir='ltr'><strong>separabunt</strong></span> <span class='ocrx_word' id='word_1_107' title='bbox 1448 1525 1616 1580; x_wconf 89' lang='lat' dir='ltr'><strong>malos</strong></span> <span class='ocrx_word' id='word_1_108' title='bbox 1646 1526 1712 1581; x_wconf 92' lang='lat' dir='ltr'><strong>de</strong></span> <span class='ocrx_word' id='word_1_109' title='bbox 1742 1526 1914 1581; x_wconf 88' lang='lat' dir='ltr'><strong>medio</strong></span> <span class='ocrx_word' id='word_1_110' title='bbox 1948 1529 2126 1599; x_wconf 85' lang='lat' dir='ltr'><strong>justo-</strong></span> 
     </span>
    </p>
   </div>
   <div class='ocr_carea' id='block_1_16' title="bbox 516 1613 2118 1690">
    <p class='ocr_par' dir='ltr' id='par_1_16' title="bbox 516 1613 2118 1690">
     <span class='ocr_line' id='line_1_16' title="bbox 516 1613 2118 1690; baseline 0.006 -25"><span class='ocrx_word' id='word_1_111' title='bbox 516 1626 656 1676; x_wconf 88' lang='lat' dir='ltr'><strong>rum,</strong></span> <span class='ocrx_word' id='word_1_112' title='bbox 680 1622 732 1668; x_wconf 90' lang='lat' dir='ltr'><strong>et</strong></span> <span class='ocrx_word' id='word_1_113' title='bbox 760 1613 963 1668; x_wconf 88' lang='lat' dir='ltr'><strong>mittent</strong></span> <span class='ocrx_word' id='word_1_114' title='bbox 985 1632 1071 1670; x_wconf 91' lang='lat' dir='ltr'><strong>eos</strong></span> <span class='ocrx_word' id='word_1_115' title='bbox 1099 1617 1152 1670; x_wconf 89' lang='lat' dir='ltr'><strong>in</strong></span> <span class='ocrx_word' id='word_1_116' title='bbox 1182 1618 1440 1672; x_wconf 81' lang='lat' dir='ltr'><strong>caminum</strong></span> <span class='ocrx_word' id='word_1_117' title='bbox 1470 1619 1625 1690; x_wconf 85' lang='lat' dir='ltr'><strong>ignis,</strong></span> <span class='ocrx_word' id='word_1_118' title='bbox 1670 1619 1738 1674; x_wconf 86' lang='lat' dir='ltr'><strong>ibi</strong></span> <span class='ocrx_word' id='word_1_119' title='bbox 1762 1620 1858 1674; x_wconf 80' lang='lat' dir='ltr'><strong>en’t</strong></span> <span class='ocrx_word' id='word_1_120' title='bbox 1884 1622 2038 1690; x_wconf 79' lang='lat' dir='ltr'><strong>ﬂetus</strong></span> <span class='ocrx_word' id='word_1_121' title='bbox 2072 1629 2118 1674; x_wconf 89' lang='lat' dir='ltr'><strong>et</strong></span> 
     </span>
    </p>
   </div>
   <div class='ocr_carea' id='block_1_17' title="bbox 2226 496 3804 569">
    <p class='ocr_par' dir='ltr' id='par_1_17' title="bbox 2226 496 3804 569">
     <span class='ocr_line' id='line_1_17' title="bbox 2226 496 3804 569; baseline 0 -16"><span class='ocrx_word' id='word_1_122' title='bbox 2226 514 2426 565; x_wconf 88' lang='lat' dir='ltr'><strong>eorum,</strong></span> <span class='ocrx_word' id='word_1_123' title='bbox 2456 500 2529 552; x_wconf 90' lang='lat' dir='ltr'><strong>ita</strong></span> <span class='ocrx_word' id='word_1_124' title='bbox 2554 508 2610 552; x_wconf 91' lang='lat' dir='ltr'><strong>ut</strong></span> <span class='ocrx_word' id='word_1_125' title='bbox 2637 500 2952 555; x_wconf 87' lang='lat' dir='ltr'><strong>mirarentur</strong></span> <span class='ocrx_word' id='word_1_126' title='bbox 2975 506 3022 553; x_wconf 88' lang='lat' dir='ltr'><strong>et</strong></span> <span class='ocrx_word' id='word_1_127' title='bbox 3056 499 3310 553; x_wconf 86' lang='lat' dir='ltr'><strong>dicereut.</strong></span> <span class='ocrx_word' id='word_1_128' title='bbox 3330 496 3463 555; x_wconf 86' lang='lat' dir='ltr'><strong>Post</strong></span> <span class='ocrx_word' id='word_1_129' title='bbox 3491 501 3804 569; x_wconf 84' lang='lat' dir='ltr'><strong>parabolas,</strong></span> 
     </span>
    </p>
   </div>
   <div class='ocr_carea' id='block_1_18' title="bbox 2225 590 3863 663">
    <p class='ocr_par' dir='ltr' id='par_1_18' title="bbox 2225 590 3863 663">
     <span class='ocr_line' id='line_1_18' title="bbox 2225 590 3863 663; baseline 0.002 -18"><span class='ocrx_word' id='word_1_130' title='bbox 2225 605 2362 661; x_wconf 91' lang='lat' dir='ltr'><strong>quas</strong></span> <span class='ocrx_word' id='word_1_131' title='bbox 2386 591 2599 647; x_wconf 88' lang='lat' dir='ltr'><strong>locutus</strong></span> <span class='ocrx_word' id='word_1_132' title='bbox 2631 591 2805 648; x_wconf 89' lang='lat' dir='ltr'><strong>estad</strong></span> <span class='ocrx_word' id='word_1_133' title='bbox 2840 593 3124 663; x_wconf 76' lang='lat' dir='ltr'><strong>populum,</strong></span> <span class='ocrx_word' id='word_1_134' title='bbox 3162 601 3218 648; x_wconf 91' lang='lat' dir='ltr'><strong>et</strong></span> <span class='ocrx_word' id='word_1_135' title='bbox 3249 606 3385 659; x_wconf 87' lang='lat' dir='ltr'><strong>quas</strong></span> <span class='ocrx_word' id='word_1_136' title='bbox 3430 592 3530 648; x_wconf 91' lang='lat' dir='ltr'><strong>soli</strong></span> <span class='ocrx_word' id='word_1_137' title='bbox 3584 593 3809 663; x_wconf 78' lang='lat' dir='ltr'><strong>apostoli</strong></span> <span class='ocrx_word' id='word_1_138' title='bbox 3855 590 3863 599; x_wconf 89' lang='grc'><em>’</em></span> 
     </span>
    </p>
   </div>
   <div class='ocr_carea' id='block_1_19' title="bbox 2228 682 3807 755">
    <p class='ocr_par' dir='ltr' id='par_1_19' title="bbox 2228 682 3807 755">
     <span class='ocr_line' id='line_1_19' title="bbox 2228 682 3807 755; baseline 0.004 -20"><span class='ocrx_word' id='word_1_139' title='bbox 2228 682 2557 752; x_wconf 87' lang='lat' dir='ltr'><strong>intelligunt,</strong></span> <span class='ocrx_word' id='word_1_140' title='bbox 2595 684 2794 740; x_wconf 89' lang='lat' dir='ltr'><strong>transit</strong></span> <span class='ocrx_word' id='word_1_141' title='bbox 2826 684 2881 738; x_wconf 91' lang='lat' dir='ltr'><strong>in</strong></span> <span class='ocrx_word' id='word_1_142' title='bbox 2912 684 3144 754; x_wconf 82' lang='lat' dir='ltr'><strong>patriam</strong></span> <span class='ocrx_word' id='word_1_143' title='bbox 3171 698 3352 753; x_wconf 89' lang='lat' dir='ltr'><strong>suam,</strong></span> <span class='ocrx_word' id='word_1_144' title='bbox 3380 692 3440 739; x_wconf 95' lang='lat' dir='ltr'><strong>ut</strong></span> <span class='ocrx_word' id='word_1_145' title='bbox 3469 685 3543 740; x_wconf 86' lang='lat' dir='ltr'><strong>ibi</strong></span> <span class='ocrx_word' id='word_1_146' title='bbox 3575 687 3807 755; x_wconf 84' lang='lat' dir='ltr'><strong>apertius</strong></span> 
     </span>
    </p>
   </div>
   <div class='ocr_carea' id='block_1_20' title="bbox 2226 773 2439 828">
    <p class='ocr_par' dir='ltr' id='par_1_20' title="bbox 2226 773 2439 828">
     <span class='ocr_line' id='line_1_20' title="bbox 2226 773 2439 828; baseline 0.005 -1"><span class='ocrx_word' id='word_1_147' title='bbox 2226 773 2439 828; x_wconf 84' lang='lat' dir='ltr'><strong>doceat.</strong></span> 
     </span>
    </p>
   </div>
   <div class='ocr_carea' id='block_1_21' title="bbox 2303 864 3806 937">
    <p class='ocr_par' dir='ltr' id='par_1_21' title="bbox 2303 864 3806 937">
     <span class='ocr_line' id='line_1_21' title="bbox 2303 864 3806 937; baseline 0.003 -18"><span class='ocrx_word' id='word_1_148' title='bbox 2303 864 2453 920; x_wconf 83' lang='lat' dir='ltr'><strong>Unde</strong></span> <span class='ocrx_word' id='word_1_149' title='bbox 2479 868 2602 920; x_wconf 86' lang='lat' dir='ltr'><strong>huic</strong></span> <span class='ocrx_word' id='word_1_150' title='bbox 2628 866 2884 937; x_wconf 84' lang='lat' dir='ltr'><strong>sapientia</strong></span> <span class='ocrx_word' id='word_1_151' title='bbox 2916 866 3048 935; x_wconf 63' lang='lat' dir='ltr'><strong>haec,</strong></span> <span class='ocrx_word' id='word_1_152' title='bbox 3073 876 3121 922; x_wconf 93' lang='lat' dir='ltr'><strong>et</strong></span> <span class='ocrx_word' id='word_1_153' title='bbox 3149 868 3403 923; x_wconf 83' lang='lat' dir='ltr'><strong>virtutes?</strong></span> <span class='ocrx_word' id='word_1_154' title='bbox 3428 867 3565 923; x_wconf 89' lang='lat' dir='ltr'><strong>Mira</strong></span> <span class='ocrx_word' id='word_1_155' title='bbox 3591 866 3806 924; x_wconf 81' lang='lat' dir='ltr'><strong>stultitia</strong></span> 
     </span>
    </p>
   </div>
   <div class='ocr_carea' id='block_1_22' title="bbox 2223 957 3803 1030">
    <p class='ocr_par' dir='ltr' id='par_1_22' title="bbox 2223 957 3803 1030">
     <span class='ocr_line' id='line_1_22' title="bbox 2223 957 3803 1030; baseline 0.002 -16"><span class='ocrx_word' id='word_1_156' title='bbox 2223 957 2650 1016; x_wconf 70' lang='lat' dir='ltr'><strong>Nazararnoruut</strong></span> <span class='ocrx_word' id='word_1_157' title='bbox 2684 979 2697 1014; x_wconf 88' lang='lat'>:</span> <span class='ocrx_word' id='word_1_158' title='bbox 2726 962 2993 1015; x_wconf 85' lang='lat' dir='ltr'><strong>mirantur</strong></span> <span class='ocrx_word' id='word_1_159' title='bbox 3036 960 3180 1015; x_wconf 90' lang='lat' dir='ltr'><strong>unde</strong></span> <span class='ocrx_word' id='word_1_160' title='bbox 3236 960 3435 1015; x_wconf 78' lang='lat' dir='ltr'><strong>habeat</strong></span> <span class='ocrx_word' id='word_1_161' title='bbox 3488 960 3803 1030; x_wconf 78' lang='lat' dir='ltr'><strong>sapientiam</strong></span> 
     </span>
    </p>
   </div>
   <div class='ocr_carea' id='block_1_23' title="bbox 2218 1052 3803 1125">
    <p class='ocr_par' dir='ltr' id='par_1_23' title="bbox 2218 1052 3803 1125">
     <span class='ocr_line' id='line_1_23' title="bbox 2218 1052 3803 1125; baseline 0.003 -20"><span class='ocrx_word' id='word_1_162' title='bbox 2218 1053 2511 1122; x_wconf 73' lang='lat' dir='ltr'><strong>sapientia,</strong></span> <span class='ocrx_word' id='word_1_163' title='bbox 2526 1063 2580 1108; x_wconf 91' lang='lat' dir='ltr'><strong>et</strong></span> <span class='ocrx_word' id='word_1_164' title='bbox 2598 1055 2823 1109; x_wconf 74' lang='lat' dir='ltr'><strong>virtutes</strong></span> <span class='ocrx_word' id='word_1_165' title='bbox 2838 1054 3043 1119; x_wconf 89' lang='lat' dir='ltr'><strong>virtus;</strong></span> <span class='ocrx_word' id='word_1_166' title='bbox 3061 1052 3158 1109; x_wconf 93' lang='lat' dir='ltr'><strong>sed</strong></span> <span class='ocrx_word' id='word_1_167' title='bbox 3180 1068 3335 1110; x_wconf 86' lang='lat' dir='ltr'><strong>error</strong></span> <span class='ocrx_word' id='word_1_168' title='bbox 3355 1053 3407 1108; x_wconf 90' lang='lat' dir='ltr'><strong>in</strong></span> <span class='ocrx_word' id='word_1_169' title='bbox 3431 1065 3685 1125; x_wconf 91' lang='lat' dir='ltr'><strong>promptu</strong></span> <span class='ocrx_word' id='word_1_170' title='bbox 3705 1062 3803 1119; x_wconf 89' lang='lat' dir='ltr'><strong>est,</strong></span> 
     </span>
    </p>
   </div>
   <div class='ocr_carea' id='block_1_24' title="bbox 2227 1144 3135 1218">
    <p class='ocr_par' dir='ltr' id='par_1_24' title="bbox 2227 1144 3135 1218">
     <span class='ocr_line' id='line_1_24' title="bbox 2227 1144 3135 1218; baseline 0.002 -19"><span class='ocrx_word' id='word_1_171' title='bbox 2227 1146 2372 1215; x_wconf 90' lang='lat' dir='ltr'><strong>quod</strong></span> <span class='ocrx_word' id='word_1_172' title='bbox 2404 1144 2543 1201; x_wconf 81' lang='lat' dir='ltr'><strong>labri</strong></span> <span class='ocrx_word' id='word_1_173' title='bbox 2574 1145 2739 1201; x_wconf 84' lang='lat' dir='ltr'><strong>ﬁlium</strong></span> <span class='ocrx_word' id='word_1_174' title='bbox 2766 1147 3135 1218; x_wconf 80' lang='lat' dir='ltr'><strong>suspicantur.</strong></span> 
     </span>
    </p>
   </div>
   <div class='ocr_carea' id='block_1_25' title="bbox 2297 1240 3806 1313">
    <p class='ocr_par' dir='ltr' id='par_1_25' title="bbox 2297 1240 3806 1313">
     <span class='ocr_line' id='line_1_25' title="bbox 2297 1240 3806 1313; baseline 0.001 -17"><span class='ocrx_word' id='word_1_175' title='bbox 2297 1241 2479 1312; x_wconf 85' lang='lat' dir='ltr'><strong>(Vers.</strong></span> <span class='ocrx_word' id='word_1_176' title='bbox 2514 1241 2608 1308; x_wconf 78' lang='lat'><strong>55,</strong></span> <span class='ocrx_word' id='word_1_177' title='bbox 2638 1241 2756 1313; x_wconf 82' lang='grc'><strong>56.)</strong></span> <span class='ocrx_word' id='word_1_178' title='bbox 2795 1241 2985 1296; x_wconf 77' lang='lat' dir='ltr'><strong>Nonne</strong></span> <span class='ocrx_word' id='word_1_179' title='bbox 3022 1242 3107 1296; x_wconf 90' lang='lat' dir='ltr'><strong>hic</strong></span> <span class='ocrx_word' id='word_1_180' title='bbox 3137 1252 3211 1296; x_wconf 90' lang='lat' dir='ltr'><strong>est</strong></span> <span class='ocrx_word' id='word_1_181' title='bbox 3243 1242 3379 1312; x_wconf 87' lang='lat' dir='ltr'><strong>fabri</strong></span> <span class='ocrx_word' id='word_1_182' title='bbox 3417 1240 3607 1311; x_wconf 78' lang='lat' dir='ltr'><strong>ﬁlius?</strong></span> <span class='ocrx_word' id='word_1_183' title='bbox 3650 1260 3806 1298; x_wconf 86' lang='lat' dir='ltr'><strong>nonne</strong></span> 
     </span>
    </p>
   </div>
   <div class='ocr_carea' id='block_1_26' title="bbox 2222 1332 3806 1406">
    <p class='ocr_par' dir='ltr' id='par_1_26' title="bbox 2222 1332 3806 1406">
     <span class='ocr_line' id='line_1_26' title="bbox 2222 1332 3806 1406; baseline 0.003 -21"><span class='ocrx_word' id='word_1_184' title='bbox 2222 1341 2384 1387; x_wconf 89' lang='lat' dir='ltr'><strong>mater</strong></span> <span class='ocrx_word' id='word_1_185' title='bbox 2421 1336 2533 1405; x_wconf 84' lang='lat' dir='ltr'><strong>ejus</strong></span> <span class='ocrx_word' id='word_1_186' title='bbox 2578 1332 2774 1387; x_wconf 87' lang='lat' dir='ltr'><strong>dicitur</strong></span> <span class='ocrx_word' id='word_1_187' title='bbox 2820 1333 3041 1402; x_wconf 54' lang='lat' dir='ltr'><strong>Maria),</strong></span> <span class='ocrx_word' id='word_1_188' title='bbox 3060 1342 3107 1387; x_wconf 90' lang='lat' dir='ltr'><strong>et</strong></span> <span class='ocrx_word' id='word_1_189' title='bbox 3149 1336 3341 1405; x_wconf 80' lang='lat' dir='ltr'><strong>fratres</strong></span> <span class='ocrx_word' id='word_1_190' title='bbox 3367 1337 3482 1406; x_wconf 85' lang='lat' dir='ltr'><strong>ejus</strong></span> <span class='ocrx_word' id='word_1_191' title='bbox 3517 1334 3739 1389; x_wconf 84' lang='lat' dir='ltr'><strong>Iacobus</strong></span> <span class='ocrx_word' id='word_1_192' title='bbox 3762 1344 3806 1390; x_wconf 88' lang='lat' dir='ltr'><strong>et</strong></span> 
     </span>
    </p>
   </div>
   <div class='ocr_carea' id='block_1_27' title="bbox 2224 1424 3805 1500">
    <p class='ocr_par' dir='ltr' id='par_1_27' title="bbox 2224 1424 3805 1500">
     <span class='ocr_line' id='line_1_27' title="bbox 2224 1424 3805 1500; baseline 0.003 -19"><span class='ocrx_word' id='word_1_193' title='bbox 2224 1424 2423 1494; x_wconf 88' lang='lat' dir='ltr'><strong>Ioseph</strong></span> <span class='ocrx_word' id='word_1_194' title='bbox 2451 1438 2498 1482; x_wconf 88' lang='lat' dir='ltr'><strong>et</strong></span> <span class='ocrx_word' id='word_1_195' title='bbox 2520 1427 2699 1481; x_wconf 86' lang='lat' dir='ltr'><strong>Simon</strong></span> <span class='ocrx_word' id='word_1_196' title='bbox 2719 1437 2767 1481; x_wconf 89' lang='lat' dir='ltr'><strong>et</strong></span> <span class='ocrx_word' id='word_1_197' title='bbox 2788 1427 2995 1481; x_wconf 83' lang='lat' dir='ltr'><strong>Iudas?</strong></span> <span class='ocrx_word' id='word_1_198' title='bbox 3013 1436 3061 1481; x_wconf 90' lang='lat' dir='ltr'><strong>et</strong></span> <span class='ocrx_word' id='word_1_199' title='bbox 3080 1443 3287 1482; x_wconf 86' lang='lat' dir='ltr'><strong>sorores</strong></span> <span class='ocrx_word' id='word_1_200' title='bbox 3310 1432 3422 1500; x_wconf 86' lang='lat' dir='ltr'><strong>ejus</strong></span> <span class='ocrx_word' id='word_1_201' title='bbox 3446 1445 3619 1484; x_wconf 87' lang='lat' dir='ltr'><strong>nonne</strong></span> <span class='ocrx_word' id='word_1_202' title='bbox 3641 1446 3805 1485; x_wconf 82' lang='lat' dir='ltr'><strong>omnes</strong></span> 
     </span>
    </p>
   </div>
   <div class='ocr_carea' id='block_1_28' title="bbox 2221 1516 3807 1590">
    <p class='ocr_par' dir='ltr' id='par_1_28' title="bbox 2221 1516 3807 1590">
     <span class='ocr_line' id='line_1_28' title="bbox 2221 1516 3807 1590; baseline 0.003 -19"><span class='ocrx_word' id='word_1_203' title='bbox 2221 1518 2369 1585; x_wconf 86' lang='lat' dir='ltr'><strong>apud</strong></span> <span class='ocrx_word' id='word_1_204' title='bbox 2394 1534 2487 1571; x_wconf 87' lang='lat' dir='ltr'><strong>nos</strong></span> <span class='ocrx_word' id='word_1_205' title='bbox 2516 1518 2680 1572; x_wconf 81' lang='lat' dir='ltr'><strong>sunt?</strong></span> <span class='ocrx_word' id='word_1_206' title='bbox 2718 1516 2868 1572; x_wconf 86' lang='lat' dir='ltr'><strong>Unde</strong></span> <span class='ocrx_word' id='word_1_207' title='bbox 2892 1533 3014 1590; x_wconf 84' lang='lat' dir='ltr'><strong>ergo</strong></span> <span class='ocrx_word' id='word_1_208' title='bbox 3052 1518 3174 1573; x_wconf 87' lang='lat' dir='ltr'><strong>huic</strong></span> <span class='ocrx_word' id='word_1_209' title='bbox 3201 1521 3375 1573; x_wconf 89' lang='lat' dir='ltr'><strong>omnia</strong></span> <span class='ocrx_word' id='word_1_210' title='bbox 3398 1520 3537 1576; x_wconf 83' lang='lat' dir='ltr'><strong>ista?</strong></span> <span class='ocrx_word' id='word_1_211' title='bbox 3578 1519 3646 1573; x_wconf 82' lang='lat' dir='ltr'><strong>Et</strong></span> <span class='ocrx_word' id='word_1_212' title='bbox 3669 1536 3807 1575; x_wconf 84' lang='lat' dir='ltr'><strong>scan-</strong></span> 
     </span>
    </p>
   </div>
   <div class='ocr_carea' id='block_1_29' title="bbox 2226 1610 3805 1669">
    <p class='ocr_par' dir='ltr' id='par_1_29' title="bbox 2226 1610 3805 1669">
     <span class='ocr_line' id='line_1_29' title="bbox 2226 1610 3805 1669; baseline 0.002 -5"><span class='ocrx_word' id='word_1_213' title='bbox 2226 1610 2595 1665; x_wconf 80' lang='lat' dir='ltr'><strong>dalizabantur</strong></span> <span class='ocrx_word' id='word_1_214' title='bbox 2642 1612 2698 1665; x_wconf 86' lang='lat' dir='ltr'><strong>in</strong></span> <span class='ocrx_word' id='word_1_215' title='bbox 2728 1627 2807 1665; x_wconf 89' lang='lat' dir='ltr'><strong>eo.</strong></span> <span class='ocrx_word' id='word_1_216' title='bbox 2847 1610 3019 1666; x_wconf 84' lang='lat' dir='ltr'><strong>Error</strong></span> <span class='ocrx_word' id='word_1_217' title='bbox 3064 1611 3377 1667; x_wconf 65' lang='lat' dir='ltr'><strong>Iudaeorum</strong></span> <span class='ocrx_word' id='word_1_218' title='bbox 3423 1611 3573 1669; x_wconf 87' lang='lat' dir='ltr'><strong>salus</strong></span> <span class='ocrx_word' id='word_1_219' title='bbox 3630 1622 3805 1668; x_wconf 87' lang='lat' dir='ltr'><strong>nostra</strong></span> 
     </span>
    </p>
   </div>
   <div class='ocr_carea' id='block_1_30' title="bbox 518 1702 3807 1786">
    <p class='ocr_par' dir='ltr' id='par_1_30' title="bbox 518 1702 3807 1786">
     <span class='ocr_line' id='line_1_30' title="bbox 518 1702 3807 1786; baseline 0.002 -32"><span class='ocrx_word' id='word_1_220' title='bbox 518 1702 717 1757; x_wconf 88' lang='lat' dir='ltr'><strong>stridor</strong></span> <span class='ocrx_word' id='word_1_221' title='bbox 740 1703 995 1759; x_wconf 86' lang='lat' dir='ltr'><strong>dentium.</strong></span> <span class='ocrx_word' id='word_1_222' title='bbox 1019 1704 1249 1775; x_wconf 87' lang='lat' dir='ltr'><strong>lmpleto</strong></span> <span class='ocrx_word' id='word_1_223' title='bbox 1269 1706 1525 1763; x_wconf 63' lang='lat' dir='ltr'><strong>Ieremia:</strong></span> <span class='ocrx_word' id='word_1_224' title='bbox 1540 1708 1815 1774; x_wconf 91' lang='lat' dir='ltr'><strong>vaticinio,</strong></span> <span class='ocrx_word' id='word_1_225' title='bbox 1841 1709 2073 1765; x_wconf 90' lang='lat' dir='ltr'><strong>dicentis</strong></span> <span class='ocrx_word' id='word_1_226' title='bbox 2100 1728 2111 1763; x_wconf 92' lang='lat'><strong>:</strong></span> <span class='ocrx_word' id='word_1_227' title='bbox 2145 1724 2194 1786; x_wconf 76' lang='grc' dir='ltr'><strong>Β</strong></span> <span class='ocrx_word' id='word_1_228' title='bbox 2222 1714 2329 1771; x_wconf 90' lang='lat' dir='ltr'><strong>est,</strong></span> <span class='ocrx_word' id='word_1_229' title='bbox 2351 1712 2407 1760; x_wconf 90' lang='lat' dir='ltr'><strong>et</strong></span> <span class='ocrx_word' id='word_1_230' title='bbox 2424 1705 2799 1760; x_wconf 62' lang='lat' dir='ltr'><strong>haereticorum</strong></span> <span class='ocrx_word' id='word_1_231' title='bbox 2818 1704 3220 1760; x_wconf 83' lang='lat' dir='ltr'><strong>condemnatio.</strong></span> <span class='ocrx_word' id='word_1_232' title='bbox 3237 1704 3510 1761; x_wconf 88' lang='lat' dir='ltr'><strong>lntanlum</strong></span> <span class='ocrx_word' id='word_1_233' title='bbox 3532 1707 3673 1762; x_wconf 92' lang='lat' dir='ltr'><strong>enim</strong></span> <span class='ocrx_word' id='word_1_234' title='bbox 3692 1722 3807 1762; x_wconf 86' lang='lat' dir='ltr'><strong>cer-</strong></span> 
     </span>
    </p>
   </div>
   <div class='ocr_carea' id='block_1_31' title="bbox 517 1791 2109 1871">
    <p class='ocr_par' dir='ltr' id='par_1_31' title="bbox 517 1791 2109 1871">
     <span class='ocr_line' id='line_1_31' title="bbox 517 1791 2109 1871; baseline 0.007 -26"><span class='ocrx_word' id='word_1_235' title='bbox 517 1791 654 1847; x_wconf 81' lang='lat' dir='ltr'><strong>Ecce</strong></span> <span class='ocrx_word' id='word_1_236' title='bbox 681 1810 775 1865; x_wconf 89' lang='lat' dir='ltr'><strong>ego</strong></span> <span class='ocrx_word' id='word_1_237' title='bbox 807 1796 1007 1850; x_wconf 85' lang='lat' dir='ltr'><strong>mittam</strong></span> <span class='ocrx_word' id='word_1_238' title='bbox 1034 1798 1104 1851; x_wconf 89' lang='lat' dir='ltr'><strong>ad</strong></span> <span class='ocrx_word' id='word_1_239' title='bbox 1132 1814 1217 1853; x_wconf 74' lang='lat' dir='ltr'><strong>vos</strong></span> <span class='ocrx_word' id='word_1_240' title='bbox 1243 1798 1526 1871; x_wconf 86' lang='lat' dir='ltr'><strong>piscatores</strong></span> <span class='ocrx_word' id='word_1_241' title='bbox 1555 1800 1747 1855; x_wconf 90' lang='lat' dir='ltr'><strong>multos</strong></span> <span class='ocrx_word' id='word_1_242' title='bbox 1782 1800 1978 1871; x_wconf 77' lang='lat' dir='ltr'><strong>(Ierem</strong></span> <span class='ocrx_word' id='word_1_243' title='bbox 2002 1817 2109 1868; x_wconf 78' lang='lat' dir='ltr'><strong>xvt,</strong></span> 
     </span>
    </p>
   </div>
   <div class='ocr_carea' id='block_1_32' title="bbox 516 1884 2116 1959">
    <p class='ocr_par' dir='ltr' id='par_1_32' title="bbox 516 1884 2116 1959">
     <span class='ocr_line' id='line_1_32' title="bbox 516 1884 2116 1959; baseline 0.007 -20"><span class='ocrx_word' id='word_1_244' title='bbox 516 1884 609 1957; x_wconf 75' lang='grc'><strong>16)</strong></span> <span class='ocrx_word' id='word_1_245' title='bbox 644 1904 659 1940; x_wconf 93' lang='lat'><strong>:</strong></span> <span class='ocrx_word' id='word_1_246' title='bbox 692 1896 977 1958; x_wconf 87' lang='lat' dir='ltr'><strong>postquam</strong></span> <span class='ocrx_word' id='word_1_247' title='bbox 1008 1889 1306 1946; x_wconf 88' lang='lat' dir='ltr'><strong>audierunt</strong></span> <span class='ocrx_word' id='word_1_248' title='bbox 1335 1892 1531 1948; x_wconf 88' lang='lat' dir='ltr'><strong>Petrus</strong></span> <span class='ocrx_word' id='word_1_249' title='bbox 1560 1903 1615 1949; x_wconf 94' lang='lat' dir='ltr'><strong>et</strong></span> <span class='ocrx_word' id='word_1_250' title='bbox 1650 1894 1917 1959; x_wconf 84' lang='lat' dir='ltr'><strong>Andreas,</strong></span> <span class='ocrx_word' id='word_1_251' title='bbox 1950 1893 2116 1950; x_wconf 81' lang='lat' dir='ltr'><strong>Jaco-</strong></span> 
     </span>
    </p>
   </div>
   <div class='ocr_carea' id='block_1_33' title="bbox 517 1977 2115 2059">
    <p class='ocr_par' dir='ltr' id='par_1_33' title="bbox 517 1977 2115 2059">
     <span class='ocr_line' id='line_1_33' title="bbox 517 1977 2115 2059; baseline 0.006 -26"><span class='ocrx_word' id='word_1_252' title='bbox 517 1977 622 2034; x_wconf 87' lang='lat' dir='ltr'><strong>bus</strong></span> <span class='ocrx_word' id='word_1_253' title='bbox 646 1988 704 2036; x_wconf 90' lang='lat' dir='ltr'><strong>et</strong></span> <span class='ocrx_word' id='word_1_254' title='bbox 739 1979 1004 2049; x_wconf 86' lang='lat' dir='ltr'><strong>Ioannes,</strong></span> <span class='ocrx_word' id='word_1_255' title='bbox 1031 1983 1124 2039; x_wconf 87' lang='lat' dir='ltr'><strong>lilii</strong></span> <span class='ocrx_word' id='word_1_256' title='bbox 1147 1984 1397 2041; x_wconf 69' lang='lat' dir='ltr'><strong>Zebedaai</strong></span> <span class='ocrx_word' id='word_1_257' title='bbox 1431 2004 1444 2041; x_wconf 91' lang='lat'>:</span> <span class='ocrx_word' id='word_1_258' title='bbox 1480 1986 1772 2058; x_wconf 87' lang='lat' dir='ltr'><strong>Sequimini</strong></span> <span class='ocrx_word' id='word_1_259' title='bbox 1816 2004 1917 2054; x_wconf 86' lang='lat' dir='ltr'><strong>me,</strong></span> <span class='ocrx_word' id='word_1_260' title='bbox 1950 1998 1999 2042; x_wconf 90' lang='lat' dir='ltr'><strong>et</strong></span> <span class='ocrx_word' id='word_1_261' title='bbox 2027 1989 2115 2059; x_wconf 78' lang='lat' dir='ltr'><strong>fa-</strong></span> 
     </span>
    </p>
   </div>
   <div class='ocr_carea' id='block_1_34' title="bbox 519 2069 2119 2151">
    <p class='ocr_par' dir='ltr' id='par_1_34' title="bbox 519 2069 2119 2151">
     <span class='ocr_line' id='line_1_34' title="bbox 519 2069 2119 2151; baseline 0.008 -28"><span class='ocrx_word' id='word_1_262' title='bbox 519 2069 655 2125; x_wconf 87' lang='lat' dir='ltr'><strong>ciam</strong></span> <span class='ocrx_word' id='word_1_263' title='bbox 686 2089 773 2128; x_wconf 79' lang='lat' dir='ltr'><strong>vos</strong></span> <span class='ocrx_word' id='word_1_264' title='bbox 799 2075 1367 2147; x_wconf 81' lang='lat' dir='ltr'><strong>piscatoresliominum</strong></span> <span class='ocrx_word' id='word_1_265' title='bbox 1389 2077 1568 2150; x_wconf 77' lang='lat' dir='ltr'><strong>(Matt.</strong></span> <span class='ocrx_word' id='word_1_266' title='bbox 1598 2096 1671 2145; x_wconf 93' lang='lat' dir='ltr'><strong>tv,</strong></span> <span class='ocrx_word' id='word_1_267' title='bbox 1698 2078 2119 2151; x_wconf 76' lang='lat' dir='ltr'><strong>i9),contexue-</strong></span> 
     </span>
    </p>
   </div>
   <div class='ocr_carea' id='block_1_35' title="bbox 517 2164 2112 2243">
    <p class='ocr_par' dir='ltr' id='par_1_35' title="bbox 517 2164 2112 2243">
     <span class='ocr_line' id='line_1_35' title="bbox 517 2164 2112 2243; baseline 0.008 -27"><span class='ocrx_word' id='word_1_268' title='bbox 517 2171 648 2218; x_wconf 91' lang='lat' dir='ltr'><strong>runt</strong></span> <span class='ocrx_word' id='word_1_269' title='bbox 692 2164 797 2221; x_wconf 86' lang='lat' dir='ltr'><strong>sibi</strong></span> <span class='ocrx_word' id='word_1_270' title='bbox 842 2182 910 2223; x_wconf 80' lang='lat' dir='ltr'><strong>ex</strong></span> <span class='ocrx_word' id='word_1_271' title='bbox 960 2168 1138 2225; x_wconf 87' lang='lat' dir='ltr'><strong>veteri</strong></span> <span class='ocrx_word' id='word_1_272' title='bbox 1182 2178 1239 2225; x_wconf 89' lang='lat' dir='ltr'><strong>et</strong></span> <span class='ocrx_word' id='word_1_273' title='bbox 1296 2185 1440 2226; x_wconf 87' lang='lat' dir='ltr'><strong>novo</strong></span> <span class='ocrx_word' id='word_1_274' title='bbox 1485 2179 1819 2228; x_wconf 87' lang='lat' dir='ltr'><strong>testamento</strong></span> <span class='ocrx_word' id='word_1_275' title='bbox 1858 2188 2112 2243; x_wconf 84' lang='lat' dir='ltr'><strong>sagenam</strong></span> 
     </span>
    </p>
   </div>
   <div class='ocr_carea' id='block_1_36' title="bbox 523 2253 2117 2332">
    <p class='ocr_par' dir='ltr' id='par_1_36' title="bbox 523 2253 2117 2332">
     <span class='ocr_line' id='line_1_36' title="bbox 523 2253 2117 2332; baseline 0.011 -24"><span class='ocrx_word' id='word_1_276' title='bbox 523 2253 549 2293; x_wconf 71' lang='grc' dir='ltr'>δ</span> <span class='ocrx_word' id='word_1_277' title='bbox 565 2256 1020 2328; x_wconf 79' lang='lat' dir='ltr'><strong>Evangelicorum</strong></span> <span class='ocrx_word' id='word_1_278' title='bbox 1036 2260 1347 2332; x_wconf 89' lang='lat' dir='ltr'><strong>dogmatum</strong></span> <span class='ocrx_word' id='word_1_279' title='bbox 1368 2279 1383 2329; x_wconf 91' lang='lat'><strong>;</strong></span> <span class='ocrx_word' id='word_1_280' title='bbox 1406 2272 1459 2318; x_wconf 90' lang='lat' dir='ltr'><strong>et</strong></span> <span class='ocrx_word' id='word_1_281' title='bbox 1484 2264 1751 2320; x_wconf 89' lang='lat' dir='ltr'><strong>miserunt</strong></span> <span class='ocrx_word' id='word_1_282' title='bbox 1763 2279 1881 2320; x_wconf 89' lang='lat' dir='ltr'><strong>eam</strong></span> <span class='ocrx_word' id='word_1_283' title='bbox 1898 2266 1949 2320; x_wconf 95' lang='lat' dir='ltr'><strong>in</strong></span> <span class='ocrx_word' id='word_1_284' title='bbox 1966 2282 2117 2325; x_wconf 87' lang='lat' dir='ltr'><strong>mare</strong></span> 
     </span>
    </p>
   </div>
   <div class='ocr_carea' id='block_1_37' title="bbox 518 2346 2116 2424">
    <p class='ocr_par' dir='ltr' id='par_1_37' title="bbox 518 2346 2116 2424">
     <span class='ocr_line' id='line_1_37' title="bbox 518 2346 2116 2424; baseline 0.009 -24"><span class='ocrx_word' id='word_1_285' title='bbox 518 2346 683 2415; x_wconf 85' lang='lat' dir='ltr'><strong>hujus</strong></span> <span class='ocrx_word' id='word_1_286' title='bbox 713 2350 901 2405; x_wconf 73' lang='lat' dir='ltr'><strong>srcculi</strong></span> <span class='ocrx_word' id='word_1_287' title='bbox 938 2370 950 2405; x_wconf 90' lang='lat'><strong>:</strong></span> <span class='ocrx_word' id='word_1_288' title='bbox 983 2367 1103 2422; x_wconf 70' lang='lat' dir='ltr'><strong>qua:</strong></span> <span class='ocrx_word' id='word_1_289' title='bbox 1154 2366 1329 2424; x_wconf 90' lang='lat' dir='ltr'><strong>usque</strong></span> <span class='ocrx_word' id='word_1_290' title='bbox 1354 2352 1519 2411; x_wconf 89' lang='lat' dir='ltr'><strong>hodie</strong></span> <span class='ocrx_word' id='word_1_291' title='bbox 1551 2355 1603 2409; x_wconf 90' lang='lat' dir='ltr'><strong>in</strong></span> <span class='ocrx_word' id='word_1_292' title='bbox 1635 2355 1827 2411; x_wconf 84' lang='lat' dir='ltr'><strong>mediis</strong></span> <span class='ocrx_word' id='word_1_293' title='bbox 1860 2355 2116 2415; x_wconf 84' lang='lat' dir='ltr'><strong>ﬂuctibus</strong></span> 
     </span>
    </p>
   </div>
   <div class='ocr_carea' id='block_1_38' title="bbox 522 2440 2116 2521">
    <p class='ocr_par' dir='ltr' id='par_1_38' title="bbox 522 2440 2116 2521">
     <span class='ocr_line' id='line_1_38' title="bbox 522 2440 2116 2521; baseline 0.008 -28"><span class='ocrx_word' id='word_1_294' title='bbox 522 2440 787 2508; x_wconf 88' lang='lat' dir='ltr'><strong>tenditur,</strong></span> <span class='ocrx_word' id='word_1_295' title='bbox 846 2444 1068 2513; x_wconf 82' lang='lat' dir='ltr'><strong>capiens</strong></span> <span class='ocrx_word' id='word_1_296' title='bbox 1123 2444 1192 2501; x_wconf 90' lang='lat' dir='ltr'><strong>de</strong></span> <span class='ocrx_word' id='word_1_297' title='bbox 1236 2446 1396 2502; x_wconf 84' lang='lat' dir='ltr'><strong>salsis</strong></span> <span class='ocrx_word' id='word_1_298' title='bbox 1453 2456 1510 2502; x_wconf 91' lang='lat' dir='ltr'><strong>et</strong></span> <span class='ocrx_word' id='word_1_299' title='bbox 1555 2448 1759 2503; x_wconf 86' lang='lat' dir='ltr'><strong>amaris</strong></span> <span class='ocrx_word' id='word_1_300' title='bbox 1805 2450 2116 2521; x_wconf 75' lang='lat' dir='ltr'><strong>gurgitibus</strong></span> 
     </span>
    </p>
   </div>
   <div class='ocr_carea' id='block_1_39' title="bbox 517 2530 2116 2602">
    <p class='ocr_par' dir='ltr' id='par_1_39' title="bbox 517 2530 2116 2602">
     <span class='ocr_line' id='line_1_39' title="bbox 517 2530 2116 2602; baseline 0.01 -21"><span class='ocrx_word' id='word_1_301' title='bbox 517 2530 776 2601; x_wconf 91' lang='lat' dir='ltr'><strong>quidquid</strong></span> <span class='ocrx_word' id='word_1_302' title='bbox 811 2533 1088 2602; x_wconf 88' lang='lat' dir='ltr'><strong>inciderit,</strong></span> <span class='ocrx_word' id='word_1_303' title='bbox 1123 2534 1175 2590; x_wconf 91' lang='lat' dir='ltr'><strong>id</strong></span> <span class='ocrx_word' id='word_1_304' title='bbox 1198 2544 1302 2602; x_wconf 91' lang='lat' dir='ltr'><strong>est,</strong></span> <span class='ocrx_word' id='word_1_305' title='bbox 1334 2546 1389 2592; x_wconf 90' lang='lat' dir='ltr'><strong>et</strong></span> <span class='ocrx_word' id='word_1_306' title='bbox 1413 2537 1591 2593; x_wconf 91' lang='lat' dir='ltr'><strong>bonos</strong></span> <span class='ocrx_word' id='word_1_307' title='bbox 1616 2538 1864 2595; x_wconf 84' lang='lat' dir='ltr'><strong>homines</strong></span> <span class='ocrx_word' id='word_1_308' title='bbox 1902 2550 1956 2596; x_wconf 91' lang='lat' dir='ltr'><strong>et</strong></span> <span class='ocrx_word' id='word_1_309' title='bbox 2002 2558 2116 2597; x_wconf 89' lang='lat' dir='ltr'><strong>ma-</strong></span> 
     </span>
    </p>
   </div>
   <div class='ocr_carea' id='block_1_40' title="bbox 524 2622 2115 2699">
    <p class='ocr_par' dir='ltr' id='par_1_40' title="bbox 524 2622 2115 2699">
     <span class='ocr_line' id='line_1_40' title="bbox 524 2622 2115 2699; baseline 0.006 -22"><span class='ocrx_word' id='word_1_310' title='bbox 524 2622 632 2688; x_wconf 90' lang='lat' dir='ltr'><strong>los,</strong></span> <span class='ocrx_word' id='word_1_311' title='bbox 663 2630 719 2678; x_wconf 91' lang='lat' dir='ltr'><strong>et</strong></span> <span class='ocrx_word' id='word_1_312' title='bbox 743 2623 855 2696; x_wconf 80' lang='lat'><strong>99</strong></span> <span class='ocrx_word' id='word_1_313' title='bbox 886 2625 1123 2694; x_wconf 90' lang='lat' dir='ltr'><strong>optimos</strong></span> <span class='ocrx_word' id='word_1_314' title='bbox 1154 2627 1331 2696; x_wconf 88' lang='lat' dir='ltr'><strong>pisces</strong></span> <span class='ocrx_word' id='word_1_315' title='bbox 1357 2637 1413 2683; x_wconf 90' lang='lat' dir='ltr'><strong>et</strong></span> <span class='ocrx_word' id='word_1_316' title='bbox 1440 2628 1729 2699; x_wconf 88' lang='lat' dir='ltr'><strong>pessimos.</strong></span> <span class='ocrx_word' id='word_1_317' title='bbox 1761 2630 1896 2685; x_wconf 89' lang='lat' dir='ltr'><strong>Cum</strong></span> <span class='ocrx_word' id='word_1_318' title='bbox 1934 2639 2115 2688; x_wconf 85' lang='lat' dir='ltr'><strong>autem</strong></span> 
     </span>
    </p>
   </div>
   <div class='ocr_carea' id='block_1_41' title="bbox 521 2716 2119 2793">
    <p class='ocr_par' dir='ltr' id='par_1_41' title="bbox 521 2716 2119 2793">
     <span class='ocr_line' id='line_1_41' title="bbox 521 2716 2119 2793; baseline 0.008 -27"><span class='ocrx_word' id='word_1_319' title='bbox 521 2716 729 2769; x_wconf 84' lang='lat' dir='ltr'><strong>venerit</strong></span> <span class='ocrx_word' id='word_1_320' title='bbox 772 2718 1172 2773; x_wconf 88' lang='lat' dir='ltr'><strong>consummatio</strong></span> <span class='ocrx_word' id='word_1_321' title='bbox 1212 2727 1267 2773; x_wconf 88' lang='lat' dir='ltr'><strong>et</strong></span> <span class='ocrx_word' id='word_1_322' title='bbox 1307 2718 1431 2775; x_wconf 87' lang='lat' dir='ltr'><strong>linis</strong></span> <span class='ocrx_word' id='word_1_323' title='bbox 1481 2720 1691 2786; x_wconf 90' lang='lat' dir='ltr'><strong>mundi,</strong></span> <span class='ocrx_word' id='word_1_324' title='bbox 1723 2729 1783 2776; x_wconf 93' lang='lat' dir='ltr'><strong>ut</strong></span> <span class='ocrx_word' id='word_1_325' title='bbox 1817 2723 1934 2793; x_wconf 89' lang='lat' dir='ltr'><strong>ipse</strong></span> <span class='ocrx_word' id='word_1_326' title='bbox 1980 2724 2119 2779; x_wconf 82' lang='lat' dir='ltr'><strong>infra</strong></span> 
     </span>
    </p>
   </div>
   <div class='ocr_carea' id='block_1_42' title="bbox 523 2809 2120 2885">
    <p class='ocr_par' dir='ltr' id='par_1_42' title="bbox 523 2809 2120 2885">
     <span class='ocr_line' id='line_1_42' title="bbox 523 2809 2120 2885; baseline 0.004 -20"><span class='ocrx_word' id='word_1_327' title='bbox 523 2809 868 2867; x_wconf 80' lang='lat' dir='ltr'><strong>manifestius</strong></span> <span class='ocrx_word' id='word_1_328' title='bbox 903 2811 1151 2880; x_wconf 88' lang='lat' dir='ltr'><strong>disserit,</strong></span> <span class='ocrx_word' id='word_1_329' title='bbox 1191 2823 1316 2869; x_wconf 91' lang='lat' dir='ltr'><strong>tunc</strong></span> <span class='ocrx_word' id='word_1_330' title='bbox 1346 2830 1542 2885; x_wconf 86' lang='lat' dir='ltr'><strong>sagena</strong></span> <span class='ocrx_word' id='word_1_331' title='bbox 1572 2815 1899 2871; x_wconf 81' lang='lat' dir='ltr'><strong>extrahetur</strong></span> <span class='ocrx_word' id='word_1_332' title='bbox 1933 2817 2001 2871; x_wconf 90' lang='lat' dir='ltr'><strong>ad</strong></span> <span class='ocrx_word' id='word_1_333' title='bbox 2032 2818 2120 2872; x_wconf 89' lang='lat' dir='ltr'><strong>lit-</strong></span> 
     </span>
    </p>
   </div>
   <div class='ocr_carea' id='block_1_43' title="bbox 520 2898 2116 2981">
    <p class='ocr_par' dir='ltr' id='par_1_43' title="bbox 520 2898 2116 2981">
     <span class='ocr_line' id='line_1_43' title="bbox 520 2898 2116 2981; baseline 0.006 -24"><span class='ocrx_word' id='word_1_334' title='bbox 520 2898 609 2958; x_wconf 79' lang='lat' dir='ltr'><strong>tus</strong></span> <span class='ocrx_word' id='word_1_335' title='bbox 648 2921 660 2956; x_wconf 91' lang='lat'><strong>:</strong></span> <span class='ocrx_word' id='word_1_336' title='bbox 707 2913 836 2960; x_wconf 93' lang='lat' dir='ltr'><strong>tunc</strong></span> <span class='ocrx_word' id='word_1_337' title='bbox 876 2921 1064 2962; x_wconf 89' lang='lat' dir='ltr'><strong>verum</strong></span> <span class='ocrx_word' id='word_1_338' title='bbox 1097 2908 1565 2963; x_wconf 89' lang='lat' dir='ltr'><strong>secernendorum</strong></span> <span class='ocrx_word' id='word_1_339' title='bbox 1599 2909 1822 2978; x_wconf 83' lang='lat' dir='ltr'><strong>piscium</strong></span> <span class='ocrx_word' id='word_1_340' title='bbox 1851 2910 2116 2981; x_wconf 88' lang='lat' dir='ltr'><strong>judicium</strong></span> 
     </span>
    </p>
   </div>
   <div class='ocr_carea' id='block_1_44' title="bbox 2219 1794 3807 1867">
    <p class='ocr_par' dir='ltr' id='par_1_44' title="bbox 2219 1794 3807 1867">
     <span class='ocr_line' id='line_1_44' title="bbox 2219 1794 3807 1867; baseline -0.001 -16"><span class='ocrx_word' id='word_1_341' title='bbox 2219 1796 2421 1851; x_wconf 87' lang='lat' dir='ltr'><strong>nebaut</strong></span> <span class='ocrx_word' id='word_1_342' title='bbox 2457 1794 2732 1851; x_wconf 84' lang='lat' dir='ltr'><strong>hominem</strong></span> <span class='ocrx_word' id='word_1_343' title='bbox 2760 1794 2947 1852; x_wconf 73' lang='lat' dir='ltr'><strong>Iesum</strong></span> <span class='ocrx_word' id='word_1_344' title='bbox 2977 1794 3279 1865; x_wconf 87' lang='lat' dir='ltr'><strong>Christum,</strong></span> <span class='ocrx_word' id='word_1_345' title='bbox 3316 1806 3371 1851; x_wconf 93' lang='lat' dir='ltr'><strong>ut</strong></span> <span class='ocrx_word' id='word_1_346' title='bbox 3397 1796 3537 1852; x_wconf 86' lang='lat' dir='ltr'><strong>labri</strong></span> <span class='ocrx_word' id='word_1_347' title='bbox 3568 1806 3807 1867; x_wconf 87' lang='lat' dir='ltr'><strong>putarent</strong></span> 
     </span>
    </p>
   </div>
   <div class='ocr_carea' id='block_1_45' title="bbox 2225 1886 3807 1960">
    <p class='ocr_par' dir='ltr' id='par_1_45' title="bbox 2225 1886 3807 1960">
     <span class='ocr_line' id='line_1_45' title="bbox 2225 1886 3807 1960; baseline 0.003 -19"><span class='ocrx_word' id='word_1_348' title='bbox 2225 1887 2383 1960; x_wconf 82' lang='grc' dir='ltr'><strong>ιοο</strong></span> <span class='ocrx_word' id='word_1_349' title='bbox 2405 1888 2578 1943; x_wconf 86' lang='lat' dir='ltr'><strong>lilium</strong></span> <span class='ocrx_word' id='word_1_350' title='bbox 2610 1904 2623 1940; x_wconf 91' lang='lat'><strong>:</strong></span> <span class='ocrx_word' id='word_1_351' title='bbox 2660 1886 2851 1941; x_wconf 87' lang='lat' dir='ltr'><strong>Nonne</strong></span> <span class='ocrx_word' id='word_1_352' title='bbox 2878 1888 2960 1941; x_wconf 88' lang='lat' dir='ltr'><strong>hic</strong></span> <span class='ocrx_word' id='word_1_353' title='bbox 2989 1898 3061 1942; x_wconf 89' lang='lat' dir='ltr'><strong>est</strong></span> <span class='ocrx_word' id='word_1_354' title='bbox 3094 1887 3230 1959; x_wconf 88' lang='lat' dir='ltr'><strong>fabri</strong></span> <span class='ocrx_word' id='word_1_355' title='bbox 3260 1888 3450 1958; x_wconf 76' lang='lat' dir='ltr'><strong>ﬁlius?</strong></span> <span class='ocrx_word' id='word_1_356' title='bbox 3503 1889 3716 1944; x_wconf 82' lang='lat' dir='ltr'><strong>Miraris</strong></span> <span class='ocrx_word' id='word_1_357' title='bbox 3765 1890 3807 1945; x_wconf 89' lang='lat' dir='ltr'><strong>si</strong></span> 
     </span>
    </p>
   </div>
   <div class='ocr_carea' id='block_1_46' title="bbox 2219 1980 3806 2051">
    <p class='ocr_par' dir='ltr' id='par_1_46' title="bbox 2219 1980 3806 2051">
     <span class='ocr_line' id='line_1_46' title="bbox 2219 1980 3806 2051; baseline 0.003 -16"><span class='ocrx_word' id='word_1_358' title='bbox 2219 1992 2401 2036; x_wconf 89' lang='lat' dir='ltr'><strong>errent</strong></span> <span class='ocrx_word' id='word_1_359' title='bbox 2435 1981 2488 2036; x_wconf 91' lang='lat' dir='ltr'><strong>in</strong></span> <span class='ocrx_word' id='word_1_360' title='bbox 2516 1980 2795 2049; x_wconf 76' lang='lat' dir='ltr'><strong>fratribus,</strong></span> <span class='ocrx_word' id='word_1_361' title='bbox 2825 1997 2949 2037; x_wconf 90' lang='lat' dir='ltr'><strong>cum</strong></span> <span class='ocrx_word' id='word_1_362' title='bbox 2981 1992 3166 2037; x_wconf 83' lang='lat' dir='ltr'><strong>errent</strong></span> <span class='ocrx_word' id='word_1_363' title='bbox 3204 1982 3258 2037; x_wconf 92' lang='lat' dir='ltr'><strong>in</strong></span> <span class='ocrx_word' id='word_1_364' title='bbox 3286 1983 3471 2051; x_wconf 81' lang='lat' dir='ltr'><strong>patre?</strong></span> <span class='ocrx_word' id='word_1_365' title='bbox 3502 1983 3680 2039; x_wconf 90' lang='lat' dir='ltr'><strong>Locus</strong></span> <span class='ocrx_word' id='word_1_366' title='bbox 3714 1984 3806 2039; x_wconf 73' lang='lat' dir='ltr'><strong>iste</strong></span> 
     </span>
    </p>
   </div>
   <div class='ocr_carea' id='block_1_47' title="bbox 2220 2071 3809 2144">
    <p class='ocr_par' dir='ltr' id='par_1_47' title="bbox 2220 2071 3809 2144">
     <span class='ocr_line' id='line_1_47' title="bbox 2220 2071 3809 2144; baseline 0.002 -18"><span class='ocrx_word' id='word_1_367' title='bbox 2220 2071 2435 2142; x_wconf 89' lang='lat' dir='ltr'><strong>plenius</strong></span> <span class='ocrx_word' id='word_1_368' title='bbox 2465 2073 2520 2127; x_wconf 89' lang='lat' dir='ltr'><strong>in</strong></span> <span class='ocrx_word' id='word_1_369' title='bbox 2551 2073 2869 2144; x_wconf 87' lang='lat' dir='ltr'><strong>supradicto</strong></span> <span class='ocrx_word' id='word_1_370' title='bbox 2909 2083 3104 2129; x_wconf 89' lang='lat' dir='ltr'><strong>contra</strong></span> <span class='ocrx_word' id='word_1_371' title='bbox 3137 2073 3458 2130; x_wconf 81' lang='lat' dir='ltr'><strong>Helvediuut</strong></span> <span class='ocrx_word' id='word_1_372' title='bbox 3496 2075 3681 2131; x_wconf 88' lang='lat' dir='ltr'><strong>libello</strong></span> <span class='ocrx_word' id='word_1_373' title='bbox 3724 2091 3809 2129; x_wconf 76' lang='lat' dir='ltr'><strong>ex-</strong></span> 
     </span>
    </p>
   </div>
   <div class='ocr_carea' id='block_1_48' title="bbox 2227 2167 2571 2237">
    <p class='ocr_par' dir='ltr' id='par_1_48' title="bbox 2227 2167 2571 2237">
     <span class='ocr_line' id='line_1_48' title="bbox 2227 2167 2571 2237; baseline 0.012 -17"><span class='ocrx_word' id='word_1_374' title='bbox 2227 2167 2437 2237; x_wconf 88' lang='lat' dir='ltr'><strong>positus</strong></span> <span class='ocrx_word' id='word_1_375' title='bbox 2466 2175 2571 2224; x_wconf 86' lang='lat' dir='ltr'><strong>est.</strong></span> 
     </span>
    </p>
   </div>
   <div class='ocr_carea' id='block_1_49' title="bbox 2302 2259 3806 2333">
    <p class='ocr_par' dir='ltr' id='par_1_49' title="bbox 2302 2259 3806 2333">
     <span class='ocr_line' id='line_1_49' title="bbox 2302 2259 3806 2333; baseline 0.001 -17"><span class='ocrx_word' id='word_1_376' title='bbox 2302 2260 2484 2333; x_wconf 81' lang='lat' dir='ltr'><strong>(Vers.</strong></span> <span class='ocrx_word' id='word_1_377' title='bbox 2514 2261 2631 2331; x_wconf 80' lang='lat'><strong>57.)</strong></span> <span class='ocrx_word' id='word_1_378' title='bbox 2677 2259 2832 2317; x_wconf 90' lang='lat' dir='ltr'><strong>Iesus</strong></span> <span class='ocrx_word' id='word_1_379' title='bbox 2879 2272 3053 2317; x_wconf 84' lang='lat' dir='ltr'><strong>autem</strong></span> <span class='ocrx_word' id='word_1_380' title='bbox 3103 2263 3235 2318; x_wconf 74' lang='lat' dir='ltr'><strong>dixit</strong></span> <span class='ocrx_word' id='word_1_381' title='bbox 3282 2264 3356 2318; x_wconf 86' lang='lat' dir='ltr'><strong>eis</strong></span> <span class='ocrx_word' id='word_1_382' title='bbox 3389 2280 3404 2318; x_wconf 92' lang='lat'><strong>:</strong></span> <span class='ocrx_word' id='word_1_383' title='bbox 3436 2263 3564 2319; x_wconf 88' lang='lat' dir='ltr'><strong>Non</strong></span> <span class='ocrx_word' id='word_1_384' title='bbox 3586 2273 3657 2321; x_wconf 86' lang='lat' dir='ltr'><strong>est</strong></span> <span class='ocrx_word' id='word_1_385' title='bbox 3683 2263 3806 2319; x_wconf 85' lang='lat' dir='ltr'><strong>Pro-</strong></span> 
     </span>
    </p>
   </div>
   <div class='ocr_carea' id='block_1_50' title="bbox 2223 2352 3798 2426">
    <p class='ocr_par' dir='ltr' id='par_1_50' title="bbox 2223 2352 3798 2426">
     <span class='ocr_line' id='line_1_50' title="bbox 2223 2352 3798 2426; baseline 0.003 -20"><span class='ocrx_word' id='word_1_386' title='bbox 2223 2352 2380 2426; x_wconf 80' lang='lat' dir='ltr'><strong>pheta</strong></span> <span class='ocrx_word' id='word_1_387' title='bbox 2409 2354 2521 2409; x_wconf 90' lang='lat' dir='ltr'><strong>sine</strong></span> <span class='ocrx_word' id='word_1_388' title='bbox 2549 2354 2773 2422; x_wconf 83' lang='lat' dir='ltr'><strong>honore,</strong></span> <span class='ocrx_word' id='word_1_389' title='bbox 2797 2355 2898 2410; x_wconf 86' lang='lat' dir='ltr'><strong>nisi</strong></span> <span class='ocrx_word' id='word_1_390' title='bbox 2920 2356 2974 2408; x_wconf 91' lang='lat' dir='ltr'><strong>in</strong></span> <span class='ocrx_word' id='word_1_391' title='bbox 3000 2359 3173 2426; x_wconf 90' lang='lat' dir='ltr'><strong>patria</strong></span> <span class='ocrx_word' id='word_1_392' title='bbox 3198 2372 3293 2411; x_wconf 88' lang='lat' dir='ltr'><strong>sua</strong></span> <span class='ocrx_word' id='word_1_393' title='bbox 3329 2364 3378 2411; x_wconf 91' lang='lat' dir='ltr'><strong>et</strong></span> <span class='ocrx_word' id='word_1_394' title='bbox 3418 2357 3475 2412; x_wconf 91' lang='lat' dir='ltr'><strong>in</strong></span> <span class='ocrx_word' id='word_1_395' title='bbox 3506 2357 3658 2413; x_wconf 89' lang='lat' dir='ltr'><strong>domo</strong></span> <span class='ocrx_word' id='word_1_396' title='bbox 3695 2374 3798 2412; x_wconf 87' lang='lat' dir='ltr'><strong>sua.</strong></span> 
     </span>
    </p>
   </div>
   <div class='ocr_carea' id='block_1_51' title="bbox 2222 2444 3805 2518">
    <p class='ocr_par' dir='ltr' id='par_1_51' title="bbox 2222 2444 3805 2518">
     <span class='ocr_line' id='line_1_51' title="bbox 2222 2444 3805 2518; baseline 0.003 -18"><span class='ocrx_word' id='word_1_397' title='bbox 2222 2444 2624 2514; x_wconf 83' lang='lat' dir='ltr'><strong>Propemodum</strong></span> <span class='ocrx_word' id='word_1_398' title='bbox 2656 2446 2904 2501; x_wconf 88' lang='lat' dir='ltr'><strong>naturale</strong></span> <span class='ocrx_word' id='word_1_399' title='bbox 2943 2459 3027 2503; x_wconf 71' lang='grc' dir='ltr'><strong>εει</strong></span> <span class='ocrx_word' id='word_1_400' title='bbox 3055 2448 3211 2504; x_wconf 89' lang='lat' dir='ltr'><strong>cives</strong></span> <span class='ocrx_word' id='word_1_401' title='bbox 3249 2463 3471 2518; x_wconf 87' lang='lat' dir='ltr'><strong>semper</strong></span> <span class='ocrx_word' id='word_1_402' title='bbox 3500 2451 3703 2507; x_wconf 86' lang='lat' dir='ltr'><strong>civibus</strong></span> <span class='ocrx_word' id='word_1_403' title='bbox 3730 2452 3805 2506; x_wconf 87' lang='lat' dir='ltr'><strong>in-</strong></span> 
     </span>
    </p>
   </div>
   <div class='ocr_carea' id='block_1_52' title="bbox 2224 2536 3799 2614">
    <p class='ocr_par' dir='ltr' id='par_1_52' title="bbox 2224 2536 3799 2614">
     <span class='ocr_line' id='line_1_52' title="bbox 2224 2536 3799 2614; baseline 0.004 -23"><span class='ocrx_word' id='word_1_404' title='bbox 2224 2536 2437 2592; x_wconf 82' lang='lat' dir='ltr'><strong>videre.</strong></span> <span class='ocrx_word' id='word_1_405' title='bbox 2475 2536 2591 2593; x_wconf 88' lang='lat' dir='ltr'><strong>Non</strong></span> <span class='ocrx_word' id='word_1_406' title='bbox 2623 2540 2768 2593; x_wconf 91' lang='lat' dir='ltr'><strong>enim</strong></span> <span class='ocrx_word' id='word_1_407' title='bbox 2790 2538 3146 2594; x_wconf 89' lang='lat' dir='ltr'><strong>considerant</strong></span> <span class='ocrx_word' id='word_1_408' title='bbox 3169 2542 3458 2609; x_wconf 59' lang='lat' dir='ltr'><strong>praesentia</strong></span> <span class='ocrx_word' id='word_1_409' title='bbox 3494 2543 3597 2598; x_wconf 91' lang='lat' dir='ltr'><strong>viri</strong></span> <span class='ocrx_word' id='word_1_410' title='bbox 3626 2557 3799 2614; x_wconf 88' lang='lat' dir='ltr'><strong>opera,</strong></span> 
     </span>
    </p>
   </div>
   <div class='ocr_carea' id='block_1_53' title="bbox 2221 2630 3803 2710">
    <p class='ocr_par' dir='ltr' id='par_1_53' title="bbox 2221 2630 3803 2710">
     <span class='ocr_line' id='line_1_53' title="bbox 2221 2630 3803 2710; baseline 0.004 -25"><span class='ocrx_word' id='word_1_411' title='bbox 2221 2630 2316 2685; x_wconf 91' lang='lat' dir='ltr'><strong>sed</strong></span> <span class='ocrx_word' id='word_1_412' title='bbox 2339 2631 2542 2702; x_wconf 82' lang='lat' dir='ltr'><strong>fragilis</strong></span> <span class='ocrx_word' id='word_1_413' title='bbox 2564 2634 2921 2688; x_wconf 91' lang='lat' dir='ltr'><strong>recordanlur</strong></span> <span class='ocrx_word' id='word_1_414' title='bbox 2941 2632 3207 2703; x_wconf 61' lang='lat' dir='ltr'><strong>infantia,</strong></span> <span class='ocrx_word' id='word_1_415' title='bbox 3226 2636 3381 2707; x_wconf 89' lang='lat' dir='ltr'><strong>quasi</strong></span> <span class='ocrx_word' id='word_1_416' title='bbox 3403 2651 3512 2693; x_wconf 92' lang='lat' dir='ltr'><strong>non</strong></span> <span class='ocrx_word' id='word_1_417' title='bbox 3530 2646 3585 2695; x_wconf 92' lang='lat' dir='ltr'><strong>et</strong></span> <span class='ocrx_word' id='word_1_418' title='bbox 3601 2638 3697 2710; x_wconf 89' lang='lat' dir='ltr'><strong>ipsi</strong></span> <span class='ocrx_word' id='word_1_419' title='bbox 3716 2652 3803 2708; x_wconf 85' lang='lat' dir='ltr'><strong>per</strong></span> 
     </span>
    </p>
   </div>
   <div class='ocr_carea' id='block_1_54' title="bbox 2222 2723 3799 2797">
    <p class='ocr_par' dir='ltr' id='par_1_54' title="bbox 2222 2723 3799 2797">
     <span class='ocr_line' id='line_1_54' title="bbox 2222 2723 3799 2797; baseline 0.004 -18"><span class='ocrx_word' id='word_1_420' title='bbox 2222 2724 2442 2779; x_wconf 90' lang='lat' dir='ltr'><strong>eosdem</strong></span> <span class='ocrx_word' id='word_1_421' title='bbox 2463 2733 2682 2781; x_wconf 72' lang='lat' dir='ltr'><strong>mtatum</strong></span> <span class='ocrx_word' id='word_1_422' title='bbox 2710 2725 2909 2797; x_wconf 88' lang='lat' dir='ltr'><strong>gradus</strong></span> <span class='ocrx_word' id='word_1_423' title='bbox 2928 2727 2997 2783; x_wconf 87' lang='lat' dir='ltr'><strong>ad</strong></span> <span class='ocrx_word' id='word_1_424' title='bbox 3026 2738 3291 2786; x_wconf 87' lang='lat' dir='ltr'><strong>maturam</strong></span> <span class='ocrx_word' id='word_1_425' title='bbox 3309 2741 3527 2789; x_wconf 63' lang='lat' dir='ltr'><strong>aetatem</strong></span> <span class='ocrx_word' id='word_1_426' title='bbox 3546 2723 3799 2789; x_wconf 74' lang='lat' dir='ltr'><strong>venerint.</strong></span> 
     </span>
    </p>
   </div>
   <div class='ocr_carea' id='block_1_55' title="bbox 2294 2816 3801 2895">
    <p class='ocr_par' dir='ltr' id='par_1_55' title="bbox 2294 2816 3801 2895">
     <span class='ocr_line' id='line_1_55' title="bbox 2294 2816 3801 2895; baseline 0.004 -23"><span class='ocrx_word' id='word_1_427' title='bbox 2294 2816 2477 2887; x_wconf 81' lang='lat' dir='ltr'><strong>(Vers.</strong></span> <span class='ocrx_word' id='word_1_428' title='bbox 2504 2817 2617 2890; x_wconf 87' lang='lat'><strong>58.)</strong></span> <span class='ocrx_word' id='word_1_429' title='bbox 2644 2816 2711 2872; x_wconf 86' lang='lat' dir='ltr'><strong>Et</strong></span> <span class='ocrx_word' id='word_1_430' title='bbox 2741 2836 2845 2875; x_wconf 89' lang='lat' dir='ltr'><strong>non</strong></span> <span class='ocrx_word' id='word_1_431' title='bbox 2877 2820 2999 2890; x_wconf 88' lang='lat' dir='ltr'><strong>fecit</strong></span> <span class='ocrx_word' id='word_1_432' title='bbox 3044 2821 3117 2875; x_wconf 89' lang='lat' dir='ltr'><strong>ibi</strong></span> <span class='ocrx_word' id='word_1_433' title='bbox 3144 2822 3359 2877; x_wconf 78' lang='lat' dir='ltr'><strong>uirtutes</strong></span> <span class='ocrx_word' id='word_1_434' title='bbox 3380 2825 3572 2879; x_wconf 87' lang='lat' dir='ltr'><strong>multas</strong></span> <span class='ocrx_word' id='word_1_435' title='bbox 3603 2834 3801 2895; x_wconf 86' lang='lat' dir='ltr'><strong>propter</strong></span> 
     </span>
    </p>
   </div>
   <div class='ocr_carea' id='block_1_56' title="bbox 2221 2904 3802 2977">
    <p class='ocr_par' dir='ltr' id='par_1_56' title="bbox 2221 2904 3802 2977">
     <span class='ocr_line' id='line_1_56' title="bbox 2221 2904 3802 2977; baseline 0.004 -21"><span class='ocrx_word' id='word_1_436' title='bbox 2221 2904 2633 2958; x_wconf 86' lang='lat' dir='ltr'><strong>incredulitatem</strong></span> <span class='ocrx_word' id='word_1_437' title='bbox 2658 2920 2854 2960; x_wconf 87' lang='lat' dir='ltr'><strong>eorum.</strong></span> <span class='ocrx_word' id='word_1_438' title='bbox 2889 2905 3005 2961; x_wconf 87' lang='lat' dir='ltr'><strong>Non</strong></span> <span class='ocrx_word' id='word_1_439' title='bbox 3038 2908 3183 2977; x_wconf 89' lang='lat' dir='ltr'><strong>quod</strong></span> <span class='ocrx_word' id='word_1_440' title='bbox 3205 2909 3369 2964; x_wconf 89' lang='lat' dir='ltr'><strong>etiam</strong></span> <span class='ocrx_word' id='word_1_441' title='bbox 3399 2909 3509 2965; x_wconf 91' lang='lat' dir='ltr'><strong>illis</strong></span> <span class='ocrx_word' id='word_1_442' title='bbox 3527 2910 3802 2967; x_wconf 91' lang='lat' dir='ltr'><strong>incredulis</strong></span> 
     </span>
    </p>
   </div>
   <div class='ocr_carea' id='block_1_57' title="bbox 520 2991 3801 3097">
    <p class='ocr_par' dir='ltr' id='par_1_57' title="bbox 520 2991 3801 3097">
     <span class='ocr_line' id='line_1_57' title="bbox 520 2991 3801 3097; baseline 0.004 -55"><span class='ocrx_word' id='word_1_443' title='bbox 520 2992 888 3070; x_wconf 67' lang='lat' dir='ltr'><strong>[ALsignum]</strong></span> <span class='ocrx_word' id='word_1_444' title='bbox 928 2999 1414 3068; x_wconf 63' lang='lat' dir='ltr'><strong>demonstrabjlur,</strong></span> <span class='ocrx_word' id='word_1_445' title='bbox 1469 3011 1523 3056; x_wconf 63' lang='lat' dir='ltr'><strong>et</strong></span> <span class='ocrx_word' id='word_1_446' title='bbox 1564 3002 1717 3073; x_wconf 74' lang='lat' dir='ltr'><strong>quasi</strong></span> <span class='ocrx_word' id='word_1_447' title='bbox 1776 3002 1830 3057; x_wconf 79' lang='lat' dir='ltr'><strong>in</strong></span> <span class='ocrx_word' id='word_1_448' title='bbox 1879 3003 2113 3074; x_wconf 76' lang='lat' dir='ltr'><strong>quodam</strong></span> <span class='ocrx_word' id='word_1_449' title='bbox 2143 3033 2190 3097; x_wconf 81' lang='lat' dir='ltr'>c</span> <span class='ocrx_word' id='word_1_450' title='bbox 2223 2991 2430 3097; x_wconf 41' lang='lat' dir='ltr'><strong>facere.</strong></span> <span class='ocrx_word' id='word_1_451' title='bbox 2459 3007 2585 3097; x_wconf 39' lang='lat' dir='ltr'><strong>nou‘</strong></span> <span class='ocrx_word' id='word_1_452' title='bbox 2626 2996 2869 3097; x_wconf 80' lang='lat' dir='ltr'><strong>potuerit</strong></span> <span class='ocrx_word' id='word_1_453' title='bbox 2920 2996 3157 3054; x_wconf 90' lang='lat' dir='ltr'><strong>virtutes</strong></span> <span class='ocrx_word' id='word_1_454' title='bbox 3206 2998 3442 3065; x_wconf 88' lang='lat' dir='ltr'><strong>multas;</strong></span> <span class='ocrx_word' id='word_1_455' title='bbox 3501 3000 3604 3097; x_wconf 80' lang='lat' dir='ltr'><strong>sed</strong></span> <span class='ocrx_word' id='word_1_456' title='bbox 3670 2998 3801 3071; x_wconf 88' lang='lat' dir='ltr'><strong>quod</strong></span> 
     </span>
    </p>
   </div>
   <div class='ocr_carea' id='block_1_58' title="bbox 517 3085 2115 3161">
    <p class='ocr_par' dir='ltr' id='par_1_58' title="bbox 517 3085 2115 3161">
     <span class='ocr_line' id='line_1_58' title="bbox 517 3085 2115 3161; baseline 0.006 -20"><span class='ocrx_word' id='word_1_457' title='bbox 517 3085 861 3158; x_wconf 84' lang='lat' dir='ltr'><strong>quietissime</strong></span> <span class='ocrx_word' id='word_1_458' title='bbox 887 3099 1068 3161; x_wconf 90' lang='lat' dir='ltr'><strong>portu,</strong></span> <span class='ocrx_word' id='word_1_459' title='bbox 1100 3092 1229 3147; x_wconf 91' lang='lat' dir='ltr'><strong>boni</strong></span> <span class='ocrx_word' id='word_1_460' title='bbox 1260 3092 1544 3149; x_wconf 89' lang='lat' dir='ltr'><strong>mittentur</strong></span> <span class='ocrx_word' id='word_1_461' title='bbox 1573 3093 1624 3147; x_wconf 93' lang='lat' dir='ltr'><strong>in</strong></span> <span class='ocrx_word' id='word_1_462' title='bbox 1660 3108 1785 3148; x_wconf 86' lang='lat' dir='ltr'><strong>vasa</strong></span> <span class='ocrx_word' id='word_1_463' title='bbox 1808 3096 2115 3150; x_wconf 75' lang='lat' dir='ltr'><strong>etelestinm</strong></span> 
     </span>
    </p>
   </div>
   <div class='ocr_carea' id='block_1_59' title="bbox 526 3180 2120 3245">
    <p class='ocr_par' dir='ltr' id='par_1_59' title="bbox 526 3180 2120 3245">
     <span class='ocr_line' id='line_1_59' title="bbox 526 3180 2120 3245; baseline 0.008 -12"><span class='ocrx_word' id='word_1_464' title='bbox 526 3180 870 3238; x_wconf 89' lang='lat' dir='ltr'><strong>mansionum</strong></span> <span class='ocrx_word' id='word_1_465' title='bbox 905 3200 920 3237; x_wconf 87' lang='lat'><strong>:</strong></span> <span class='ocrx_word' id='word_1_466' title='bbox 954 3183 1129 3239; x_wconf 89' lang='lat' dir='ltr'><strong>malos</strong></span> <span class='ocrx_word' id='word_1_467' title='bbox 1185 3194 1365 3241; x_wconf 90' lang='lat' dir='ltr'><strong>autem</strong></span> <span class='ocrx_word' id='word_1_468' title='bbox 1414 3185 1704 3242; x_wconf 90' lang='lat' dir='ltr'><strong>torrendos</strong></span> <span class='ocrx_word' id='word_1_469' title='bbox 1735 3197 1791 3243; x_wconf 92' lang='lat' dir='ltr'><strong>et</strong></span> <span class='ocrx_word' id='word_1_470' title='bbox 1833 3188 2120 3245; x_wconf 77' lang='lat' dir='ltr'><strong>exsiccan-</strong></span> 
     </span>
    </p>
   </div>
   <div class='ocr_carea' id='block_1_60' title="bbox 522 3269 1458 3349">
    <p class='ocr_par' dir='ltr' id='par_1_60' title="bbox 522 3269 1458 3349">
     <span class='ocr_line' id='line_1_60' title="bbox 522 3269 1458 3349; baseline 0.006 -23"><span class='ocrx_word' id='word_1_471' title='bbox 522 3269 621 3326; x_wconf 85' lang='lat' dir='ltr'><strong>dos</strong></span> <span class='ocrx_word' id='word_1_472' title='bbox 640 3271 908 3343; x_wconf 59' lang='lat' dir='ltr'><strong>gehennae</strong></span> <span class='ocrx_word' id='word_1_473' title='bbox 936 3275 1151 3331; x_wconf 74' lang='lat' dir='ltr'><strong>[lamina</strong></span> <span class='ocrx_word' id='word_1_474' title='bbox 1175 3278 1458 3349; x_wconf 87' lang='lat' dir='ltr'><strong>suscipiet.</strong></span> 
     </span>
    </p>
   </div>
   <div class='ocr_carea' id='block_1_61' title="bbox 596 3363 2120 3440">
    <p class='ocr_par' dir='ltr' id='par_1_61' title="bbox 596 3363 2120 3440">
     <span class='ocr_line' id='line_1_61' title="bbox 596 3363 2120 3440; baseline 0.008 -21"><span class='ocrx_word' id='word_1_475' title='bbox 596 3363 774 3435; x_wconf 83' lang='lat' dir='ltr'><strong>(Vers.</strong></span> <span class='ocrx_word' id='word_1_476' title='bbox 827 3365 944 3440; x_wconf 85' lang='lat' dir='ltr'><strong>5i.)</strong></span> <span class='ocrx_word' id='word_1_477' title='bbox 988 3368 1332 3425; x_wconf 77' lang='lat' dir='ltr'><strong>Intellexistis</strong></span> <span class='ocrx_word' id='word_1_478' title='bbox 1382 3370 1494 3426; x_wconf 64' lang='lat' dir='ltr'><strong>haec</strong></span> <span class='ocrx_word' id='word_1_479' title='bbox 1542 3372 1753 3428; x_wconf 86' lang='lat' dir='ltr'><strong>omnia?</strong></span> <span class='ocrx_word' id='word_1_480' title='bbox 1793 3372 1985 3429; x_wconf 88' lang='lat' dir='ltr'><strong>Dicunt</strong></span> <span class='ocrx_word' id='word_1_481' title='bbox 2023 3376 2120 3431; x_wconf 90' lang='lat' dir='ltr'><strong>ei:</strong></span> 
     </span>
    </p>
   </div>
   <div class='ocr_carea' id='block_1_62' title="bbox 520 3452 2118 3534">
    <p class='ocr_par' dir='ltr' id='par_1_62' title="bbox 520 3452 2118 3534">
     <span class='ocr_line' id='line_1_62' title="bbox 520 3452 2118 3534; baseline 0.009 -26"><span class='ocrx_word' id='word_1_482' title='bbox 520 3452 718 3512; x_wconf 83' lang='lat' dir='ltr'><strong>Etiam.</strong></span> <span class='ocrx_word' id='word_1_483' title='bbox 744 3457 832 3513; x_wconf 79' lang='lat' dir='ltr'><strong>Ait</strong></span> <span class='ocrx_word' id='word_1_484' title='bbox 858 3458 985 3514; x_wconf 88' lang='lat' dir='ltr'><strong>illis.</strong></span> <span class='ocrx_word' id='word_1_485' title='bbox 1020 3460 1103 3515; x_wconf 85' lang='lat' dir='ltr'><strong>Ad</strong></span> <span class='ocrx_word' id='word_1_486' title='bbox 1128 3463 1409 3530; x_wconf 90' lang='lat' dir='ltr'><strong>apostolos</strong></span> <span class='ocrx_word' id='word_1_487' title='bbox 1441 3464 1660 3534; x_wconf 91' lang='lat' dir='ltr'><strong>proprie</strong></span> <span class='ocrx_word' id='word_1_488' title='bbox 1696 3478 1879 3520; x_wconf 90' lang='lat' dir='ltr'><strong>sermo</strong></span> <span class='ocrx_word' id='word_1_489' title='bbox 1912 3475 2023 3531; x_wconf 88' lang='lat' dir='ltr'><strong>est;</strong></span> <span class='ocrx_word' id='word_1_490' title='bbox 2062 3477 2118 3523; x_wconf 93' lang='lat' dir='ltr'><strong>et</strong></span> 
     </span>
    </p>
   </div>
   <div class='ocr_carea' id='block_1_63' title="bbox 511 3547 2117 3623">
    <p class='ocr_par' dir='ltr' id='par_1_63' title="bbox 511 3547 2117 3623">
     <span class='ocr_line' id='line_1_63' title="bbox 511 3547 2117 3623; baseline 0.005 -18"><span class='ocrx_word' id='word_1_491' title='bbox 511 3547 626 3605; x_wconf 89' lang='lat' dir='ltr'><strong>illis</strong></span> <span class='ocrx_word' id='word_1_492' title='bbox 650 3550 848 3606; x_wconf 87' lang='lat' dir='ltr'><strong>dicitur</strong></span> <span class='ocrx_word' id='word_1_493' title='bbox 881 3568 895 3606; x_wconf 88' lang='lat'><strong>:</strong></span> <span class='ocrx_word' id='word_1_494' title='bbox 927 3550 1270 3608; x_wconf 69' lang='lat' dir='ltr'><strong>Intellexistis</strong></span> <span class='ocrx_word' id='word_1_495' title='bbox 1295 3555 1409 3608; x_wconf 70' lang='lat' dir='ltr'><strong>hinc</strong></span> <span class='ocrx_word' id='word_1_496' title='bbox 1434 3556 1646 3619; x_wconf 86' lang='lat' dir='ltr'><strong>omnia;</strong></span> <span class='ocrx_word' id='word_1_497' title='bbox 1680 3555 1830 3623; x_wconf 88' lang='lat' dir='ltr'><strong>Quos</strong></span> <span class='ocrx_word' id='word_1_498' title='bbox 1860 3572 1970 3611; x_wconf 92' lang='lat' dir='ltr'><strong>non</strong></span> <span class='ocrx_word' id='word_1_499' title='bbox 2004 3558 2117 3613; x_wconf 82' lang='lat' dir='ltr'><strong>vult</strong></span> 
     </span>
    </p>
   </div>
   <div class='ocr_carea' id='block_1_64' title="bbox 518 3642 2116 3722">
    <p class='ocr_par' dir='ltr' id='par_1_64' title="bbox 518 3642 2116 3722">
     <span class='ocr_line' id='line_1_64' title="bbox 518 3642 2116 3722; baseline 0.007 -25"><span class='ocrx_word' id='word_1_500' title='bbox 518 3642 709 3698; x_wconf 89' lang='lat' dir='ltr'><strong>audire</strong></span> <span class='ocrx_word' id='word_1_501' title='bbox 740 3653 949 3700; x_wconf 79' lang='lat' dir='ltr'><strong>tantum</strong></span> <span class='ocrx_word' id='word_1_502' title='bbox 982 3656 1041 3700; x_wconf 94' lang='lat' dir='ltr'><strong>ut</strong></span> <span class='ocrx_word' id='word_1_503' title='bbox 1073 3647 1332 3718; x_wconf 88' lang='lat' dir='ltr'><strong>populum</strong></span> <span class='ocrx_word' id='word_1_504' title='bbox 1355 3689 1372 3717; x_wconf 92' lang='lat'><strong>,</strong></span> <span class='ocrx_word' id='word_1_505' title='bbox 1426 3648 1525 3705; x_wconf 87' lang='lat' dir='ltr'><strong>sed</strong></span> <span class='ocrx_word' id='word_1_506' title='bbox 1572 3649 1882 3722; x_wconf 85' lang='lat' dir='ltr'><strong>intelligere</strong></span> <span class='ocrx_word' id='word_1_507' title='bbox 1912 3662 1967 3706; x_wconf 91' lang='lat' dir='ltr'><strong>ut</strong></span> <span class='ocrx_word' id='word_1_508' title='bbox 2001 3669 2116 3708; x_wconf 85' lang='lat' dir='ltr'><strong>ma-</strong></span> 
     </span>
    </p>
   </div>
   <div class='ocr_carea' id='block_1_65' title="bbox 518 3735 982 3804">
    <p class='ocr_par' dir='ltr' id='par_1_65' title="bbox 518 3735 982 3804">
     <span class='ocr_line' id='line_1_65' title="bbox 518 3735 982 3804; baseline 0.004 -16"><span class='ocrx_word' id='word_1_509' title='bbox 518 3735 720 3804; x_wconf 85' lang='lat' dir='ltr'><strong>gistros</strong></span> <span class='ocrx_word' id='word_1_510' title='bbox 750 3736 982 3792; x_wconf 79' lang='lat' dir='ltr'><strong>futuros.</strong></span> 
     </span>
    </p>
   </div>
   <div class='ocr_carea' id='block_1_66' title="bbox 596 3827 2113 3909">
    <p class='ocr_par' dir='ltr' id='par_1_66' title="bbox 596 3827 2113 3909">
     <span class='ocr_line' id='line_1_66' title="bbox 596 3827 2113 3909; baseline 0.009 -28"><span class='ocrx_word' id='word_1_511' title='bbox 596 3827 778 3895; x_wconf 82' lang='lat' dir='ltr'><strong>(Vers.</strong></span> <span class='ocrx_word' id='word_1_512' title='bbox 814 3828 929 3902; x_wconf 75' lang='lat'><strong>52.)</strong></span> <span class='ocrx_word' id='word_1_513' title='bbox 964 3829 1093 3885; x_wconf 85' lang='lat' dir='ltr'><strong>Ideo</strong></span> <span class='ocrx_word' id='word_1_514' title='bbox 1123 3833 1290 3885; x_wconf 86' lang='lat' dir='ltr'><strong>omnis</strong></span> <span class='ocrx_word' id='word_1_515' title='bbox 1337 3831 1520 3888; x_wconf 89' lang='lat' dir='ltr'><strong>Scriba</strong></span> <span class='ocrx_word' id='word_1_516' title='bbox 1544 3835 1728 3890; x_wconf 87' lang='lat' dir='ltr'><strong>doctus</strong></span> <span class='ocrx_word' id='word_1_517' title='bbox 1751 3836 1803 3890; x_wconf 92' lang='lat' dir='ltr'><strong>in</strong></span> <span class='ocrx_word' id='word_1_518' title='bbox 1826 3853 1985 3909; x_wconf 87' lang='lat' dir='ltr'><strong>regno</strong></span> <span class='ocrx_word' id='word_1_519' title='bbox 2013 3856 2113 3894; x_wconf 75' lang='lat' dir='ltr'><strong>cae-</strong></span> 
     </span>
    </p>
   </div>
   <div class='ocr_carea' id='block_1_67' title="bbox 517 3919 2112 4000">
    <p class='ocr_par' dir='ltr' id='par_1_67' title="bbox 517 3919 2112 4000">
     <span class='ocr_line' id='line_1_67' title="bbox 517 3919 2112 4000; baseline 0.005 -25"><span class='ocrx_word' id='word_1_520' title='bbox 517 3919 688 3975; x_wconf 85' lang='lat' dir='ltr'><strong>lorum</strong></span> <span class='ocrx_word' id='word_1_521' title='bbox 717 3919 902 3974; x_wconf 87' lang='lat' dir='ltr'><strong>similis</strong></span> <span class='ocrx_word' id='word_1_522' title='bbox 941 3931 1015 3976; x_wconf 87' lang='lat' dir='ltr'><strong>est</strong></span> <span class='ocrx_word' id='word_1_523' title='bbox 1046 3923 1244 3977; x_wconf 89' lang='lat' dir='ltr'><strong>homini</strong></span> <span class='ocrx_word' id='word_1_524' title='bbox 1281 3924 1672 3994; x_wconf 85' lang='lat' dir='ltr'><strong>patrifamilias,</strong></span> <span class='ocrx_word' id='word_1_525' title='bbox 1703 3928 1793 3996; x_wconf 87' lang='lat' dir='ltr'><strong>qui</strong></span> <span class='ocrx_word' id='word_1_526' title='bbox 1818 3928 2019 4000; x_wconf 87' lang='lat' dir='ltr'><strong>profert</strong></span> <span class='ocrx_word' id='word_1_527' title='bbox 2046 3931 2112 3984; x_wconf 84' lang='lat' dir='ltr'><strong>de</strong></span> 
     </span>
    </p>
   </div>
   <div class='ocr_carea' id='block_1_68' title="bbox 519 4012 2110 4092">
    <p class='ocr_par' dir='ltr' id='par_1_68' title="bbox 519 4012 2110 4092">
     <span class='ocr_line' id='line_1_68' title="bbox 519 4012 2110 4092; baseline 0.005 -29"><span class='ocrx_word' id='word_1_528' title='bbox 519 4012 764 4067; x_wconf 82' lang='lat' dir='ltr'><strong>thesauro</strong></span> <span class='ocrx_word' id='word_1_529' title='bbox 797 4030 891 4067; x_wconf 90' lang='lat' dir='ltr'><strong>suo</strong></span> <span class='ocrx_word' id='word_1_530' title='bbox 912 4030 1043 4069; x_wconf 83' lang='lat' dir='ltr'><strong>nova</strong></span> <span class='ocrx_word' id='word_1_531' title='bbox 1072 4026 1120 4068; x_wconf 89' lang='lat' dir='ltr'><strong>et</strong></span> <span class='ocrx_word' id='word_1_532' title='bbox 1148 4023 1337 4071; x_wconf 81' lang='lat' dir='ltr'><strong>vetera.</strong></span> <span class='ocrx_word' id='word_1_533' title='bbox 1388 4016 1643 4073; x_wconf 87' lang='lat' dir='ltr'><strong>lnstructi</strong></span> <span class='ocrx_word' id='word_1_534' title='bbox 1670 4029 1826 4074; x_wconf 90' lang='lat' dir='ltr'><strong>erant</strong></span> <span class='ocrx_word' id='word_1_535' title='bbox 1855 4023 2110 4092; x_wconf 78' lang='lat' dir='ltr'><strong>apostoli,</strong></span> 
     </span>
    </p>
   </div>
   <div class='ocr_carea' id='block_1_69' title="bbox 521 4103 2111 4178">
    <p class='ocr_par' dir='ltr' id='par_1_69' title="bbox 521 4103 2111 4178">
     <span class='ocr_line' id='line_1_69' title="bbox 521 4103 2111 4178; baseline 0.007 -18"><span class='ocrx_word' id='word_1_536' title='bbox 521 4103 732 4160; x_wconf 65' lang='lat' dir='ltr'><strong>Scriba:</strong></span> <span class='ocrx_word' id='word_1_537' title='bbox 781 4116 835 4160; x_wconf 88' lang='lat' dir='ltr'><strong>et</strong></span> <span class='ocrx_word' id='word_1_538' title='bbox 859 4107 1053 4161; x_wconf 85' lang='lat' dir='ltr'><strong>notarii</strong></span> <span class='ocrx_word' id='word_1_539' title='bbox 1115 4108 1438 4175; x_wconf 85' lang='lat' dir='ltr'><strong>Salvatoris,</strong></span> <span class='ocrx_word' id='word_1_540' title='bbox 1488 4109 1580 4178; x_wconf 79' lang='lat' dir='ltr'><strong>qui</strong></span> <span class='ocrx_word' id='word_1_541' title='bbox 1639 4111 1805 4167; x_wconf 90' lang='lat' dir='ltr'><strong>verba</strong></span> <span class='ocrx_word' id='word_1_542' title='bbox 1858 4112 2004 4169; x_wconf 92' lang='lat' dir='ltr'><strong>illius</strong></span> <span class='ocrx_word' id='word_1_543' title='bbox 2059 4124 2111 4171; x_wconf 89' lang='lat' dir='ltr'><strong>et</strong></span> 
     </span>
    </p>
   </div>
   <div class='ocr_carea' id='block_1_70' title="bbox 520 4199 2113 4272">
    <p class='ocr_par' dir='ltr' id='par_1_70' title="bbox 520 4199 2113 4272">
     <span class='ocr_line' id='line_1_70' title="bbox 520 4199 2113 4272; baseline 0.006 -20"><span class='ocrx_word' id='word_1_544' title='bbox 520 4206 790 4269; x_wconf 68' lang='lat' dir='ltr'><strong>praecepta</strong></span> <span class='ocrx_word' id='word_1_545' title='bbox 821 4199 1107 4270; x_wconf 83' lang='lat' dir='ltr'><strong>signabant</strong></span> <span class='ocrx_word' id='word_1_546' title='bbox 1144 4200 1198 4255; x_wconf 92' lang='lat' dir='ltr'><strong>in</strong></span> <span class='ocrx_word' id='word_1_547' title='bbox 1233 4200 1433 4257; x_wconf 87' lang='lat' dir='ltr'><strong>tabulis</strong></span> <span class='ocrx_word' id='word_1_548' title='bbox 1464 4202 1644 4257; x_wconf 89' lang='lat' dir='ltr'><strong>cordis</strong></span> <span class='ocrx_word' id='word_1_549' title='bbox 1671 4204 2002 4272; x_wconf 82' lang='lat' dir='ltr'><strong>carnalibus,</strong></span> <span class='ocrx_word' id='word_1_550' title='bbox 2027 4220 2113 4262; x_wconf 87' lang='lat' dir='ltr'><strong>re-</strong></span> 
     </span>
    </p>
   </div>
   <div class='ocr_carea' id='block_1_71' title="bbox 511 4292 2116 4369">
    <p class='ocr_par' dir='ltr' id='par_1_71' title="bbox 511 4292 2116 4369">
     <span class='ocr_line' id='line_1_71' title="bbox 511 4292 2116 4369; baseline 0.008 -26"><span class='ocrx_word' id='word_1_551' title='bbox 511 4304 743 4361; x_wconf 91' lang='lat' dir='ltr'><strong>gnorum</strong></span> <span class='ocrx_word' id='word_1_552' title='bbox 768 4292 1074 4347; x_wconf 60' lang='lat' dir='ltr'><strong>caelestium</strong></span> <span class='ocrx_word' id='word_1_553' title='bbox 1095 4296 1478 4362; x_wconf 88' lang='lat' dir='ltr'><strong>sacramentis,</strong></span> <span class='ocrx_word' id='word_1_554' title='bbox 1493 4304 1549 4351; x_wconf 93' lang='lat' dir='ltr'><strong>et</strong></span> <span class='ocrx_word' id='word_1_555' title='bbox 1568 4306 1590 4335; x_wconf 79' lang='grc' dir='ltr'><strong>ο</strong></span> <span class='ocrx_word' id='word_1_556' title='bbox 1609 4297 1892 4367; x_wconf 88' lang='lat' dir='ltr'><strong>pollebant</strong></span> <span class='ocrx_word' id='word_1_557' title='bbox 1921 4299 2116 4369; x_wconf 90' lang='lat' dir='ltr'><strong>opibus</strong></span> 
     </span>
    </p>
   </div>
   <div class='ocr_carea' id='block_1_72' title="bbox 521 4383 2110 4455">
    <p class='ocr_par' dir='ltr' id='par_1_72' title="bbox 521 4383 2110 4455">
     <span class='ocr_line' id='line_1_72' title="bbox 521 4383 2110 4455; baseline 0.009 -21"><span class='ocrx_word' id='word_1_558' title='bbox 521 4383 940 4455; x_wconf 77' lang='lat' dir='ltr'><strong>patrisfamilim,</strong></span> <span class='ocrx_word' id='word_1_559' title='bbox 989 4386 1282 4455; x_wconf 87' lang='lat' dir='ltr'><strong>ejicientes</strong></span> <span class='ocrx_word' id='word_1_560' title='bbox 1337 4387 1406 4443; x_wconf 94' lang='lat' dir='ltr'><strong>de</strong></span> <span class='ocrx_word' id='word_1_561' title='bbox 1443 4387 1697 4446; x_wconf 87' lang='lat' dir='ltr'><strong>thesauro</strong></span> <span class='ocrx_word' id='word_1_562' title='bbox 1736 4390 2110 4449; x_wconf 85' lang='lat' dir='ltr'><strong>doctrinarum</strong></span> 
     </span>
    </p>
   </div>
   <div class='ocr_carea' id='block_1_73' title="bbox 515 4481 2111 4557">
    <p class='ocr_par' dir='ltr' id='par_1_73' title="bbox 515 4481 2111 4557">
     <span class='ocr_line' id='line_1_73' title="bbox 515 4481 2111 4557; baseline 0.007 -28"><span class='ocrx_word' id='word_1_563' title='bbox 515 4489 736 4529; x_wconf 88' lang='lat' dir='ltr'><strong>suarum</strong></span> <span class='ocrx_word' id='word_1_564' title='bbox 766 4490 902 4531; x_wconf 88' lang='lat' dir='ltr'><strong>nova</strong></span> <span class='ocrx_word' id='word_1_565' title='bbox 948 4486 1003 4532; x_wconf 87' lang='lat' dir='ltr'><strong>et</strong></span> <span class='ocrx_word' id='word_1_566' title='bbox 1048 4486 1231 4534; x_wconf 88' lang='lat' dir='ltr'><strong>vetera</strong></span> <span class='ocrx_word' id='word_1_567' title='bbox 1267 4496 1279 4532; x_wconf 89' lang='lat'><strong>:</strong></span> <span class='ocrx_word' id='word_1_568' title='bbox 1328 4490 1387 4535; x_wconf 93' lang='lat' dir='ltr'><strong>ut</strong></span> <span class='ocrx_word' id='word_1_569' title='bbox 1425 4481 1684 4551; x_wconf 86' lang='lat' dir='ltr'><strong>quidquid</strong></span> <span class='ocrx_word' id='word_1_570' title='bbox 1722 4482 1777 4537; x_wconf 90' lang='lat' dir='ltr'><strong>in</strong></span> <span class='ocrx_word' id='word_1_571' title='bbox 1812 4484 2111 4557; x_wconf 80' lang='lat' dir='ltr'><strong>Evangelio</strong></span> 
     </span>
    </p>
   </div>
   <div class='ocr_carea' id='block_1_74' title="bbox 512 4566 2115 4646">
    <p class='ocr_par' dir='ltr' id='par_1_74' title="bbox 512 4566 2115 4646">
     <span class='ocr_line' id='line_1_74' title="bbox 512 4566 2115 4646; baseline 0.01 -28"><span class='ocrx_word' id='word_1_572' title='bbox 512 4566 905 4637; x_wconf 68' lang='lat' dir='ltr'><strong>praedicabant,</strong></span> <span class='ocrx_word' id='word_1_573' title='bbox 930 4569 1065 4641; x_wconf 74' lang='lat' dir='ltr'><strong>legis</strong></span> <span class='ocrx_word' id='word_1_574' title='bbox 1092 4581 1148 4625; x_wconf 92' lang='lat' dir='ltr'><strong>et</strong></span> <span class='ocrx_word' id='word_1_575' title='bbox 1177 4570 1571 4642; x_wconf 82' lang='lat' dir='ltr'><strong>praphetarum</strong></span> <span class='ocrx_word' id='word_1_576' title='bbox 1604 4575 1829 4629; x_wconf 85' lang='lat' dir='ltr'><strong>vocibus</strong></span> <span class='ocrx_word' id='word_1_577' title='bbox 1860 4591 2115 4646; x_wconf 84' lang='lat' dir='ltr'><strong>compro-</strong></span> 
     </span>
    </p>
   </div>
   <div class='ocr_carea' id='block_1_75' title="bbox 514 4656 2114 4733">
    <p class='ocr_par' dir='ltr' id='par_1_75' title="bbox 514 4656 2114 4733">
     <span class='ocr_line' id='line_1_75' title="bbox 514 4656 2114 4733; baseline 0.008 -21"><span class='ocrx_word' id='word_1_578' title='bbox 514 4656 730 4713; x_wconf 91' lang='lat' dir='ltr'><strong>harent.</strong></span> <span class='ocrx_word' id='word_1_579' title='bbox 777 4659 932 4716; x_wconf 88' lang='lat' dir='ltr'><strong>Unde</strong></span> <span class='ocrx_word' id='word_1_580' title='bbox 987 4670 1043 4717; x_wconf 93' lang='lat' dir='ltr'><strong>et</strong></span> <span class='ocrx_word' id='word_1_581' title='bbox 1086 4677 1285 4733; x_wconf 88' lang='lat' dir='ltr'><strong>sponsa</strong></span> <span class='ocrx_word' id='word_1_582' title='bbox 1331 4664 1467 4720; x_wconf 89' lang='lat' dir='ltr'><strong>dicit</strong></span> <span class='ocrx_word' id='word_1_583' title='bbox 1519 4667 1573 4721; x_wconf 90' lang='lat' dir='ltr'><strong>in</strong></span> <span class='ocrx_word' id='word_1_584' title='bbox 1615 4665 1843 4724; x_wconf 90' lang='lat' dir='ltr'><strong>Cantico</strong></span> <span class='ocrx_word' id='word_1_585' title='bbox 1868 4672 2114 4727; x_wconf 87' lang='lat' dir='ltr'><strong>cantico-</strong></span> 
     </span>
    </p>
   </div>
   <div class='ocr_carea' id='block_1_76' title="bbox 508 4751 2110 4831">
    <p class='ocr_par' dir='ltr' id='par_1_76' title="bbox 508 4751 2110 4831">
     <span class='ocr_line' id='line_1_76' title="bbox 508 4751 2110 4831; baseline 0.007 -23"><span class='ocrx_word' id='word_1_586' title='bbox 508 4766 631 4808; x_wconf 88' lang='lat' dir='ltr'><strong>rum</strong></span> <span class='ocrx_word' id='word_1_587' title='bbox 664 4770 677 4805; x_wconf 89' lang='lat'><strong>:</strong></span> <span class='ocrx_word' id='word_1_588' title='bbox 713 4751 864 4809; x_wconf 79' lang='lat' dir='ltr'><strong>Noua</strong></span> <span class='ocrx_word' id='word_1_589' title='bbox 908 4766 956 4811; x_wconf 88' lang='lat' dir='ltr'><strong>et</strong></span> <span class='ocrx_word' id='word_1_590' title='bbox 984 4754 1012 4793; x_wconf 75' lang='grc' dir='ltr'><strong>ἀ</strong></span> <span class='ocrx_word' id='word_1_591' title='bbox 1035 4765 1226 4824; x_wconf 73' lang='lat' dir='ltr'><strong>cetera,</strong></span> <span class='ocrx_word' id='word_1_592' title='bbox 1252 4759 1524 4829; x_wconf 88' lang='lat' dir='ltr'><strong>fratruelis</strong></span> <span class='ocrx_word' id='word_1_593' title='bbox 1571 4777 1733 4831; x_wconf 88' lang='lat' dir='ltr'><strong>meus,</strong></span> <span class='ocrx_word' id='word_1_594' title='bbox 1779 4766 1979 4819; x_wconf 69' lang='lat' dir='ltr'><strong>servavi</strong></span> <span class='ocrx_word' id='word_1_595' title='bbox 2018 4767 2110 4821; x_wconf 87' lang='lat' dir='ltr'><strong>tibi</strong></span> 
     </span>
    </p>
   </div>
   <div class='ocr_carea' id='block_1_77' title="bbox 511 4841 958 4921">
    <p class='ocr_par' dir='ltr' id='par_1_77' title="bbox 511 4841 958 4921">
     <span class='ocr_line' id='line_1_77' title="bbox 511 4841 958 4921; baseline 0.013 -24"><span class='ocrx_word' id='word_1_596' title='bbox 511 4841 688 4916; x_wconf 81' lang='lat' dir='ltr'><strong>(Cant.</strong></span> <span class='ocrx_word' id='word_1_597' title='bbox 711 4861 806 4913; x_wconf 68' lang='grc' dir='ltr'><strong>τη,</strong></span> <span class='ocrx_word' id='word_1_598' title='bbox 850 4847 958 4921; x_wconf 79' lang='grc'>15).</span> 
     </span>
    </p>
   </div>
   <div class='ocr_carea' id='block_1_78' title="bbox 579 4936 2105 5013">
    <p class='ocr_par' dir='ltr' id='par_1_78' title="bbox 579 4936 2105 5013">
     <span class='ocr_line' id='line_1_78' title="bbox 579 4936 2105 5013; baseline 0.009 -22"><span class='ocrx_word' id='word_1_599' title='bbox 579 4936 760 5002; x_wconf 85' lang='lat' dir='ltr'><strong>(Vers.</strong></span> <span class='ocrx_word' id='word_1_600' title='bbox 787 4941 877 5007; x_wconf 68' lang='lat'><strong>55,</strong></span> <span class='ocrx_word' id='word_1_601' title='bbox 923 4941 1041 5011; x_wconf 67' lang='lat' dir='ltr'><strong>5i.)</strong></span> <span class='ocrx_word' id='word_1_602' title='bbox 1074 4940 1142 4996; x_wconf 86' lang='lat' dir='ltr'><strong>Et</strong></span> <span class='ocrx_word' id='word_1_603' title='bbox 1171 4942 1366 5013; x_wconf 87' lang='lat' dir='ltr'><strong>factum</strong></span> <span class='ocrx_word' id='word_1_604' title='bbox 1410 4955 1487 5000; x_wconf 88' lang='lat' dir='ltr'><strong>est</strong></span> <span class='ocrx_word' id='word_1_605' title='bbox 1535 4963 1654 5003; x_wconf 87' lang='lat' dir='ltr'><strong>cum</strong></span> <span class='ocrx_word' id='word_1_606' title='bbox 1699 4960 2105 5006; x_wconf 85' lang='lat' dir='ltr'><strong>consummasset</strong></span> 
     </span>
    </p>
   </div>
   <div class='ocr_carea' id='block_1_79' title="bbox 505 5027 2105 5115">
    <p class='ocr_par' dir='ltr' id='par_1_79' title="bbox 505 5027 2105 5115">
     <span class='ocr_line' id='line_1_79' title="bbox 505 5027 2105 5115; baseline 0.008 -33"><span class='ocrx_word' id='word_1_607' title='bbox 505 5027 664 5086; x_wconf 73' lang='lat' dir='ltr'><strong>Iesus</strong></span> <span class='ocrx_word' id='word_1_608' title='bbox 688 5032 966 5103; x_wconf 63' lang='lat' dir='ltr'><strong>parabolas</strong></span> <span class='ocrx_word' id='word_1_609' title='bbox 995 5035 1145 5102; x_wconf 90' lang='lat' dir='ltr'><strong>istas,</strong></span> <span class='ocrx_word' id='word_1_610' title='bbox 1186 5037 1396 5091; x_wconf 87' lang='lat' dir='ltr'><strong>transiit</strong></span> <span class='ocrx_word' id='word_1_611' title='bbox 1426 5038 1562 5093; x_wconf 86' lang='lat' dir='ltr'><strong>inde.</strong></span> <span class='ocrx_word' id='word_1_612' title='bbox 1603 5039 1671 5094; x_wconf 84' lang='lat' dir='ltr'><strong>Et</strong></span> <span class='ocrx_word' id='word_1_613' title='bbox 1698 5043 1902 5097; x_wconf 85' lang='lat' dir='ltr'><strong>veniens</strong></span> <span class='ocrx_word' id='word_1_614' title='bbox 1930 5045 1982 5097; x_wconf 88' lang='lat' dir='ltr'><strong>in</strong></span> <span class='ocrx_word' id='word_1_615' title='bbox 2008 5062 2105 5115; x_wconf 79' lang='lat' dir='ltr'><strong>pa-</strong></span> 
     </span>
    </p>
   </div>
   <div class='ocr_carea' id='block_1_80' title="bbox 584 5207 2105 5290">
    <p class='ocr_par' dir='ltr' id='par_1_80' title="bbox 584 5207 2105 5290">
     <span class='ocr_line' id='line_1_80' title="bbox 584 5207 2105 5290; baseline 0.011 -28"><span class='ocrx_word' id='word_1_616' title='bbox 584 5217 608 5245; x_wconf 72' lang='grc' dir='ltr'>ι</span> <span class='ocrx_word' id='word_1_617' title='bbox 643 5207 863 5267; x_wconf 82' lang='lat' dir='ltr'><strong>Addunt</strong></span> <span class='ocrx_word' id='word_1_618' title='bbox 886 5220 999 5267; x_wconf 88' lang='lat' dir='ltr'><strong>tres</strong></span> <span class='ocrx_word' id='word_1_619' title='bbox 1018 5212 1188 5268; x_wconf 82' lang='lat' dir='ltr'><strong>Palat.</strong></span> <span class='ocrx_word' id='word_1_620' title='bbox 1220 5215 1378 5271; x_wconf 88' lang='lat' dir='ltr'><strong>codd.</strong></span> <span class='ocrx_word' id='word_1_621' title='bbox 1397 5234 1515 5287; x_wconf 85' lang='lat' dir='ltr'><strong>sua,</strong></span> <span class='ocrx_word' id='word_1_622' title='bbox 1541 5218 1688 5290; x_wconf 86' lang='lat' dir='ltr'><strong>quod</strong></span> <span class='ocrx_word' id='word_1_623' title='bbox 1713 5236 1813 5278; x_wconf 91' lang='lat' dir='ltr'><strong>nec</strong></span> <span class='ocrx_word' id='word_1_624' title='bbox 1840 5222 1891 5276; x_wconf 92' lang='lat' dir='ltr'><strong>in</strong></span> <span class='ocrx_word' id='word_1_625' title='bbox 1913 5221 2105 5279; x_wconf 71' lang='lat' dir='ltr'><strong>Graeco</strong></span> 
     </span>
    </p>
   </div>
   <div class='ocr_carea' id='block_1_81' title="bbox 508 5291 2101 5434">
    <p class='ocr_par' dir='ltr' id='par_1_81' title="bbox 508 5291 2101 5434">
     <span class='ocr_line' id='line_1_81' title="bbox 571 5294 750 5336; baseline 0.028 -5"><span class='ocrx_word' id='word_1_626' title='bbox 571 5294 633 5332; x_wconf 92' lang='lat' dir='ltr'><strong>so</strong></span> <span class='ocrx_word' id='word_1_627' title='bbox 735 5320 750 5336; x_wconf 94' lang='lat'><strong>.</strong></span> 
     </span>
     <span class='ocr_line' id='line_1_82' title="bbox 508 5291 2101 5434; baseline 0.009 -31"><span class='ocrx_word' id='word_1_628' title='bbox 508 5292 607 5433; x_wconf 52' lang='lat' dir='ltr'><strong>re?</strong></span> <span class='ocrx_word' id='word_1_629' title='bbox 631 5291 970 5434; x_wconf 51' lang='lat' dir='ltr'><strong>abfer-cndu</strong></span> <span class='ocrx_word' id='word_1_630' title='bbox 1010 5351 1262 5434; x_wconf 74' lang='lat' dir='ltr'><strong>Origenis</strong></span> <span class='ocrx_word' id='word_1_631' title='bbox 1306 5358 1690 5434; x_wconf 77' lang='lat' dir='ltr'><strong>interpretatio</strong></span> <span class='ocrx_word' id='word_1_632' title='bbox 1747 5364 1907 5434; x_wconf 88' lang='lat' dir='ltr'><strong>hujus</strong></span> <span class='ocrx_word' id='word_1_633' title='bbox 1964 5366 2101 5429; x_wconf 88' lang='lat' dir='ltr'><strong>loci,</strong></span> 
     </span>
    </p>
   </div>
   <div class='ocr_carea' id='block_1_82' title="bbox 510 5420 2098 5503">
    <p class='ocr_par' dir='ltr' id='par_1_82' title="bbox 510 5420 2098 5503">
     <span class='ocr_line' id='line_1_83' title="bbox 510 5420 2098 5503; baseline 0.009 -29"><span class='ocrx_word' id='word_1_634' title='bbox 510 5420 599 5503; x_wconf 51' lang='lat' dir='ltr'><strong>cui</strong></span> <span class='ocrx_word' id='word_1_635' title='bbox 651 5420 1743 5503; x_wconf 48' lang='lat' dir='ltr'><strong>es_t__Hieronymi5na_ismare-perquam</strong></span> <span class='ocrx_word' id='word_1_636' title='bbox 1799 5420 2098 5490; x_wconf 56' lang='lat' dir='ltr'><strong>simillima:</strong></span> 
     </span>
    </p>
   </div>
   <div class='ocr_carea' id='block_1_83' title="bbox 510 5490 2107 5575">
    <p class='ocr_par' dir='ltr' id='par_1_83' title="bbox 510 5490 2107 5575">
     <span class='ocr_line' id='line_1_84' title="bbox 510 5490 2107 5575; baseline 0.01 -30"><span class='ocrx_word' id='word_1_637' title='bbox 510 5490 939 5575; x_wconf 67' lang='lat' dir='ltr'><strong>&#39;l‘heophilactus</strong></span> <span class='ocrx_word' id='word_1_638' title='bbox 962 5490 1179 5568; x_wconf 78' lang='lat' dir='ltr'><strong>quoque</strong></span> <span class='ocrx_word' id='word_1_639' title='bbox 1212 5500 1357 5556; x_wconf 88' lang='lat' dir='ltr'><strong>hunc</strong></span> <span class='ocrx_word' id='word_1_640' title='bbox 1403 5490 1581 5558; x_wconf 66' lang='lat' dir='ltr'><strong>loc&#39;um</strong></span> <span class='ocrx_word' id='word_1_641' title='bbox 1600 5490 1673 5560; x_wconf 75' lang='lat' dir='ltr'><strong>ex</strong></span> <span class='ocrx_word' id='word_1_642' title='bbox 1701 5505 1938 5575; x_wconf 85' lang='lat' dir='ltr'><strong>Origene</strong></span> <span class='ocrx_word' id='word_1_643' title='bbox 1961 5507 2107 5561; x_wconf 86' lang='lat' dir='ltr'><strong>arri-</strong></span> 
     </span>
    </p>
   </div>
   <div class='ocr_carea' id='block_1_84' title="bbox 512 5570 1690 5714">
    <p class='ocr_par' dir='ltr' id='par_1_84' title="bbox 512 5570 1690 5714">
     <span class='ocr_line' id='line_1_85' title="bbox 512 5570 1690 5714; baseline 0.059 -83"><span class='ocrx_word' id='word_1_644' title='bbox 512 5570 877 5714; x_wconf 27' lang='lat' dir='ltr'><strong>Puéﬁkhabb”</strong></span> <span class='ocrx_word' id='word_1_645' title='bbox 893 5644 960 5714; x_wconf 88' lang='lat' dir='ltr'><strong>__et</strong></span> <span class='ocrx_word' id='word_1_646' title='bbox 982 5638 1309 5714; x_wconf 76' lang='lat' dir='ltr'><strong>pullulabant</strong></span> <span class='ocrx_word' id='word_1_647' title='bbox 1328 5652 1378 5698; x_wconf 91' lang='lat' dir='ltr'><strong>et</strong></span> <span class='ocrx_word' id='word_1_648' title='bbox 1404 5644 1690 5714; x_wconf 90' lang='lat' dir='ltr'><strong>pollebant.</strong></span> 
     </span>
    </p>
   </div>
   <div class='ocr_carea' id='block_1_85' title="bbox 582 5700 2104 5779">
    <p class='ocr_par' dir='ltr' id='par_1_85' title="bbox 582 5700 2104 5779">
     <span class='ocr_line' id='line_1_86' title="bbox 582 5700 2104 5779; baseline 0.009 -22"><span class='ocrx_word' id='word_1_649' title='bbox 582 5700 611 5741; x_wconf 75' lang='grc'><em>³</em></span> <span class='ocrx_word' id='word_1_650' title='bbox 640 5702 694 5758; x_wconf 91' lang='lat' dir='ltr'><strong>In</strong></span> <span class='ocrx_word' id='word_1_651' title='bbox 724 5700 1311 5779; x_wconf 44' lang='lat' dir='ltr'><strong>mssﬁExémplaribus</strong></span> <span class='ocrx_word' id='word_1_652' title='bbox 1341 5700 1656 5773; x_wconf 78' lang='lat' dir='ltr'><strong>Monasterii</strong></span> <span class='ocrx_word' id='word_1_653' title='bbox 1680 5700 1863 5772; x_wconf 89' lang='lat' dir='ltr'><strong>nostri</strong></span> <span class='ocrx_word' id='word_1_654' title='bbox 1896 5716 1957 5773; x_wconf 88' lang='lat' dir='ltr'><strong>S.</strong></span> <span class='ocrx_word' id='word_1_655' title='bbox 1988 5716 2104 5771; x_wconf 85' lang='lat' dir='ltr'><strong>An-</strong></span> 
     </span>
    </p>
   </div>
   <div class='ocr_carea' id='block_1_86' title="bbox 508 5772 2103 5858">
    <p class='ocr_par' dir='ltr' id='par_1_86' title="bbox 508 5772 2103 5858">
     <span class='ocr_line' id='line_1_87' title="bbox 508 5772 2103 5858; baseline 0.007 -27"><span class='ocrx_word' id='word_1_656' title='bbox 508 5772 656 5832; x_wconf 74' lang='lat' dir='ltr'><strong>dreae</strong></span> <span class='ocrx_word' id='word_1_657' title='bbox 700 5788 859 5833; x_wconf 88' lang='lat' dir='ltr'><strong>secus</strong></span> <span class='ocrx_word' id='word_1_658' title='bbox 880 5772 1220 5838; x_wconf 82' lang='lat' dir='ltr'><strong>Avenionem</strong></span> <span class='ocrx_word' id='word_1_659' title='bbox 1240 5792 1296 5840; x_wconf 93' lang='lat' dir='ltr'><strong>et</strong></span> <span class='ocrx_word' id='word_1_660' title='bbox 1313 5783 1368 5840; x_wconf 91' lang='lat' dir='ltr'><strong>in</strong></span> <span class='ocrx_word' id='word_1_661' title='bbox 1390 5799 1499 5841; x_wconf 90' lang='lat' dir='ltr'><strong>uno</strong></span> <span class='ocrx_word' id='word_1_662' title='bbox 1521 5786 1579 5843; x_wconf 91' lang='lat' dir='ltr'><strong>S.</strong></span> <span class='ocrx_word' id='word_1_663' title='bbox 1601 5772 1812 5858; x_wconf 76' lang='lat' dir='ltr'><strong>Remigi</strong></span> <span class='ocrx_word' id='word_1_664' title='bbox 1833 5772 2064 5858; x_wconf 80' lang='lat' dir='ltr'><strong>legimus</strong></span> <span class='ocrx_word' id='word_1_665' title='bbox 2086 5804 2103 5842; x_wconf 90' lang='lat'><strong>:</strong></span> 
     </span>
    </p>
   </div>
   <div class='ocr_carea' id='block_1_87' title="bbox 2222 3085 3801 3155">
    <p class='ocr_par' dir='ltr' id='par_1_87' title="bbox 2222 3085 3801 3155">
     <span class='ocr_line' id='line_1_88' title="bbox 2222 3085 3801 3155; baseline 0.004 -14"><span class='ocrx_word' id='word_1_666' title='bbox 2222 3101 2291 3141; x_wconf 87' lang='lat' dir='ltr'><strong>ne</strong></span> <span class='ocrx_word' id='word_1_667' title='bbox 2321 3085 2521 3143; x_wconf 85' lang='lat' dir='ltr'><strong>multas</strong></span> <span class='ocrx_word' id='word_1_668' title='bbox 2563 3086 2771 3145; x_wconf 82' lang='lat' dir='ltr'><strong>faciens</strong></span> <span class='ocrx_word' id='word_1_669' title='bbox 2806 3091 3068 3155; x_wconf 86' lang='lat' dir='ltr'><strong>virtutes,</strong></span> <span class='ocrx_word' id='word_1_670' title='bbox 3118 3092 3266 3147; x_wconf 92' lang='lat' dir='ltr'><strong>cives</strong></span> <span class='ocrx_word' id='word_1_671' title='bbox 3321 3093 3639 3150; x_wconf 85' lang='lat' dir='ltr'><strong>incredulos</strong></span> <span class='ocrx_word' id='word_1_672' title='bbox 3679 3108 3801 3149; x_wconf 86' lang='lat' dir='ltr'><strong>con-</strong></span> 
     </span>
    </p>
   </div>
   <div class='ocr_carea' id='block_1_88' title="bbox 2223 3176 3799 3256">
    <p class='ocr_par' dir='ltr' id='par_1_88' title="bbox 2223 3176 3799 3256">
     <span class='ocr_line' id='line_1_89' title="bbox 2223 3176 3799 3256; baseline 0.003 -24"><span class='ocrx_word' id='word_1_673' title='bbox 2223 3176 2523 3234; x_wconf 89' lang='lat' dir='ltr'><strong>demnaret.</strong></span> <span class='ocrx_word' id='word_1_674' title='bbox 2556 3178 2743 3235; x_wconf 86' lang='lat' dir='ltr'><strong>Potest</strong></span> <span class='ocrx_word' id='word_1_675' title='bbox 2773 3189 2957 3237; x_wconf 89' lang='lat' dir='ltr'><strong>autem</strong></span> <span class='ocrx_word' id='word_1_676' title='bbox 2988 3192 3044 3238; x_wconf 90' lang='lat' dir='ltr'><strong>et</strong></span> <span class='ocrx_word' id='word_1_677' title='bbox 3065 3181 3225 3238; x_wconf 89' lang='lat' dir='ltr'><strong>aliter</strong></span> <span class='ocrx_word' id='word_1_678' title='bbox 3254 3182 3517 3255; x_wconf 88' lang='lat' dir='ltr'><strong>intelligi,</strong></span> <span class='ocrx_word' id='word_1_679' title='bbox 3546 3184 3687 3256; x_wconf 90' lang='lat' dir='ltr'><strong>quod</strong></span> <span class='ocrx_word' id='word_1_680' title='bbox 3715 3183 3799 3238; x_wconf 82' lang='lat' dir='ltr'><strong>Je-</strong></span> 
     </span>
    </p>
   </div>
   <div class='ocr_carea' id='block_1_89' title="bbox 2222 3274 3800 3347">
    <p class='ocr_par' dir='ltr' id='par_1_89' title="bbox 2222 3274 3800 3347">
     <span class='ocr_line' id='line_1_90' title="bbox 2222 3274 3800 3347; baseline 0.003 -19"><span class='ocrx_word' id='word_1_681' title='bbox 2222 3286 2314 3328; x_wconf 89' lang='lat' dir='ltr'><strong>sus</strong></span> <span class='ocrx_word' id='word_1_682' title='bbox 2346 3274 2684 3342; x_wconf 78' lang='lat' dir='ltr'><strong>despiciatur</strong></span> <span class='ocrx_word' id='word_1_683' title='bbox 2707 3276 2759 3329; x_wconf 92' lang='lat' dir='ltr'><strong>in</strong></span> <span class='ocrx_word' id='word_1_684' title='bbox 2790 3274 2954 3331; x_wconf 89' lang='lat' dir='ltr'><strong>domo</strong></span> <span class='ocrx_word' id='word_1_685' title='bbox 2985 3284 3041 3332; x_wconf 92' lang='lat' dir='ltr'><strong>et</strong></span> <span class='ocrx_word' id='word_1_686' title='bbox 3063 3277 3115 3332; x_wconf 91' lang='lat' dir='ltr'><strong>in</strong></span> <span class='ocrx_word' id='word_1_687' title='bbox 3138 3278 3307 3347; x_wconf 90' lang='lat' dir='ltr'><strong>patria</strong></span> <span class='ocrx_word' id='word_1_688' title='bbox 3336 3293 3454 3347; x_wconf 87' lang='lat' dir='ltr'><strong>sua,</strong></span> <span class='ocrx_word' id='word_1_689' title='bbox 3494 3280 3597 3336; x_wconf 91' lang='lat' dir='ltr'><strong>hoc</strong></span> <span class='ocrx_word' id='word_1_690' title='bbox 3625 3290 3723 3345; x_wconf 84' lang='lat' dir='ltr'><strong>est,</strong></span> <span class='ocrx_word' id='word_1_691' title='bbox 3753 3277 3800 3333; x_wconf 94' lang='lat' dir='ltr'><strong>in</strong></span> 
     </span>
    </p>
   </div>
   <div class='ocr_carea' id='block_1_90' title="bbox 2223 3365 3800 3442">
    <p class='ocr_par' dir='ltr' id='par_1_90' title="bbox 2223 3365 3800 3442">
     <span class='ocr_line' id='line_1_91' title="bbox 2223 3365 3800 3442; baseline 0.004 -22"><span class='ocrx_word' id='word_1_692' title='bbox 2223 3367 2428 3436; x_wconf 89' lang='lat' dir='ltr'><strong>populo</strong></span> <span class='ocrx_word' id='word_1_693' title='bbox 2453 3365 2784 3423; x_wconf 71' lang='lat' dir='ltr'><strong>Iudaeorum.</strong></span> <span class='ocrx_word' id='word_1_694' title='bbox 2825 3368 2893 3423; x_wconf 88' lang='lat' dir='ltr'><strong>Et</strong></span> <span class='ocrx_word' id='word_1_695' title='bbox 2922 3368 3044 3424; x_wconf 91' lang='lat' dir='ltr'><strong>ideo</strong></span> <span class='ocrx_word' id='word_1_696' title='bbox 3072 3370 3146 3426; x_wconf 93' lang='lat' dir='ltr'><strong>ibi</strong></span> <span class='ocrx_word' id='word_1_697' title='bbox 3180 3386 3348 3441; x_wconf 79' lang='lat' dir='ltr'><strong>pauca</strong></span> <span class='ocrx_word' id='word_1_698' title='bbox 3390 3372 3545 3442; x_wconf 78' lang='lat' dir='ltr'><strong>signa</strong></span> <span class='ocrx_word' id='word_1_699' title='bbox 3584 3371 3800 3428; x_wconf 80' lang='lat' dir='ltr'><strong>iecerit:</strong></span> 
     </span>
    </p>
   </div>
   <div class='ocr_carea' id='block_1_91' title="bbox 2220 3460 3799 3537">
    <p class='ocr_par' dir='ltr' id='par_1_91' title="bbox 2220 3460 3799 3537">
     <span class='ocr_line' id='line_1_92' title="bbox 2220 3460 3799 3537; baseline 0.004 -24"><span class='ocrx_word' id='word_1_700' title='bbox 2220 3475 2291 3514; x_wconf 91' lang='lat' dir='ltr'><strong>ne</strong></span> <span class='ocrx_word' id='word_1_701' title='bbox 2320 3460 2535 3529; x_wconf 90' lang='lat' dir='ltr'><strong>penitus</strong></span> <span class='ocrx_word' id='word_1_702' title='bbox 2561 3462 2971 3520; x_wconf 79' lang='lat' dir='ltr'><strong>inexcusabiles</strong></span> <span class='ocrx_word' id='word_1_703' title='bbox 2997 3464 3211 3520; x_wconf 81' lang='lat' dir='ltr'><strong>ﬁerent.</strong></span> <span class='ocrx_word' id='word_1_704' title='bbox 3235 3465 3437 3535; x_wconf 82' lang='lat' dir='ltr'><strong>Majora</strong></span> <span class='ocrx_word' id='word_1_705' title='bbox 3461 3477 3641 3523; x_wconf 85' lang='lat' dir='ltr'><strong>autem</strong></span> <span class='ocrx_word' id='word_1_706' title='bbox 3662 3467 3799 3537; x_wconf 84' lang='lat' dir='ltr'><strong>signa</strong></span> 
     </span>
    </p>
   </div>
   <div class='ocr_carea' id='block_1_92' title="bbox 2220 3549 3799 3624">
    <p class='ocr_par' dir='ltr' id='par_1_92' title="bbox 2220 3549 3799 3624">
     <span class='ocr_line' id='line_1_93' title="bbox 2220 3549 3799 3624; baseline 0.006 -22"><span class='ocrx_word' id='word_1_707' title='bbox 2220 3549 2466 3620; x_wconf 90' lang='lat' dir='ltr'><strong>quotidie</strong></span> <span class='ocrx_word' id='word_1_708' title='bbox 2496 3552 2549 3605; x_wconf 92' lang='lat' dir='ltr'><strong>in</strong></span> <span class='ocrx_word' id='word_1_709' title='bbox 2580 3553 2836 3622; x_wconf 87' lang='lat' dir='ltr'><strong>gentibus</strong></span> <span class='ocrx_word' id='word_1_710' title='bbox 2868 3570 2964 3624; x_wconf 88' lang='lat' dir='ltr'><strong>per</strong></span> <span class='ocrx_word' id='word_1_711' title='bbox 2993 3556 3278 3624; x_wconf 76' lang='lat' dir='ltr'><strong>apostolos</strong></span> <span class='ocrx_word' id='word_1_712' title='bbox 3299 3556 3449 3623; x_wconf 83' lang='lat' dir='ltr'><strong>facit,</strong></span> <span class='ocrx_word' id='word_1_713' title='bbox 3486 3575 3591 3613; x_wconf 85' lang='lat' dir='ltr'><strong>non</strong></span> <span class='ocrx_word' id='word_1_714' title='bbox 3625 3568 3723 3613; x_wconf 75' lang='lat' dir='ltr'><strong>tam</strong></span> <span class='ocrx_word' id='word_1_715' title='bbox 3753 3558 3799 3611; x_wconf 88' lang='lat' dir='ltr'><strong>iu</strong></span> 
     </span>
    </p>
   </div>
   <div class='ocr_carea' id='block_1_93' title="bbox 2224 3643 3686 3716">
    <p class='ocr_par' dir='ltr' id='par_1_93' title="bbox 2224 3643 3686 3716">
     <span class='ocr_line' id='line_1_94' title="bbox 2224 3643 3686 3716; baseline 0.007 -20"><span class='ocrx_word' id='word_1_716' title='bbox 2224 3643 2853 3714; x_wconf 87' lang='lat' dir='ltr'><strong>sanatiouecorpurum,</strong></span> <span class='ocrx_word' id='word_1_717' title='bbox 2885 3661 3045 3716; x_wconf 89' lang='lat' dir='ltr'><strong>quam</strong></span> <span class='ocrx_word' id='word_1_718' title='bbox 3078 3646 3135 3701; x_wconf 91' lang='lat' dir='ltr'><strong>in</strong></span> <span class='ocrx_word' id='word_1_719' title='bbox 3164 3648 3469 3704; x_wconf 89' lang='lat' dir='ltr'><strong>animarum</strong></span> <span class='ocrx_word' id='word_1_720' title='bbox 3495 3652 3686 3706; x_wconf 87' lang='lat' dir='ltr'><strong>salute.</strong></span> 
     </span>
    </p>
   </div>
   <div class='ocr_carea' id='block_1_94' title="bbox 2291 3730 3797 3811">
    <p class='ocr_par' dir='ltr' id='par_1_94' title="bbox 2291 3730 3797 3811">
     <span class='ocr_line' id='line_1_95' title="bbox 2291 3730 3797 3811; baseline 0.004 -24"><span class='ocrx_word' id='word_1_721' title='bbox 2291 3730 2446 3804; x_wconf 87' lang='lat' dir='ltr'><strong>(Cap.</strong></span> <span class='ocrx_word' id='word_1_722' title='bbox 2477 3732 2856 3790; x_wconf 79' lang='lat' dir='ltr'><strong>XlV.-—Vers.</strong></span> <span class='ocrx_word' id='word_1_723' title='bbox 2892 3737 2942 3803; x_wconf 77' lang='grc'><strong>1,</strong></span> <span class='ocrx_word' id='word_1_724' title='bbox 2972 3737 3055 3807; x_wconf 75' lang='lat'><strong>2.)</strong></span> <span class='ocrx_word' id='word_1_725' title='bbox 3088 3736 3155 3792; x_wconf 90' lang='lat' dir='ltr'><strong>In</strong></span> <span class='ocrx_word' id='word_1_726' title='bbox 3206 3738 3303 3793; x_wconf 90' lang='lat' dir='ltr'><strong>illo</strong></span> <span class='ocrx_word' id='word_1_727' title='bbox 3349 3750 3582 3811; x_wconf 88' lang='lat' dir='ltr'><strong>tempore</strong></span> <span class='ocrx_word' id='word_1_728' title='bbox 3609 3740 3797 3795; x_wconf 83' lang='lat' dir='ltr'><strong>audivit</strong></span> 
     </span>
    </p>
   </div>
   <div class='ocr_carea' id='block_1_95' title="bbox 2220 3825 3797 3907">
    <p class='ocr_par' dir='ltr' id='par_1_95' title="bbox 2220 3825 3797 3907">
     <span class='ocr_line' id='line_1_96' title="bbox 2220 3825 3797 3907; baseline 0.005 -28"><span class='ocrx_word' id='word_1_729' title='bbox 2220 3825 2459 3881; x_wconf 80' lang='lat' dir='ltr'><strong>Herodes</strong></span> <span class='ocrx_word' id='word_1_730' title='bbox 2500 3827 2783 3883; x_wconf 78' lang='lat' dir='ltr'><strong>Tctrarrha</strong></span> <span class='ocrx_word' id='word_1_731' title='bbox 2820 3831 3016 3900; x_wconf 83' lang='lat' dir='ltr'><strong>famam</strong></span> <span class='ocrx_word' id='word_1_732' title='bbox 3055 3830 3219 3902; x_wconf 87' lang='lat' dir='ltr'><strong>Iesu,</strong></span> <span class='ocrx_word' id='word_1_733' title='bbox 3260 3845 3307 3889; x_wconf 87' lang='lat' dir='ltr'><strong>et</strong></span> <span class='ocrx_word' id='word_1_734' title='bbox 3350 3835 3423 3889; x_wconf 87' lang='lat' dir='ltr'><strong>ait</strong></span> <span class='ocrx_word' id='word_1_735' title='bbox 3451 3837 3628 3907; x_wconf 80' lang='lat' dir='ltr'><strong>pueris</strong></span> <span class='ocrx_word' id='word_1_736' title='bbox 3658 3836 3797 3889; x_wconf 88' lang='lat' dir='ltr'><strong>suis:</strong></span> 
     </span>
    </p>
   </div>
   <div class='ocr_carea' id='block_1_96' title="bbox 2224 3920 3801 3994">
    <p class='ocr_par' dir='ltr' id='par_1_96' title="bbox 2224 3920 3801 3994">
     <span class='ocr_line' id='line_1_97' title="bbox 2224 3920 3801 3994; baseline 0.002 -18"><span class='ocrx_word' id='word_1_737' title='bbox 2224 3920 2327 3976; x_wconf 82' lang='lat' dir='ltr'><strong>Hic</strong></span> <span class='ocrx_word' id='word_1_738' title='bbox 2352 3934 2425 3977; x_wconf 86' lang='lat' dir='ltr'><strong>est</strong></span> <span class='ocrx_word' id='word_1_739' title='bbox 2452 3921 2682 3977; x_wconf 86' lang='lat' dir='ltr'><strong>Ioannes</strong></span> <span class='ocrx_word' id='word_1_740' title='bbox 2712 3922 2972 3993; x_wconf 83' lang='lat' dir='ltr'><strong>Baptista,</strong></span> <span class='ocrx_word' id='word_1_741' title='bbox 3002 3926 3113 3994; x_wconf 82' lang='lat' dir='ltr'><strong>ipse</strong></span> <span class='ocrx_word' id='word_1_742' title='bbox 3138 3930 3361 3983; x_wconf 74' lang='lat' dir='ltr'><strong>surrea&#39;it</strong></span> <span class='ocrx_word' id='word_1_743' title='bbox 3391 3946 3423 3982; x_wconf 91' lang='lat' dir='ltr'><strong>a</strong></span> <span class='ocrx_word' id='word_1_744' title='bbox 3469 3931 3685 3983; x_wconf 85' lang='lat' dir='ltr'><strong>mortuis</strong></span> <span class='ocrx_word' id='word_1_745' title='bbox 3716 3944 3731 3981; x_wconf 94' lang='lat'><em>:</em></span> <span class='ocrx_word' id='word_1_746' title='bbox 3761 3936 3801 3980; x_wconf 73' lang='lat' dir='ltr'><strong>et</strong></span> 
     </span>
    </p>
   </div>
   <div class='ocr_carea' id='block_1_97' title="bbox 2217 4014 3796 4086">
    <p class='ocr_par' dir='ltr' id='par_1_97' title="bbox 2217 4014 3796 4086">
     <span class='ocr_line' id='line_1_98' title="bbox 2217 4014 3796 4086; baseline 0.003 -18"><span class='ocrx_word' id='word_1_747' title='bbox 2217 4014 2332 4069; x_wconf 86' lang='lat' dir='ltr'><strong>ideo</strong></span> <span class='ocrx_word' id='word_1_748' title='bbox 2354 4015 2563 4070; x_wconf 76' lang='lat' dir='ltr'><strong>virtutes</strong></span> <span class='ocrx_word' id='word_1_749' title='bbox 2585 4027 2868 4086; x_wconf 85' lang='lat' dir='ltr'><strong>operantur</strong></span> <span class='ocrx_word' id='word_1_750' title='bbox 2898 4020 2950 4072; x_wconf 85' lang='lat' dir='ltr'><strong>in</strong></span> <span class='ocrx_word' id='word_1_751' title='bbox 2991 4034 3069 4072; x_wconf 82' lang='lat' dir='ltr'><strong>eo.</strong></span> <span class='ocrx_word' id='word_1_752' title='bbox 3112 4020 3340 4086; x_wconf 84' lang='lat' dir='ltr'><strong>Quidam</strong></span> <span class='ocrx_word' id='word_1_753' title='bbox 3387 4020 3796 4077; x_wconf 78' lang='lat' dir='ltr'><strong>Ecclesiastico-</strong></span> 
     </span>
    </p>
   </div>
   <div class='ocr_carea' id='block_1_98' title="bbox 2218 4106 3796 4181">
    <p class='ocr_par' dir='ltr' id='par_1_98' title="bbox 2218 4106 3796 4181">
     <span class='ocr_line' id='line_1_99' title="bbox 2218 4106 3796 4181; baseline 0.001 -19"><span class='ocrx_word' id='word_1_754' title='bbox 2218 4121 2337 4162; x_wconf 85' lang='lat' dir='ltr'><strong>l&#39;tltll</strong></span> <span class='ocrx_word' id='word_1_755' title='bbox 2369 4106 2727 4176; x_wconf 83' lang='lat' dir='ltr'><strong>interpretum</strong></span> <span class='ocrx_word' id='word_1_756' title='bbox 2768 4124 2964 4165; x_wconf 60' lang='lat'><strong>030585</strong></span> <span class='ocrx_word' id='word_1_757' title='bbox 2986 4112 3207 4181; x_wconf 57' lang='lat' dir='ltr'><strong>quaerit,</strong></span> <span class='ocrx_word' id='word_1_758' title='bbox 3230 4128 3403 4181; x_wconf 85' lang='lat' dir='ltr'><strong>quare</strong></span> <span class='ocrx_word' id='word_1_759' title='bbox 3434 4113 3677 4169; x_wconf 82' lang='lat' dir='ltr'><strong>Herodes</strong></span> <span class='ocrx_word' id='word_1_760' title='bbox 3703 4112 3796 4165; x_wconf 74' lang='lat' dir='ltr'><strong>i~ta</strong></span> 
     </span>
    </p>
   </div>
   <div class='ocr_carea' id='block_1_99' title="bbox 2218 4202 3797 4275">
    <p class='ocr_par' dir='ltr' id='par_1_99' title="bbox 2218 4202 3797 4275">
     <span class='ocr_line' id='line_1_100' title="bbox 2218 4202 3797 4275; baseline 0.001 -18"><span class='ocrx_word' id='word_1_761' title='bbox 2218 4202 2290 4257; x_wconf 91' lang='lat' dir='ltr'><strong>sit</strong></span> <span class='ocrx_word' id='word_1_762' title='bbox 2334 4204 2668 4275; x_wconf 89' lang='lat' dir='ltr'><strong>suspicatus,</strong></span> <span class='ocrx_word' id='word_1_763' title='bbox 2724 4212 2782 4258; x_wconf 91' lang='lat' dir='ltr'><strong>ut</strong></span> <span class='ocrx_word' id='word_1_764' title='bbox 2827 4213 2981 4275; x_wconf 87' lang='lat' dir='ltr'><strong>putet</strong></span> <span class='ocrx_word' id='word_1_765' title='bbox 3010 4221 3036 4257; x_wconf 91' lang='lat' dir='ltr'><strong>a</strong></span> <span class='ocrx_word' id='word_1_766' title='bbox 3070 4207 3298 4261; x_wconf 85' lang='lat' dir='ltr'><strong>mortuis</strong></span> <span class='ocrx_word' id='word_1_767' title='bbox 3324 4205 3591 4263; x_wconf 82' lang='lat' dir='ltr'><strong>Joannem</strong></span> <span class='ocrx_word' id='word_1_768' title='bbox 3622 4219 3797 4262; x_wconf 89' lang='lat' dir='ltr'><strong>resur-</strong></span> 
     </span>
    </p>
   </div>
   <div class='ocr_carea' id='block_1_100' title="bbox 2220 4291 3801 4369">
    <p class='ocr_par' dir='ltr' id='par_1_100' title="bbox 2220 4291 3801 4369">
     <span class='ocr_line' id='line_1_101' title="bbox 2220 4291 3801 4369; baseline 0 -22"><span class='ocrx_word' id='word_1_769' title='bbox 2220 4293 2455 4362; x_wconf 79' lang='lat' dir='ltr'><strong>rexisse,</strong></span> <span class='ocrx_word' id='word_1_770' title='bbox 2488 4302 2544 4348; x_wconf 92' lang='lat' dir='ltr'><strong>et</strong></span> <span class='ocrx_word' id='word_1_771' title='bbox 2578 4291 2701 4349; x_wconf 88' lang='lat' dir='ltr'><strong>ideo</strong></span> <span class='ocrx_word' id='word_1_772' title='bbox 2726 4293 2958 4349; x_wconf 89' lang='lat' dir='ltr'><strong>virtutes</strong></span> <span class='ocrx_word' id='word_1_773' title='bbox 2983 4296 3196 4365; x_wconf 89' lang='lat' dir='ltr'><strong>operari</strong></span> <span class='ocrx_word' id='word_1_774' title='bbox 3221 4296 3275 4351; x_wconf 92' lang='lat' dir='ltr'><strong>in</strong></span> <span class='ocrx_word' id='word_1_775' title='bbox 3304 4312 3390 4364; x_wconf 90' lang='lat' dir='ltr'><strong>eo,</strong></span> <span class='ocrx_word' id='word_1_776' title='bbox 3419 4296 3576 4369; x_wconf 87' lang='lat' dir='ltr'><strong>quasi</strong></span> <span class='ocrx_word' id='word_1_777' title='bbox 3608 4293 3801 4352; x_wconf 84' lang='lat' dir='ltr'><strong>erroris</strong></span> 
     </span>
    </p>
   </div>
   <div class='ocr_carea' id='block_1_101' title="bbox 2220 4384 3799 4464">
    <p class='ocr_par' dir='ltr' id='par_1_101' title="bbox 2220 4384 3799 4464">
     <span class='ocr_line' id='line_1_102' title="bbox 2220 4384 3799 4464; baseline 0.005 -25"><span class='ocrx_word' id='word_1_778' title='bbox 2220 4387 2382 4443; x_wconf 89' lang='lat' dir='ltr'><strong>alieni</strong></span> <span class='ocrx_word' id='word_1_779' title='bbox 2418 4385 2575 4441; x_wconf 91' lang='lat' dir='ltr'><strong>nobis</strong></span> <span class='ocrx_word' id='word_1_780' title='bbox 2600 4384 2877 4441; x_wconf 80' lang='lat' dir='ltr'><strong>reddenda</strong></span> <span class='ocrx_word' id='word_1_781' title='bbox 2927 4387 2997 4442; x_wconf 90' lang='lat' dir='ltr'><strong>sit</strong></span> <span class='ocrx_word' id='word_1_782' title='bbox 3043 4388 3207 4455; x_wconf 80' lang='lat' dir='ltr'><strong>ratio,</strong></span> <span class='ocrx_word' id='word_1_783' title='bbox 3234 4398 3328 4443; x_wconf 89' lang='lat' dir='ltr'><strong>aut</strong></span> <span class='ocrx_word' id='word_1_784' title='bbox 3347 4390 3799 4464; x_wconf 73' lang='grc' dir='ltr'><strong>μετεμψυχώσεως</strong></span> 
     </span>
    </p>
   </div>
   <div class='ocr_carea' id='block_1_102' title="bbox 2220 4476 3799 4548">
    <p class='ocr_par' dir='ltr' id='par_1_102' title="bbox 2220 4476 3799 4548">
     <span class='ocr_line' id='line_1_103' title="bbox 2220 4476 3799 4548; baseline 0 -16"><span class='ocrx_word' id='word_1_785' title='bbox 2220 4476 2363 4533; x_wconf 79' lang='lat' dir='ltr'><strong>facta</strong></span> <span class='ocrx_word' id='word_1_786' title='bbox 2392 4492 2457 4533; x_wconf 78' lang='lat' dir='ltr'><strong>ex</strong></span> <span class='ocrx_word' id='word_1_787' title='bbox 2484 4476 2566 4531; x_wconf 89' lang='lat' dir='ltr'><strong>his</strong></span> <span class='ocrx_word' id='word_1_788' title='bbox 2596 4476 2779 4532; x_wconf 82' lang='lat' dir='ltr'><strong>verbis</strong></span> <span class='ocrx_word' id='word_1_789' title='bbox 2808 4476 3011 4534; x_wconf 87' lang='lat' dir='ltr'><strong>habeat</strong></span> <span class='ocrx_word' id='word_1_790' title='bbox 3059 4480 3426 4548; x_wconf 78' lang='lat' dir='ltr'><strong>occasionem,</strong></span> <span class='ocrx_word' id='word_1_791' title='bbox 3458 4497 3579 4537; x_wconf 92' lang='lat' dir='ltr'><strong>cum</strong></span> <span class='ocrx_word' id='word_1_792' title='bbox 3623 4480 3799 4548; x_wconf 83' lang='lat' dir='ltr'><strong>utique</strong></span> 
     </span>
    </p>
   </div>
   <div class='ocr_carea' id='block_1_103' title="bbox 2218 4571 3799 4641">
    <p class='ocr_par' dir='ltr' id='par_1_103' title="bbox 2218 4571 3799 4641">
     <span class='ocr_line' id='line_1_104' title="bbox 2218 4571 3799 4641; baseline -0.003 -13"><span class='ocrx_word' id='word_1_793' title='bbox 2218 4587 2285 4628; x_wconf 93' lang='lat' dir='ltr'><strong>eo</strong></span> <span class='ocrx_word' id='word_1_794' title='bbox 2317 4580 2565 4639; x_wconf 90' lang='lat' dir='ltr'><strong>tempore</strong></span> <span class='ocrx_word' id='word_1_795' title='bbox 2610 4586 2721 4641; x_wconf 93' lang='lat' dir='ltr'><strong>quo</strong></span> <span class='ocrx_word' id='word_1_796' title='bbox 2775 4571 3018 4626; x_wconf 89' lang='lat' dir='ltr'><strong>Joannes</strong></span> <span class='ocrx_word' id='word_1_797' title='bbox 3062 4571 3366 4628; x_wconf 79' lang='lat' dir='ltr'><strong>decollatus</strong></span> <span class='ocrx_word' id='word_1_798' title='bbox 3407 4583 3514 4638; x_wconf 83' lang='lat' dir='ltr'><strong>est,</strong></span> <span class='ocrx_word' id='word_1_799' title='bbox 3548 4571 3799 4628; x_wconf 84' lang='lat' dir='ltr'><strong>Dominus</strong></span> 
     </span>
    </p>
   </div>
   <div class='ocr_carea' id='block_1_104' title="bbox 2218 4664 3797 4738">
    <p class='ocr_par' dir='ltr' id='par_1_104' title="bbox 2218 4664 3797 4738">
     <span class='ocr_line' id='line_1_105' title="bbox 2218 4664 3797 4738; baseline -0.005 -17"><span class='ocrx_word' id='word_1_800' title='bbox 2218 4665 2438 4736; x_wconf 81' lang='lat' dir='ltr'><strong>triginta</strong></span> <span class='ocrx_word' id='word_1_801' title='bbox 2484 4672 2633 4719; x_wconf 87' lang='lat' dir='ltr'><strong>esset</strong></span> <span class='ocrx_word' id='word_1_802' title='bbox 2669 4678 2941 4719; x_wconf 86' lang='lat' dir='ltr'><strong>annorum</strong></span> <span class='ocrx_word' id='word_1_803' title='bbox 2976 4682 2989 4718; x_wconf 89' lang='lat'><strong>:</strong></span> <span class='ocrx_word' id='word_1_804' title='bbox 3023 4664 3440 4738; x_wconf 75' lang='grc' dir='ltr'><strong>μετεμψυχὼσις</strong></span> <span class='ocrx_word' id='word_1_805' title='bbox 3467 4677 3645 4720; x_wconf 88' lang='lat' dir='ltr'><strong>autem</strong></span> <span class='ocrx_word' id='word_1_806' title='bbox 3684 4667 3797 4733; x_wconf 89' lang='lat' dir='ltr'><strong>post</strong></span> 
     </span>
    </p>
   </div>
   <div class='ocr_carea' id='block_1_105' title="bbox 2222 4754 3798 4828">
    <p class='ocr_par' dir='ltr' id='par_1_105' title="bbox 2222 4754 3798 4828">
     <span class='ocr_line' id='line_1_106' title="bbox 2222 4754 3798 4828; baseline -0.007 -13"><span class='ocrx_word' id='word_1_807' title='bbox 2222 4759 2428 4815; x_wconf 85' lang='lat' dir='ltr'><strong>multos</strong></span> <span class='ocrx_word' id='word_1_808' title='bbox 2458 4772 2726 4813; x_wconf 89' lang='lat' dir='ltr'><strong>annorum</strong></span> <span class='ocrx_word' id='word_1_809' title='bbox 2757 4755 3018 4823; x_wconf 91' lang='lat' dir='ltr'><strong>circulos,</strong></span> <span class='ocrx_word' id='word_1_810' title='bbox 3066 4757 3119 4811; x_wconf 94' lang='lat' dir='ltr'><strong>in</strong></span> <span class='ocrx_word' id='word_1_811' title='bbox 3160 4756 3375 4812; x_wconf 89' lang='lat' dir='ltr'><strong>diversa</strong></span> <span class='ocrx_word' id='word_1_812' title='bbox 3406 4769 3636 4828; x_wconf 89' lang='lat' dir='ltr'><strong>corpora</strong></span> <span class='ocrx_word' id='word_1_813' title='bbox 3663 4754 3798 4808; x_wconf 82' lang='lat' dir='ltr'><strong>dicat</strong></span> 
     </span>
    </p>
   </div>
   <div class='ocr_carea' id='block_1_106' title="bbox 2219 4849 2748 4906">
    <p class='ocr_par' dir='ltr' id='par_1_106' title="bbox 2219 4849 2748 4906">
     <span class='ocr_line' id='line_1_107' title="bbox 2219 4849 2748 4906; baseline -0.006 -1"><span class='ocrx_word' id='word_1_814' title='bbox 2219 4852 2431 4906; x_wconf 78' lang='lat' dir='ltr'><strong>animus</strong></span> <span class='ocrx_word' id='word_1_815' title='bbox 2459 4849 2748 4905; x_wconf 89' lang='lat' dir='ltr'><strong>insinuari.</strong></span> 
     </span>
    </p>
   </div>
   <div class='ocr_carea' id='block_1_107' title="bbox 2285 4936 3797 5013">
    <p class='ocr_par' dir='ltr' id='par_1_107' title="bbox 2285 4936 3797 5013">
     <span class='ocr_line' id='line_1_108' title="bbox 2285 4936 3797 5013; baseline -0.007 -13"><span class='ocrx_word' id='word_1_816' title='bbox 2285 4944 2467 5013; x_wconf 72' lang='lat' dir='ltr'><strong>(Veis.</strong></span> <span class='ocrx_word' id='word_1_817' title='bbox 2503 4946 2557 5011; x_wconf 75' lang='grc' dir='ltr'>ὅ,</span> <span class='ocrx_word' id='word_1_818' title='bbox 2585 4940 2666 5013; x_wconf 71' lang='grc'><strong>4.)</strong></span> <span class='ocrx_word' id='word_1_819' title='bbox 2700 4941 2937 4997; x_wconf 81' lang='lat' dir='ltr'><strong>Herodes</strong></span> <span class='ocrx_word' id='word_1_820' title='bbox 2960 4942 3094 4997; x_wconf 89' lang='lat' dir='ltr'><strong>enim</strong></span> <span class='ocrx_word' id='word_1_821' title='bbox 3124 4943 3288 4997; x_wconf 87' lang='lat' dir='ltr'><strong>tenuit</strong></span> <span class='ocrx_word' id='word_1_822' title='bbox 3314 4941 3592 5011; x_wconf 82' lang='lat' dir='ltr'><strong>Joannem,</strong></span> <span class='ocrx_word' id='word_1_823' title='bbox 3618 4948 3663 4995; x_wconf 90' lang='lat' dir='ltr'><strong>et</strong></span> <span class='ocrx_word' id='word_1_824' title='bbox 3683 4936 3797 4992; x_wconf 86' lang='lat' dir='ltr'><strong>alli-</strong></span> 
     </span>
    </p>
   </div>
   <div class='ocr_carea' id='block_1_108' title="bbox 2209 5033 3789 5116">
    <p class='ocr_par' dir='ltr' id='par_1_108' title="bbox 2209 5033 3789 5116">
     <span class='ocr_line' id='line_1_109' title="bbox 2209 5033 3789 5116; baseline -0.007 -22"><span class='ocrx_word' id='word_1_825' title='bbox 2209 5040 2349 5116; x_wconf 80' lang='lat' dir='ltr'><strong>gavit</strong></span> <span class='ocrx_word' id='word_1_826' title='bbox 2373 5053 2512 5105; x_wconf 89' lang='lat' dir='ltr'><strong>eum,</strong></span> <span class='ocrx_word' id='word_1_827' title='bbox 2544 5044 2591 5092; x_wconf 89' lang='lat' dir='ltr'><strong>et</strong></span> <span class='ocrx_word' id='word_1_828' title='bbox 2620 5037 2792 5107; x_wconf 86' lang='lat' dir='ltr'><strong>posuit</strong></span> <span class='ocrx_word' id='word_1_829' title='bbox 2815 5037 2867 5090; x_wconf 89' lang='lat' dir='ltr'><strong>in</strong></span> <span class='ocrx_word' id='word_1_830' title='bbox 2889 5052 3145 5091; x_wconf 89' lang='lat' dir='ltr'><strong>carcerem</strong></span> <span class='ocrx_word' id='word_1_831' title='bbox 3186 5046 3398 5108; x_wconf 86' lang='lat' dir='ltr'><strong>propter</strong></span> <span class='ocrx_word' id='word_1_832' title='bbox 3427 5033 3789 5099; x_wconf 76' lang='lat' dir='ltr'><strong>Herodiadem,</strong></span> 
     </span>
    </p>
   </div>
   <div class='ocr_carea' id='block_1_109' title="bbox 2215 5217 3795 5289">
    <p class='ocr_par' dir='ltr' id='par_1_109' title="bbox 2215 5217 3795 5289">
     <span class='ocr_line' id='line_1_110' title="bbox 2215 5217 3795 5289; baseline -0.005 -13"><span class='ocrx_word' id='word_1_833' title='bbox 2215 5221 2366 5276; x_wconf 84' lang='lat' dir='ltr'><strong>Nova</strong></span> <span class='ocrx_word' id='word_1_834' title='bbox 2395 5235 2511 5272; x_wconf 88' lang='lat' dir='ltr'><strong>cum</strong></span> <span class='ocrx_word' id='word_1_835' title='bbox 2551 5218 2827 5285; x_wconf 70' lang='lat' dir='ltr'><strong>ueteribus,</strong></span> <span class='ocrx_word' id='word_1_836' title='bbox 2868 5219 3139 5289; x_wconf 86' lang='lat' dir='ltr'><strong>fratruelis</strong></span> <span class='ocrx_word' id='word_1_837' title='bbox 3175 5235 3341 5288; x_wconf 88' lang='lat' dir='ltr'><strong>meus,</strong></span> <span class='ocrx_word' id='word_1_838' title='bbox 3384 5229 3486 5276; x_wconf 88' lang='lat' dir='ltr'><strong>etc.</strong></span> <span class='ocrx_word' id='word_1_839' title='bbox 3535 5217 3701 5271; x_wconf 75' lang='lat' dir='ltr'><strong>MART.</strong></span> <span class='ocrx_word' id='word_1_840' title='bbox 3732 5239 3795 5251; x_wconf 88' lang='lat'><em>--</em></span> 
     </span>
    </p>
   </div>
   <div class='ocr_carea' id='block_1_110' title="bbox 2208 5289 3784 5356">
    <p class='ocr_par' dir='ltr' id='par_1_110' title="bbox 2208 5289 3784 5356">
     <span class='ocr_line' id='line_1_111' title="bbox 2208 5289 3784 5356; baseline -0.006 -9"><span class='ocrx_word' id='word_1_841' title='bbox 2208 5290 2393 5347; x_wconf 70' lang='lat' dir='ltr'><strong>Noswi</strong></span> <span class='ocrx_word' id='word_1_842' title='bbox 2438 5304 2652 5351; x_wconf 87' lang='lat' dir='ltr'><strong>omnes,</strong></span> <span class='ocrx_word' id='word_1_843' title='bbox 2703 5301 2755 5343; x_wconf 88' lang='lat' dir='ltr'><strong>et</strong></span> <span class='ocrx_word' id='word_1_844' title='bbox 2796 5304 2934 5354; x_wconf 77' lang='lat' dir='ltr'><strong>quos</strong></span> <span class='ocrx_word' id='word_1_845' title='bbox 2965 5289 3308 5345; x_wconf 74' lang='lat' dir='ltr'><strong>Martianmus</strong></span> <span class='ocrx_word' id='word_1_846' title='bbox 3331 5290 3629 5356; x_wconf 80' lang='lat' dir='ltr'><strong>coiisuluit,</strong></span> <span class='ocrx_word' id='word_1_847' title='bbox 3662 5296 3784 5338; x_wconf 83' lang='lat' dir='ltr'><strong>mss.</strong></span> 
     </span>
    </p>
   </div>
   <div class='ocr_carea' id='block_1_111' title="bbox 2203 5356 3794 5434">
    <p class='ocr_par' dir='ltr' id='par_1_111' title="bbox 2203 5356 3794 5434">
     <span class='ocr_line' id='line_1_112' title="bbox 2203 5356 3794 5434; baseline -0.003 -15"><span class='ocrx_word' id='word_1_848' title='bbox 2203 5361 2354 5428; x_wconf 89' lang='lat' dir='ltr'><strong>libri,</strong></span> <span class='ocrx_word' id='word_1_849' title='bbox 2386 5359 2534 5413; x_wconf 82' lang='lat' dir='ltr'><strong>Nova</strong></span> <span class='ocrx_word' id='word_1_850' title='bbox 2564 5375 2681 5412; x_wconf 88' lang='lat' dir='ltr'><strong>cum</strong></span> <span class='ocrx_word' id='word_1_851' title='bbox 2705 5360 2980 5434; x_wconf 75' lang='lat' dir='ltr'><strong>ueteribus,</strong></span> <span class='ocrx_word' id='word_1_852' title='bbox 3007 5362 3270 5432; x_wconf 84' lang='lat' dir='ltr'><strong>fratruelis</strong></span> <span class='ocrx_word' id='word_1_853' title='bbox 3303 5379 3466 5428; x_wconf 85' lang='lat' dir='ltr'><strong>meus,</strong></span> <span class='ocrx_word' id='word_1_854' title='bbox 3495 5374 3598 5415; x_wconf 87' lang='lat' dir='ltr'><strong>etc.</strong></span> <span class='ocrx_word' id='word_1_855' title='bbox 3634 5356 3794 5434; x_wconf 69' lang='grc' dir='ltr'><strong>Ρυῐςΐο</strong></span> 
     </span>
    </p>
   </div>
   <div class='ocr_carea' id='block_1_112' title="bbox 2215 5431 3794 5501">
    <p class='ocr_par' dir='ltr' id='par_1_112' title="bbox 2215 5431 3794 5501">
     <span class='ocr_line' id='line_1_113' title="bbox 2215 5431 3794 5501; baseline -0.007 -15"><span class='ocrx_word' id='word_1_856' title='bbox 2215 5434 2579 5501; x_wconf 82' lang='lat' dir='ltr'><strong>Hieronymus</strong></span> <span class='ocrx_word' id='word_1_857' title='bbox 2606 5448 2672 5485; x_wconf 82' lang='lat' dir='ltr'><strong>cx</strong></span> <span class='ocrx_word' id='word_1_858' title='bbox 2706 5431 3032 5485; x_wconf 80' lang='lat' dir='ltr'><strong>Adatnautio</strong></span> <span class='ocrx_word' id='word_1_859' title='bbox 3075 5434 3234 5497; x_wconf 84' lang='lat' dir='ltr'><strong>hujus</strong></span> <span class='ocrx_word' id='word_1_860' title='bbox 3268 5434 3370 5487; x_wconf 90' lang='lat' dir='ltr'><strong>loci</strong></span> <span class='ocrx_word' id='word_1_861' title='bbox 3406 5431 3794 5496; x_wconf 81' lang='lat' dir='ltr'><strong>interpretatio-</strong></span> 
     </span>
    </p>
   </div>
   <div class='ocr_carea' id='block_1_113' title="bbox 2209 5501 3793 5579">
    <p class='ocr_par' dir='ltr' id='par_1_113' title="bbox 2209 5501 3793 5579">
     <span class='ocr_line' id='line_1_114' title="bbox 2209 5501 3793 5579; baseline -0.007 -21"><span class='ocrx_word' id='word_1_862' title='bbox 2209 5519 2332 5579; x_wconf 71' lang='lat' dir='ltr'><strong>nem</strong></span> <span class='ocrx_word' id='word_1_863' title='bbox 2389 5502 2458 5558; x_wconf 87' lang='lat' dir='ltr'><strong>de</strong></span> <span class='ocrx_word' id='word_1_864' title='bbox 2518 5502 3020 5579; x_wconf 47' lang='lat' dir='ltr'><strong>inorenexpressit.</strong></span> <span class='ocrx_word' id='word_1_865' title='bbox 3059 5501 3685 5579; x_wconf 76' lang='lat' dir='ltr'><strong>_(_30nlcreudus_auteiu_</strong></span> <span class='ocrx_word' id='word_1_866' title='bbox 3742 5501 3793 5579; x_wconf 85' lang='lat' dir='ltr'><strong>et</strong></span> 
     </span>
    </p>
   </div>
   <div class='ocr_carea' id='block_1_114' title="bbox 2206 5572 3789 5645">
    <p class='ocr_par' dir='ltr' id='par_1_114' title="bbox 2206 5572 3789 5645">
     <span class='ocr_line' id='line_1_115' title="bbox 2206 5572 3789 5645; baseline -0.007 -14"><span class='ocrx_word' id='word_1_867' title='bbox 2206 5574 2635 5645; x_wconf 61' lang='lat' dir='ltr'><strong>Chrysos&#39;tomus</strong></span> <span class='ocrx_word' id='word_1_868' title='bbox 2670 5573 2847 5645; x_wconf 15' lang='grc' dir='ltr'><strong>Ηονιιιίι</strong></span> <span class='ocrx_word' id='word_1_869' title='bbox 2872 5572 2942 5627; x_wconf 75' lang='grc'><strong>47</strong></span> <span class='ocrx_word' id='word_1_870' title='bbox 2975 5575 3028 5628; x_wconf 92' lang='lat' dir='ltr'><strong>iu</strong></span> <span class='ocrx_word' id='word_1_871' title='bbox 3059 5574 3372 5645; x_wconf 70' lang='lat' dir='ltr'><strong>Mattlimuiu</strong></span> <span class='ocrx_word' id='word_1_872' title='bbox 3400 5617 3413 5639; x_wconf 92' lang='lat'><strong>,</strong></span> <span class='ocrx_word' id='word_1_873' title='bbox 3468 5572 3789 5645; x_wconf 68' lang='lat' dir='ltr'><strong>Augmtiuus</strong></span> 
     </span>
    </p>
   </div>
   <div class='ocr_carea' id='block_1_115' title="bbox 2208 5636 3792 5716">
    <p class='ocr_par' dir='ltr' id='par_1_115' title="bbox 2208 5636 3792 5716">
     <span class='ocr_line' id='line_1_116' title="bbox 2208 5636 3792 5716; baseline -0.004 -18"><span class='ocrx_word' id='word_1_874' title='bbox 2208 5636 2414 5714; x_wconf 50' lang='lat' dir='ltr'><strong>Quist.</strong></span> <span class='ocrx_word' id='word_1_875' title='bbox 2438 5646 2491 5716; x_wconf 88' lang='lat' dir='ltr'><strong>in</strong></span> <span class='ocrx_word' id='word_1_876' title='bbox 2519 5647 2695 5714; x_wconf 84' lang='lat' dir='ltr'><strong>ipsum</strong></span> <span class='ocrx_word' id='word_1_877' title='bbox 2721 5644 3152 5716; x_wconf 83' lang='lat' dir='ltr'><strong>Evangelistam,</strong></span> <span class='ocrx_word' id='word_1_878' title='bbox 3185 5654 3240 5701; x_wconf 91' lang='lat' dir='ltr'><strong>ct</strong></span> <span class='ocrx_word' id='word_1_879' title='bbox 3272 5636 3511 5716; x_wconf 84' lang='lat' dir='ltr'><strong>Cyrillus</strong></span> <span class='ocrx_word' id='word_1_880' title='bbox 3548 5636 3616 5697; x_wconf 84' lang='lat' dir='ltr'><strong>de</strong></span> <span class='ocrx_word' id='word_1_881' title='bbox 3654 5636 3792 5692; x_wconf 79' lang='lat' dir='ltr'><strong>Ado-</strong></span> 
     </span>
    </p>
   </div>
   <div class='ocr_carea' id='block_1_116' title="bbox 2209 5715 3079 5789">
    <p class='ocr_par' dir='ltr' id='par_1_116' title="bbox 2209 5715 3079 5789">
     <span class='ocr_line' id='line_1_117' title="bbox 2209 5715 3079 5789; baseline -0.006 -14"><span class='ocrx_word' id='word_1_882' title='bbox 2209 5717 2424 5775; x_wconf 90' lang='lat' dir='ltr'><strong>ratione</strong></span> <span class='ocrx_word' id='word_1_883' title='bbox 2443 5715 2498 5773; x_wconf 92' lang='lat' dir='ltr'><strong>in</strong></span> <span class='ocrx_word' id='word_1_884' title='bbox 2522 5716 2717 5789; x_wconf 88' lang='lat' dir='ltr'><strong>spiritu</strong></span> <span class='ocrx_word' id='word_1_885' title='bbox 2745 5722 2804 5773; x_wconf 92' lang='lat' dir='ltr'><strong>et</strong></span> <span class='ocrx_word' id='word_1_886' title='bbox 2822 5715 3079 5772; x_wconf 86' lang='lat' dir='ltr'><strong>veritate.</strong></span> 
     </span>
    </p>
   </div>
  </div>
