3966 6374
165 319 242 374 97'
586 301 1241 365 COMMENTARIORUM
1279 301 1346 358 IV
1389 294 1838 355 EVANGELIUM
1881 292 2218 351 MATTHIEI
2260 292 2392 349 LIB.
2437 289 2502 349 ll.
2543 291 2700 350 CAP.
2742 290 2884 352 XIV.
3312 293 3383 351 98

167 444 329 485 uxorem
349 434 370 464 α
396 423 619 497 Philippi
653 423 831 493 fratris
874 421 976 475 sui.
1011 419 1225 474 Dicebat
1252 417 1387 471 enim
1416 416 1496 469 illi
1521 413 1686 468 Joan-
1712 413 1760 473 A
1865 409 2044 480 (Vers.
2071 407 2152 478 8.)
2180 406 2266 462 Da
2289 406 2436 474 mihi,
2465 408 2656 477 inquit,
2680 408 2765 463 hic
2784 409 2839 461 in
2869 407 3015 462 disco
3042 414 3194 479 caput
3221 405 3389 462 Joan-

166 518 369 576 m:lt’on
393 517 499 571 licet
520 517 610 570 tibi
641 515 826 569 habere
852 529 984 568 eam.
1015 511 1185 566 Vetus
1209 517 1397 565 narrat
1425 507 1679 573 historia,
1790 503 1872 555 nis
1902 500 2174 571 Baptistce.
2207 499 2472 554 llerodias
2502 498 2698 555 timens
2729 515 2799 556 ne
2821 499 3067 555 Herodes
3095 498 3387 568 aliquando

165 614 407 683 Philippum
435 608 658 664 Herodis
704 607 926 677 majoris
972 605 1140 659 filium
1179 603 1308 670 (sub
1334 616 1444 671 quo
1488 599 1674 652 Donii-
1789 593 2164 664 resipisceret,
2198 593 2284 647 vel
2317 592 2566 662 Philippo
2597 593 2754 664 102
2788 593 2946 648 fratri
2963 593 3172 649 amicus
3203 592 3381 663 ﬁeret,

163 707 358 776 nustugn
388 704 435 758 in
463 699 804 773 ιΕεγριιιιιι),
838 699 1066 754 fratrem
1095 697 1258 766 hujus
1287 692 1549 760 Herodis,
1581 689 1683 745 sub
1788 697 1953 758 atque
1993 686 2197 742 illicita:
2247 685 2453 755 nuptiae
2506 686 2734 754 repudio
2779 686 3147 752 solverentur,
3198 696 3384 741 monet

164 815 241 871 quo
262 810 421 868 passus
448 805 528 848 est
554 793 830 858 Christus,
877 790 1102 845 duxisse
1136 800 1360 841 uxorem
1413 781 1680 838 llerodia-
1790 779 1982 846 ﬁliam,
2012 788 2071 833 ut
2096 779 2148 833 in
2175 779 2292 849 ipso
2315 778 2498 833 statim
2523 780 2800 846 convivio,
2826 788 2989 850 caput
3009 778 3239 834 Joannis
3263 795 3388 849 pos-

161 894 252 950 dem
269 891 405 946 ﬁliam
418 888 594 943 Areta:
611 887 755 957 regis
771 884 796 922 δ
819 900 834 950 ;
857 892 1052 954 postea
1071 896 1202 936 vero
1225 880 1378 952 101
1395 888 1416 916 ο
1436 890 1684 931 socerum
1791 873 1929 930 tulet
1953 890 1967 926 :
2018 872 2184 944 digno
2229 873 2383 942 operi
2437 872 2742 929 saltationis
2761 914 2776 938 ,
2827 873 3049 944 dignum
3102 872 3384 944 sanguinis

164 984 454 1056 ejus,exortis
466 979 790 1052 quibusdam
807 987 995 1034 contra
1013 989 1278 1046 generum
1295 970 1686 1036 simultatibus,
1792 965 2098 1056 praemium.

165 1053 309 1132 tulisse
325 1075 468 1129 liliam
488 1087 668 1139 suam,
699 1080 753 1124 et
776 1069 829 1123 in
861 1068 1107 1124 dolorem
1131 1064 1330 1136 prioris
1351 1061 1554 1128 mariti,
1583 1061 1687 1114 lle-
1864 1054 1932 1108 Et
1957 1056 2290 1110 contristatus
2305 1063 2378 1109 est
2395 1071 2507 1110 rex.
2526 1053 2949 1112 Consuetudinis
2972 1056 3380 1128 Scripturarum

165 1167 277 1223 radis
299 1166 478 1221 inimici
511 1165 633 1234 ejus
674 1161 882 1232 nuptiis
911 1159 1224 1230 copulasse.
1257 1154 1388 1223 Quis
1410 1156 1479 1210 sit
1505 1162 1688 1209 autem
1791 1158 1909 1214 est,
1951 1161 2008 1205 ut
2048 1149 2366 1221 Opinionem
2394 1151 2689 1207 multorum
2721 1151 2800 1206 sic
2829 1162 3013 1207 narret
3055 1152 3382 1220 historicus,

165 1260 231 1314 ln'c
264 1258 527 1329 Philippus,
572 1255 904 1327 evangelista
963 1253 1138 1308 Lucas
1185 1251 1399 1320 plenius
1454 1248 1622 1303 docet
1671 1263 1684 1300 :
1791 1244 2070 1312 quomodo
2101 1259 2170 1299 eo
2195 1254 2440 1315 tempore
2462 1245 2528 1300 ab
2559 1244 2817 1300 omnibus
2847 1243 3198 1300 credebatur.
3229 1245 3388 1301 Sicut

160 1353 274 1406 Anno
312 1350 675 1421 quintodecimo
717 1347 924 1417 imperii
972 1344 1163 1400 Tiberii
1217 1341 1473 1407 Caesaris,
1513 1355 1692 1406 procu-
1768 1335 1996 1406 .Joseph
2039 1337 2108 1392 ab
2160 1338 2274 1407 ipsa
2323 1353 2542 1408 quoque.
2589 1337 2754 1392 Maria
2813 1337 3191 1406 appellabatur
3232 1349 3388 1407 pater

161 1453 270 1498 route
287 1442 452 1497 Pontio
475 1441 652 1496 Pilato
673 1438 914 1494 Judwam
934 1454 953 1504 ;
977 1435 1232 1492 tetrarcha
1254 1445 1425 1488 autem
1451 1430 1688 1486 Gali/anu
1791 1427 1950 1492 Jesu.
1979 1430 2053 1484 ita
2082 1439 2136 1485 et
2161 1446 2305 1486 nunc
2334 1430 2582 1486 Herodes
2615 1429 2815 1485 dicitur
2842 1431 3228 1498 cnntristatus,
3262 1432 3389 1502 quia

163 1534 353 1597 Herode;
381 1532 626 1603 Philippo
673 1547 792 1584 vero
833 1530 994 1597 fratre
1037 1531 1150 1600 ejus
1191 1525 1451 1580 tetrarcha
1480 1522 1689 1577 Itura’a:
1793 1522 1896 1575 hoc
1927 1522 2342 1578 discumbentes
2369 1523 2635 1592 putabant
2663 1521 2820 1593 (Luc.
2845 1522 2930 1590 ιι).
2960 1519 2979 1558 ί
3009 1521 3392 1578 Dissimulalor

162 1636 198 1678 et
220 1624 521 1679 Traconitidis
578 1623 806 1692 regionis
839 1620 986 1694 (Luc.
1018 1636 1097 1686 ιιι,
1129 1619 1206 1687 1).
1264 1619 1407 1687 Ergo
1445 1619 1686 1670 Joannes
1788 1615 1937 1670 enim
1985 1617 2186 1672 mentis
2235 1632 2352 1672 sua:
2384 1631 2440 1671 et
2477 1615 2676 1671 artifex
2707 1626 2732 1663 8
2768 1615 3085 1684 homicidii,
3119 1615 3394 1673 tristitiam

163 1716 354 1784 Baptista
395 1715 477 1786 qui
527 1721 759 1770 venerat
785 1713 836 1766 in
871 1711 1063 1781 Spiritu
1097 1720 1150 1764 et
1177 1709 1375 1763 virtute
1404 1706 1560 1770 Elite,
1594 1720 1685 1762 θει-
1791 1706 2118 1775 praeferebat
2148 1708 2199 1760 in
2233 1708 2395 1774 facie,
2420 1723 2543 1761 cum
2577 1707 2816 1762 laetitiam
2844 1705 3070 1763 haberet
3099 1709 3152 1763 in
3183 1719 3389 1766 mente.

161 1808 251 1863 dem
268 1809 567 1863 auctoritate
590 1823 696 1877 qua
721 1805 810 1860 ille
841 1802 1028 1859 Achab
1054 1801 1422 1897 corripuerat,
1446 1810 1504 1897 et
1532 1801 1687 1897 Jezn-
1718 1837 1765 1897 Β
1864 1796 2055 1864 (Vers.
2103 1797 2168 1862 9,
2213 1798 2329 1897 ιο.)
2375 1796 2609 1897 PrOpter
2662 1799 3046 1897 jusjurandum
3106 1805 3393 1897 autemnct

160 1899 223 1954 hel
245 1900 318 1968 (Ill
354 1898 470 1970 Reg.
504 1899 648 1967 ut),
679 1897 857 1966 arguit
901 1893 1174 1950 Herodem
1206 1904 1260 1947 et
1291 1891 1684 1957 Herodiadem,
1719 1888 1763 1897 ”
1796 1897 2007 1956 propter
2036 1905 2122 1942 eos
2147 1888 2236 1959 qui
2267 1889 2466 1957 pariter
2493 1889 2903 1958 discumbebant,
2929 1894 3091 1961 jussit
3116 1892 3252 1946 dari.
3283 1891 3393 1946 Mi-

160 1990 264 2060 quod
293 1990 485 2045 illicitas
528 1989 754 2055 nuptias
794 1986 1046 2052 fecerint,
1079 1994 1134 2040 et
1164 2000 1275 2039 non
1303 1984 1487 2049 liceat,
1521 1984 1688 2038 fratre
1794 1980 1982 2048 sitque,
2014 1989 2059 2034 et
2087 1979 2362 2033 decollavit
2383 1977 2645 2035 Joannem
2673 1982 2726 2034 in
2750 1998 2979 2037 carcere.
3008 1983 3198 2039 Scelus
3221 1998 3391 2039 excu-

161 2083 324 2138 rirente
347 2096 632 2153 germano,
658 2095 884 2135 uxorem
912 2077 1058 2133 illius
1089 2077 1291 2133 ducere
1319 2094 1332 2128 :
1360 2075 1568 2130 malens
1598 2089 1690 2144 pe-
1795 2082 1880 2127 sat
1921 2073 2238 2143 juramento
2267 2115 2282 2140 ,
2330 2085 2388 2128 ut
2437 2074 2540 2129 sub
2585 2076 2876 2131 occasione
2925 2077 3149 2147 pietatis
3198 2077 3400 2149 impius

161 2174 339 2228 riclitari
366 2173 496 2243 apud
542 2187 759 2243 regem,
818 2185 982 2241 quam
1040 2179 1269 2239 propter
1323 2167 1688 2222 adulationem
1797 2166 1974 2222 fieret.
2001 2166 2156 2234 Quod
2182 2175 2364 2221 autem
2395 2165 2668 2236 subjecit:
2702 2168 2767 2222 Et
2784 2179 2996 2239 propter
3022 2186 3108 2225 eos
3130 2172 3221 2240 qui
3250 2172 3392 2242 pari-

159 2282 250 2322 ωδε
274 2267 534 2322 immemor
557 2271 960 2337 praeceptorum
984 2263 1101 2317 Dei.
1799 2269 1875 2314 ter
1899 2259 2314 2325 discumbebant,
2343 2260 2460 2315 vult
2503 2275 2695 2316 omnes
2736 2261 2968 2318 sceleris
2995 2263 3079 2318 sui
3109 2279 3233 2320 esse
3263 2280 3395 2320 con-

214 2358 368 2426 (V’ers.
398 2359 482 2429 5.)
517 2357 596 2411 Et
634 2357 808 2410 volens
847 2356 996 2409 illum
1029 2355 1294 2421 occidere,
1329 2354 1497 2408 timuit
1526 2369 1698 2424 papu-
1797 2361 2004 2421 sortes,
2040 2363 2095 2406 ut
2129 2351 2180 2405 in
2213 2351 2498 2407 luxurioso
2525 2352 2849 2424 impuroque
2868 2356 3121 2410 convivio
3151 2367 3399 2414 cruenta:

159 2449 240 2503 tum
256 2466 271 2505 :
290 2451 396 2521 quia
415 2451 546 2504 sicut
577 2448 884 2520 prophetam
907 2465 1022 2503 eum
1044 2446 1330 2501 habebant:
1352 2445 1692 2502 Seditionem
1801 2446 1978 2514 epulae
2005 2443 2374 2499 deferrentur.

161 2543 328 2610 quidem
352 2543 458 2618 [ΑΙ.
481 2539 720 2614 quippe]
747 2541 932 2612 populi
964 2540 1256 2594 verebatur
1285 2548 1506 2608 propter
1527 2537 1696 2594 Joan-
1869 2537 2065 2606 (Vers.
2109 2538 2220 2607 11.)
2254 2536 2321 2590 Et
2359 2538 2580 2593 allatum
2607 2549 2683 2594 est
2722 2550 2876 2610 caput
2901 2542 3015 2611 ejus
3044 2542 3102 2596 in
3142 2543 3309 2611 disco,
3340 2555 3390 2600 et

160 2651 312 2703 nem,a
334 2652 430 2708 quo
450 2635 669 2692 sciebat
700 2634 886 2689 turbas
912 2634 966 2688 in
996 2632 1234 2688 Jordane
1265 2631 1527 2702 plurimas
1557 2631 1689 2701 bap-
1796 2631 1978 2684 datum
2005 2641 2081 2686 est
2108 2631 2330 2703 puellae,
2367 2643 2415 2686 et
2453 2634 2630 2688 attulit
2678 2636 2833 2688 matri
2875 2651 3005 2690 suaz.
3048 2636 3304 2706 Legimus
3337 2637 3392 2694 in

163 2728 334 2795 tizatas;
367 2729 454 2784 sed
483 2741 679 2783 amore
708 2725 1031 2781 vincebatur
1069 2723 1283 2787 uxoris,
1321 2724 1391 2778 ob
1423 2723 1577 2793 cujus
1602 2740 1691 2778 ar-
1801 2725 2045 2781 Romana
2098 2727 2364 2792 historia,
2421 2726 2749 2783 Flaminium
2799 2728 2994 2785 ducem
3049 2729 3355 2789 Romanum
3377 2774 3394 2800 ,

161 2817 304 2873 dorem
328 2819 480 2875 etiam
508 2820 609 2874 Dei
636 2825 908 2888 prmeepta
931 2817 1244 2887 neglexerat
1276 2814 1295 2886 (
1310 2814 1498 2871 Gcnes.
1529 2831 1597 2870 xi.
1617 2815 1658 2887 ).
1799 2819 1942 2889 quod
1967 2817 2348 2874 haccuinbenti
2375 2817 2482 2890 [ΑΙ.
2508 2819 3002 2892 accubanti]jnxta
3027 2824 3399 2879 meretriculae

220 2911 370 2981 (Vers.
399 2911 475 2980 6.)
502 2911 609 2966 Die
650 2919 824 2964 autem
858 2907 1049 2964 natalis
1084 2907 1316 2962 Herodis
1353 2908 1556 2962 saltavit
1585 2907 1699 2977 [ilia
1802 2915 1942 2967 latus
1970 2929 2092 2983 quae
2123 2928 2420 2982 numquam
2450 2927 2510 2968 se
2534 2913 2740 2970 vidisse
2767 2913 2976 2970 diceret
3002 2915 3279 2973 hominem
3305 2918 3402 2974 de-

159 3000 417 3060 llerodiadis
461 3007 512 3058 in
571 3002 747 3058 medio
795 3017 814 3056 .·
864 3012 914 3056 et
960 3001 1155 3072 placuit
1205 3000 1431 3055 Herodi.
1479 3000 1696 3055 Nullum
1801 3004 2055 3060 collatum
2081 3048 2094 3071 ,
2126 3017 2386 3057 assensus
2417 3005 2485 3057 sit
2515 3014 2573 3058 ut
2600 3019 2728 3060 reus
2757 3005 2977 3074 quidam
3006 3007 3258 3077 capitalis
3288 3008 3398 3064 cri-

160 3093 328 3150 daliutn
355 3097 659 3152 invenimus
689 3095 1017 3150 observasse
1047 3094 1193 3149 diem
1227 3092 1428 3147 Italalis
1452 3092 1560 3156 sui.
1594 3091 1698 3145 ιιἱεὶ
1727 3145 1770 3172 η
1805 3097 1968 3153 minis
2000 3098 2052 3152 in
2080 3097 2339 3152 convivio
2373 3106 2748 3166 truncaretur,
2782 3114 2814 3153 a
2839 3101 3163 3158 censoribus
3187 3103 3398 3172 pulsum

161 3184 406 3258 Herodem,
437 3199 489 3247 et
525 3191 911 3258 Pharaonem,
944 3197 1004 3243 ut
1031 3203 1261 3259 quantm
1301 3195 1420 3242 erat
1460 3200 1558 3256 par
1593 3185 1692 3239 im-
1727 3184 1771 3207 “‘
1808 3190 1984 3256 curia,
2029 3190 2172 3260 quod
2206 3190 2395 3260 epulas
2424 3190 2674 3261 sanguini
2708 3193 3022 3263 miscuerit,
3055 3205 3109 3251 et
3141 3209 3397 3266 mortem,

162 3279 324 3347 pietas,
352 3293 491 3338 esset
512 3291 571 3338 et
602 3296 712 3336 una
744 3280 1090 3337 solemnitas.
1806 3283 2059 3351 quamvis
2095 3282 2244 3336 noxii
2280 3282 2553 3350 hominis,
2590 3284 2641 3337 in
2673 3285 2904 3341 alterius
2931 3288 3158 3344 delicias
3191 3292 3406 3360 prasti-

215 3373 370 3441 (Vers.
409 3375 497 3447 'l.)
547 3373 709 3429 Unde
748 3389 864 3427 cum
899 3374 1202 3444 juramento
1237 3369 1506 3441 pollicitus
1543 3377 1618 3423 est
1653 3370 1701 3423 ci
1810 3373 1964 3439 terit,
2011 3382 2067 3428 nt
2102 3372 2273 3427 libido
2303 3383 2356 3426 et
2388 3373 2738 3429 homicidium
2772 3375 2979 3446 pariter
3015 3379 3401 3437 miscerentur.

163 3468 258 3521 dare
279 3471 624 3541 quodcumque
650 3468 956 3540 postulasset
979 3467 1044 3520 ab
1075 3483 1154 3521 eo.
1181 3467 1244 3521 At
1271 3466 1363 3520 illa
1396 3467 1700 3535 prthonila
1808 3470 2022 3535 Quanto
2060 3467 2380 3523 sceleratior
2410 3465 2661 3522 Herodes
2701 3476 2756 3523 et
2795 3469 3065 3526 Herodias
3094 3487 3158 3528 ac
3188 3474 3366 3543 puella
3388 3519 3402 3544 ,

164 3575 187 3611 α
209 3573 339 3615 matre
364 3579 472 3616 sua.
502 3563 622 3632 Ego
647 3575 756 3615 non
781 3574 985 3616 excuso
1009 3559 1302 3624 Herodem,
1331 3557 1478 3627 quod
1503 3559 1701 3614 invitus
1809 3576 1930 3632 quae
1966 3559 2213 3625 saltavit,
2265 3559 2318 3612 in
2367 3557 2605 3628 pretium
2657 3560 2938 3630 sanguinis
2975 3573 3137 3633 caput
3170 3566 3411 3634 postulat

164 3661 203 3705 et
220 3655 379 3709 nolens
403 3665 631 3727 propter
656 3655 1027 3725 juramentum
1057 3663 1078 3689 ο
1106 3651 1460 3708 homicidium
1486 3651 1700 3718 fecerit,
1803 3653 2119 3725 prophetae,
2152 3659 2212 3707 ut
2236 3651 2435 3707 habeat
2461 3651 2514 3707 in
2546 3660 2822 3721 potestate
2851 3653 3087 3724 linguam
3112 3697 3128 3722 ,
3155 3673 3275 3728 quae
3302 3659 3409 3714 illi-

165 3744 231 3812 qui
249 3746 304 3800 ad
335 3748 429 3804 hoc
450 3749 596 3804 forte
620 3748 848 3818 juravit,
882 3756 940 3801 ut
968 3745 1164 3801 futurae
1195 3745 1459 3800 occisioni
1491 3745 1701 3799 machi-
1805 3751 1943 3805 citas
1963 3749 2175 3815 nuptias
2197 3747 2480 3817 arguebat.
2509 3745 2623 3801 Huc
2643 3744 2798 3817 juxta
2821 3747 3274 3805 litteramlactum
3300 3751 3408 3817 sit;

166 3850 240 3891 nas
261 3852 594 3912 prmpararet.
636 3840 891 3910 Alioquin
923 3840 967 3894 si
1000 3840 1071 3894 ob
1095 3838 1476 3909 jusjurandum
1509 3837 1706 3894 iecisse
1811 3857 1911 3896 nos
1939 3850 2122 3895 autem
2155 3854 2330 3909 usque
2361 3839 2525 3894 hodie
2554 3841 2829 3895 cernimus
2868 3839 2922 3895 in
2969 3842 3148 3912 capite
3176 3843 3410 3902 Joannis

166 3931 367 3996 sedit-it,
403 3937 444 3988 si
479 3933 687 4005 patris,
723 3933 770 3989 si
803 3934 995 3988 matris
1029 3933 1366 4002 posuilasset
1394 3933 1704 4001 interitum,
1809 3936 2122 4008 propheta).
2155 3935 2377 3992 Judaeos
2405 3933 2720 4001 Christum,
2774 3936 2866 4008 qui
2913 3950 3078 4008 caput
3126 3939 3284 4012 103
3326 3951 3420 3998 est

165 4020 358 4082 tacturus
385 4028 584 4096 fuerat,
628 4044 696 4082 an
733 4029 884 4082 non?
918 4027 1076 4094 Quod
1111 4028 1163 4081 in
1197 4042 1256 4081 se
1287 4043 1418 4098 ergo
1459 4029 1709 4099 repudia-
1816 4029 2242 4100 prophetarum,
2289 4027 2617 4098 perdidisse.

167 4119 286 4169 turus
321 4116 430 4189 [AL
466 4118 837 4190 repudiatus]
878 4117 1012 4187 luit,
1049 4125 1404 4175 contemnere
1442 4119 1628 4176 debuit
1655 4129 1710 4176 et
1889 4122 1959 4177 Et
1987 4121 2287 4177 accedentes
2314 4121 2559 4190 discipuli
2586 4121 2734 4192 ejus,
2766 4121 2998 4176 tulerunt
3041 4138 3230 4195 corpus
3269 4127 3410 4196 eius,

167 4206 484 4280 inprolvheta.
1819 4225 1867 4270 et
1911 4214 2234 4287 sepelierunt
2288 4211 2443 4266 illud.
2495 4211 2688 4268 Refert
2733 4211 3014 4284 Josephus
3071 4214 3128 4269 in
3178 4216 3412 4287 quodam

224 4370 451 4445 flflnmen
480 4372 728 4445 Philippi
758 4371 932 4426 nostri
967 4370 1222 4445 ignorant
1249 4384 1382 4445 mss.
1551 4443 1557 4445 _
1823 4375 2017 4445 quippe
2041 4369 2444 4445 hoc_Pha_raone
2463 4367 2635 4445 _(_Gen.
2664 4385 2761 4436 χι,
2795 4368 3020 4445 20)_[uit
3055 4371 3318 4445 Herodes.
3348 4373 3418 4432 Et

221 4439 244 4478 δ
268 4443 597 4500 Adduntduo
620 4437 792 4498 Palat.
812 4458 923 4496 mss
954 4483 969 4506 ,
988 4437 1251 4507 Arabum;
1271 4441 1384 4503 alii,
1410 4457 1507 4510 pro
1525 4443 1716 4510 Aretce,
1825 4437 1973 4500 hom:
2002 4446 2035 4499 8
2067 4446 2118 4498 in
2148 4442 2380 4498 Levitic.
2405 4459 2419 4496 :
2455 4437 2624 4494 Nemo
2667 4457 2734 4495 ea:
2773 4437 3009 4497 omnibus
3041 4443 3250 4499 Sanctis
3277 4447 3419 4502 inve-

174 4510 318 4582 legnnt
339 4515 609 4577 Plieilirai,
635 4529 796 4586 quam
828 4514 1113 4586 lectionem
1142 4523 1205 4586 Aet
1237 4512 1581 4586 Martianzeus
1621 4533 1720 4571 no—
1755 4584 1772 4586 Α
1823 4519 1965 4571 nitur
1984 4515 2118 4569 diem
2145 4516 2336 4586 festum
2362 4512 2441 4567 vel
2463 4513 2752 4586 convivium
2781 4529 3028 4586 magnum
3055 4515 3220 4585 egisse
3250 4519 3301 4570 in
3329 4520 3415 4574 die

175 4591 231 4636 tat
253 4601 307 4639 ex
327 4603 428 4640 uno
455 4587 513 4642 S.
549 4582 780 4653 Remigii
806 4585 1017 4652 codice,
1051 4584 1309 4649 additque
1351 4583 1580 4640 Phetros
1620 4603 1720 4641 no.
1746 4584 1796 4643 D
1825 4589 2017 4641 natalis
2058 4587 2158 4640 sui.
2192 4584 2392 4640 Verum
2436 4592 2491 4636 et
2529 4582 2824 4654 Agrippam
2866 4582 3100 4653 regem,
3123 4594 3180 4640 et
3221 4589 3414 4644 Antio-

176 4667 270 4726 taen
297 4658 520 4726 regionis
544 4672 696 4722 esse,
723 4670 842 4726 quae
867 4655 1064 4709 Arabia
1089 4654 1294 4726 Petraea
1326 4655 1543 4710 dicitur.
1581 4656 1718 4714 Inle-
1822 4658 2008 4719 chum,
2040 4657 2286 4724 aliosque
2329 4655 2527 4709 mullos
2570 4655 2730 4726 bona:
2777 4655 2946 4726 frugis
2991 4655 3137 4726 viros
3181 4661 3412 4716 natalem

175 4724 252 4779 ritn
274 4739 318 4781 et
344 4724 603 4799 Origenes
630 4724 794 4799 tradit
831 4737 1019 4780 contra
1046 4724 1374 4799 nonnullos,
1427 4727 1515 4799 qui
1566 4738 1716 4794 post-
1823 4744 1979 4784 suum
2010 4727 2340 4787 celebrasse,
2369 4727 2588 4780 tradunt
2616 4724 2892 4799 Histgrite.
2924 4725 3054 4799 Vide
3081 4730 3411 4799 peculiarem

177 4809 302 4869 quam
357 4795 586 4854 obiisset
645 4797 961 4865 Philippus.
1026 4795 1310 4869 ﬁliamque
1369 4797 1709 4869 reliquisset,
1824 4801 1926 4854 hoc
1955 4800 2022 4854 de
2063 4803 2386 4869 argumento
2431 4797 2682 4852 canonici
2729 4795 3023 4851 Frontonis
3069 4798 3416 4858 dissertatio-

179 4863 494 4925 llerodiadem
526 4870 715 4924 fratris
747 4863 975 4922 norem
1006 4863 1233 4921 duxisse
1258 4863 1527 4922 Herodem
1569 4863 1712 4926 vole-
1822 4887 1968 4927 nem.

178 4934 297 5018 haunt,
327 4941 496 5018 majus
533 4939 705 5018 fuisse
743 4936 1313 5018 ﬂagitiumdlerodnsn
1337 4940 1425 5018 qui
1457 4954 1655 5018 nempe
1682 4958 1712 4997 a

1897 4953 1919 4980 ο
1964 4939 2166 5018 Eodem
2197 4953 2359 5018 sensu
2390 4937 2691 5018 Origepesh.
2723 4939 2912 5018 μᾶλλον
2941 4939 3195 5018 Europaeis
3219 4939 3417 5018 ἦεύοραι

179 5006 311 5087 iralre
335 5005 877 5090 etiamqumjivente
909 5007 1192 5090 conjuge-rp
1211 5005 1545 5090 abdidisset.
1578 5005 1715 5067 Con-

1843 5021 1926 5068 ιεῐν
1956 5011 2080 5068 ἔδει·
2099 5012 2173 5090 ὀὗ
2199 5011 2385 5090 totuth
2410 5005 2512 5085 ’γὰρ
2548 5005 2606 5067 ἦν
2637 5005 2885 5090 ﬁglinum“
2899 5005 3212 5090 trporrsrsia;
3240 5005 3409 5090 ὃρκᾳῦ,

181 5079 330 5157 sitiunt
355 5098 483 5159 vero
618 5080 949 5159 Hieronymo
979 5077 1104 5159 alii,
1132 5078 1388 5159 Basilius
1407 5079 1723 5138 Seleucien-

1848 5088 1908 5140 :ai
1953 5093 2044 5143 τῆς
2088 5077 2804 5159 ἀνοιιρέσεως’π]οοφηῖιέιῆς
2841 5077 3194 5159 Pejcraudum
3228 5077 3414 5159 potius

179 5149 237 5201 sis
259 5165 384 5227 orat.
406 5154 475 5209 18
502 5152 734 5227 Herodis
759 5149 880 5205 cuin
911 5149 1461 5227 llerodiadennptias
1479 5159 1722 5227 μριχείαν
1828 5167 1960 5220 erat,
1985 5171 2140 5227 quam
2152 5149 2450 5227 juramento
2472 5149 2738 5204 standum.
2761 5149 2977 5204 Temere
2995 5153 3188 5224 quippe
3207 5149 3421 5227 jar-asse

180 5223 786 5300 appellauenmqumait,
805 5238 962 5300 usum
977 5239 1136 5300 regno
1150 5221 1380 5275 libidinis
1393 5221 1722 5300 administro.
1829 5243 1935 5282 non
1950 5224 2093 5300 adeo
2118 5221 2436 5300 culpandum
2464 5229 2594 5300 erat,
2619 5238 2773 5300 quam
2799 5233 3014 5293 propter
3038 5221 3317 5294 juramenti
3344 5235 3421 5280 te-

180 5286 462 5350 Conlerendi
495 5286 722 5366 insuper
751 5286 1148 5362 Josephus'lib.
1182 5308 1340 5358 xvm,
1383 5308 1503 5363 cap.
1543 5294 1608 5363 5,
1643 5313 1732 5354 re-
1834 5297 2121 5353 nteritatem
2150 5286 2464 5366 prophetam
2485 5286 2875 5366 letbodedis'se.

179 5367 516 5438 melioresque
544 5365 744 5436 passim
775 5366 1124 5434 interpretes.
1914 5368 1933 5407 ί
1978 5363 2159 5438 Penes
2179 5363 2402 5438 Victor.,
2430 5363 2735 5438 Dissimulat
2762 5365 2896 5438 enim
2920 5366 3104 5419 mentis
3127 5381 3238 5438 sua’
3267 5366 3424 5422 mali-

237 5445 256 5508 ξ
290 5435 521 5508 l_thabb.,
550 5435 782 5508 socrum.
823 5507 828 5508 γ
1000 5506 1008 5508 ᾗ
1038 5507 1044 5508 ί
1261 5506 1297 5508 η
1839 5441 1967 5494 tiam
1993 5437 2184 5508 artifex
2212 5436 2492 5501 homicida,
2521 5451 2639 5490 cum
2668 5436 2936 5490 tristitiam
2957 5438 3010 5490 in
3033 5437 3189 5506 facie,
3219 5447 3266 5491 et
3288 5438 3425 5494 (teti-

235 5501 256 5578 f’
293 5501 537 5564 Totidem
581 5509 719 5564 bona
764 5507 870 5563 lide
897 5506 1080 5578 vVerbis
1113 5507 1231 5562 haec
1258 5506 1624 5578 Hieronymus
1659 5527 1725 5567 ex
1837 5513 1964 5566 tiam
1995 5501 2198 5562 haberet
2227 5508 2281 5561 in
2306 5515 2493 5561 mente.

182 5572 372 5662 Quaene
402 5579 694 5666 descripsit
721 5581 816 5666 aiE
856 5577 1094 5666 οὐδελίίας
1139 5589 1335 5666 ﬂagra;
1364 5572 1590 5666 globus.»
1631 5583 1734 5666 ῥπὸ

1912 5592 1936 5666 ξ
1977 5581 2114 5666 Illas.
2135 5579 2617 5666 pleriquelomnes‘,
2642 5577 2930 5666 homicida.
2953 5577 3044 5635 Sic
3068 5578 3417 5666 Rhahbanus.

184 5648 342 5727 aII-aio”
369 5651 620 5727 Mla}.
647 5648 892 5727 ᾁῖόμενρῖ
909 5694 923 5718 ’
939 5648 1124 5727 ’ᾅδιῖκος
1535 5655 1731 5727 ,ἐκείνου

1911 5651 1939 5690 ¹ι
1981 5651 2216 5720 Rhabb.,
2257 5649 2395 5722 quod
2448 5650 2726 5704 accubanti
2765 5653 2925 5722 juxta
2972 5667 3026 5707 se
3068 5651 3425 5727 meretricula,

184 5719 449 5799 ica’apcvub
477 5723 508 5799 ἦ
535 5719 803 5799 Ἠράιδηςξ
837 5719 1040 5799 Nullibi
1088 5719 1336 5799 scriptum
1370 5724 1671 5799 reperimus
1703 5741 1735 5778 a

561 5719 803 5799 Hpcbﬁnc:
837 5719 1040 5799 Nullibi
1088 5719 1336 5799 scriptum
1370 5724 1671 5799 reperimus
1703 5741 1735 5778 a
1841 5742 1987 5799 quia,
2020 5731 2127 5781 etc.

179 5791 300 5852 justo
343 5791 606 5864 quopiam
651 5791 812 5861 fuisse
867 5792 1119 5850 celebrata
1171 5791 1459 5851 natalitia
1510 5796 1736 5866 iniquior
