3962 6304
155 229 238 290 101

615 220 1265 285 εοιιιιειειτιιιιιοιιιιιι
1302 199 1369 284 tu
1413 219 1688 283 annos

1803 219 1869 286 In
1910 219 2246 286 unum
2287 200 2419 280 un.
2460 219 2528 280 ιι.
2569 219 2724 280 esp.
2767 220 2914 282 xw.

3306 209 3414 285 tos

154 344 268 396 ciens
292 340 343 395 in
367 337 569 407 calum,
603 340 863 396 benedixit
891 352 938 396 et
968 342 1138 412 (regit,
1186 351 1233 394 et
1263 340 1406 395 dedit
1435 338 1708 410 discipulis
1735 348 1789 407 Α
1813 340 1956 396 solus
1987 355 2156 396 orare.
2217 338 2438 411 Vespere
2469 349 2641 395 autem
2678 342 2815 410 facto
2875 339 3018 396 solus
3040 348 3150 396 erat
3198 337 3290 395 ibi.
3348 342 3408 396 Si

153 451 306 504 panes.
335 433 544 502 Astiicit
568 431 623 486 in
648 432 870 498 omium,
928 441 986 487 ut
1014 421 1130 487 illic
1158 432 1347 487 oculos
1395 429 1704 501 dirigendos

1807 431 2042 488 fuissent
2091 448 2215 489 cum
2267 449 2333 489 eu
2373 433 2627 504 discipuli
2675 434 2891 502 Petrus,
2923 443 2980 490 et
3028 432 3287 499 Jacobus,
3341 443 3400 488 et

147 527 328 581 doceat.
367 523 616 592 Quinque
656 537 826 593 panes
879 530 935 577 et
963 522 1101 578 duos
1141 522 1434 593 pisciculos
1475 521 1706 591 sumpsit
1807 523 2066 590 Joannes,
2119 526 2210 595 qui
2241 525 2489 582 viderant
2519 526 2747 596 gloriam
2783 527 3178 591 transformari,
3235 527 3402 582 forsi-

145 620 190 673 in
216 632 409 682 manus,
440 625 499 672 et
523 615 690 687 fregit
716 629 833 683 eos,
859 613 1190 686 tradiditque
1205 614 1506 688 discipulis.
1528 613 1702 668 Fran-

144 720 279 782 gente
333 710 582 778 Domino,
632 709 992 765 seminarium
1045 709 1109 763 fit
1143 708 1411 765 ciborum.
1465 707 1526 764 Si
1553 705 1700 763 enim

144 804 344 860 fuissent
366 801 583 872 integri,
609 810 667 857 et
687 816 792 858 non
819 800 872 855 in
903 799 1076 856 frusta
1096 799 1384 870 discerpti,
1418 814 1518 857 nec
1543 797 1702 856 divisi

144 900 188 954 in
217 897 557 968 multiplicem
591 904 860 963 segetem,
889 895 1096 960 turbas,
1123 903 1179 949 et
1211 908 1432 964 pueros,
1461 903 1516 951 et
1546 893 1703 952 femi-

149 1007 255 1056 nas,
285 1001 468 1046 tantam
486 989 892 1045 multitudinem
917 987 1064 1044 alere
1095 1003 1203 1044 non
1236 996 1505 1057 poterant.
1531 986 1702 1042 Fran-

146 1084 270 1154 gitur
294 1098 409 1153 ergo
429 1084 512 1138 lex
540 1097 663 1136 cum
697 1080 998 1152 praphetis,
1026 1091 1082 1136 et
1118 1081 1174 1136 in
1219 1080 1389 1136 frusta
1428 1079 1699 1148 discerpi—

149 1187 240 1240 tur,
258 1184 306 1231 et
327 1176 438 1245 ejus
456 1175 511 1230 in
535 1174 779 1230 medium
798 1174 1056 1246 mysteria
1077 1172 1447 1243 proferuntur,
1475 1173 1699 1244 utquod

140 1269 379 1340 integrum
411 1278 465 1324 et
490 1283 822 1339 permanens
865 1267 920 1323 in
964 1275 1108 1324 statu
1149 1267 1378 1336 pristino
1428 1280 1536 1320 non
1585 1265 1697 1321 ale-

141 1361 256 1427 bat,
305 1361 533 1417 divisum
585 1361 640 1415 in
693 1369 877 1431 partes
938 1358 1050 1414 alat
1093 1359 1336 1430 gentium
1397 1356 1698 1415 multitudi-

141 1470 261 1510 ncun

195 1547 354 1618 (Vera.
391 1545 514 1617 Q0.)
553 1555 581 1586 ι
605 1543 864 1616 Discipuli
893 1554 1064 1599 autem
1113 1545 1364 1600 dederunt
1410 1543 1592 1600 turbis.
1627 1539 1696 1595 Et

142 1641 541 1693 manducarerunt
573 1655 770 1704 omnes,
801 1647 848 1692 et
893 1639 1120 1692 saturati
1142 1651 1282 1692 sunt.
1312 1637 1560 1696 Turbtea
1591 1636 1696 1692 Do-

138 1733 260 1787 mino
295 1747 388 1801 per
411 1731 694 1802 apostolos
722 1730 980 1787 alimenta
1011 1729 1338 1799 suscipiunt.

181 1823 240 1877 Et
253 1826 466 1880 tulerunt
479 1824 730 1895 reliquias
741 1824 1013 1879 duodecim
1025 1824 1277 1894 cophinos
1289 1824 1693 1894 [ragmcntorum

139 1916 309 1985 plenos.
337 1917 724 1988 Unusquisque
745 1918 1118 1986 apostolorum
1143 1917 1212 1972 de
1243 1917 1484 1984 reliquiis
1505 1915 1694 1971 Salva-

139 2010 250 2064 tor-is
291 2010 472 2081 implet
525 2009 824 2079 eopbinum
871 2023 1049 2076 suum,
1083 2019 1143 2064 ut
1189 2009 1276 2064 vel
1322 2009 1521 2064 habeat
1551 2007 1693 2062 unde

141 2112 303 2168 postea
325 2101 576 2171 gentibus
603 2100 790 2158 cibum
811 2101 1072 2170 praebeat,
1111 2103 1190 2156 vel
1235 2116 1301 2156 es
1333 2098 1581 2169 reliquiis
1604 2097 1696 2154 do-

134 2205 236 2247 cent
262 2209 409 2249 veros
433 2193 607 2250 fuisse
630 2195 929 2265 panes,qni
953 2206 1146 2264 postea
1173 2193 1517 2263 multiplicati
1542 2203 1690 2249 sunt.

135 2288 190 2341 Et
216 2288 355 2342 simul
388 2303 594 2358 quaere,
634 2288 919 2358 quomodo
949 2290 1001 2342 in
1023 2303 1208 2344 eremo
1233 2298 1288 2344 et
1316 2289 1368 2342 in
1405 2298 1512 2343 tam
1536 2300 1690 2344 vasm

132 2380 399 2436 solitudine
429 2395 600 2452 panes
639 2397 750 2436 non
775 2381 1145 2448 inveniantur,
1171 2379 1277 2438 nisi
1303 2381 1544 2451 quinque
1573 2391 1690 2436 tan-

132 2483 252 2540 tum,
272 2485 323 2531 et
353 2476 463 2531 duo
489 2476 765 2543 pisciculi,
797 2475 956 2548 ιω
984 2483 1040 2531 et
1072 2485 1177 2530 tam
1213 2475 1370 2531 facile
1399 2475 1686 2532 duodecim

129 2570 319 2637 cophini
345 2568 370 2606 ιι
394 2570 757 2639 reperiantur.

193 2657 367 2727 (Vera.
417 2658 557 2730 21.)
596 2660 1028 2716 Handucantium
1079 2671 1250 2714 autem
1296 2660 1395 2730 fuit
1447 2677 1688 2715 numerus

129 2748 323 2819 quinque
347 2751 512 2806 millia
537 2752 787 2819 virorum,
844 2751 1068 2821 exceptis
1097 2751 1398 2806 mulieribus
1426 2761 1475 2805 et
1499 2767 1689 2818 paruu-

128 2839 199 2892 lis.
220 2839 371 2896 Juxta
392 2858 674 2899 numerum
703 2844 941 2914 quinque
958 2859 1179 2914 panum,
1210 2853 1264 2900 et
1283 2841 1685 2900 eomedentium

125 2928 340 2988 virorum
385 2934 630 3004 quinque
657 2935 892 2990 millium
948 2936 1238 2994 multitudo
1279 2945 1383 2991 est.
1435 2935 1687 2992 Necdum

128 3023 576 3081 cnimsecundum
622 3026 856 3082 alterius
884 3027 988 3084 loci
1017 3029 1383 3084 narrationem
1405 3027 1472 3084 ad
1497 3039 1682 3097 septe-

1807 627 1896 674 tan
1927 619 2304 676 ascendissent
2331 621 2384 675 in
2402 629 2646 676 montem
2665 636 2790 676 cum
2815 635 2905 688 eo;
2923 621 3017 677 sed
3035 621 3192 676 turba
3223 619 3291 675 ad
3319 635 3402 676 su-

1808 711 1990 768 blimia
2022 711 2180 783 sequi
2230 727 2341 769 non
2392 722 2606 783 potest,
2637 714 2741 771 nisi
2771 715 3024 771 docuerit
3075 730 3194 770 eam
3248 714 3401 785 juxta

1804 821 1956 861 mare
1990 806 2040 860 in
2076 807 2283 870 littore,
2318 815 2375 862 et
2402 807 2604 865 aluerit
2641 808 2696 862 in
2755 808 2996 864 deserto.
3027 807 3184 874 Quod
3217 817 3398 863 autem

1803 899 2053 956 ascendit
2082 901 2234 955 solus
2273 915 2455 968 orare,
2513 917 2620 955 non
2677 901 2745 955 ad
2789 917 2915 957 eum
2948 900 3156 956 referas
3195 901 3286 971 qui
3327 900 3397 955 de

1803 992 2042 1060 quinque
2070 993 2301 1062 panibus
2327 993 2568 1063 quinque
2592 992 2759 1049 millia
2791 991 3055 1048 saturavit
3085 992 3386 1057 hominum,

1803 1086 2055 1155 exceptis
2103 1085 2347 1157 parvulis
2377 1095 2436 1141 et
2483 1086 2839 1151 mulieribus;
2886 1086 2981 1142 sed
3028 1086 3093 1141 ad
3124 1103 3247 1142 eum
3275 1088 3389 1157 qui,

1803 1179 1989 1234 audita
2021 1188 2193 1234 morte
2231 1178 2482 1246 Joannis,
2506 1179 2737 1236 secessit
2766 1181 2818 1234 in
2846 1179 3226 1248 solitudinem,
3283 1194 3392 1235 non

1799 1274 1948 1346 quod
1980 1289 2271 1344 personam
2302 1273 2522 1329 Domini
2564 1287 2901 1344 separemus,
2943 1272 3039 1328 sed
3062 1273 3206 1343 quod
3233 1288 3399 1342 opera

1799 1368 1920 1438 ejus
1938 1368 2080 1422 inter
2109 1366 2280 1422 Deum
2311 1376 2366 1423 et
2392 1366 2666 1422 hominem
2692 1365 2873 1420 divisa
2904 1365 3035 1420 sint.

1878 1460 2032 1531 107
2064 1458 2246 1531 (Vera.
2273 1458 2395 1528 id.)
2438 1457 2696 1514 Naoicula
2748 1467 2916 1511 autent
2958 1458 3009 1510 in
3059 1454 3228 1510 medio
3266 1457 3397 1511 mari

1791 1550 2094 1624 jactabatur
2115 1549 2358 1620 ﬂuctibus
2388 1564 2406 1604 :
2429 1559 2534 1603 erat
2551 1549 2684 1603 enim
2706 1548 3000 1602 contrarius
3013 1557 3207 1602 ventus.
3226 1546 3396 1603 Recte

1799 1645 1952 1714 quasi
1987 1645 2168 1707 inviti,
2196 1651 2251 1698 et
2277 1651 2642 1699 retractantes
2666 1641 2903 1712 apostoli
2956 1657 2985 1695 a
3034 1640 3268 1696 Domino
3309 1656 3395 1696 re-

1728 1742 1772 1802 B
1801 1747 2108 1796 cesserant.
2144 1752 2213 1790 ne
2271 1735 2365 1791 illo
2403 1736 2652 1802 absente,
2698 1733 2982 1804 naufragia
3031 1733 3390 1790 sustinerent.

1799 1829 2046 1899 Denique
2075 1829 2306 1884 Domino
2332 1829 2388 1882 in
2424 1828 2622 1884 montis
2655 1827 2941 1882 cacumine
2996 1834 3392 1892 commorante,

1795 1929 1980 1980 statim
2021 1932 2216 1978 ventus
2249 1922 2559 1978 contrarius
2609 1921 2805 1986 oritur,
2837 1929 2893 1974 et
2930 1921 3111 1974 turbat
3138 1935 3310 1986 mare,
3343 1930 3399 1974 et

1795 2016 2178 2086 periclitantur
2206 2014 2466 2084 apostoli,
2521 2022 2576 2068 et
2605 2013 2810 2068 tamdiu
2842 2011 3140 2068 imminens
3167 2011 3390 2068 nauira~

1802 2110 1949 2179 gium
1975 2117 2320 2178 perseverat,
2371 2105 2626 2175 quamdiu
2656 2104 2816 2160 Jesus
2837 2104 3038 2160 veniat.

1863 2202 2046 2273 (Vera.
2075 2198 2199 2271 25.)
2240 2199 2444 2264 Quarta
2502 2208 2672 2253 autem
2705 2197 2882 2268 vigilia
2927 2197 3093 2252 noctis
3123 2195 3261 2252 venit
3321 2195 3390 2248 ad

1792 2312 1877 2350 eos
1895 2296 2165 2350 ambulans
2179 2310 2338 2365 supra
2360 2308 2523 2348 mare.
2554 2291 2833 2347 Statioues
2857 2299 2915 2346 et
2945 2288 3148 2360 vigilia:
3180 2289 3396 2344 milita-

1793 2405 1884 2444 res
1914 2390 1967 2444 in
1993 2399 2150 2445 terna
2184 2391 2441 2443 horarum
2467 2385 2642 2455 Spatia
2661 2383 2999 2440 dividuntur.
3048 2382 3283 2451 Quando
3307 2399 3394 2438 cr-

1791 2496 1860 2551 go
1887 2480 2044 2548 dicit,
2069 2490 2261 2550 quarta
2305 2479 2488 2548 vigilia
2519 2479 2695 2533 noctis
2723 2477 2943 2532 venisse
2974 2477 3040 2530 ad
3071 2492 3165 2532 eos
3212 2477 3397 2532 Domi-

1789 2589 1943 2639 num,
1972 2572 2210 2628 ostendit
2259 2580 2367 2627 tota
2417 2579 2573 2626 nocte
2606 2571 2960 2638 periclitatus,
2993 2581 3046 2624 et
3083 2580 3106 2606 ε
3139 2577 3388 2626 extrema

1789 2674 1948 2736 parte
1973 2668 2173 2732 noctis,
2202 2676 2367 2734 atque
2389 2664 2442 2721 in
2471 2664 2954 2722 consummatione
2980 2663 3170 2720 mundi
3192 2662 3274 2719 cis
3299 2678 3395 2720 au-

1795 2758 1988 2815 xilium
2011 2756 2391 2827 praebiturum.

1861 2849 2050 2919 (Vers.
2082 2849 2198 2919 36.)
2241 2847 2308 2901 Et
2347 2849 2575 2902 videntes
2605 2864 2723 2901 cum
2753 2862 2915 2919 supra
2943 2862 3088 2901 mare
3112 2846 3389 2902 ambulan-

1790 2953 1914 3009 tem,
1964 2941 2157 2998 turbati
2208 2950 2351 3009 sunt,
2401 2941 2674 2995 dicentes:
2703 2941 2826 3010 quia
2877 2940 3185 3012 phantasma
3206 2949 3304 2996 est.
3331 2940 3388 2996 Si

1786 3033 1947 3104 juxta
2003 3030 2334 3090 Marcionem
2375 3043 2428 3086 et
2461 3030 2840 3100 Manicbzeum,
2895 3030 3153 3086 Dominus
3202 3042 3393 3086 noster

124 3116 315 3172 narium
360 3135 648 3176 numerum
687 3132 954 3188 venerat,
1007 3135 1169 3192 quem
1220 3121 1310 3190 qui
1366 3121 1682 3190 comedunt,
1711 3111 1759 3176 C
1792 3139 1898 3179 non
1924 3133 2005 3179 est
2029 3133 2186 3178 natus
2211 3138 2279 3178 ex
2308 3122 2556 3194 Virgine,
2582 3123 2678 3178 sed
2711 3122 2862 3178 visus
2893 3123 2946 3177 in
2968 3123 3384 3196 phantasmate:

126 3217 332 3275 quatuor
355 3211 522 3267 millia
565 3220 722 3277 sunt,
746 3213 921 3270 vicina
967 3213 1396 3284 Evangeliorum
1435 3231 1683 3270 numero.

122 3297 401 3358 Comedunt
421 3314 600 3360 autem
627 3306 864 3376 quinque
893 3305 1067 3361 millia
1089 3307 1332 3361 virorum
1361 3309 1452 3376 qui
1481 3307 1532 3361 in
1558 3323 1683 3377 per-

116 3391 296 3449 lectum
349 3397 520 3454 virum
568 3410 881 3464 creverant,
914 3407 968 3454 et
1017 3398 1387 3469 sequebantur
1439 3415 1585 3466 eum,
1617 3400 1686 3458 de

117 3503 209 3557 quo
235 3490 360 3546 dicit
406 3492 700 3548 Zacharias
732 3510 751 3550 :
784 3493 915 3548 Ecce.
963 3493 1064 3559 vir,
1099 3492 1282 3548 Oriens
1332 3510 1519 3548 nomen
1549 3497 1682 3565 ejus.

123 3583 286 3655 (locis.
310 3603 384 3652 vi,
419 3587 536 3657 ις.)
565 3588 821 3643 Mulieres
864 3598 1068 3655 autem,
1099 3599 1120 3626 ε
1149 3597 1201 3642 et
1247 3588 1491 3657 parvuli,
1522 3602 1686 3644 sexus

117 3674 295 3747 fragilis
325 3690 380 3735 et
411 3690 542 3736 mtas
572 3680 771 3746 minor,
793 3696 1020 3736 numero
1041 3680 1250 3750 indigni
1275 3691 1420 3737 sunt.
1449 3680 1604 3738 Unde
1633 3691 1686 3737 ct

115 3767 161 3824 in
186 3770 535 3830 Numerorum
558 3774 700 3829 libro
741 3774 955 3845 quaties
983 3774 1298 3830 sacerdotes
1319 3786 1484 3844 atque
1520 3773 1683 3830 Levi-

117 3869 190 3926 ιω,
212 3875 258 3920 et
284 3867 564 3921 exercitus
595 3866 684 3921 vel
708 3866 882 3920 turbae
900 3866 1256 3937 pugnantium
1272 3864 1683 3934 describuntur,

116 3956 233 4012 servi
261 3969 310 4012 et
334 3958 617 4026 mulieres,
651 3969 705 4014 et
733 3959 966 4028 parvuli,
993 3969 1049 4014 et
1078 3959 1269 4030 vulgus
1300 3959 1537 4032 ignobile
1561 3959 1685 4015 abs-

118 4060 202 4114 que
225 4064 448 4106 numero
473 4051 934 4121 praetermittitur.

174 4138 340 4206 (Vers.
373 4142 496 4212 22.)
541 4141 611 4196 Er
638 4139 665 4179 ἀ
696 4143 876 4197 statim
913 4143 1163 4214 compulit
1211 4140 1367 4197 Jesus
1398 4141 1685 4213 discipulos

115 4242 212 4282 suos
233 4235 507 4288 ascendere
556 4237 612 4287 in
641 4233 953 4301 naviculam,
996 4243 1042 4288 et
1072 4233 1358 4305 prmcedere
1383 4249 1499 4287 eum
1541 4244 1684 4290 trans

115 4321 292 4391 fretum,
339 4327 512 4382 donec
554 4326 830 4380 dimitteret
861 4326 1055 4380 turbas.
1110 4324 1402 4396 Discipulis
1428 4327 1686 4397 prmcepit

116 4419 460 4488 transfretare,
488 4427 548 4475 et
576 4417 846 4488 compulit
874 4429 936 4473 ut
961 4418 1317 4474 ascenderunt
1343 4419 1683 4479 naviculam:

114 4520 201 4574 quo
224 4524 474 4567 sermone
502 4510 812 4566 ostenditur
862 4510 1064 4565 invitos
1093 4525 1188 4565 eos
1240 4527 1270 4563 a
1318 4510 1550 4566 Domino
1599 4528 1685 4568 rc-
1709 4509 1765 4570 D

114 4602 312 4659 cessisse
342 4622 356 4656 :
384 4605 520 4660 dum
570 4618 760 4660 amore
790 4603 1148 4674 praeceptoris
1176 4618 1243 4658 ne
1270 4615 1526 4675 punctum
1557 4606 1679 4677 qui-

115 4693 212 4752 dem
241 4703 500 4772 temporis
529 4701 599 4754 ab
630 4715 694 4756 eo
723 4701 913 4756 volunt
935 4700 1208 4771 separari.

169 4790 331 4861 (Vere.
359 4797 483 4866 25.)
530 4792 602 4847 Et
626 4794 840 4850 dimissa
867 4795 1036 4860 turba,
1087 4794 1326 4848 ascendit
1361 4795 1418 4849 in
1462 4805 1684 4852 montem

169 4958 334 5032 {Huic
359 4960 670 5032 Scriptura:
695 4955 966 5032 versiculo
993 4955 1329 5032 substituunt
1381 4964 1491 5032 tres
1540 4971 1673 5013 mss.

112 5023 302 5104 Etdedit
324 5023 606 5104 discipulis
628 5043 789 5100 panes
823 5043 840 5078 :
879 5027 1121 5097 discipuli
1148 5036 1319 5104 autem
1349 5027 1532 5082 turbis.

162 5098 303 5162 hPro
345 5098 706 5174 reperiantur,
756 5113 878 5168 quae
902 5099 1491 5174 unaVeralectio‘est;
1528 5107 1677 5174 utex

112 5169 204 5238 ipso
229 5169 412 5236 statim
436 5181 712 5229 contextu
769 5170 1069 5238 apparebit,
1105 5172 1298 5224 vitiose
1349 5169 1549 5224 lectum
1584 5171 1680 5224 ha-

110 5251 268 5309 ctenus
293 5247 623 5316 repleantur.
652 5241 848 5316 Mirum
880 5240 982 5294 hoc
1015 5243 1093 5316 ait
1138 5255 1262 5316 esse
1297 5241 1678 5313 Hieronymus,

143 5317 228 5388 uad
245 5311 406 5388 panes
452 5330 569 5372 non
599 5311 962 5388 inveniantur
989 5311 1092 5388 nisi
1119 5313 1378 5384 quinque,
1413 5311 1542 5380 etcL,
1571 5324 1677 5366 tam

177 5383 442 5446 ile'autem
459 5386 763 5444 duodecim
792 5383 1030 5452 cophini.

169 5467 190 5498 ε
209 5459 258 5516 ld
285 5464 462 5533 ipsum
486 5457 777 5533 transtulit
797 5470 874 5533 ex
907 5455 1248 5533 Magnentio,
1285 5455 1438 5528 cujus
1465 5467 1680 5533 senten-

112 5525 376 5608 tiamqubd
402 5530 576 5603 paulo
607 5526 880 5608 proli_i_ti0r
905 5525 992 5589 sil,
1024 5525 1214 5608 Latine
1235 5525 1449 5608 tantum
1496 5528 1682 5608 laudas

111 5595 287 5658 bitnusz
309 5595 465 5662 Dicat
490 5595 674 5658 autent
707 5596 924 5666 aliquis,
957 5612 1068 5669 cum
1097 5598 1246 5651 multi
1285 5614 1379 5669 pro
1430 5599 1615 5651 merito
1638 5607 1684 5651 et

113 5671 269 5741 nribus
307 5673 664 5734 comederint,
701 5676 766 5741 et
797 5667 1072 5741 participes
1118 5670 1244 5738 facti
1269 5667 1465 5741 fuerint
1490 5685 1684 5741 panum

112 5739 462 5814 benedictionis,
491 5758 588 5799 eos
619 5739 711 5810 qui
742 5751 956 5792 numero
975 5739 1120 5809 digni
1145 5739 1312 5808 erant,
1340 5739 1679 5808 quemadmo-

1790 3215 2070 3286 quomodo
2111 3231 2254 3272 nullo
2305 3215 2540 3286 apostoli
2571 3215 2765 3271 timent
2813 3231 2882 3272 ne
2922 3214 3244 3286 phantasma
3305 3216 3388 3270 vi-

1789 3308 1989 3363 deant?

1864 3401 1934 3455 Et
1962 3418 2070 3471 prw
2088 3402 2270 3456 timore
2293 3400 2669 3454 clamauerunt.
2700 3395 2970 3452 Confusus
2987 3397 3196 3452 clamor
3223 3405 3277 3453 et
3309 3397 3386 3452 in-

1788 3503 1938 3549 certa
1970 3508 2090 3558 vox,
2112 3493 2293 3564 magni
2323 3491 2541 3548 timoris
2582 3489 2844 3546 iudicium
2874 3497 2980 3545 est.

1864 3586 2046 3656 (νει-ε.
2077 3585 2196 3657 97.)
2228 3585 2523 3655 Statimque
2551 3581 2711 3638 Iesus
2734 3581 2939 3637 locutus
2965 3590 3040 3636 est
3061 3581 3160 3648 eis,
3191 3581 3386 3639 dicens:

1791 3680 1992 3736 Habete
2021 3679 2295 3750 fiduciam,
2331 3694 2422 3753 ego
2476 3693 2611 3744 sunt,
2665 3677 2826 3731 nolite
2857 3675 3052 3730 timere.
3085 3673 3240 3742 Quod
3272 3675 3389 3744 pri-

1790 3790 1941 3830 mum
1967 3773 2288 3830 versabatur
2313 3770 2372 3828 in
2394 3784 2580 3836 causa,
2621 3768 2723 3824 hoc
2763 3778 2940 3837 curat,
2981 3775 3035 3823 et
3065 3765 3386 3824 timentibus

1790 3866 2064 3937 praecipit,
2087 3864 2308 3922 dicens:
2329 3862 2532 3917 Habete
2559 3861 2834 3932 fiduciam,
2875 3861 3038 3916 nolite
3081 3861 3280 3916 timere.
3314 3859 3386 3915 Et

1790 3958 1935 4030 quod
1965 3957 2232 4030 sequitur,
2275 3954 2390 4028 Ego
2417 3971 2552 4022 sum,
2579 3970 2681 4010 nec
2711 3953 2990 4025 subjungit
3018 3955 3144 4023 quis
3169 3953 3266 4020 sit,
3299 3953 3387 4010 vel

1788 4066 1857 4110 ex
1880 4066 2014 4107 voce
2037 4049 2142 4106 sibi
2170 4056 2296 4108 uota
2339 4056 2597 4118 poterant
2637 4064 2763 4104 eum
2815 4046 3140 4116 intelligere,
3172 4047 3265 4116 qui
3293 4062 3391 4116 per

1788 4144 2036 4200 obscura:
2061 4143 2237 4198 noctis
2260 4142 2520 4198 tenebras
2542 4140 2892 4212 loquebatur,
2923 4139 3007 4195 vel
3035 4136 3249 4210 lipsum
3266 4153 3388 4198 esse

1793 4235 2139 4307 repetebant,
2193 4249 2353 4305 quem
2399 4233 2642 4288 locutum
2693 4231 2760 4286 ad
2802 4231 3026 4302 Moysen
3077 4239 3382 4286 noverant:

1788 4328 1918 4385 Haec
1971 4328 2112 4383 dices
2159 4326 2284 4396 ﬁliis
2332 4323 2552 4381 Israel:
2593 4325 2686 4396 qui
2736 4334 2835 4390 est,
2892 4323 3034 4377 misit
3066 4338 3145 4376 me
3172 4321 3242 4376 ad
3287 4337 3377 4376 vos

1793 4421 1994 4492 (Exod.
2017 4437 2100 4488 ιιι,
2129 4417 2239 4488 li).

1859 4515 2047 4584 (Vers.
2077 4512 2170 4582 28,
2202 4510 2325 4581 29.)
2363 4510 2709 4578 Respondeas
2755 4519 2928 4565 autem
2955 4507 3172 4577 Petrus,
3205 4508 3340 4565 dixit
3364 4525 3384 4566 .‘

1793 4608 2038 4675 Domine,
2069 4607 2114 4664 si
2142 4619 2198 4660 tu
2223 4622 2297 4672 es,
2342 4603 2462 4672 iube
2511 4620 2592 4657 me
2639 4603 2810 4658 venire
2841 4602 2909 4656 ad
2942 4612 2989 4656 te
3017 4619 3176 4673 super
3198 4618 3382 4670 aquas.

1790 4707 1857 4760 At
1879 4704 1992 4773 ipse
2017 4701 2095 4755 ait
2127 4715 2145 4754 :
2176 4697 2328 4752 Veni.
2362 4697 2420 4752 in
2443 4700 2696 4754 omnibus
2720 4697 2858 4754 locis
2886 4697 3290 4754 ardentissima:
3320 4697 3388 4752 fl-

1793 4796 1880 4853 d‘ei
1920 4793 2195 4849 invenitur
2238 4789 2453 4845 Petrus.
2485 4789 2848 4860 lnterrogatis
2887 4789 3203 4858 discipulis,
3224 4804 3384 4859 quem

1781 4955 1907 5009 dum
1935 4953 1975 5006 ii
1992 4951 2082 5023 qui
2111 4949 2481 5023 vigintiannos
2533 4948 2648 5000 nati
2671 4949 2725 5023 in
2753 4947 2890 5002 libro
2919 4946 3272 5023 Numerorum
3300 4962 3384 5001 re-

1782 5026 1923 5080 censi
1952 5019 2092 5092 sunt,
2126 5019 2402 5075 Israelitas
2431 5019 2571 5092 viros
2613 5019 2780 5087 fuisse
2809 5033 2826 5070 :
2853 5020 2948 5092 qui
2968 5034 3089 5092 vero
3111 5019 3254 5089 digni
3275 5034 3380 5073 non

1783 5104 1956 5153 erant.
1997 5089 2215 5166 quorum
2235 5101 2380 5166 tanta
2407 5091 2542 5144 ratio
2570 5100 2617 5144 et
2645 5105 2891 5144 numerus
2930 5089 3228 5158 haberetur,
3261 5105 3388 5159 pue-

1782 5186 1871 5224 ros
1899 5165 2058 5238 fuisse
2082 5173 2129 5218 et
2156 5165 2398 5246 feminas.
2596 5233 2607 5244 .
2919 5233 2929 5243 .

1860 5237 1887 5276 ά
1923 5236 2121 5292 Vocula
2148 5245 2324 5290 statim
2354 5252 2404 5289 in
2439 5242 2640 5289 liOSll‘lS
2665 5231 3180 5288 mss.dessderatur.
3212 5231 3382 5288 Porro

1789 5308 1932 5366 sacri
1956 5317 2130 5363 tenus
2163 5308 2668 5375 interpretationem
2703 5305 2790 5359 hic
2815 5318 3030 5374 quoque
3066 5302 3125 5358 S.
3181 5303 3379 5358 Doctor

1791 5398 1857 5439 ex
1887 5376 2214 5436 Adnmanlio
2243 5378 2521 5432 delibavit.

1867 5464 1888 5490 ο
1932 5450 2165 5512 Victor,
2199 5456 2246 5502 et
2269 5457 2495 5503 extremo
2525 5447 2712 5501 noctis.

1865 5521 1885 5564 ί
1926 5521 2075 5576 Unus
2104 5519 2360 5585 Palatin.,
2392 5519 2470 5572 vel
2494 5519 2666 5580 ipsum
2689 5518 2821 5572 scire
2841 5523 3101 5587 poterant,
3129 5531 3278 5587 quem
3310 5515 3386 5570 ls-

1791 5607 1985 5658 cntum,
2019 5603 2125 5648 etc.
2155 5591 2388 5646 Rursum
2417 5605 2513 5660 pro
2536 5586 2849 5660 repetebant,
2881 5589 3012 5641 olim
3061 5586 3284 5660 vulgati,
3309 5603 3392 5641 re-

1791 5667 2064 5737 putabant.
2100 5663 2312 5720 Rbabb.
2355 5657 2700 5734 quoque,ivcl
2750 5660 2920 5731 ipsum
2967 5675 3073 5713 esse
3093 5659 3224 5712 scire
3253 5671 3394 5728 pote-

1791 5748 1933 5793 rant.
