3962 6326
602 240 709 299 «οδ
1843 238 1902 294 S.
1942 231 2215 295 EUSEBII
2250 235 2639 295 HIEBONYMI
3386 236 3395 244 ’
3789 244 3887 302 104

604 354 854 410 homines
880 353 1125 410 dicerent
1150 353 1335 411 Jesum
1377 351 1471 409 Dei
1492 352 1689 409 Filium
1720 350 2031 409 conﬁtetur.
2081 352 2188 407 νο-
2214 359 2262 417 Α
2293 370 2439 420 num,
2464 353 2807 427 apprehendit
2827 370 2968 421 eum,
2993 363 3044 410 et
3069 353 3143 409 ait
3168 354 3247 410 illi
3275 352 3538 412 :Modica:
3561 357 3710 427 ﬁdei,
3733 375 3887 430 quare

600 450 807 507 lentem
851 450 917 505 ad
962 452 1272 520 passionem
1304 463 1567 520 pergere,
1614 448 1916 519 prohibet:
1960 456 2017 503 et
2065 449 2192 503 licet
2293 445 2582 499 dubitasti?
2610 443 2678 498 Et
2724 460 2842 499 cum
2871 445 3191 501 ascendisset
3236 446 3293 500 in
3322 447 3882 516 naviculam,cessavit

600 550 752 599 erret
776 543 828 595 in
854 556 1040 610 sensu,
1080 549 1258 597 tamen
1288 556 1397 595 non
1433 549 1590 596 errat
1636 540 1689 594 in
1736 538 1930 595 allecto
1962 540 2189 595 :nolens
2292 549 2499 592 ventus.
2551 538 2607 593 Si
2659 536 2911 608 apostolo
2940 537 3126 604 Petro,
3159 538 3230 594 de
3257 539 3418 608 cujus
3448 539 3557 597 ﬁde
3584 550 3642 596 et
3689 541 3883 598 ardore

598 650 724 692 eum
752 635 915 702 mori,
943 649 1105 706 quem
1139 634 1339 690 Filium
1370 634 1465 691 Dei
1497 634 1674 690 fuerat
1700 634 1860 703 paulo
1885 641 2013 689 ante
2060 649 2191 688 ομη-

597 729 793 787 fessus.
835 730 892 784 ln
920 738 1159 785 montem
1191 743 1313 784 cum
1343 727 1627 784 Salvatore
1656 728 1799 783 inter
1826 727 2032 798 primos
2080 727 2189 796 pri-

596 837 715 878 mus
738 820 1005 888 ascendit,
1051 829 1105 876 et
1137 820 1191 875 in
1233 819 1489 890 passione
1530 818 1682 875 solus
1709 819 1974 889 sequitur.
2029 818 2188 890 108

597 924 877 988 peccatum
929 913 1236 985 negationis
1280 912 1423 984 quod
1447 928 1512 967 ex
1550 911 1838 983 repentino
1864 910 2060 966 timore
2086 917 2186 967 de-

593 1007 903 1073 scenderat,
926 1005 1129 1061 amaris
1150 1005 1336 1060 statim
1358 1004 1532 1059 abluit
1559 1003 1837 1075 lacrymis.
1852 1013 1877 1041 α
1903 1003 2035 1059 Post
2059 1016 2187 1073 pas-

594 1099 805 1154 sionem
836 1112 959 1153 cum
992 1104 1179 1152 essent
1226 1094 1281 1150 in
1326 1094 1447 1150 lacu
1494 1093 1855 1161 Genesareth,
1909 1102 1966 1150 et
2011 1094 2185 1163 pisca-

590 1202 800 1258 rentur,
832 1198 889 1245 et
916 1188 1183 1243 Dominus
1210 1195 1384 1243 staret
1409 1187 1462 1242 in
1512 1186 1722 1253 littore,
1754 1185 1878 1241 aliis
1923 1185 2180 1255 paulatim

591 1280 1001 1353 navigantibus,
1035 1280 1127 1335 ille
1156 1295 1265 1334 non
1296 1278 1501 1349 patitur
1531 1291 1735 1343 moras,
1763 1275 1863 1333 sed
1907 1277 2183 1332 accinctus

590 1377 861 1450 epcndyte
882 1390 1006 1443 suo,
1045 1375 1229 1430 statim
1255 1372 1619 1444 praecipitatur
1649 1371 1703 1427 in
1730 1370 1947 1427 ﬂuctus.
1978 1369 2178 1426 Eodem

589 1474 756 1546 igitur
780 1471 905 1526 fidei
935 1469 1133 1526 ardore
1157 1485 1265 1540 quo
1282 1483 1519 1539 semper,
1545 1481 1687 1522 nunc
1699 1480 1933 1537 quoque,
1967 1465 2180 1520 caeteris

590 1563 922 1632 tacentibus,
953 1560 1128 1618 credit
1159 1575 1218 1616 se
1248 1573 1408 1630 posse
1462 1557 1641 1614 facere
1692 1572 1790 1627 per
1843 1556 2177 1612 voluntatem

587 1656 859 1727 magistri,
903 1653 1048 1726 quod
1080 1653 1174 1710 ille
1216 1660 1426 1724 puterat
1472 1665 1569 1721 per
1612 1659 1887 1705 naturam.
1936 1647 2070 1704 Iube
2098 1664 2181 1702 me

583 1751 754 1805 venire
781 1748 850 1802 ad
891 1756 938 1803 te
960 1762 1122 1817 super
1148 1762 1332 1815 aquas.
1365 1742 1446 1799 Tu
1500 1742 1755 1812 praecipe,
1782 1750 1841 1798 et
1864 1740 2011 1798 illico
2048 1739 2178 1795 soli-
2207 1749 2254 1810 Β

585 1842 863 1898 dabuntur
924 1839 1084 1895 undae
1124 1845 1226 1895 :et
1253 1838 1372 1894 leve
1412 1834 1507 1892 ﬂet
1531 1849 1734 1905 corpus
1775 1833 1921 1906 quod
1977 1848 2075 1905 per
2121 1847 2181 1889 se

585 1941 1069 2082 grgedZanens
1109 2022 1301 2079 Petrus
1321 2022 1386 2077 de
1414 2021 1674 2085 navicula,
1701 2020 1997 2076 ambulabat
2025 2036 2179 2093 super

578 2137 791 2193 aquam,
825 2129 883 2175 ut
908 2119 1107 2176 veniret
1130 2118 1199 2174 ad
1223 2117 1429 2173 Iesum.
1460 2116 1565 2185 Qui
1598 2122 1787 2187 putant
1814 2115 2028 2171 Domini
2056 2130 2179 2171 cor-

587 2231 689 2287 pus
719 2215 844 2271 ideo
868 2229 977 2269 non
1006 2225 1131 2269 esse
1156 2225 1373 2277 verum,
1404 2209 1530 2280 quia
1555 2222 1718 2279 super
1748 2207 1941 2263 molles
1983 2221 2174 2278 aquas,

582 2309 751 2366 molle
797 2316 855 2364 et
890 2320 1110 2362 aereum
1137 2302 1449 2369 incesserit,
1502 2298 1868 2370 respondeant
1905 2298 2179 2370 quomodo

573 2399 933 2458 ambulaverit
954 2398 1332 2466 Petrus,quem
1356 2394 1541 2465 utique
1556 2407 1751 2451 verum
1772 2391 2049 2448 hominem
2062 2405 2171 2448 non

574 2494 873 2567 negabunt.

651 2584 832 2656 (Vers.
863 2582 981 2654 30.)
1028 2580 1224 2635 Videtis
1253 2594 1372 2635 vero
1424 2588 1632 2633 uentum
1678 2578 1930 2646 ualidum,
1979 2578 2168 2633 timuit.

575 2676 791 2733 Etcum
829 2675 1067 2745 erupisset
1119 2671 1304 2744 mergi,
1359 2670 1624 2739 clamavit,
1673 2671 1849 2726 dicens
1877 2668 2168 2739 :Domine,

576 2778 780 2834 salvum
820 2791 901 2831 me
949 2774 1056 2845 fac.
1105 2771 1349 2827 Ardebat
1376 2770 1540 2825 animi
1592 2767 1749 2837 fides,
1791 2768 1887 2824 sed
1930 2768 2168 2825 humana

570 2867 840 2941 fragilitas
870 2867 923 2922 in
971 2863 1297 2937 profundum
1357 2861 1608 2917 trahebat
1648 2878 1663 2916 :
1705 2861 1981 2932 paululum
2034 2876 2166 2933 ergo

568 2962 898 3033 relinquitur
932 2956 1243 3025 tentationi,
1291 2964 1351 3010 ut
1375 2964 1642 3027 augeatur
1683 2952 1852 3022 fides,
1884 2961 1941 3010 et
1965 2953 2167 3009 intelli-

567 3066 661 3129 gat
698 3071 758 3111 se
787 3069 897 3109 non
921 3051 1180 3108 facilitate
1224 3048 1628 3121 postulationis,
1659 3047 1758 3105 sed
1788 3047 2032 3118 potentia
2056 3046 2165 3104 Do-

568 3150 703 3208 mini
726 3154 1132 3205 conservatum.

640 3242 822 3316 (Vers.
852 3239 947 3309 3i,
969 3237 1089 3309 32.)
1132 3235 1202 3291 Et
1223 3235 1468 3290 continuo
1496 3232 1655 3290 Iesus
1708 3233 1993 3290 extendens
2044 3250 2161 3289 ma-

636 3385 663 3415 ι
694 3372 969 3445 Ρνωροηίι
990 3371 1130 3427 idem
1156 3383 1284 3436 ms.,
1316 3367 1551 3445 _Dein_de.

632 3447 660 3487 ιι
701 3439 951 3510 Frustra,
991 3457 1152 3513 quam
1183 3439 1420 3513 nesciret
1460 3440 1600 3513 ipse.
1638 3439 2157 3513 interpretationem

566 3518 897 3592 Hieronymo
938 3508 1249 3592 suggeruni
1291 3509 1730 3592 ej‘usneditores,
1773 3508 2050 3592 Victorius
2103 3520 2159 3565 et

562 3579 937 3652 Martiatiaeus;
962 3579 1139 3654 nedue
1164 3580 1306 3654 enim
1326 3582 1387 3636 S.
1405 3579 1568 3654 Pater
1584 3593 1737 3654 suam
1762 3579 1986 3654 proprie
2007 3585 2159 3654 ignq-

564 3671 798 3717 ranttam
842 3650 1128 3727 proﬁtetur
1153 3692 1168 3719 ,
1204 3650 1303 3727 sed
1340 3665 1507 3727 quam
1544 3653 1601 3727 in_
1640 3651 1784 3727 hunc
1824 3651 2002 3727 locum
2034 3651 2157 3707 Ori-

562 3745 733 3802 genes
761 3720 1087 3802 sententiam
1116 3720 1446 3802 contulerat.
1485 3721 1679 3802 Latine
1709 3720 1777 3775 ad
1812 3723 2035 3802 verbum
2069 3738 2155 3802 re-

569 3789 727 3857 fudit.
777 3799 836 3855 In
878 3797 1070 3866 Graeco
1101 3805 1220 3849 erat
1255 3809 1270 3847 :
1299 3789 1475 3866 Ἦλθον
1504 3793 1576 3866 sic;
1603 3799 1696 3866 γῆν
1740 3795 2061 3866 Γινςσαρέτμ,
2095 3792 2154 3856 ἧς

563 3878 655 3948 't'r'nt
680 3873 945 3948 ἑρμηνείαν
971 3868 1014 3923 si
1041 3865 1291 3948 ἔγνωμεν,
1334 3863 1539 3948 κξὶΙάτε
1756 3862 1989 3948 ὡνὰμξθᾳ
2018 3862 2079 3948 ἄν
2102 3886 2154 3921 τι

844 3948 944 3998 τῶν
979 3932 1323 4020 πρόκειρένωγ
1360 3934 1615 4020 dumeta:
1651 3932 1913 4017 Venerunt
1944 3937 2006 4018 .in
2043 3946 2150 3990 ler-

563 4005 678 4069 rr'tm
705 4005 1054 4074 Genesareth',
1099 4005 1253 4080 cuius
1296 4005 1769 4080 interpretationem
1801 4005 1847 4059 si
1880 4006 2147 4080 sciremus,

563 4087 627 4141 ab
666 4082 763 4139 illa
802 4086 1109 4159 juuarentur
1140 4075 1468 4159 aliquatenus
1520 4075 1590 4159 ad
1638 4090 1819 4159 eorum
1856 4077 2154 4159 unguibus

561 4147 1236 4223 agimusfexpositionem.’
1273 4149 1577 4223 _Scripserat
1606 4163 1739 4203 vero
1770 4147 1886 4223 ipse
1914 4147 2066 4223 ljier.
2095 4149 2149 4205 in

610 4216 855 4284 ominum
874 4216 1049 4288 libro,
1079 4235 1240 4291 quem
1273 4218 1328 4291 in
1362 4216 1556 4274 bonam
1584 4216 1803 4291 pariem’
1824 4219 1893 4272 ab
1912 4216 2152 4291 Origene

560 4299 884 4356 adornatum
911 4287 1117 4357 fuisse,
1148 4289 1494 4348 manifestum
1526 4287 1631 4355 est,
1666 4287 1930 4343 Gennesar
1966 4287 2149 4345 hortus

563 4371 896 4439 principum;
931 4365 1014 4423 sic
1042 4361 1192 4439 enim
1220 4377 1322 4433 pro
1358 4370 1501 4414 ortus
1530 4360 1711 4439 malim
1735 4401 1750 4425 ,
1786 4367 1858 4439 ut
1895 4361 1948 4413 in
1994 4359 2147 4416 Notis

558 4430 626 4498 ad
660 4430 806 4495 hunc
847 4430 1025 4493 locum
1068 4430 1413 4488 observatum
1446 4440 1531 4485 est
1571 4431 1748 4502 nobis.
1786 4430 1990 4487 Verum
2043 4447 2145 4502 pro

557 4528 658 4568 suo
678 4512 909 4584 quisque
930 4505 1148 4575 ingenio
1168 4502 1328 4584 aliam
1360 4508 1523 4584 atque
1539 4501 1712 4584 _aliam
1737 4501 2143 4584 interpretatio-

557 4570 1414 4640 uem'excuderc'contenderunt
1438 4570 1511 4628 ex
1539 4570 1643 4628 hoc
1669 4570 1933 4628 vocabulo
1968 4572 2141 4628 edito-

555 4668 668 4710 res.
699 4651 976 4708 Victorius
1011 4644 1350 4702 Genesareth
1394 4643 1461 4699 ab
1504 4643 1667 4698 Hebr.
1696 4652 1940 4704 nua-nu
1968 4643 2139 4701 inter-

555 4728 825 4795 pretatur,
848 4719 1039 4776 uallem
1057 4715 1323 4795 ﬂoridam,
1348 4713 1595 4795 hancque
1615 4716 2011 4795 expositionem
2033 4716 2132 4783 ait,

551 4783 741 4853 sensui
760 4783 1077 4864 Hieronymi
1099 4788 1304 4858 optime
1328 4786 1597 4864 coaptati,
1627 4786 1754 4840 dum
1776 4785 1846 4840 de
1876 4783 2061 4864 liuore
2079 4797 2136 4842 et

551 4853 1008 4939 trauqnillissim'o
1039 4853 1217 4939 portu,
1245 4853 2136 4939 quoEcclesitepavemghristus

549 4926 877 5000 transduxit,
899 4926 1237 4990 mentionem
1259 4926 1406 4985 facit.
1422 4927 1489 4983 Et
1511 4926 1861 5000 Martiantens
1885 4927 2001 4997 ipse
2024 4936 2133 5000 tam

548 5012 744 5081 stricte
773 4997 1016 5062 Victorio
1035 5001 1308 5081 adhaeret,
1342 5015 1399 5081 t_t_t
1427 5015 1502 5081 ne.
1519 4998 1702 5081 verbo_
1722 4997 1940 5081 quidem
1956 4999 2132 5081 _ab_l_u-

543 5081 659 5137 dat.
693 5079 1014 5135 Econtrarto
1041 5074 1215 5128 visum
1246 5072 1321 5126 cl.
1347 5070 1543 5126 lluetio
1574 5080 1660 5125 est
1687 5069 1914 5139 hujusce
1937 5068 2132 5124 dictio-

543 5153 633 5209 nis
659 5148 924 5220 originem
952 5145 1162 5222 referre
1188 5144 1424 5222 spissum
1467 5140 1778 5222 negotii-im,
1817 5153 1944 5194 cum
1970 5139 2127 5222 nulla

583 5224 705 5278 lane
737 5209 915 5275 Exstat
948 5217 1073 5286 ejus
1094 5209 1301 5286 meujio
1334 5213 1386 5286 in
1416 5209 1983 5286 veteris_Testameu_t_i
2007 5211 2125 5286 lle-

583 5239 705 5278 Iane
737 5239 915 5275 Clllﬂl
948 5239 1073 5286 ejus
1095 5239 1301 5269 luctttlu
1335 5239 1386 5266 Ill
1421 5239 1616 5267 vctcna
1658 5239 1983 5266 scatatucuu
2016 5239 2125 5266 ut:-

542 5239 731 5350 graico
769 5296 1062 5346 contextu:
1113 5285 1166 5339 in
1213 5282 1348 5339 Novi
1392 5291 1571 5337 autem
1617 5279 1845 5353 Syriaca
1887 5280 2129 5353 editione

538 5365 808 5421 scribatur
828 5369 1012 5422 τω.
1038 5356 1225 5413 Placet
1244 5370 1378 5410 vero
1409 5351 1675 5424 integram
1697 5351 1997 5408 doctissimi
2024 5352 2128 5408 hu-

530 5434 690 5506 jusce
714 5431 1034 5505 Origeniani
1058 5427 1374 5506 interpretis
1401 5425 1811 5506 annotatiouem
1846 5425 2077 5506 recitare
2109 5464 2125 5506 ε

535 5494 623 5562 cui
649 5518 705 5563 et
740 5494 981 5560 nostram
1011 5499 1195 5557 statim
1209 5494 1611 5568 ‘subjiciemus,
1643 5510 1765 5566 qua:
1800 5497 2029 5564 propior
2059 5494 2127 5550 ad

536 5577 699 5633 tidem
727 5574 961 5647 videtur.
990 5570 1082 5628 Ait
1107 5570 1240 5626 ille:
1905 5633 1920 5647 _
1956 5634 1969 5647 ,

610 5647 871 5702 Derivant
898 5642 1004 5717 hoc
1035 5654 1233 5717 nomen
1257 5637 1351 5694 alii
1380 5645 1753 5717 afﬁxa-@711,
1781 5633 1921 5717 quod
1956 5634 2124 5692 inter-

538 5726 843 5788 pretantur,
874 5714 1022 5771 vallis
1043 5712 1234 5781 ﬂorida
1268 5726 1286 5765 :
1323 5708 1546 5767 mallem
1572 5706 1724 5763 callis
1744 5706 1944 5763 consita
1970 5749 1985 5775 ,
2015 5717 2122 5767 an

2292 633 2490 686 mentis
2540 645 2707 701 supra
2750 631 3029 701 diximus,
3073 632 3164 703 qui
3202 632 3549 690 conﬁdenter
3596 643 3885 706 rogaverat

2289 724 2652 790 Salvatorem,
2696 724 2888 781 dicens
2919 724 3204 792 :Domine,
3238 726 3287 781 si
3312 735 3371 781 tu
3389 743 3468 793 es,
3508 727 3641 800 jube
3680 743 3762 784 me
3805 744 3882 783 ce-

2290 818 2402 872 nire
2431 818 2501 871 ad
2531 827 2579 873 te
2604 834 2769 890 super
2787 835 2973 891 aquas,
2999 821 3124 891 quia
3173 821 3451 891 paululum
3500 821 3708 888 timuit,
3756 823 3882 879 dici-

2290 919 2378 967 tur
2402 928 2415 965 :
2449 909 2677 967 Mediae
2699 912 2846 982 ﬁdei,
2878 929 3042 983 quare
3063 913 3353 969 dubitasti?
3373 913 3502 985 quid
3523 914 3684 970 nobis
3703 916 3880 973 dicen-

2284 1004 2415 1059 dum
2439 1013 2545 1069 est,
2575 1006 2665 1073 qui
2699 1005 2856 1075 hujus
2882 1005 3114 1061 modicae
3144 1005 3291 1078 fidei,
3317 1021 3418 1064 nec
3440 1007 3725 1065 minimam
3756 1010 3870 1080 qui-

2286 1096 2409 1152 dem
2438 1095 2700 1153 habemus
2730 1097 3171 1168 portiunculam?

2357 1190 2541 1262 (Vers.
2571 1189 2689 1259 55.)
2730 1191 2836 1261 Qui
2858 1202 3036 1247 autem
3083 1193 3139 1247 in
3163 1193 3405 1249 navicula
3426 1203 3602 1260 erant,
3637 1210 3878 1253 venerunt

2285 1295 2333 1339 et
2362 1285 2709 1341 adorauerunt
2733 1302 2876 1354 eum,
2904 1286 3133 1342 dicentes
3160 1303 3175 1340 :
3210 1286 3343 1342 Vere
3370 1285 3545 1342 Filius
3568 1290 3664 1343 Dei
3684 1306 3759 1345 es.
3796 1290 3875 1347 Ad

2286 1392 2451 1432 unum
2476 1378 2690 1448 signum
2718 1378 3115 1449 tranquillitate
3148 1380 3313 1435 maris
3344 1379 3584 1449 reddita,
3609 1397 3732 1452 qua:
3759 1392 3876 1452 post

2285 1467 2483 1523 nimias
2513 1469 2784 1539 procellas
2815 1470 3090 1525 interdum
3122 1479 3176 1526 et
3205 1484 3335 1526 casu
3365 1470 3482 1525 fieri
3506 1472 3669 1539 solet,
3698 1484 3876 1529 nauta:

2282 1571 2446 1633 atque
2475 1572 2726 1618 vectores
2754 1576 2887 1618 vere
2917 1561 3111 1618 Filium
3134 1563 3229 1618 Dei
3245 1562 3595 1633 conﬁtentur,
3624 1573 3681 1621 et
3714 1566 3875 1622 Arius

2284 1654 2337 1709 in
2368 1653 2618 1711 Ecclesia
2643 1656 2909 1727 praedicat
2931 1667 3263 1712 creaturam.

2356 1746 2535 1818 (Vera.
2594 1746 2712 1820 34.)
2750 1748 2822 1805 Et
2868 1765 2987 1804 cum
3036 1753 3461 1821 transfretasset,
3523 1762 3771 1807 venerunt
3821 1753 3873 1807 in

2289 1840 2447 1911 109
2468 1850 2660 1896 terram
2689 1840 3021 1897 Genesareth.
3057 1842 3414 1913 Sigsciremus
3443 1843 3572 1916 quid
3596 1844 3649 1899 in
3681 1853 3873 1901 nostra

2280 1930 2463 2002 lingua
2501 1932 2835 1989 resonaretb
2865 1933 3222 2001 Genesareth,
3273 1935 3700 2008 intelligeremus
3739 1953 3876 2008 quo-

2279 2025 2443 2082 modo
2467 2026 2630 2082 Jesus
2652 2041 2753 2098 per
2770 2037 2954 2099 typum
2977 2028 3348 2098 apostolorum
3378 2039 3438 2085 et
3475 2029 3648 2097 navis,
3682 2029 3875 2086 Eccle-

2278 2122 2413 2175 siam
2444 2119 2513 2175 de
2543 2119 2946 2189 persecutionis
2966 2120 3254 2192 naufragio
3286 2120 3571 2177 liberatam
3618 2121 3873 2177 transdu-

2277 2222 2366 2268 cat
2410 2212 2477 2267 ad
2497 2212 2668 2281 littus,
2701 2213 2832 2270 etin
2883 2212 3337 2283 tranquillissimo
3379 2222 3538 2285 portu
3590 2213 3757 2271 faciat
3786 2230 3876 2271 rc-

2276 2320 2584 2376 quiescere.

2346 2398 2527 2472 (Vers.
2560 2398 2688 2471 35.)
2719 2399 2931 2457 Etcum
2970 2401 3326 2474 cognouissent
3352 2418 3471 2458 eum
3512 2403 3612 2457 uiri
3651 2404 3753 2459 loci
3809 2405 3876 2459 il-

2273 2492 2397 2560 lius,
2423 2494 2673 2548 miserunt
2700 2494 2755 2547 in
2787 2496 3079 2549 universam
3098 2494 3358 2566 regionem
3382 2492 3552 2549 illam.
3580 2493 3875 2567 Cognove-

2271 2592 2398 2639 runt
2426 2599 2549 2640 eum
2581 2598 2820 2650 rumore,
2848 2599 2955 2640 non
2977 2583 3114 2642 facie
3131 2625 3150 2654 ,
3173 2585 3259 2643 vel
3287 2597 3438 2643 certe
3464 2601 3565 2658 pro
3591 2587 3872 2659 signorum

2270 2675 2669 2746 magnitudine,
2702 2691 2825 2747 quae
2850 2676 3095 2747 patrahat
3136 2676 3193 2734 in
3241 2679 3485 2750 populis,
3517 2679 3685 2736 etiam
3716 2682 3872 2737 vultu

2269 2768 2515 2841 plurimis
2544 2779 2706 2825 notus
2743 2779 2885 2826 erat.
2918 2770 2988 2826 Et
3017 2769 3143 2828 vide
3165 2779 3366 2841 quanta
3401 2769 3475 2827 sit
3515 2770 3652 2829 fides
3693 2771 3874 2829 homi-

2270 2878 2395 2919 num
2430 2871 2588 2919 terra:
2613 2861 2949 2919 Genesareth
2970 2906 2985 2931 ,
3034 2871 3094 2918 ut
3132 2878 3237 2919 non
3275 2863 3624 2935 praesentium
3657 2872 3870 2922 tantum

2268 2958 2443 3014 salute
2462 2956 2703 3012 contenti
2733 2956 2874 3022 sint,
2906 2955 3003 3012 sed
3030 2957 3249 3012 mittant
3277 2956 3344 3011 ad
3374 2956 3507 3012 alias
3539 2972 3640 3027 per
3673 2956 3873 3014 circui-

2267 3060 2377 3105 tum
2404 3049 2672 3118 civitates,
2700 3063 2808 3120 quo
2836 3063 3028 3105 omnes
3054 3058 3281 3104 currant
3302 3048 3369 3104 ad
3400 3048 3697 3106 medicum.

2340 3141 2518 3215 (Vers.
2546 3141 2665 3213 56.)
2695 3140 2767 3196 Et
2798 3141 3095 3197 obtulerunt
3125 3144 3174 3199 ei
3210 3159 3382 3199 omnes
3411 3143 3545 3199 male
3574 3143 3829 3201 habentes
3849 3187 3863 3212 ,

2269 3245 2316 3291 et
2340 3233 2594 3307 rogabant
2620 3250 2756 3302 eum,
2785 3244 2845 3289 ut
2871 3235 2951 3290 uel
2976 3233 3233 3304 ﬁmbriam
3254 3237 3536 3293 vestimenti
3558 3239 3673 3307 eius
3686 3248 3869 3311 tange-

2261 3371 2466 3441 quippe
2502 3370 2774 3442 surculum
2801 3370 3112 3442 significat:
3144 3371 3381 3430 feracem
3412 3376 3561 3430 enim
3602 3389 3730 3432 esse
3773 3393 3869 3434 reo

2259 3439 2477 3515 gionetn
2516 3439 2654 3515 hanc
2690 3439 3111 3515 adgfptfodigium
3142 3459 3314 3515 usque
3345 3445 3680 3501 testificatur
3708 3448 3868 3505 Iose-

2263 3513 2401 3581 phus
2432 3512 2468 3566 Ι.
2495 3527 2552 3589 με
2579 3513 2656 3589 de
2687 3513 2823 3589 Beii.
2850 3512 3066 3589 Jttdaic.
3094 3512 3358 3589 capClQ,
3390 3525 3446 3572 et
3477 3518 3711 3589 Josephi
3731 3534 3866 3588 per-

2297 3594 2457 3661 etuus
2497 3582 2741 3661 imitator
2764 3584 3107 3661 Hegesippus
3137 3582 3178 3641 II
3208 3601 3266 3642 ιη
3297 3587 3489 3661 Εξεὶό.
3520 3582 3703 3647 Jerbs.
3731 3582 3860 3661 cap.

2257 3598 2457 3708 genius
2497 3598 2741 3637 imitator
2764 3598 3107 3668 uegestppus
3137 3598 3175 3641 ι.
3208 3601 3266 3642 ιη
3297 3598 3489 3670 ιξιεῑα.
3520 3598 3703 3647 seros.
3732 3605 3860 3661 cap.

2295 3653 2350 3709 6.
2389 3658 2429 3708 Α
2470 3664 2622 3730 r133;
2649 3653 2856 3730 factum
2898 3666 3213 3730 conjectant
3240 3658 3457 3728 quidam
3485 3669 3647 3722 ﬁat:
3677 3706 3692 3730 ,
3738 3678 3865 3718 mu-

2261 3735 2399 3800 tato_
2429 3739 2460 3778 a
2492 3722 2925 3800 Cltaldtciscaplt
2966 3722 3017 3781 in
3059 3729 3215 3800 gimel
3254 3722 3310 3784 et
3349 3731 3556 3787 inserto
3606 3722 3859 3800 suineclt,

2257 3797 2400 3865 quod
2428 3811 2617 3851 verum
2640 3805 2745 3852 est.
2767 3796 2952 3867 Itaque
2981 3796 3181 3863 passim
3213 3800 3266 3854 in
3292 3802 3468 3857 veteri
3498 3796 3862 3861 Testamento

2259 3867 2537 3938 regionem
2565 3867 2858 3924 Cinuereth
2880 3884 2909 3923 a
2933 3867 3207 3925 Chaldaeis
3226 3870 3610 3938 Paraphrastis
3633 3872 3862 3932 Genue-

2258 3937 2370 4003 sar,
2392 3951 2444 3994 et
2471 3937 3198 4012 chnesarethappeltatum
3217 3937 3570 4000 nanciscaris.
3600 3947 3655 3997 In
3674 3961 3738 4001 ea
3762 3960 3859 4002 an.

2259 4020 2369 4083 tem
2384 4008 2765 4083 appellatione
2797 4008 3117 4081 placuerunt
3140 4013 3273 4077 sibi,
3307 4014 3450 4083 quod
3481 4028 3580 4069 sua
3612 4016 3859 4074 dialectn

2256 4079 2595 4154 signiﬁcaret
2630 4088 2774 4135 ortus
2799 4079 3141 4154 principum;
3187 4091 3244 4138 et
3282 4079 3348 4139 ei
3405 4084 3552 4141 tribu
3591 4086 3855 4154 Nephtali

2254 4165 2376 4219 quae
2408 4150 2483 4224 ibi
2520 4154 2627 4206 sita
2662 4162 2783 4224 e_st_,
2823 4150 2991 4207 mille
3013 4154 3287 4224 principes
3318 4156 3547 4224 profecti
3578 4150 3852 4216 Davidetn

2253 4221 2662 4299 convenissent,
2687 4221 2860 4299 I_Pa_r.
2883 4237 2983 4299 xtl,
3008 4225 3112 4299 5i:
3134 4221 3481 4299 Longe'vero
3499 4227 3852 4299 ineptissima

2253 4302 2357 4366 est.
2386 4294 2502 4366 sive
2527 4294 2879 4366 etymologia,
2913 4297 3030 4351 sive
3044 4294 3445 4366 allusio,‘qnam
3471 4294 3852 4357 Inco'laudato

2250 4362 2407 4436 allert
2434 4362 2807 4436 Hegesippns':
2831 4364 3083 4435 Genesar,
3111 4362 3315 4436 inquit,
3333 4369 3527 4423 dicitur
3546 4367 3733 4426 στατεο
3756 4388 3852 4428 vo-

2249 4434 2463 4518 cabula,
2493 4435 2649 4518 quasi
2669 4451 2924 4518 generum
2950 4436 3050 4518 sibi
3072 4434 3265 4493 auram
3295 4434 3433 4518 aqua
3458 4441 3628 4518 dulcis
3645 4455 3751 4518 ,_et_
3769 4446 3852 4499 ad

2247 4503 2769 4589 ροιιξηάμήίὴαὺῐζὶεε
2806 4506 2888 4561 Ex
2919 4508 3119 4589 quibus
3148 4520 3264 4589 taui
3286 4503 3534 4589 obscuris
3561 4503 3716 4589 vocis
3740 4515 3851 4570 hu-

2244 4575 2331 4650 jus
2363 4575 2612 4650 indiciis,_
2634 4576 2855 4650 minime
2882 4575 3082 4650 mirum
3112 4581 3388 4636 concludit
3414 4597 3569 4650 esse,
3589 4586 3637 4640 si
3668 4584 3809 4642 insci
3834 4622 3845 4630 ο

2244 4646 2374 4771 tianli
2413 4660 2566 4702 suam
2599 4645 2688 4704 hic
2709 4655 2899 4719 aperte
2924 4647 3192 4721 Origenes
3215 4691 3234 4719 ,
3278 4667 3346 4708 ex
3385 4645 3565 4724 coque
3602 4655 3840 4713 Hieron.

2244 4732 2337 4771 oro
2361 4728 2617 4771 nteantur.

2240 4728 2617 4789 prolitcantur.

2309 4788 2388 4864 Ne
2420 4790 2684 4864 lectorem
2701 4789 2917 4864 diutius
2944 4799 3190 4859 teneam,
3221 4791 3348 4848 dico
3369 4809 3498 4864 ego,
3538 4797 3843 4857 commode

2239 4858 2457 4941 deduci
2487 4874 2648 4930 posse
2698 4862 2840 4941 hanc
2890 4877 3078 4941 vocem
3132 4878 3163 4917 a
3204 4858 3449 4941 p-o-u':
3479 4858 3577 4936 pro
3616 4868 3843 4941 inti-gro

2236 4938 2554 5007 {mw-iu,
2590 4932 2734 5007 quod
2768 4943 2930 4988 sonat
2965 4938 3141 4988 hortos
3179 4935 3389 5001 decem,
3439 4932 3587 5007 ipsos
3616 4932 3843 4998 scilicet

2238 4999 2574 5071 Decapoleus
2607 4999 2829 5074 hortos,
2862 5020 2957 5060 seu
2989 5009 3209 5074 pr0prie
3239 4999 3426 5063 decem
3453 4999 3671 5064 urbium
3697 5009 3843 5065 bor-

2239 5079 2346 5125 tos.
2393 5074 2457 5127 Et
2485 5083 2629 5128 terra
2657 5073 2877 5143 quidem
2909 5073 3246 5132 Genesareth
3279 5080 3350 5132 ab
3391 5079 3676 5135 hortorum
3720 5082 3839 5139 fre-

2236 5145 2456 5219 quentia
2480 5184 2496 5208 ,
2516 5144 2598 5219 _s_ic
2627 5146 2897 5219 appellata
2924 5156 3036 5210 est,
3062 5162 3183 5218 qua:
3215 5147 3364 5219 regio
3391 5158 3477 5205 est
3522 5152 3590 5206 ad
3621 5151 3836 5209 Lucum

2236 5211 2497 5288 Galilatag.
2516 5211 2715 5288 idirarjn‘
2736 5215 2894 5288 hujus
2924 5211 3162 5288 regionis
3187 5211 3488 5275 ubértatem
3511 5221 3679 5278 modo
3709 5225 3839 5279 lau-

2235 5284 2395 5357 datus
2427 5286 2494 5338 ab
2525 5284 2719 5340 lluetio
2748 5284 3082 5357 Hegesipt'ius
3109 5290 3399 5357 praedicat,
3437 5301 3494 5345 ut
3512 5306 3710 5349 sacros
3741 5294 3837 5349 in-

2236 5356 2395 5408 terim
2425 5363 2682 5429 auctores
2719 5356 2959 5429 taceam,
2983 5356 3316 5429 Matthmum,
3347 5360 3547 5417 Lucam
3577 5375 3637 5420 et
3676 5364 3834 5420 Mar-

2232 5439 2380 5504 cum.
2429 5425 2629 5504 Lacum
2667 5439 2851 5504 autem
2890 5428 3227 5504 Genesareth
3269 5425 3443 5504 hortis
3486 5433 3833 5504 Decapoteos

2236 5493 2505 5573 vicinum;
2546 5495 2817 5568 losephus
2845 5516 3062 5573 quoque
3080 5501 3245 5573 tradit
3263 5501 3332 5558 de
3359 5503 3515 5558 Bello
3552 5493 3680 5573 cap.
3714 5493 3830 5573 35,

2229 5574 2287 5621 et
2325 5567 2392 5623 ad
2424 5567 2712 5644 Gennesar
2739 5567 2909 5643 usque
2937 5567 3110 5627 lacum
3148 5572 3392 5644 ejusdem
3434 5567 3677 5631 nominis
3712 5567 3835 5634 ter-1

2227 5641 2628 5714 rampraetendi
2652 5682 2668 5709 ,
2698 5641 2898 5713 quaeet
2916 5652 3108 5699 natura
3139 5641 3193 5714 ei
3224 5644 3473 5700 ubertate
3507 5647 3832 5714 plantarum

2225 5710 2471 5768 omnium
2496 5710 2952 5785 arbustorumque
2972 5713 3187 5770 caeteris
3212 5710 3520 5785 pratstarctl
