3962 6340
144 334 222 391 105

609 328 1265 389 COMMENTARIORUM
1303 327 1372 385 IN
1410 325 1860 385 EVANGELIUM
1906 327 2241 386 ΜΑἸἽἩᾸΞΙ
2278 327 2408 385 LIB.
2452 328 2518 385 ll.
2562 327 2720 385 CAP.
2760 329 2875 385 XV.

3298 333 3402 388 106

135 455 241 499 rent.
280 443 342 499 Et
380 443 697 515 quicumque
731 450 999 515 tetigerunt
1021 488 1035 511 ,
1066 442 1215 497 salsi
1259 442 1385 511 facti
1424 451 1562 496 sunt.
1599 441 1698 507 Qui
1726 457 1780 520 Δ
1806 441 2158 500 lutationibus
2175 454 2231 501 et
2256 444 2454 501 ofﬁciis
2480 444 2827 511 deferendis,
2852 452 3115 517 quantum
3160 449 3314 520 ιιι
3345 450 3401 503 in

140 537 253 593 male
281 551 339 592 se
374 536 603 606 habent,
633 552 743 593 non
766 544 988 607 tangant
1008 550 1204 607 corpus
1232 535 1382 602 Iesu,
1423 551 1600 606 neque
1623 544 1701 591 to-

142 636 231 683 tum
248 630 619 684 vestimentum
646 628 800 698 ejus,
842 626 938 684 sed
970 636 1269 682 extremam
1301 627 1566 683 ﬁmbriam
1593 669 1608 693 ,
1650 637 1704 683 et

146 721 421 792 quicumque
458 719 771 789 tetigerint,
808 718 1163 775 sanabuntur.
1208 718 1503 773 Fimbriam
1532 720 1702 773 vestio

145 812 281 868 menti
314 813 447 882 ejus.
475 814 564 868 vel
587 812 871 866 minimum
900 810 1144 882 intellige
1167 811 1481 866 mandatum
1516 827 1530 865 :
1558 810 1701 881 quod

149 904 219 975 qui
238 916 589 975 transgressus
621 904 784 965 fuein
806 945 822 971 ,
861 903 1117 959 minimus
1148 903 1430 959 vocabitur
1458 903 1512 958 in
1534 918 1703 974 regno

150 995 367 1051 culorum
388 994 612 1065 (Supra,
637 995 741 1068 Ill).
760 994 856 1051 Vel
869 996 1296 1066 assumptionem
1319 996 1587 1066 corporis.
1604 1010 1705 1067 per

144 1102 283 1158 quam
308 1086 542 1143 venimus
568 1085 637 1142 ad
665 1086 910 1143 Verbum
941 1086 1038 1143 Dei
1062 1131 1077 1154 ,
1116 1096 1171 1144 et
1190 1087 1336 1142 illius
1362 1094 1549 1158 postea
1573 1086 1703 1142 frui-

145 1193 249 1233 mur
267 1178 552 1249 majestate.

205 1269 338 1340 (Cap.
359 1270 722 1327 XV.—-Vcrs.
753 1272 831 1343 l.)
873 1271 1021 1327 Tunc
1049 1282 1371 1328 accesserunt
1393 1274 1463 1326 ad
1494 1289 1610 1326 eum
1637 1272 1702 1326 ab

138 1359 441 1433 Jerosolgmis
493 1362 696 1419 Scriba:
739 1373 787 1417 et
843 1362 1103 1417 Pharisaei
1142 1406 1157 1429 ,
1207 1365 1484 1419 dicentes:
1547 1365 1706 1437 ιιθ

140 1452 286 1520 Quare
310 1455 547 1523 discipuli
577 1455 655 1509 tui
699 1455 1151 1527 transgrediuntur
1183 1455 1492 1510 traditiones
1531 1457 1702 1510 senio-

135 1548 268 1601 rum?
290 1546 413 1603 Mira
434 1546 835 1603 Pharisaeorum
868 1547 1299 1619 Scribarumque
1326 1548 1577 1614 stultitia,
1610 1549 1704 1604 Dei

136 1636 308 1694 Filium
331 1651 566 1712 arguunt
585 1685 600 1710 ,
633 1656 805 1712 quare
826 1641 1107 1697 hominum
1132 1640 1455 1698 traditiones
1483 1650 1540 1698 et
1565 1655 1704 1713 prae-

135 1743 270 1801 cepta
298 1747 394 1788 non
426 1731 652 1789 servet?

1806 536 2174 609 eleemosynis
2194 554 2258 594 ac
2287 554 2572 594 munerum
2596 536 2624 576 δ
2647 539 2921 594 oblatione
2944 545 3177 596 sentitur
3201 540 3399 612 (Exod.

1806 643 1875 682 xx
1901 637 1950 681 et
1980 644 2093 696 xxt,
2127 638 2174 684 et
2199 629 2322 685 Leo.
2353 630 2472 701 xx).
2509 628 2748 696 Honora,
2781 630 2954 703 inquit
2986 633 3299 699 Apostolus,
3327 633 3403 687 ui-

1806 721 1958 785 duas,
1996 737 2114 791 qua:
2142 739 2255 778 uere
2272 722 2441 778 uidua:
2465 732 2586 777 sunt
2615 727 2634 795 (
2658 723 2674 778 1
2696 723 2834 777 Tim.
2868 739 2919 790 v,
2943 723 3011 795 3)
3037 741 3053 790 ;
3097 724 3183 779 hic
3229 726 3405 781 honor

1804 812 2007 868 donum
2050 815 2389 886 intelligitur.
2436 814 2505 870 Et
2541 816 2593 869 in
2627 816 2734 871 alio
2757 817 2881 872 loco
2924 833 2939 870 :
2977 816 3274 888 Presbyteri
3303 817 3403 872 du-

1806 905 1934 975 plici
1963 906 2159 961 honore
2187 906 2514 972 honorandi,
2540 909 2762 963 maxime
2791 911 2879 979 qui
2908 910 3145 965 laborant
3168 911 3223 965 in
3248 912 3399 967 uerbo

1805 1006 1853 1052 et
1882 996 2121 1051 doctrina
2153 996 2253 1052 Dei
2295 996 2476 1069 (Ibid.
2499 1039 2514 1060 ,
2550 997 2674 1069 l7).
2718 997 2787 1053 Et
2822 1014 2918 1068 per
2954 1001 3057 1055 hoc
3086 1000 3399 1058 mandatum

1803 1090 2105 1160 iubemur,
2166 1101 2222 1146 ut
2271 1090 2394 1146 bovi
2458 1091 2729 1146 trituranti
2782 1106 2846 1147 os
2912 1107 3020 1149 non
3086 1094 3403 1151 claudamus

1810 1183 1990 1252 (Deut.
2022 1185 2175 1253 xxv).
2220 1182 2287 1239 Et
2335 1183 2529 1254 dignus
2569 1183 2641 1237 sit
2684 1184 2970 1254 operarius
3004 1186 3255 1241 mercede
3305 1200 3402 1241 sua

1809 1274 1962 1346 (Luc.
1993 1272 2074 1347 x).
2132 1274 2472 1344 Praeceperat
2502 1273 2764 1329 Dominus
2784 1316 2800 1341 ,
2846 1275 2931 1330 vel
2964 1276 3400 1345 imbecillitates,

1806 1367 1890 1421 vel
1921 1376 2109 1422 aetates
2129 1406 2142 1430 ,
2190 1366 2276 1421 vel
2316 1364 2568 1435 penurias
2599 1377 2885 1435 parentum
2917 1368 3272 1422 considerans
3299 1412 3313 1432 ,
3345 1376 3404 1423 ut

1808 1457 1904 1512 lilii
1934 1457 2285 1524 honorarent,
2307 1458 2473 1513 etiam
2507 1457 2561 1511 in
2590 1456 2718 1512 vita:
2743 1458 3066 1512 necessariis
3090 1458 3403 1514 ministran-

1808 1549 1922 1615 dis,
1952 1559 2211 1620 parentes
2237 1563 2389 1604 suos.
2436 1548 2586 1603 Hanc
2624 1548 3158 1618 providentissimam
3191 1549 3287 1606 Dei
3317 1551 3399 1607 le-

1805 1656 1927 1711 gem
1964 1651 1987 1678 ε
2020 1641 2267 1697 volentes
2297 1640 2503 1697 Scriba
2540 1650 2595 1696 et
2638 1641 2896 1696 Pbarismi
2944 1641 3266 1699 subvertere
3292 1685 3310 1712 ,
3344 1653 3403 1700 ut

1807 1732 2141 1803 impietatem
2168 1732 2269 1788 sub
2303 1732 2526 1788 nomine
2550 1730 2770 1802 pietatis
2797 1732 3118 1791 inducerent
3146 1775 3162 1803 ,
3204 1735 3406 1792 docue-

199 1823 358 1896 (Vers.
406 1826 459 1893 l,
499 1825 586 1897 9.)
639 1825 762 1881 Νοη
804 1827 939 1881 enim
977 1828 1152 1882 lanam
1180 1844 1365 1883 manus
1401 1844 1551 1897 suas,
1588 1843 1703 1881 cum
1732 1851 1781 1912 Β
1809 1834 1937 1881 runt
1977 1827 2248 1896 pessimos
2281 1826 2421 1881 ﬁlios
2444 1866 2459 1892 ,
2507 1834 2567 1882 ut
2593 1826 2641 1882 sl
2671 1827 2795 1912 quis
2830 1843 2894 1882 ea
2938 1844 3059 1899 qua
3086 1832 3407 1899 parentibus

136 1936 297 1990 panem
324 1920 658 1974 manducant.
684 1919 873 1975 Manus
892 1960 907 1986 ,
932 1921 985 1975 id
1014 1930 1124 1985 est,
1145 1935 1307 1991 opera
1326 1961 1343 1989 ,
1375 1937 1481 1976 non
1510 1935 1707 1991 corpo-

136 2011 205 2066 ris
226 2013 416 2083 utique,
448 2021 475 2049 ι
504 2013 601 2069 sed
642 2012 838 2069 anima:
859 2013 1104 2069 lavandae
1126 2023 1275 2080 sunt,
1308 2024 1364 2069 ut
1392 2013 1482 2069 ﬁat
1514 2015 1566 2069 in
1599 2015 1705 2068 illis

136 2106 334 2161 verbum
365 2106 482 2161 Dei.

195 2197 361 2268 (Vers.
387 2196 468 2270 '5.)
500 2197 625 2269 Ipse
653 2207 825 2254 autem
854 2198 1169 2270 respondens
1193 2242 1208 2267 ,
1236 2201 1309 2255 ait
1335 2201 1442 2255 illis
1471 2216 1491 2254 :
1534 2200 1708 2268 Quare

135 2296 177 2341 et
202 2303 281 2343 vos
306 2290 723 2361 transgredimini
746 2288 1052 2344 mandatum
1080 2290 1201 2359 Dei,
1226 2304 1439 2364 propter
1469 2292 1709 2345 traditio-

136 2394 237 2433 nem
272 2382 513 2435 uestram?
560 2381 778 2436 Falsum
809 2381 1136 2437 calumniam
1183 2397 1311 2439 vera
1348 2383 1707 2453 responsione

135 2473 371 2527 contum.
399 2473 531 2530 Cum
552 2515 570 2542 ,
602 2474 815 2544 inquit,
848 2488 950 2529 vos
980 2486 1203 2546 propter
1231 2475 1582 2532 traditionem
1611 2476 1709 2531 ho-

137 2564 320 2620 minum
348 2574 615 2636 pracepta
641 2566 857 2621 Domini
889 2565 1193 2637 negligatis,
1217 2584 1386 2639 quare
1414 2568 1709 2640 discipulos

136 2670 273 2712 meos
300 2658 602 2729 arguendos
629 2659 865 2729 putatis,
909 2661 1053 2730 quod
1089 2661 1368 2717 seniorum
1403 2660 1552 2732 iussa
1589 2676 1712 2731 par—

136 2748 425 2819 vipendsnt,
456 2762 515 2807 ut
536 2751 635 2807 Dei
666 2752 801 2806 scita
830 2753 1177 2809 custodiant?

204 2842 372 2912 (Vers.
396 2845 428 2899 4
448 2843 632 2915 seqq.)
653 2842 794 2899 Nam
821 2843 958 2900 Deus
984 2846 1114 2901 dixit
1134 2862 1153 2901 :
1184 2844 1407 2901 Honora
1435 2828 1637 2917 μαινεηῖ
1663 2856 1711 2900 et

140 2943 334 2990 matrem
355 2983 367 3004 ,
398 2948 443 2993 et
470 2938 560 3009 qui
586 2938 915 2993 maledixerit
946 2941 1086 3008 patri
1113 2940 1190 2995 vel
1218 2940 1392 3007 matri,
1419 2950 1584 2994 morte
1601 2955 1712 2994 mo-

137 3025 305 3080 riatur.
356 3027 456 3083 Vos
496 3039 671 3085 autem
723 3029 947 3086 dicitis:
985 3031 1308 3102 Quicumque
1344 3031 1535 3085 dixerit
1573 3030 1712 3101 patri

128 3119 209 3171 πει
226 3122 405 3174 matri:
435 3138 626 3177 munus
653 3124 1018 3196 quodcumque
1047 3134 1125 3179 est
1148 3140 1215 3180 ea:
1235 3142 1316 3180 me
1347 3125 1367 3194 ,‘
1397 3124 1491 3178 tibi
1519 3124 1711 3195 prode-

1807 1919 2086 1976 oﬁ'erenda
2123 1929 2278 1986 sunt,
2328 1918 2440 1973 Deo
2468 1934 2669 1975 vovere
2693 1910 2930 1975 voluerit
2969 1921 3081 1992 (qni
3119 1938 3283 1979 verus
3321 1933 3408 1980 est

1805 2012 2013 2085 Pater),
2046 2012 2253 2069 oblatio
2277 2012 2492 2068 Domini
2522 2025 2873 2083 praeponatur
2901 2027 3187 2085 parentum
3217 2034 3409 2075 mune-

1805 2104 1959 2162 ribus
1990 2124 2005 2162 :
2037 2104 2122 2162 vel
2153 2116 2304 2163 certe
2331 2106 2434 2176 ipsi
2467 2114 2755 2176 parentes,
2784 2123 2904 2178 qua:
2939 2108 3050 2165 Deo
3088 2121 3405 2167 consecrata

1806 2197 2143 2261 cernebant,
2176 2212 2244 2253 ne
2278 2196 2552 2267 sacrilegii
2594 2198 2802 2254 crimen
2837 2200 3208 2265 incurrerent.
3240 2202 3410 2260 decli-

1807 2299 2027 2355 nantes,
2062 2294 2303 2357 egestate
2338 2287 2793 2344 conﬁciebantur.
2827 2291 3003 2359 Atque
3040 2291 3111 2346 ita
3149 2293 3312 2350 ﬁebat
3347 2303 3403 2350 ut

1806 2379 2011 2435 oblatio
2038 2379 2336 2435 liberorum
2356 2419 2373 2447 ,
2397 2379 2500 2435 sub
2524 2381 2814 2436 occasione
2844 2384 3026 2452 templi
3064 2384 3156 2439 Dei
3175 2425 3190 2450 ,
3229 2386 3280 2440 in
3315 2403 3409 2441 sa-

1808 2472 2090 2528 cerdotum
2127 2472 2275 2526 lucra
2310 2469 2554 2528 cederet.
2583 2470 2708 2527 Haec
2737 2472 2970 2541 pessima
3007 2474 3408 2532 Pharisaeorum

1810 2566 2062 2632 traditio,
2093 2565 2163 2621 de
2188 2563 2215 2602 ἀ
2241 2565 2349 2619 alia
2385 2564 2637 2621 veniebat
2666 2566 2977 2622 occasione.
3016 2567 3166 2622 Multi
3207 2568 3411 2625 baben-

1810 2670 1893 2717 tes
1940 2660 2208 2730 obligatos
2245 2673 2357 2714 tere
2386 2659 2595 2725 alieno,
2635 2667 2691 2713 et
2726 2661 2977 2716 nolentes
3005 2660 3108 2717 sibi
3142 2661 3412 2719 creditum

1810 2751 2071 2816 reddere,
2103 2749 2426 2821 delegabant
2451 2748 2830 2804 sacerdotibus
2848 2792 2861 2815 ,
2891 2758 2949 2805 ut
2970 2762 3161 2808 exacta
3184 2755 3412 2822 pecunia

1812 2842 2129 2898 miniSteriis
2160 2839 2352 2909 templi
2394 2846 2451 2895 ct
2487 2853 2679 2894 eorum
2722 2839 2909 2894 usibus
2944 2841 3271 2897 deserviret.
3312 2843 3416 2898 Po-

1811 2944 1920 2992 test
1959 2943 2140 2989 autem
2173 2941 2230 2989 et
2253 2933 2397 2987 hunc
2433 2932 2673 2987 breviter
2715 2932 2916 2989 habere
2946 2949 3187 2990 sensum.
3222 2935 3414 2993 Manus

1812 3028 1951 3100 quod
1977 3044 2041 3083 ex
2066 3043 2144 3082 me
2172 3035 2269 3091 est,
2303 3025 2396 3080 tibi
2421 3026 2652 3094 proderit
2676 3041 2694 3077 :
2723 3026 3090 3097 Compellitis,
3128 3031 3324 3098 inquit,
3351 3031 3413 3086 li-

1814 3121 1950 3187 lios,
1984 3131 2034 3174 ul
2062 3119 2243 3174 dicant
2277 3116 2595 3187 parentibus
2618 3117 2732 3171 suis
2760 3137 2770 3171 :
2800 3120 3182 3190 quodcumque
3211 3124 3409 3179 dOnum

138 3212 217 3280 rit,
260 3226 306 3268 et
346 3231 443 3270 non
479 3217 846 3287 honoriﬁcabit
885 3227 1086 3290 patrem
1113 3235 1265 3272 suum
1292 3261 1308 3287 ,
1360 3227 1451 3271 aut
1497 3226 1713 3273 matrem
1738 3227 1784 3289 ο
1814 3214 2096 3271 oblaturus
2118 3226 2267 3267 eram
2301 3210 2435 3275 Deo,
2474 3209 2524 3262 in
2550 3219 2673 3263 tuos
2694 3224 2964 3266 consumo
2988 3213 3176 3279 cibos,
3210 3214 3413 3284 tibique

137 3322 301 3375 mm,
332 3320 375 3365 et
402 3313 610 3366 irritum
637 3314 832 3382 fecistis
861 3314 1165 3369 mandatum
1186 3314 1283 3369 Dei
1309 3323 1518 3387 propter
1541 3313 1709 3368 tradi-

138 3399 317 3455 tionem
340 3413 575 3460 cestram.
609 3404 943 3477 ngocritte,
971 3408 1099 3463 bene
1126 3409 1450 3481 prophetarit
1478 3408 1542 3462 de
1571 3407 1711 3461 vobis

136 3486 328 3561 Isaias,
356 3494 527 3551 dicens
565 3513 584 3551 :
632 3497 872 3569 Populus
907 3499 992 3553 hic
1024 3499 1175 3554 labiis
1220 3517 1301 3555 me
1332 3502 1595 3566 honorat;
1625 3515 1713 3554 cor

136 3590 297 3637 autem
322 3601 493 3642 eorum
520 3588 674 3660 longe
691 3598 767 3644 est
792 3606 825 3642 a
848 3607 927 3645 me
947 3589 1143 3663 (Exod.
1164 3591 1430 3659 xx,Leuit.
1447 3591 1563 3663 xx).
1584 3590 1713 3645 Sine

132 3687 278 3729 causa
304 3687 471 3733 autem
498 3681 675 3735 colunt
706 3698 809 3751 me,
840 3683 1077 3739 docentes
1103 3684 1366 3739 doctrinas
1396 3695 1443 3739 et
1467 3684 1716 3738 mandata

133 3764 407 3827 hominum.
438 3771 505 3828 Et
531 3776 830 3829 convocatis
858 3776 927 3829 ad
955 3792 1012 3833 se
1037 3778 1223 3842 turbis,
1250 3777 1384 3832 dixit
1408 3778 1511 3831 eis:
1530 3775 1718 3830 Audite

132 3867 174 3909 et
196 3858 487 3935 intelligite.
520 3864 709 3922 Honor
744 3867 798 3921 in
830 3866 1126 3939 Scripturis
1154 3883 1263 3923 non
1293 3876 1502 3923 tantum
1542 3867 1594 3921 in
1632 3880 1719 3922 sa-

196 4005 218 4033 ³
260 3996 539 4068 Repetunt
572 4019 771 4059 nomen
801 4021 986 4061 manus
1010 4004 1100 4061 hic
1139 4018 1250 4062 tres
1289 4020 1319 4061 e
1349 4007 1550 4061 nostris
1584 4016 1715 4057 mss.

129 4065 401 4147 Sententia
431 4081 614 4129 autem
643 4075 763 4129 haec
793 4076 914 4143 ipsa
941 4087 1024 4131 est
1052 4076 1305 4147 Origenis
1332 4079 1464 4133 κατὰ
1491 4078 1551 4132 τὸ
1578 4073 1722 4147 adlo-

128 4158 208 4223 rrt
229 4142 491 4223 καθαίρειν
517 4142 825 4223 summa
842 4147 1035 4203 ἑαυτῶν
1068 4142 1176 4210 ἰνδιξ⁷
1187 4150 1418 4223 πράξει-ις,
1448 4151 1533 4202 καὶ
1559 4146 1722 4206 οὕτως

127 4212 221 4296 Ϊᾷἱ.
248 4220 354 4267 τῶν
384 4212 579 4287 φνχῶν
607 4212 882 4296 ζκονίει-ξιιςισθοιι
921 4227 1136 4296 χεῖρας,
1178 4212 1283 4273 etc.
1310 4212 1494 4272 Juxta
1530 4224 1723 4296 rectam

130 4286 376 4335 rationem
401 4286 606 4359 nostras
629 4288 855 4341 actiones
881 4286 1104 4359 purgare
1131 4304 1407 4352 conemur;
1438 4297 1485 4343 et
1506 4289 1581 4343 sic
1606 4287 1725 4341 ani-

130 4364 321 4423 morum
350 4371 539 4411 manus
566 4358 761 4423 lauare,
793 4368 899 4414 etc.

192 4420 219 4460 ιι
258 4421 482 4481 Rhabb.
511 4420 813 4482 collatione.

129 4558 141 4569 '
192 4503 215 4527 ε
252 4493 462 4569 Stricte
494 4496 867 4569 llieronymus
893 4499 1137 4557 adbo-ret
1168 4499 1518 4566 Adamantio,
1563 4511 1721 4569 quem

125 4565 191 4642 in
219 4565 600 4642 eruditissima
645 4565 759 4642 loci
790 4584 1049 4642 perquam
1080 4573 1324 4636 obscuri,
1361 4565 1613 4640 varieque
1656 4567 1725 4642 ab

128 4637 518 4725 interpretibus
557 4637 1145 4725 acceptio—expositione
1168 4657 1360 4725 .operae
1379 4637 1628 4725 preti—utro
1657 4637 1729 4720 sit

1821 3305 2064 3377 prodest,
2094 3320 2128 3358 ο
2159 3313 2331 3372 pater,
2360 3311 2414 3356 et
2439 3310 2635 3365 mater,
2670 3310 2731 3354 ut
2760 3300 2836 3355 illi
2879 3302 3133 3358 timentes
3161 3305 3414 3374 accipere

1817 3395 1964 3465 quod
1991 3394 2099 3450 Deo
2133 3395 2288 3465 112
2319 3393 2684 3461 mancipatum
2714 3390 2965 3455 videant,
3002 3394 3215 3462 inopem
3243 3399 3416 3468 magis

1822 3487 1995 3545 velint
2033 3486 2198 3541 vitam
2248 3484 2481 3551 ducere,
2524 3497 2684 3552 quam
2736 3482 3025 3540 comedere
3087 3483 3155 3539 de
3220 3501 3415 3544 conse-

1819 3586 2005 3641 cratis.

1892 3674 2074 3748 (Vers.
2107 3670 2221 3743 11.)
2252 3668 2377 3724 Non
2406 3669 2543 3741 quod
2570 3670 2730 3723 intrat
2759 3670 2814 3724 in
2854 3674 3281 3728 oscommunicat
3321 3675 3416 3731 ho-

1823 3768 2011 3821 minem
2043 3781 2061 3817 :
2101 3762 2190 3818 sed
2228 3761 2366 3832 quod
2400 3760 2631 3832 procedit
2665 3776 2727 3814 ea:
2762 3777 2883 3829 ore,
2928 3761 3024 3815 hoc
3071 3769 3417 3822 communicat

1826 3859 2103 3913 hominem.
2157 3854 2395 3911 Verbum
2425 3854 2800 3921 communicat,
2843 3855 3063 3923 proprie
3101 3854 3415 3929 Scriptura-

1824 3995 2052 4065 amplins
2087 3990 2389 4066 feneratori,
2431 3991 2523 4066 sed
2542 3992 2659 4066 jam
2691 3988 2802 4066 Deo
2843 3989 2897 4066 in
2946 3991 3194 4066 rationem
3225 4013 3421 4066 paupe-

1824 4059 1966 4135 rum,
1994 4059 2199 4120 nomine
2228 4059 2555 4135 feneratoris.
2589 4059 2748 4135 Quod
2762 4131 2769 4135 _
2779 4061 2944 4135 igitur
2973 4059 3237 4135 fenerator
3262 4059 3420 4135 [αὲῑρ-

1827 4140 1910 4194 bat
1934 4131 2209 4206 creditori,
2228 4131 2360 4187 illud
2375 4131 2525 4206 idem
2545 4131 2789 4206 nonnulli
2801 4131 3117 4206 quandoque
3137 4135 3236 4202 [itii
3256 4131 3416 4206 facie-

1826 4210 1951 4265 bant
1989 4205 2307 4278 parentibus,
2350 4201 2690 4278 dicebantque
2728 4198 2836 4254 illis
2867 4218 2884 4278 ς
2920 4199 3067 4256 Illud
3096 4198 3235 4272 quod
3256 4198 3294 4257 ἰι
3339 4225 3418 4263 me

1827 4273 2042 4357 adma.
2072 4278 2456 4357 fuissesppater
2484 4273 2564 4325 vel
2589 4281 2773 4337 mater,
2807 4273 2933 4357 s'cito
2964 4282 3011 4326 te
3034 4285 3365 4336 accepturum
3397 4296 3425 4334 e

1830 4341 2168 4411 Co'rbanfde
2215 4341 2421 4398 ratione
2478 4357 2760 4412 pauperum
2809 4341 2919 4397 Deo
2978 4358 3415 4403 consecratorum.

1831 4419 2034 4475 Deinde
2062 4417 2326 4472 audientes
2368 4422 2605 4486 parentes
2642 4412 2843 4467 Corban
2876 4430 2983 4468 csse
3012 4413 3123 4468 Deo
3152 4432 3422 4473 consecro-

1832 4502 1961 4557 tum,
1988 4491 2043 4544 id
2064 4488 2202 4560 quod
2228 4487 2325 4540 sibi
2351 4486 2582 4560 dandum
2607 4493 2737 4560 erat,
2764 4498 2865 4536 non
2891 4486 3118 4560 amplius
3138 4504 3171 4539 a
3190 4488 3315 4555 filiis
3337 4507 3425 4543 ac-

1834 4553 2004 4631 cipere
2032 4553 2310 4631 volebant,
2340 4553 2543 4609 etiamsi
2570 4555 2721 4631 rebus
2759 4556 3060 4631 necessariis
3114 4553 3423 4631 magnopere

1832 4625 2146 4704 indigerent.
2177 4627 2360 4704 Talem
2391 4642 2511 4704 ergo
2539 4625 2866 4704 traditionem
2895 4625 3118 4704 seniores
3146 4625 3425 4704 apud'ple-

126 4695 309 4782 laude
339 4695 889 4782 saltem‘cont'ulisse:
920 4695 1417 4782 ΡάαὲίεωίζἹηῴιίὶ
1436 4695 1455 4771 ζ
1474 4695 1479 4696 ί
1501 4719 1551 4765 et
1582 4709 1731 4765 sm-
1760 4709 1810 4769 υ
1837 4695 1975 4782 quo;
2021 4698 2387 4782 proterebant;
2414 4696 2721 4782 quicumque
2760 4695 2947 4782 dixerit
2977 4698 3113 4782 ῃαιξὶ
3142 4698 3219 4751 vel
3249 4695 3423 4768 matri,

127 4771 382 4854 {atatem
603 4783 921 4854 contrariam
968 4771 1722 4854 traditionem'prodiderunt.

125 4846 389 4923 ίζῦεειῖὶμ
422 4850 483 4903 in
504 4846 808 4920 'Erangelio
832 4868 1127 4923 expressam
1155 4898 1169 4919 ,
1213 4846 1366 4923 quam
1396 4869 1458 4906 ne
1487 4868 1577 4905 nos
1613 4849 1729 4923 qui—

125 4916 233 4993 dem
252 4916 549 4993 fuissemus
569 4916 795 4993 assecuti
820 4916 968 4993 ,n'isi
990 4916 1182 4993 aliquis
1210 4916 1272 4977 ea:
1306 4922 1536 4976 Hebrteis
1564 4916 1728 4974 tradi-

306 4990 471 5064 nobis
496 5008 582 5064 ea!
602 4990 718 5064 qut
745 4995 814 5045 ad
838 4992 977 5044 hunc
1019 4984 1192 5046 locum
1228 4995 1481 5064 pertinent
1508 5034 1520 5054 ,
1558 4995 1632 5045 sic
1677 5006 1732 5043 se

124 5055 382 5134 habentia.
420 5055 1115 5134 Contingitnonnumquam
1135 5108 1149 5129 ,
1182 5055 1354 5134 itiqnit
1380 5105 1395 5129 ,
1442 5072 1496 5117 ut
1526 5063 1729 5132 fenera-

126 5133 249 5202 ιαξα
273 5147 399 5186 cum
425 5130 768 5202 indifﬁciles
809 5130 1065 5188 debitores
1095 5130 1371 5201 incidunt,
1402 5136 1490 5202 qui
1523 5130 1732 5202 possunt

124 5200 361 5265 quidem,
414 5199 515 5256 sed
562 5201 746 5255 nolunt
817 5204 1045 5258 debitum
1083 5205 1301 5259 reddere
1329 5199 1363 5267 ,⁷
1393 5199 1617 5257 debitum
1674 5201 1727 5253 in

122 5283 409 5344 Manut
449 5272 716 5344 rationem
746 5285 1079 5340 consecrent,
1112 5277 1297 5344 quibus
1326 5276 1378 5327 in
1411 5268 1730 5343 gazophyla-

127 5340 253 5394 cium
289 5343 560 5415 perduim
591 5345 886 5415 mittebatur
921 5361 1016 5415 pro
1046 5340 1240 5400 uiribus
1270 5387 1285 5407 ,
1334 5344 1398 5398 ab
1413 5340 1732 5415 unaquaque

126 5410 300 5483 m‘
333 5415 435 5483 qui
472 5410 719 5467 volebant
750 5431 864 5466 cum
900 5410 1009 5470 illis
1038 5417 1169 5471 bona
1206 5410 1605 5470 communicare.
1641 5410 1735 5464 Di—

128 5479 296 5556 {licet
335 5479 534 5556 autem
594 5500 986 5556 nonnumquam
1023 5487 1344 5541 debitoribus
1386 5502 1483 5539 sua
1531 5485 1734 5556 lingua.

131 5550 319 5611 Cirin
349 5566 433 5612 est
460 5553 528 5608 id
553 5554 695 5623 quod
724 5550 854 5609 mihi
886 5560 1056 5620 debes,
1084 5557 1181 5609 hoc
1209 5567 1305 5624 est,
1329 5557 1560 5615 donum;
1585 5550 1735 5607 dedi-

131 5625 235 5694 {Illi
268 5630 413 5682 enim
443 5624 595 5694 illud
623 5626 944 5693 pauperibus
975 5629 1027 5681 in
1076 5629 1328 5680 rationem
1375 5626 1580 5694 pietatis
1617 5639 1741 5694 erga

134 5687 285 5765 Deam
320 5691 548 5751 Deinde
558 5687 763 5749 debitor
782 5708 1043 5765 tamquam
1060 5714 1161 5752 non
1183 5687 1476 5751 hominibus
1491 5687 1735 5765 amplius,

136 5764 217 5819 sed
233 5764 335 5825 Deo
365 5765 600 5826 deberis,
629 5778 842 5833 suaeque
871 5762 991 5836 erga
1022 5768 1167 5820 illum
1199 5768 1401 5832 pietati,
1431 5762 1590 5819 veluti
1620 5762 1741 5817 illuc

138 5838 569 5899 auctudebatur,
600 5846 655 5889 ut
700 5837 856 5890 etiam
888 5838 1068 5891 nolens
1098 5838 1326 5893 debitum
1354 5839 1596 5908 referret,
1639 5848 1740 5887 non

410 5927 709 5990 Ριτιοι..
760 5926 993 5988 XXVI.

1837 4774 1895 4828 id
1924 4764 2060 4843 quod
2096 4764 2254 4822 alicui
2300 4766 2744 4843 eorum__tlandunt
2795 4775 2924 4831 erat,
2975 4764 3177 4843 Corban
3218 4787 3346 4843 esse,
3379 4764 3425 4825 et

1836 4834 2051 4903 donum.
2083 4854 2202 4894 eum
2230 4853 2331 4889 non
2358 4836 2586 4903 amplius
2608 4834 2887 4887 debitorem
2911 4850 3019 4887 esse
3036 4838 3177 4904 patri
3206 4841 3282 4891 vel
3310 4834 3423 4893 ma-

1834 4916 1903 4968 tri
1936 4914 2005 4966 ad
2044 4906 2424 4980 suppeditanda
2454 4906 2531 4958 illi
2576 4906 2693 4980 vita:
2731 4905 3042 4980 necessaria.
3086 4905 3238 4960 lianc
3266 4909 3425 4980 igitur

1837 4973 2165 5037 traditionem
2189 4979 2432 5034 Servatur
2456 4973 2803 5046 reprehendit,
2829 4990 2931 5046 non
2954 4975 3087 5027 relut
3108 4973 3309 5043 sanam,
3335 4981 3425 5034 sed

1838 5054 1936 5109 Dei
1962 5050 2207 5106 mandato
2234 5040 2611 5101 adversantem.
2645 5042 2784 5097 Nam
2813 5045 2855 5096 si
2886 5040 3027 5096 Deus
3048 5046 3174 5097 dicit
3202 5062 3219 5098 :
3247 5040 3425 5103 llOnn-

1842 5142 1896 5179 ra
1929 5132 2163 5195 patrem,
2195 5129 2250 5174 et
2283 5127 2534 5181 matrem,
2562 5114 2762 5195 dicebat
2796 5122 2965 5195 autem
3006 5116 3216 5195 traditio
3250 5134 3268 5171 :
3302 5119 3425 5195 .Non

1842 5183 1987 5249 debet
2039 5183 2298 5246 honorare
2326 5197 2523 5261 patrem
2550 5194 2615 5261 et
2644 5193 2858 5261 maﬁtrem
2904 5183 3194 5261 largitione,
3240 5189 3327 5253 qui
3371 5191 3426 5243 id

1835 5266 1973 5336 quod
1994 5264 2210 5336 daturus
2230 5252 2338 5314 erat
2360 5256 2672 5336 parentibus,
2698 5252 2828 5336 Deo,
2846 5263 2900 5306 ut
2928 5252 3020 5307 Cm
3032 5256 3129 5307 ban
3157 5252 3427 5336 consecro-

1838 5324 1909 5391 int
1934 5351 1951 5388 :
1974 5334 2305 5403 manifestum
2325 5324 2396 5403 est
2416 5328 2583 5403 fuisse
2607 5330 2879 5403 rescissum
2902 5337 3211 5403 praeceptum
3362 5331 3427 5386 de

1841 5407 2036 5460 honore
2049 5394 2337 5471 parentum,
2354 5394 2741 5471 (Pharisaeorum
2754 5404 2802 5448 et
2818 5394 3119 5471 Scribarum
3132 5398 3428 5468 traditione,

1844 5465 2058 5530 dicente
2073 5489 2173 5526 non
2221 5469 2443 5541 amplius
2490 5483 2603 5541 eum
2634 5466 2814 5519 debere
2854 5472 3052 5541 patrem
3096 5465 3353 5541 honorare
3383 5465 3431 5527 et

1844 5557 2080 5608 matrem,
2110 5543 2197 5614 qui
2230 5532 2342 5614 θέο
2381 5537 2539 5614 semel
2567 5532 2935 5614 consecraverit
2962 5532 3436 5614 idquedaccepis-

1844 5624 1955 5673 sent
1988 5604 2247 5686 parentes.
2281 5610 2345 5664 Et
2379 5606 2861 5686 PhttrtltBi,-ttlp0le
2888 5604 3142 5686 avari,“
3166 5604 3432 5683 docebunt,

1845 5698 1905 5759 ut
1922 5675 2015 5741 sub
2035 5699 2317 5759 pauperum
2337 5679 2505 5759 specie
2526 5692 2585 5730 ea
2601 5676 2762 5759 etiam
2787 5675 3100 5742 acciperent,
3117 5693 3234 5745 qua:
3252 5675 3439 5749 paren-

1847 5758 1982 5813 tibus
2011 5751 2239 5825 alicujus
2266 5751 2439 5825 danda
2466 5754 2630 5802 erant.

1918 5828 1944 5866 ἀ
1986 5823 2221 5893 Rhabb.,
2250 5823 2362 5879 tali.

2787 5906 2823 5967 ιι
