3962 6346
571 285 679 344 107

1813 285 1875 344 5.
1918 278 2195 343 EUSEBII
2234 278 2623 340 HIERONYMI
3766 280 3847 340 108

575 419 698 459 rum
743 414 861 471 est,
907 414 964 463 et
993 405 1210 477 publico
1238 418 1491 461 sermone
1529 415 1638 459 non
1677 411 1703 439 ο
1733 402 1947 459 teritur.
1987 404 2166 474 Popu-
2197 403 2249 467 Δ
2278 410 2425 459 turas
2458 401 2837 467 introducunt,
2864 398 3113 458 dicentes
3146 416 3162 456 :
3194 397 3252 458 Si
3278 396 3544 473 plantatio
3571 411 3732 471 quam
3757 415 3846 456 nan

574 496 665 551 lus
690 492 1003 552 Iudaeorum
1032 506 1240 567 partem
1275 494 1370 551 Dei
1398 509 1526 551 esse
1555 509 1617 551 se
1636 493 1896 565 jactitans
1928 510 2173 551 commu~

577 605 676 645 nes
723 590 876 646 cibos
924 599 1101 657 vocat,
1142 591 1341 661 quibus
1384 603 1576 645 omnes
1621 597 1847 646 utuntur
1897 589 2170 645 homines.

583 680 748 737 Verbi
777 682 975 752 gratia,
1006 682 1225 738 suillam
1254 697 1500 752 carnem,
1527 680 1559 721 δ
1584 692 1829 751 ostreas,
1857 683 2096 754 lepores,
2118 692 2171 739 et

576 774 885 832 istiusmodi
912 775 1209 832 animantia
1245 792 1368 848 qum
1387 777 1644 849 ungulam
1670 793 1779 833 non
1799 777 2049 843 ﬁndunt;
2071 790 2174 833 nec

572 868 870 935 ruminant,
916 883 1017 924 nec
1053 883 1347 941 squamosa
1377 870 1434 926 in
1464 870 1710 939 piscibus
1744 880 1894 927 sunt.
1926 869 2081 928 Unde
2117 879 2174 928 et

572 961 629 1015 in
661 959 887 1016 Actibus
917 962 1308 1031 Apostolorum
1346 963 1610 1035 scriptum
1657 972 1787 1020 est:
1835 963 1990 1030 Quod
2025 962 2173 1018 Deus

568 1054 940 1124 sancti/icauit,
989 1065 1046 1109 tu
1116 1073 1179 1110 ne
1207 1072 1478 1111 commune
1509 1058 1704 1113 dixeris
1739 1057 1889 1130 (Act.
1926 1074 1956 1112 ι
1987 1098 2003 1125 ,
2046 1057 2168 1127 l5).

572 1146 884 1204 Commune
921 1164 1083 1220 ergo,
1117 1148 1263 1220 quod
1293 1150 1508 1207 steteris
1543 1149 1856 1207 hominibus
1892 1160 2077 1221 patet,
2116 1159 2174 1207 et

571 1241 728 1311 quasi
757 1255 864 1295 non
893 1249 977 1296 est
1016 1240 1084 1296 de
1120 1249 1280 1311 parte
1311 1242 1442 1308 Dei,
1477 1258 1579 1313 pro
1609 1242 1895 1299 immundo
1929 1242 2171 1314 appella-

570 1342 681 1390 tur.
711 1332 762 1387 Ν
768 1351 835 1388 οη
855 1336 997 1405 quod
1021 1336 1178 1389 intrat
1202 1336 1258 1389 in
1283 1351 1344 1391 os
1371 1338 1715 1401 communicat
1743 1337 2005 1390 hominem
2035 1351 2052 1387 :
2084 1334 2174 1389 sed

568 1427 708 1495 quod
744 1426 975 1496 procedit
1001 1442 1069 1481 ea:
1094 1443 1184 1481 ore
1220 1426 1318 1482 hoc
1353 1428 1651 1498 coinquinat
1674 1428 1954 1483 hominem.
1987 1426 2172 1496 Oppo-

567 1525 664 1573 nat
704 1516 942 1586 prudens
983 1516 1178 1584 lector,
1212 1526 1269 1572 et
1302 1517 1478 1573 dicat:
1522 1518 1581 1575 Si
1625 1518 1771 1590 quod
1806 1519 1977 1573 intrat
2013 1518 2066 1571 in
2105 1530 2171 1572 os

572 1622 682 1664 non
724 1607 1043 1679 coinquinat
1110 1609 1430 1675 hominem,
1481 1625 1652 1680 quare
1694 1609 2015 1681 idolothytis
2061 1623 2171 1664 non

570 1702 885 1772 vescimur?
912 1702 977 1759 Et
1005 1703 1307 1773 Apostolus
1332 1704 1532 1760 scribit
1572 1723 1588 1760 :
1636 1704 1758 1759 Non
1800 1705 2010 1776 potestis
2041 1705 2172 1760 cali-

2275 496 2543 569 plantavit
2573 498 2734 552 Pater
2754 539 2771 564 ,
2798 496 3167 554 eradieahitur
3197 511 3213 553 :
3245 510 3379 567 ergo
3411 510 3574 566 quam
3606 494 3849 564 plantavit

2274 589 2406 655 ille,
2439 604 2548 646 non
2592 598 2771 661 potest
2812 588 3105 646 eradicari.
3148 587 3259 644 Sed
3306 586 3531 644 audiant
3554 586 3690 642 illud
3717 585 3848 644 lere-

2275 682 2400 738 mite
2428 699 2444 739 :
2474 681 2586 756 Ego
2606 698 2698 738 uos
2726 681 2959 755 plantaei
2986 683 3190 736 uincam
3218 696 3415 744 ueram,
3454 679 3715 751 quomodo
3741 680 3852 735 uersi

2273 774 2398 829 estis
2428 774 2482 827 in
2518 774 2925 829 amaritudinem
2969 772 3087 826 ritis
3124 771 3313 826 cliente
3346 772 3371 841 (
3388 769 3589 826 lerem.
3621 785 3692 835 ιι,
3720 769 3777 824 2t
3798 770 3847 839 )i

2275 868 2555 924 Plantavit
2586 867 2807 937 quidem
2849 868 3037 936 Deus,
3079 875 3137 923 et
3173 880 3341 924 nemo
3380 874 3563 937 potest
3597 863 3849 921 eradicare

2276 963 2673 1032 plantationem
2711 962 2854 1031 ejus.
2897 959 3007 1019 Sed
3054 962 3315 1032 quoniam
3357 960 3460 1017 ista
3505 959 3764 1031 plantatio
3804 959 3848 1013 in

2276 1055 2567 1112 voluntate
2595 1056 2804 1128 proprii
2833 1055 3047 1111 arbitrii
3074 1064 3182 1120 est,
3214 1055 3397 1111 nullus
3419 1055 3563 1111 alius
3589 1070 3708 1109 eam
3743 1068 3847 1110 era-

2274 1146 2459 1203 dicare
2483 1148 2721 1218 poterit,
2754 1147 2860 1203 nisi
2889 1147 3007 1216 ipsa
3035 1148 3329 1217 praebuerit
3360 1161 3668 1203 assensum.

2346 1238 2531 1309 (Vers.
2556 1238 2675 1311 14.)
2705 1239 2879 1295 Sinite
2897 1240 3053 1309 illos,
3084 1241 3209 1296 caci
3234 1248 3353 1296 sunt
3371 1280 3389 1308 ,
3418 1239 3577 1295 duces
3597 1254 3847 1295 eiecerunt.

2273 1329 2459 1387 Cacus
2476 1343 2649 1386 autem
2671 1333 2718 1386 st'
2743 1347 2881 1386 careo
2900 1332 3145 1386 ducatum
3169 1340 3399 1404 prmatet,
3423 1333 3575 1387 amba
3595 1330 3651 1386 in
3677 1335 3849 1402 [areum

2274 1423 2492 1480 cadunt.
2522 1424 2639 1480 Hoc
2666 1434 2750 1481 est
2777 1425 2921 1495 quod
2948 1426 3249 1496 Apostolus
3282 1434 3618 1496 pmoeperat
3647 1442 3661 1479 :
3690 1423 3853 1479 Πωτεο

2273 1514 2433 1569 ticum
2456 1515 2713 1569 Itontinem
2742 1525 2856 1586 post
2879 1534 3041 1571 unam
3059 1526 3108 1571 et
3133 1518 3354 1573 alterum
3380 1517 3753 1590 correptionem
3777 1516 3854 1570 dc-

2273 1607 2412 1675 uita,
2442 1608 2611 1664 sciens
2636 1611 2783 1680 quod
2824 1626 3094 1681 perrersus
3125 1611 3191 1665 sit
3228 1611 3628 1683 hujuscemodi,
3648 1620 3697 1666 et
3724 1627 3753 1662 a
3787 1627 3855 1663 sc-

2273 1702 2491 1773 metipso
2522 1703 2800 1758 damnatus
2846 1704 2993 1773 (Tit.
3020 1719 3097 1770 nt,
3138 1702 3269 1775 l0).
3312 1702 3373 1758 In
3400 1703 3546 1761 hunc
3574 1717 3787 1759 sensum
3810 1708 3856 1758 et

571 1811 683 1848 cem
711 1793 924 1849 Domini
958 1795 1155 1861 bibere,
1204 1813 1253 1849 et
1303 1794 1519 1850 calicem
1556 1795 1935 1851 dmoniorum
1975 1796 2029 1865 (ι
2050 1794 2170 1850 Cor.
2204 1794 2255 1855 Β
2278 1790 2529 1848 Salvator
2560 1794 2820 1864 prateepit
2840 1793 3098 1852 doctores
3122 1796 3393 1865 pessimos
3415 1794 3766 1851 dimittendos
3783 1810 3855 1849 ar-

579 1901 645 1952 x,
674 1886 790 1958 20).
822 1886 1120 1942 Sciendum
1155 1886 1321 1957 igitur
1345 1886 1495 1957 quod
1526 1886 1631 1956 ipsi
1666 1886 1888 1959 quidem
1925 1886 2067 1949 cibi,
2114 1894 2171 1941 et

566 1980 663 2036 Dei
684 1991 937 2037 creatura
965 1995 1063 2050 per
1092 1995 1153 2036 se
1175 1982 1362 2036 omnis
1390 1980 1594 2037 munda
1624 1980 1697 2036 sit
1716 1999 1734 2035 :
1767 1981 1863 2038 sed
1896 1980 2166 2036 idolorum

564 2088 631 2130 ac
660 2074 971 2130 daemonum
1001 2074 1278 2130 invocatio
1304 2089 1368 2128 ea
1400 2073 1563 2130 faciat
1594 2072 1896 2130 immmda.

642 2166 826 2238 (γεω.
862 2166 977 2237 η.)
1018 2165 1161 2221 Tunc
1199 2166 1499 2221 accederues
1538 2166 1789 2236 discipuli
1825 2169 1973 2237 ejus,
2012 2166 2165 2220 disc-

566 2269 688 2313 runt
710 2261 757 2313 ei
782 2276 801 2314 :
829 2259 948 2314 Scis
968 2261 1091 2328 quia
1122 2256 1400 2323 Pharistei,
1424 2258 1607 2312 audito
1630 2259 1780 2313 verba
1803 2257 1921 2325 hoc,
1950 2257 2159 2312 scanda-

569 2352 712 2407 lizati
743 2354 899 2405 sunt?
928 2352 1006 2405 Ex
1035 2366 1143 2405 uno
1164 2364 1421 2405 sermone
1443 2349 1624 2404 omnis
1638 2349 1956 2419 superstitio
1976 2348 2167 2404 obser-

567 2447 846 2499 vationum
881 2444 1232 2499 Iudaicarum
1278 2442 1455 2498 fuerat
1486 2441 1653 2507 elisa;
1686 2443 1779 2512 qui
1813 2440 1868 2495 in
1904 2440 2049 2497 cibis
2075 2455 2166 2495 su-

571 2537 785 2592 mendis
808 2534 1323 2605 abominandisque,
1365 2533 1685 2604 religionem
1708 2546 1863 2588 suam
1897 2533 2055 2587 sitam
2079 2547 2169 2586 ar-

571 2630 913 2685 bitrabantur
924 2628 1035 2701 [ΑΙ.
1059 2626 1524 2699 arbitrantur].'Et
1546 2628 1671 2699 quia
1687 2627 1884 2683 crebro
1897 2627 2101 2681 teritur
2114 2625 2167 2680 in

574 2721 985 2795 Ecclesiasticis
1009 2719 1340 2788 Scripturis,
1380 2720 1717 2785 scandalum,
1752 2718 1995 2775 breviter
2021 2718 2170 2774 diea‘

571 2829 694 2868 mus
718 2812 844 2881 quid
872 2812 1028 2884 113
1050 2811 1338 2881 signiticet.
1373 2822 1396 2850 ο
1419 2813 1607 2867 Σκῶλον
1630 2820 1686 2866 et
1704 2810 2041 2876 scandalum,
2067 2826 2166 2866 nos

568 2906 967 2974 oll'endicnlum,
1000 2906 1089 2961 vel
1122 2906 1335 2960 ruinam
1361 2913 1418 2960 et
1440 2905 1830 2974 impaclionetn
1859 2906 2013 2975 pedis
2041 2920 2166 2976 pos-

569 3012 763 3055 sumus
783 2997 991 3054 dicere.
1014 2996 1243 3065 Quando
1271 3012 1402 3068 ergo
1424 2997 1693 3069 legimus:
1724 2998 2070 3067 Quicumque
2097 2997 2167 3054 de

569 3090 812 3145 minimis
842 3089 961 3145 istis
984 3088 1449 3144 scandalizaverit
1476 3090 1809 3160 quempiam,
1836 3091 1939 3145 hoc
1962 3089 2166 3145 intelli-

2272 1884 2446 1940 bitrio
2476 1901 2609 1953 suo,
2641 1887 2822 1943 sciens
2849 1902 2943 1943 eos
2976 1886 3271 1944 difﬁculter
3302 1888 3371 1944 ad
3401 1889 3685 1944 veritatem
3715 1901 3856 1958 posse

2272 1974 2439 2043 trahi,
2468 1984 2521 2029 et
2547 1989 2725 2031 caecos
2762 1990 2909 2045 esse,
2933 1983 2993 2031 et
3018 1991 3223 2032 ereum
3254 1977 3516 2048 populum
3545 1977 3600 2032 in
3623 1990 3849 2033 errorem

2272 2067 2515 2122 trahere.

2345 2157 2529 2229 (Vers.
2572 2159 2665 2225 15,
2700 2159 2829 2227 l6.)
2864 2157 3024 2233 115
3066 2158 3406 2230 Respondeas
3439 2170 3610 2215 autem
3657 2157 3857 2226 Petrus,

2271 2250 2405 2305 dixit
2455 2252 2508 2305 ei
2558 2268 2578 2306 :
2622 2251 2869 2309 Edissere
2911 2253 3058 2307 nobis
3106 2252 3416 2321 parabolam
3460 2255 3633 2308 istam.
3683 2254 3745 2308 At
3784 2254 3862 2307 ille

2268 2346 2405 2399 dixit
2438 2361 2455 2398 :
2486 2345 2674 2401 Adhuc
2698 2356 2747 2402 et
2776 2362 2864 2403 uos
2884 2347 2996 2402 sine
3018 2347 3283 2402 intellectu
3312 2348 3478 2403 estis?
3500 2347 3660 2416 Quod
3692 2355 3863 2418 aperte

2270 2436 2476 2494 dictum
2522 2438 2721 2506 fuerat,
2756 2449 2811 2495 et
2839 2440 3060 2509 patebat
3085 2440 3297 2496 auditui
3319 2482 3336 2506 ,
3367 2441 3657 2511 apostolus
3684 2439 3866 2496 Petrus

2269 2545 2372 2600 per
2398 2531 2714 2602 parabolam
2744 2532 2950 2587 dictum
2974 2541 3150 2603 putat,
3185 2542 3240 2587 et
3270 2533 3324 2588 in
3355 2547 3415 2588 re
3449 2530 3738 2587 manifesta
3758 2547 3865 2603 my-

2268 2623 2465 2679 sticam
2507 2624 2707 2693 quzerit
2750 2622 3187 2693 intelligentiam.
3232 2621 3652 2693 Corripiturque
3694 2637 3723 2676 a
3765 2622 3865 2677 Do-

2272 2717 2442 2782 mino,
2469 2732 2636 2785 quare
2662 2716 2976 2788 parabolice
2994 2716 3199 2772 dictum
3225 2724 3395 2787 putet,
3424 2716 3570 2788 quod
3593 2716 3865 2787 perspicue

2266 2808 2485 2865 loeutus
2516 2817 2623 2864 est.
2666 2809 2753 2865 Ex
2794 2824 2905 2881 quo
2944 2808 3423 2866 animadvertimus
3454 2809 3706 2865 vitiosum
3752 2821 3868 2863 esse

2266 2902 2595 2972 auditorem,
2624 2905 2714 2973 qui
2751 2913 2845 2957 aut
2872 2902 3100 2960 obscura
3130 2902 3435 2970 manifeste,
3456 2911 3552 2958 aut
3593 2901 3867 2959 manifeste

2268 2995 2414 3052 dicta
2441 2997 2678 3052 obscure
2704 2996 2834 3052 velit
2867 2996 3192 3067 intelligere.

2338 3085 2519 3157 (Vers.
2554 3087 2643 3156 l7,
2679 3086 2793 3158 i8.)
2830 3086 2952 3142 Non
2972 3087 3293 3159 intelligits's,
3328 3089 3455 3159 quia
3478 3105 3628 3143 omne
3645 3088 3783 3159 quod
3819 3088 3869 3141 in

564 3183 777 3254 gimus,
807 3181 900 3252 qui
925 3182 1073 3239 dicto
1102 3181 1315 3237 factove
1344 3182 1689 3238 occasionem
1716 3182 1889 3239 ruina:
1911 3181 2166 3253 cuiquam
2194 3178 2244 3247 ο
2271 3195 2330 3235 οε
2364 3178 2557 3248 intrat,
2585 3186 2639 3233 in
2663 3188 2887 3234 rentmn
2923 3180 3099 3245 audit,
3136 3189 3190 3234 et
3221 3181 3275 3235 in
3304 3196 3559 3235 secessum
3587 3179 3870 3235 emittitur!

558 3274 796 3332 dederit.

638 3368 826 3439 (Vers.
861 3369 949 3424 15.
978 3366 998 3438 )
1029 3367 1094 3421 At
1137 3366 1231 3421 ille
1268 3368 1617 3438 respondens,
1658 3368 1731 3421 ait
1760 3383 1786 3423 ε
1812 3368 1999 3423 Omnis
2028 3368 2171 3437 plan-

564 3462 692 3517 tatio
716 3476 874 3531 quam
902 3476 1007 3515 non
1046 3459 1301 3530 plantavit
1340 3458 1495 3512 Pater
1524 3476 1666 3514 meus
1710 3460 1928 3514 cariestis
1951 3504 1965 3529 ,
1997 3460 2171 3514 cradi-

565 3555 784 3610 cabitnr.
830 3553 1006 3608 Etiam
1058 3567 1179 3621 qua:
1233 3552 1391 3619 plana
1427 3551 1687 3607 videntur
1731 3554 1784 3606 in
1831 3551 2166 3621 Scriptnris,

564 3650 727 3718 plena
765 3653 893 3701 sunt
935 3642 1350 3714 quaestionibus.
1395 3641 1611 3711 Omnis,
1661 3643 1871 3713 inquit,
1915 3643 2169 3714 plantatio

570 3753 726 3810 quant
755 3752 857 3791 non
884 3734 1139 3804 plantavit
1165 3731 1326 3786 Pater
1346 3749 1488 3787 meus
1510 3733 1729 3788 cwlestis
1749 3776 1763 3799 ,
1792 3733 2163 3790 eradicabitur.

573 3832 715 3901 Ergo
740 3825 1111 3884 eradicabitttr
1132 3832 1186 3880 et
1219 3825 1309 3879 illa
1342 3825 1625 3895 plantatio,
1651 3826 1719 3882 de
1743 3842 1847 3896 qua
1875 3828 2169 3897 Apostolus

571 3921 685 3975 ait:
717 3919 829 3991 Ego
862 3919 1114 3989 plantavi,
1148 3917 1338 3988 Apollo
1367 3918 1554 3989 rigavit
1586 3916 1645 3986 (Ι
1675 3916 1799 3974 Cor.
1834 3936 1923 3984 ιιι,
1957 3922 2034 3989 6).
2060 3920 2167 3977 Sed

570 4014 800 4072 solvitur
828 4012 1058 4084 quzcstio
1088 4027 1151 4068 ex
1186 4026 1252 4067 eo
1283 4011 1428 4082 quod
1458 4009 1485 4049 ἀ
1518 4014 1764 4084 sequitur
1793 4031 1806 4067 :
1835 4012 1977 4071 Dens
1998 4026 2167 4071 antem

571 4111 944 4163 incrementum
965 4106 1104 4160 dedit
1135 4104 1341 4178 (Ibid.,
1372 4104 1448 4178 9).
1477 4106 1615 4162 Dicit
1637 4120 1691 4163 et
1722 4109 1877 4177 ipse:
1908 4111 2003 4166 Dei
2023 4113 2167 4183 agri-

574 4200 819 4267 cultura,
868 4197 966 4252 Dei
1008 4198 1290 4266 wdiﬁcatio
1332 4199 1451 4252 estis
1489 4196 1595 4269 (Ill
1632 4197 1793 4253 Joan.
1829 4200 1979 4273 vm).
2016 4200 2082 4257 Et
2111 4202 2165 4258 in

572 4293 683 4349 alio
711 4293 832 4348 loco
862 4308 877 4349 :
907 4290 1283 4360 Coeperatores
1309 4289 1411 4344 Dei
1441 4308 1645 4346 sumus.
1673 4292 1727 4348 Si
1757 4302 1936 4349 autem
1969 4311 2167 4368 coope-

574 4396 825 4440 ratores:
862 4384 1026 4454 igitur
1064 4382 1344 4452 plantante
1366 4380 1570 4448 Paulo,
1600 4392 1656 4438 et
1687 4384 1896 4455 rigante
1932 4388 2127 4456 Apollo
2148 4429 2163 4454 ,

572 4476 717 4531 Dens
763 4489 884 4529 cum
925 4472 1377 4542 coOperatoribus
1422 4471 1548 4543 [Αι.
1588 4476 2005 4549 operatoribus]
2052 4480 2166 4534 suis

2276 3271 2405 3339 ρυω
2435 3283 2607 3328 autem
2630 3272 2915 3344 procedunt
2946 3272 3011 3328 de
3034 3289 3160 3342 ore,
3191 3272 3257 3328 de
3293 3274 3448 3329 corde
3475 3284 3663 3331 exeunt
3683 3317 3697 3340 ,
3735 3284 3785 3329 et
3812 3288 3869 3327 es

2268 3364 2613 3434 coinquinant
2629 3363 2908 3421 horninem.
2925 3362 3122 3420 Omnia
3146 3364 3564 3436 Evangeliorum
3591 3366 3709 3422 loca
3730 3363 3868 3435 apud

2271 3457 2561 3514 haereticos
2586 3468 2644 3513 et
2684 3473 2974 3529 perversos
3013 3458 3174 3528 plena
3200 3467 3329 3514 sunt
3363 3458 3655 3515 scandulis.
3692 3458 3759 3513 Et
3802 3471 3869 3511 ex

2273 3553 2375 3608 hac
2405 3552 2724 3609 sententiola
2746 3553 2969 3622 quidam
2999 3552 3419 3621 calumniantur,
3438 3554 3583 3624 quod
3609 3552 3871 3609 Dominus

2270 3646 2511 3719 physica:
2538 3647 2918 3718 disputationis
2951 3646 3204 3716 ignarus,
3236 3655 3389 3717 putet
3413 3662 3608 3703 omnes
3632 3648 3790 3704 cibos
3818 3648 3871 3701 in

2270 3749 2511 3795 ventrem
2542 3740 2641 3805 ire,
2674 3748 2730 3795 et
2761 3739 2816 3793 in
2844 3753 3126 3794 secessum
3154 3739 3326 3810 digeri
3348 3738 3459 3812 [ΑΙ.
3492 3739 3676 3812 dirigi]
3706 3755 3867 3797 zeum

2268 3833 2453 3887 statim
2498 3831 2688 3887 infeste
2716 3846 2859 3887 esum
2886 3846 2986 3901 per
3010 3839 3161 3885 artus
3184 3840 3241 3885 et
3265 3845 3431 3887 venas
3458 3846 3524 3886 ac
3562 3831 3832 3887 medullas
3854 3872 3870 3899 ,

2273 3939 2579 3994 nervosque
2608 3922 2921 3978 fundantur.
2951 3921 3104 3978 Unde
3131 3932 3181 3977 et
3223 3923 3454 3991 multos,
3481 3924 3573 3995 qui
3598 3924 3728 3981 vitio
3754 3932 3875 3979 sto-

2271 4016 2449 4073 machi
2482 4026 2758 4089 perpetem
2798 4016 3071 4071 sustinent
3097 4015 3360 4071 vomitum
3383 4059 3400 4085 ,
3432 4026 3552 4087 post
3581 4032 3773 4076 omitas
3820 4026 3878 4073 et

2266 4107 2519 4179 prandia,
2549 4107 2732 4163 statim
2762 4122 3020 4164 evomere
3046 4106 3192 4179 quod
3220 4105 3569 4177 ingesserint,
3596 4119 3653 4165 et
3685 4120 3871 4165 tamen

2270 4200 2621 4270 corpulentos
2647 4214 2773 4257 esse
2806 4218 2819 4253 :
2847 4199 2970 4271 quia
3013 4199 3080 4254 ad
3110 4199 3344 4268 primum
3376 4207 3578 4256 tactum
3609 4200 3877 4272 liquidior

2268 4294 2425 4349 cibus
2469 4302 2524 4349 et
2552 4302 2709 4363 potus
2751 4307 2846 4362 per
2880 4291 3122 4348 membra
3162 4291 3477 4348 fundantur.
3523 4292 3632 4349 Sed
3681 4293 3877 4349 istius-
3934 4292 3935 4295 “

2267 4385 2416 4441 modi
2464 4385 2712 4440 homines
2748 4383 2874 4438 dum
2908 4383 3103 4437 volunt
3131 4383 3357 4440 alterius
3398 4383 3723 4454 imperitiam
3774 4400 3875 4439 re-

2268 4477 2638 4552 prehendere,
2668 4474 2965 4531 ostettdunt
2994 4488 3166 4530 suam.
3198 4475 3461 4543 Quartuis
3498 4479 3639 4531 enim
3680 4476 3875 4529 tenuis

570 4567 786 4639 plantat
814 4576 869 4621 et
894 4564 1050 4635 rigat.
1080 4564 1388 4621 Abutuntur
1413 4564 1516 4620 hoc
1543 4565 1662 4621 loco
1685 4568 1775 4640 qui
1798 4567 2045 4627 diversas
2066 4587 2162 4628 na-
2188 4566 2242 4628 D
2268 4573 2463 4628 humor
2490 4579 2543 4624 et
2587 4568 2799 4639 liquens
2826 4580 2948 4623 esca
2975 4573 3000 4603 ⁸
3018 4609 3033 4633 ,
3064 4581 3188 4621 cum
3223 4567 3275 4621 in
3316 4566 3472 4622 venis
3520 4578 3575 4623 et
3632 4566 3877 4623 artubus

644 4735 671 4763 ⁸
711 4725 854 4782 Alibi
887 4734 1102 4778 tenetur.
1128 4721 1302 4796 Porro
1328 4723 1382 4778 in
1408 4726 1576 4780 veteri
1608 4725 1953 4796 Evangelior.
1989 4727 2157 4784 Vero-

578 4799 730 4853 nensi
777 4810 880 4852 ms.
918 4809 1016 4863 pro
1044 4795 1390 4868 communicat
1420 4796 1591 4868 altero
1629 4795 1839 4853 tantum
1885 4800 2005 4853 loco
2052 4809 2157 4868 est,

576 4870 810 4938 inquinat
842 4884 854 4920 :
891 4869 1010 4919 vice
1040 4880 1195 4938 versa
1226 4865 1474 4932 inferius,
1506 4867 1595 4921 ubi
1628 4877 1805 4938 textus
1832 4868 1937 4925 iste
1965 4865 2157 4926 recurr

572 4936 662 4999 rit.
694 4939 988 5009 coinquinat
1016 4936 1190 5007 primo
1211 4938 1332 4992 loco
1361 4947 1449 4993 est
1484 4938 1537 4992 in
1563 4952 1671 4993 uno
1694 4937 1963 5007 Palatino,
1991 4942 2045 4996 in
2076 4942 2160 4997 al-

576 5022 696 5067 tero
723 5018 1087 5063 commtmtcat.

646 5080 675 5119 ι’
715 5081 883 5133 Tacet
910 5078 1114 5131 Victor.
1145 5087 1364 5132 ostreas.

649 5150 874 5205 cNostri
896 5162 1091 5202 omnes
1122 5164 1251 5220 mss.
1278 5149 1470 5204 Scolon
1502 5148 1801 5220 praeferunt
1829 5151 2040 5208 Latinis
2070 5153 2158 5208 lit-

574 5221 728 5287 teris,
756 5221 823 5275 ad
851 5218 1263 5289 quornmlidem
1288 5228 1332 5272 et
1352 5218 1599 5287 copulam
1623 5236 1719 5289 pro
1740 5233 1815 5276 est
1835 5224 2001 5278 verbo
2027 5225 2157 5278 sub-

571 5287 880 5364 stituimus,
921 5290 1038 5364 ipso
1079 5287 1489 5364 ﬁdcjttssore_3_-
1524 5287 1685 5364 Patre
1726 5292 1819 5364 lib.
1866 5309 1902 5348 ιι
1940 5294 2151 5364 Dialng.

571 5361 1158 5444 contral’elagiannlsn.
1182 5360 1264 5414 t5.
1291 5359 1657 5444 Nisikinqtlil,
1684 5362 1868 5444 fallor.
1886 5366 2077 5420 nam
2101 5359 2155 5419 ut
2256 5364 2310 5417 in
2340 5359 2565 5444 directa,
2600 5375 2701 5419 etc.
2732 5362 2913 5416 Manr.

571 5432 851 5489 σκάνδαλον
876 5428 1015 5499 apud
1042 5428 1249 5484 (ἔνατος
1277 5445 1341 5483 ea'
1377 5428 1663 5497 offensione
1684 5428 1748 5486 'et
1787 5436 1939 5487 ruina
1971 5451 2152 5489 nomen

2267 4735 2444 4785 mutat
2478 4726 2719 4783 editione
2747 4739 2841 4779 sua
2870 4732 3189 4780 contextum
3219 4724 3502 4795 Vulgatum
3534 4724 3874 4796 Hieronymi

2263 4798 2497 4855 dicentis
2522 4816 2535 4851 :
2566 4796 2813 4863 Quamvis
2837 4796 2976 4867 enim
3000 4797 3170 4850 tenuis
3197 4798 3386 4849 [tumor
3405 4807 3454 4850 et
3476 4799 3675 4867 liquens
3698 4812 3832 4867 esca
3854 4814 3874 4860 ;

2264 4885 2380 4924 cum
2405 4870 2459 4922 in
2488 4870 2627 4923 uenis
2647 4909 2663 4933 ,
2696 4876 2802 4921 etc.
2834 4864 2974 4935 Quid
3001 4867 3072 4920 sit
3098 4876 3278 4922 autem
3309 4868 3485 4921 scolon
3505 4864 3693 4936 {quod
3722 4866 3874 4933 lcgi-
3934 4890 3935 4909 ι

2264 4949 2352 4995 tur
2379 4941 2429 4994 in
2461 4953 2590 4993 mss.
2620 4936 2950 5002 Codicibus,
2988 4938 3105 4992 sive
3141 4938 3339 5001 ea:on
3380 4954 3503 4993 cum
3532 4947 3760 4992 accentu
3813 4940 3877 4991 in

2261 5010 2561 5081 penultima
2582 5055 2594 5077 ,
2628 5009 2768 5064 scire
2801 5022 3089 5077 possumus
3119 5025 3185 5064 ex
3215 5011 3379 5064 verbo
3407 5010 3621 5065 σκολιός.)
3641 5050 3655 5073 ,
3705 5011 3875 5081 qund
3934 5044 3935 5047 η

2261 5080 2530 5152 Signiﬁcat
2551 5082 2838 5149 intorqueo,
2869 5089 3158 5133 tortuosum
3189 5087 3246 5152 et,
3266 5095 3483 5152 prauum
3505 5081 3684 5134 reddo.
3717 5080 3876 5146 Quae

2262 5151 2410 5208 enim
2455 5162 2582 5206 sunt
2614 5165 2779 5220 prava
2801 5161 2854 5205 et
2882 5158 3158 5220 tortuosa,
3189 5151 3573 5206 ollendiculutn
3607 5153 3879 5219 prabent

2263 5233 2428 5293 atque
2454 5223 2697 5287 ruinam,
2729 5223 2846 5293 sive
2886 5219 3042 5290 pedis
3082 5221 3505 5293 intpaetionem,
3547 5220 3873 5276 secundum
3934 5284 3935 5289 η

2263 5291 2577 5364 Hieronymi
2604 5291 3034 5364 annotationem.
3062 5291 3219 5363 Apud
3252 5292 3473 5361 Isaiam,
3500 5301 3653 5347 erunt
3685 5307 3874 5359 praua
3934 5298 3935 5343 Ὺ

2328 5432 2353 5471 ἀ
2395 5422 2567 5488 Antea
2616 5443 2818 5489 cratem
2860 5449 2917 5488 eo
2953 5434 3091 5503 quod
3128 5432 3403 5499 scribitur,
3435 5440 3492 5488 et
3520 5433 3697 5503 paulo,
3722 5443 3875 5497 post
3934 5422 3935 5435 ξ

565 5506 785 5583 accepit.
807 5502 1159 5588 “blartiantnus
1187 5502 1384 5588 σκολρν,
1411 5514 1503 5588 aut
1543 5504 1744 5588 exoliov
1773 5519 1893 5558 cum
1924 5517 2149 5588 accentu
2256 5505 2753 5588 riganteApolline,
2784 5518 2884 5584 pro
2913 5502 3133 5588 Apollo,
3166 5504 3308 5585 quod
3344 5518 3539 5560 nomen
3565 5514 3647 5559 est
3686 5502 3867 5559 indc-
3934 5560 3935 5569 χ

570 5574 621 5626 in
657 5572 949 5642 pcnttltinta
975 5573 1167 5625 vitiose
1198 5580 1456 5640 praeterea
1482 5573 1898 5642 legit.—-Ausus
1936 5584 2019 5629 est
2041 5575 2150 5631 Ma-

572 5641 753 5698 t'ianus
788 5643 1054 5698 Victorius
1086 5641 1226 5696 hunc
1253 5643 1431 5697 locum
1469 5641 1679 5699 mutare
1718 5645 1923 5713 absque
1959 5645 2149 5701 suffra—

566 5714 657 5775 gin
682 5712 925 5767 codicum
958 5713 1451 5781 manttsetiptorum
1472 5755 1488 5777 ,
1520 5723 1574 5767 et
1609 5729 1703 5780 pro
1726 5712 1903 5770 σκολὸν
1926 5715 2008 5771 vel
2030 5738 2149 5773 σκο·

558 5779 661 5833 λέον
678 5781 1006 5837 substituere
1030 5779 1342 5855 πρόσκομμα
1362 5793 1417 5839 et
1438 5779 1734 5845 σκάνδᾲλον.
1768 5784 1912 5843 infra
1929 5800 2146 5858 quoque

2253 5574 2600 5632 clinabile‘in
2632 5579 2834 5630 nostris
2862 5574 2991 5629 mss.
3029 5575 3299 5630 Victorius
3322 5586 3587 5645 praterea
3630 5587 3763 5645 ιιιωι
3812 5584 3875 5628 et
3934 5600 3935 5603 η

2252 5647 2305 5701 in
2335 5648 2513 5702 eodem
2555 5647 2669 5701 loco
2695 5645 2825 5716 legit
2861 5659 2957 5713 pro
2980 5645 3304 5716 aliotquod
3329 5643 3449 5701 haec
3479 5653 3667 5700 mutuo
3696 5643 3871 5700 inter
3934 5666 3935 5681 ι

2251 5732 2311 5772 se
2336 5722 2524 5787 juncta
2558 5713 2768 5787 putarit
2791 5715 3098 5787 testimonia
3127 5713 3295 5772 lCor.
3326 5731 3406 5771 ιιι.

2327 5784 2352 5827 δ
2377 5784 2606 5860 Supplet
2626 5786 2916 5852 Victorius,
2940 5786 2991 5840 in
3014 5803 3200 5856 corpus
3221 5787 3476 5857 fundatur
3500 5796 3690 5855 tamen,
3715 5784 3869 5845 sine
3934 5840 3935 5849 χ
